3960 6036
404 225 505 280 139

900 221 957 278 S.
1015 221 1370 279 BRUNONIS
1425 216 2072 279 CARTHUSIANORUM
2128 217 2613 277 INSTITUTORIS
2667 219 2819 276 OPP.
2877 219 3055 276 PARS
3113 220 3182 276 II.

3580 218 3685 272 140

402 346 631 402 ritorum
663 345 914 401 sentient.
945 346 1048 401 Per
1074 347 1190 403 haec
1222 346 1338 412 tria,
1371 363 1546 419 genus
1574 345 1941 418 perfectorum
1974 361 1986 401 :
2020 346 2076 406 Α
2097 344 2388 400 violaverit
2414 346 2689 417 templum
2742 344 2859 409 Dei,
2902 342 3278 415 disperdetur.
3313 341 3423 397 Sed
3451 347 3507 395 ut
3533 354 3682 396 com-

405 451 508 507 per
536 435 636 490 tria
675 452 794 507 quae
845 443 1159 508 sequuntur,
1194 435 1477 508 signantur
1522 434 1851 506 imperfecti.
1889 435 1995 490 Per
2091 440 2303 506 pungat
2365 449 2480 504 eos,
2522 432 2795 504 praemittit
2860 431 3340 503 interrogationem
3395 430 3555 496 hanc,
3601 428 3685 483 di-

414 524 567 598 ligna
595 524 937 595 accipiuntur
964 524 1020 578 hi
1050 524 1143 597 qui
1198 525 1253 579 in
1297 525 1503 580 mundo
1550 524 1769 596 quidem
1810 539 1994 579 rema-

414 621 564 668 nent.
597 614 826 680 Uxores,
874 612 1014 668 ﬁlios
1070 621 1123 668 et
1164 613 1544 684 possessiones
1574 613 1813 679 habent;
1856 628 1995 684 quos

406 718 643 774 pensare
687 709 916 773 Oportet,
965 718 1085 773 quae
1135 701 1320 758 uxoris
1359 710 1515 768 sunt,
1574 710 1627 758 et
1656 701 1910 767 filiorum,
1945 710 1997 757 et

407 791 532 846 ideo
559 790 852 861 plurimum
897 790 1173 846 laborare.
1218 791 1334 846 Nec
1383 790 1720 845 orationibus
1750 790 1998 846 ecclesiae

406 886 630 951 propter
657 879 762 935 hoc
790 879 1064 951 quomodo
1092 879 1388 945 deberent,
1418 886 1649 950 possunt
1705 878 1994 935 interesse.

412 968 480 1023 Hi
503 975 705 1033 tamen,
730 969 852 1039 quia
894 983 1002 1023 non
1054 966 1133 1023 sic
1170 966 1400 1038 diligunt
1453 967 1742 1035 mundum,
1791 975 1849 1022 ut
1875 983 1998 1023 eum

409 1057 527 1112 Deo
581 1063 918 1127 praeponam,
980 1055 1327 1111 salvabuntur
1382 1055 1631 1128 quidem,
1664 1056 1764 1112 sed
1819 1064 2000 1111 tamen

409 1145 502 1200 diu
531 1160 631 1216 per
687 1143 872 1217 ignem
926 1144 1254 1215 punientur;
1287 1145 1748 1216 quemadmodum
1790 1143 1999 1217 lignum

409 1232 573 1305 longa
602 1233 823 1287 materia
870 1242 953 1287 est
986 1232 1158 1306 ignis,
1191 1241 1245 1288 et
1282 1234 1450 1289 multo
1499 1233 1674 1305 Spatio
1721 1232 2000 1289 comburi-

407 1330 510 1377 tur.
544 1323 648 1376 Per
679 1320 863 1377 fenum
893 1321 1175 1394 signantur
1223 1322 1317 1390 illi,
1366 1322 1457 1394 qui
1507 1322 1825 1393 aliquandiu
1881 1321 2001 1392 qui-

409 1411 535 1466 dem
566 1410 872 1481 aﬁliguntur
901 1426 1001 1481 per
1055 1410 1260 1481 ignem,
1295 1411 1391 1466 sed
1438 1410 1586 1467 velut
1617 1411 1822 1477 fenum,
1855 1411 2002 1481 quod

409 1500 516 1556 cito
546 1499 602 1553 in
634 1499 761 1571 igne
790 1496 990 1567 deficit,
1025 1498 1131 1554 cito
1170 1499 1420 1554 evadent.
1456 1500 1561 1554 Per
1586 1499 1838 1570 stipulam
1873 1515 2002 1553 vero

410 1604 531 1659 quae
560 1594 782 1658 propter
809 1586 1113 1641 ariditatem
1146 1586 1303 1642 citius
1351 1585 1476 1641 feno
1536 1587 1893 1655 comburitur,
1924 1587 2002 1641 si-

2094 538 2226 578 cens
2276 539 2288 576 :
2338 523 2425 578 An
2455 524 2692 578 nescitis
2722 522 2853 594 quia
2909 540 3000 580 vos
3048 522 3184 577 estis
3224 521 3499 593 templum
3548 517 3680 585 Dei;

2094 612 2240 666 Deus
2297 617 2480 666 autem
2525 610 2828 667 sanctificat
2871 627 2968 667 vos
2998 618 3055 665 ut
3101 610 3218 665 sitis
3246 609 3351 664 sibi
3396 606 3678 679 templum.

2096 702 2167 756 Et
2196 699 2267 753 ita
2297 699 2423 755 dico
2456 699 2735 770 templum,
2762 701 2905 772 quod
2935 700 3170 772 spiritus
3199 700 3300 755 Dei
3333 696 3488 753 9’7
3534 694 3684 751 omni

2096 787 2420 843 assiduitate
2449 787 2669 844 habitat
2696 791 2759 844 in
2790 789 2957 844 vobis.
2978 787 3034 842 Si
3053 788 3176 859 quis
3203 795 3381 842 autem
3399 784 3686 841 violaverit

2100 892 2160 931 se
2214 876 2475 948 templum
2522 876 2644 943 Dei,
2705 876 3033 932 destruendo
3099 876 3509 931 fundamentum
3537 871 3686 938 fidei,

2097 961 2185 1017 vel
2230 961 2285 1015 in
2343 978 2403 1017 se
2445 978 2544 1033 per
2600 962 2898 1018 criminalia
2928 1005 2942 1028 ,
2998 961 3085 1018 vel
3114 961 3170 1016 in
3196 960 3530 1016 auditoribus
3588 959 3684 1014 do-

2099 1050 2275 1105 cendo
2314 1048 2473 1116 falsa,
2506 1050 2659 1108 illum
2686 1051 2870 1123 utique
2926 1050 3207 1122 disperdet
3242 1051 3390 1106 Deus
3442 1048 3500 1104 in
3525 1054 3687 1104 teter-

2098 1154 2226 1193 num
2260 1138 2554 1194 interitum.
2587 1141 2655 1194 Et
2685 1139 2881 1195 merito
2928 1139 3018 1212 qui
3072 1138 3260 1205 violat,
3321 1137 3688 1209 disperdetur.

2100 1228 2239 1283 Nam
2270 1229 2546 1299 templum
2574 1228 2674 1284 Dei
2702 1232 2967 1284 sanctum
2995 1232 3098 1294 est,
3133 1236 3187 1283 et
3231 1226 3423 1283 violari
3453 1242 3562 1282 non
3591 1226 3691 1281 de-

2100 1315 2214 1382 bet,
2248 1316 2390 1389 quod
2420 1317 2698 1388 templum
2727 1333 2817 1373 vos
2838 1317 2993 1373 estis.
3029 1317 3098 1371 Et
3148 1316 3275 1389 quia
3304 1315 3562 1386 templum
3588 1314 3691 1370 Dei

2102 1404 2234 1458 estis
2267 1419 2279 1458 :
2323 1413 2613 1475 propterea
2640 1405 2822 1460 videte
2851 1421 2920 1460 ne
2962 1404 3157 1477 aliquis
3194 1405 3692 1476 pseudodoctorum

2103 1493 2326 1548 seducat
2354 1508 2452 1548 vos
2480 1510 2580 1564 per
2613 1492 2806 1548 falsam
2836 1494 3159 1561 doctrinam,
3192 1494 3279 1550 vel
3330 1509 3491 1549 nemo
3559 1508 3689 1548 nos-

2104 1589 2242 1635 trum
2273 1582 2497 1637 seducet
2519 1582 2758 1653 seipsum
2773 1582 3100 1638 destruendo
3119 1581 3524 1638 fundamentum
3540 1580 3686 1638 ﬁdei.

406 1684 638 1748 gnantur
664 1676 738 1743 hi,
770 1691 1000 1747 quorum
1020 1690 1183 1746 poena
1212 1675 1603 1747 compendiosa
1632 1676 1730 1731 erit
1760 1675 1815 1729 in
1846 1682 2002 1730 tran-
2031 1703 2086 1765 Β
2109 1671 2299 1738 Nemo,
2332 1670 2576 1741 inquam,
2612 1671 2842 1727 seducat
2872 1688 2970 1739 se;
2999 1672 3096 1727 sed
3125 1673 3176 1728 si
3197 1674 3319 1745 quis
3342 1688 3569 1727 manens
3598 1674 3694 1728 in-

410 1764 515 1819 situ
545 1764 710 1837 ignis.

484 1853 541 1909 Si
574 1852 695 1924 quis
715 1860 894 1907 autem
917 1851 1151 1908 aedificat
1171 1853 1290 1908 haec
1310 1852 1397 1908 vel
1416 1854 1552 1920 haec,
1576 1870 1714 1925 opus
1734 1853 2005 1909 uniuscu-

400 1942 626 2014 jusque,
659 1956 758 1996 seu
788 1941 853 1996 sit
875 1957 1086 2007 aurum,
1120 1957 1217 1996 seu
1256 1940 1485 2011 lignum,
1520 1941 1605 1997 vel
1644 1942 2005 2013 quodcunque

413 2029 580 2099 aliud,
611 2029 990 2100 manifestum
1020 2032 1152 2085 erit.
1194 2030 1262 2083 Et
1292 2029 1397 2085 hoc
1443 2030 1656 2100 probat.
1706 2031 1847 2085 Nam
1889 2030 2007 2086 dies

414 2118 641 2175 Domini
669 2118 982 2173 declarabit
1010 2118 1116 2172 hoc
1153 2133 1311 2188 opus.
1370 2117 1529 2172 Diem
1580 2117 1797 2173 Domini
1852 2126 2007 2173 vocat

418 2206 488 2261 ab
518 2206 655 2261 hora
684 2204 1058 2261 dissolutionis
1090 2206 1513 2278 uniuscujusque
1551 2222 1724 2278 usque
1771 2205 1838 2260 ad
1863 2206 2007 2275 judi-

414 2294 577 2351 cium.
609 2294 690 2349 Ex
724 2310 833 2365 quo
864 2293 1007 2349 enim
1067 2294 1252 2349 anima
1309 2302 1587 2365 separatur
1643 2310 1676 2349 a
1734 2311 2004 2366 corpore,

418 2382 536 2438 dies
564 2382 783 2438 Domini
811 2390 892 2437 est
922 2382 976 2436 in
1007 2396 1093 2449 eo,
1136 2382 1263 2454 quia
1292 2383 1426 2437 nihil
1473 2382 1581 2452 jam
1639 2383 1856 2454 operari
1904 2398 2008 2454 po-

420 2479 525 2527 test
553 2477 755 2543 prseter
817 2470 1136 2527 voluntatem
1188 2471 1323 2538 Dei;
1357 2471 1457 2527 sed
1512 2472 1641 2526 dum
1687 2471 1850 2527 homo
1878 2471 2010 2527 vivit

417 2560 537 2616 dies
564 2559 800 2615 hominis
831 2567 930 2625 est,
966 2566 1018 2615 et
1047 2575 1157 2615 non
1186 2560 1287 2615 Dei
1312 2578 1327 2627 ;
1376 2560 1500 2631 quia
1556 2567 1816 2632 operatur
1845 2560 2008 2615 homo

368 2688 371 2693 »
422 2648 570 2720 quod
598 2647 701 2702 sibi
756 2647 956 2718 placet,
1017 2647 1222 2703 bonum
1250 2648 1337 2704 vel
1384 2648 1604 2714 malum,
1639 2665 1705 2704 ex
1760 2649 2009 2703 libertate

420 2735 648 2791 arbitrii.
682 2736 824 2791 Vere
851 2735 969 2791 dies
1000 2736 1234 2803 Domini,
1268 2736 1581 2792 declarabit.
1616 2738 1758 2793 Nam
1786 2738 1847 2791 in
1878 2739 2010 2807 igne

417 2825 781 2891 revelabitur,
840 2824 896 2878 id
952 2831 1035 2879 est
1085 2825 1266 2896 palam
1318 2823 1428 2892 fiet,
1493 2841 1631 2896 opus
1679 2825 1816 2894 ejus.
1857 2825 2010 2879 Hunc

418 2914 604 2986 ignem
632 2911 946 2968 continuum
975 2912 1105 2968 dicit
1147 2912 1285 2969 sicut
1330 2913 1495 2968 diem.
1555 2914 1614 2967 In
1659 2921 1836 2969 morte
1866 2912 2010 2968 enim

417 3000 654 3057 hominis
683 3008 900 3072 paratus
929 3008 1011 3055 est
1045 3000 1295 3056 diabolus
1326 3017 1449 3058 cum
1479 3000 1608 3074 igne
1637 3009 1688 3056 et
1718 3002 2010 3057 tortoribus

423 3056 553 3145 suis.
605 3090 672 3144 Et
684 3056 748 3143 ‘si
778 3088 907 3160 quid
936 3089 1278 3160 purgandum
1306 3056 1407 3156 est,
1450 3056 1647 3161 pdrgat
1674 3106 1773 3161 per
1801 3056 2013 3145 adhibi-
2042 3056 2089 3118 Ο

423 3186 538 3232 tum
566 3177 770 3248 ignem.
806 3177 862 3232 Si
902 3193 1030 3233 vero
1088 3177 1222 3231 nihil
1275 3177 1615 3249 purgationis
1644 3185 1726 3232 est
1763 3193 1901 3248 Opus
1933 3179 2015 3247 (ut

424 3267 481 3321 in
511 3266 668 3321 beato
700 3266 951 3336 Martino)
998 3265 1118 3336 ipsa
1165 3266 1348 3321 evasio
1378 3265 1521 3339 ignis
1570 3266 1773 3322 revelat
1803 3266 2015 3322 bonita-

429 3363 538 3409 tem
567 3352 652 3409 sui
681 3353 881 3424 Operis,
914 3362 972 3408 ut
1000 3353 1055 3407 in
1112 3370 1178 3409 eo
1227 3370 1387 3425 quem
1449 3362 1664 3427 torquet
1689 3370 1802 3410 non
1846 3354 2016 3410 fuisse

427 3442 628 3515 aliquid
660 3441 860 3497 sordis.
894 3441 1000 3496 Sed
1033 3442 1159 3513 quia
1206 3443 1450 3497 nondum
1490 3443 1653 3514 plane
1708 3451 1886 3515 potest
1918 3443 2019 3498 hoc

425 3526 619 3593 videri,
648 3526 702 3580 in
733 3527 861 3598 igne
888 3526 1203 3598 purgatorio
1231 3527 1462 3600 singulis
1483 3527 1823 3600 singulorum
1847 3543 2019 3599 opera

425 3616 831 3673 revelabuntur.
847 3615 988 3671 Vere
1005 3631 1142 3687 opus
1153 3617 1421 3688 cujusque
1441 3618 1784 3672 revelabitur
1797 3616 1853 3670 in
1867 3617 2015 3688 igne.

425 3705 565 3759 Nam
589 3702 733 3776 ignis
760 3703 853 3758 ille
871 3702 1138 3774 probabit,
1173 3704 1330 3774 quale
1360 3704 1429 3758 sit
1477 3720 1613 3775 opus
1670 3703 2020 3773 uniuscujus-

431 3808 557 3864 que,
591 3807 687 3846 seu
714 3790 782 3845 sit
804 3806 1013 3860 aurum,
1047 3807 1143 3845 seu
1168 3790 1394 3862 lignum,
1431 3792 1517 3846 vel
1538 3792 1901 3863 quodcunque
1930 3791 2018 3846 sit.

429 3880 574 3935 Vere
604 3879 748 3951 ignis
805 3878 1055 3950 probabit
1113 3879 1449 3950 singulorum
1484 3895 1641 3950 opus.
1690 3880 1829 3934 Nam
1860 3887 1943 3934 est
1972 3887 2024 3934 et

2108 1762 2195 1814 ter
2223 1774 2313 1814 vos
2339 1759 2568 1815 videtur
2586 1759 2691 1813 sibi
2717 1776 2836 1816 esse
2864 1762 3094 1832 sapiens
3116 1762 3179 1815 in
3228 1760 3329 1817 hoc
3380 1763 3604 1830 saeculo,
3636 1759 3692 1815 id

2107 1855 2187 1902 est
2216 1846 2285 1902 de
2316 1847 2558 1902 smculari
2579 1848 2825 1915 scientia,
2857 1850 2963 1918 ﬁat
2991 1850 3227 1916 stultus,
3250 1848 3305 1904 id
3334 1857 3417 1904 est
3435 1850 3624 1906 credat
3644 1856 3699 1905 et

2106 1934 2433 1992 confiteatur
2463 1951 2522 1991 se
2579 1952 2702 1992 esse
2759 1936 2981 1991 stultum
3007 1980 3020 2005 ,
3050 1946 3108 1992 ut
3139 1938 3218 1993 sic
3273 1945 3547 1994 mereatur
3573 1953 3697 1993 esse

2106 2040 2233 2079 vere
2276 2025 2535 2095 sapiens:
2568 2041 2698 2081 vere
2745 2041 2973 2082 necesse
3019 2034 3104 2082 est
3135 2042 3260 2082 eum
3308 2026 3532 2082 stultum
3579 2025 3698 2082 fieri

2106 2120 2164 2167 ut
2194 2112 2290 2168 fiat
2317 2113 2559 2185 sapiens.
2592 2114 2734 2169 Nam
2765 2116 3049 2187 sapientia
3077 2116 3247 2186 hujus
3270 2114 3475 2171 mundi
3501 2115 3699 2171 stulti-

2112 2203 2193 2257 tia
2225 2206 2310 2258 est
2328 2202 2479 2274 apud
2506 2208 2708 2258 Deum.
2739 2204 2809 2258 Et
2838 2219 2963 2259 vere
2986 2203 3211 2259 stultitia
3230 2211 3313 2259 est
3337 2204 3479 2275 apud
3500 2205 3696 2259 Deum.

2107 2291 2246 2345 Nam
2279 2291 2540 2360 scriptum
2573 2299 2656 2346 est
2684 2291 2739 2346 in
2768 2292 2872 2347 Job
2904 2292 2972 2348 de
3000 2293 3276 2348 mundana
3331 2293 3594 2364 sapientia
3621 2292 3702 2348 sic

2109 2378 2367 2450 loquente
2391 2379 2509 2434 Deo
2557 2395 2569 2434 :
2614 2380 2910 2452 Sapientes
2965 2382 3167 2437 mundi
3204 2396 3309 2454 ego
3333 2380 3703 2454 comprehen-

2110 2465 2259 2537 dam,
2293 2467 2350 2523 id
2381 2475 2464 2523 est
2504 2468 2827 2525 concludam
2865 2470 2928 2525 in
2958 2469 3077 2541 ipsa
3098 2471 3316 2526 astutia
3338 2486 3533 2526 eorum
3561 2468 3697 2540 (Job.

2111 2570 2167 2623 v,
2210 2557 2325 2627 13),
2358 2556 2414 2611 id
2445 2565 2528 2611 est
2556 2556 2613 2611 in
2641 2573 2707 2612 eo
2739 2556 2794 2611 in
2824 2573 2933 2629 quo
2964 2574 3023 2613 se
3051 2558 3230 2631 magis
3255 2566 3467 2614 astutos
3494 2557 3705 2615 intelli-

2111 2652 2264 2716 gunt,
2282 2660 2385 2700 nec
2407 2644 2668 2701 resistere
2696 2653 2970 2717 poterunt.
2993 2647 3061 2701 Et
3081 2646 3275 2702 iterum
3302 2647 3371 2703 de
3399 2647 3586 2702 mundi
3615 2663 3704 2704 sa-

2109 2733 2317 2805 pientia
2333 2732 2585 2788 scribitur
2605 2734 2660 2788 in
2674 2732 2888 2805 psalmo
2914 2752 2927 2789 :
2951 2735 3226 2792 Dominus
3238 2737 3395 2792 novit
3413 2737 3709 2807 cogitatio-

2111 2838 2213 2877 nes
2232 2821 2409 2893 (Psal.
2427 2837 2584 2888 xcm,
2611 2824 2698 2893 11)
2726 2822 3071 2894 sapientium.
3093 2824 3294 2879 Nostra
3314 2825 3594 2881 translatio
3613 2827 3710 2881 ha—

2112 2908 2204 2964 bet
2232 2908 2545 2976 hominum,
2578 2910 2635 2964 id
2664 2918 2748 2965 est
2766 2912 3070 2967 humaniter
3101 2912 3442 2983 sapientium.
3476 2915 3590 2970 Hoc
3608 2930 3708 2970 no-

2113 2998 2189 3053 vit
2217 2999 2286 3053 de
2314 2998 2423 3053 illis
2449 2999 2717 3071 quoniam
2736 3016 2895 3055 vanae
2926 3005 3080 3056 sunt.
3133 3000 3581 3074 Quandoquidem
3609 3004 3709 3059 ho-

2113 3086 2275 3141 minis
2306 3087 2569 3158 sapientia
2602 3088 2864 3158 probatur
2892 3104 3015 3144 esse
3038 3089 3294 3144 stultitia:
3317 3092 3507 3164 itaque
3544 3107 3709 3149 nemo

2113 3184 2352 3231 vestrum
2385 3175 2613 3231 ulterius
2641 3178 2917 3247 glorietur
2931 3180 2994 3233 in
3008 3178 3345 3246 hominibus,
3370 3179 3423 3234 id
3445 3188 3527 3234 est
3553 3181 3611 3234 in
3622 3179 3708 3235 his

2115 3263 2448 3331 doctoribus,
2481 3265 2550 3319 de
2582 3265 2780 3336 quibus
2810 3274 3031 3337 propter
3072 3267 3360 3322 humanam
3386 3267 3706 3339 sapientiam

2116 3352 2444 3426 gloriamini.
2478 3353 2678 3409 Probat
2708 3369 2819 3409 non
2847 3370 2971 3410 esse
3002 3354 3349 3426 gloriandum
3377 3356 3436 3410 in
3462 3356 3567 3423 his,
3592 3365 3708 3412 tum

2119 3440 2248 3513 quia
2276 3440 2421 3497 servi
2469 3457 2656 3496 eorum
2712 3450 2857 3513 sunt,
2915 3443 3009 3514 qui
3058 3443 3137 3499 eis
3180 3444 3494 3515 praedicant,
3545 3446 3710 3501 etiam

2118 3529 2237 3600 ipse
2266 3530 2430 3585 idem.
2463 3530 2543 3585 De
2568 3546 2625 3585 re
2654 3539 2837 3586 autem
2865 3530 3114 3587 inferiori
3143 3532 3231 3589 vel
3259 3533 3452 3604 aequali
3482 3533 3713 3607 gloriari

2120 3634 2231 3673 non
2259 3618 2404 3687 licet,
2431 3617 2528 3673 sed
2575 3618 2918 3675 solummodo
2968 3620 3038 3675 de
3067 3621 3263 3691 majori
3292 3638 3390 3689 se;
3423 3629 3536 3677 tum
3566 3622 3712 3690 ideo,

2122 3705 2248 3779 quia
2268 3706 2316 3760 si
2345 3707 2416 3761 de
2445 3705 2608 3761 Paulo
2620 3714 2673 3762 et
2698 3708 2884 3778 Cepha
2906 3724 3016 3764 non
3038 3716 3120 3765 est
3147 3710 3515 3782 gloriandum,
3542 3711 3714 3768 multo

2121 3794 2302 3849 minus
2332 3795 2401 3850 de
2430 3794 2538 3849 illis
2585 3796 2915 3863 carnalibus,
2950 3813 3088 3868 quos
3141 3806 3355 3854 constat
3396 3798 3561 3871 longe
3593 3815 3718 3856 esse

2125 3882 2409 3938 inferiores
2438 3882 2574 3939 istis.
2610 3884 2767 3940 Unde
2800 3885 2873 3939 ait
2905 3902 2919 3940 :
2950 3886 3076 3941 Non
3093 3893 3175 3941 est
3194 3886 3541 3957 gloriandum
3560 3888 3719 3944 vobis

431 3968 637 4024 bonum
653 3984 791 4038 opus
825 3974 876 4022 et
898 3967 1136 4033 malum;
1170 3968 1371 4023 bonum
1392 3968 1597 4039 utique.
1625 3968 1685 4025 Si
1706 3968 1859 4023 enim
1889 3984 2025 4041 opus
2125 3970 2182 4024 in
2209 3970 2518 4026 horninibus
2550 3991 2564 4039 ;
2598 3989 2736 4027 nam
2766 3975 2958 4029 omnia
2988 3978 3175 4030 vestra
3206 3978 3363 4041 sunt,
3396 3975 3453 4031 id
3484 3984 3568 4031 est
3595 3992 3719 4032 ser-

431 4057 697 4127 alicujus,
729 4056 870 4129 quod
900 4056 1199 4124 aediﬁcavit
1235 4071 1400 4125 super
1425 4055 1834 4110 fundamentum
1863 4072 2028 4112 man—
2126 4060 2281 4115 vituli
2304 4067 2501 4115 vestrae
2549 4060 2802 4132 deputata
2824 4080 2838 4121 :
2861 4063 2977 4118 sive
3012 4062 3178 4118 etiam
3220 4062 3289 4118 sit
3336 4065 3572 4133 Paulus,
3604 4067 3722 4122 sive

434 4145 577 4202 serit
604 4144 864 4211 illaesum,
897 4143 985 4199 hic
1011 4141 1198 4215 utique
1230 4144 1473 4216 accipiet
1514 4144 1827 4201 mercedem
1858 4160 2027 4216 supe-
2129 4149 2342 4220 Apollo,
2365 4149 2478 4205 sive
2495 4157 2657 4220 caput
2676 4164 2868 4204 eorum
2898 4149 3125 4223 Cephas,
3168 4151 3223 4206 id
3253 4160 3336 4207 est
3357 4153 3564 4221 Petrus,
3600 4155 3718 4212 sive

435 4232 716 4289 raediticati
743 4231 891 4287 boni.
926 4230 1127 4285 Malum
1182 4247 1319 4302 opus
1365 4231 1618 4303 probabit
1673 4232 1835 4305 ignis.
1887 4234 2030 4288 Nam
2129 4237 2379 4292 mundus
2407 4244 2591 4292 vester
2620 4246 2703 4292 est
2731 4255 2744 4292 :
2779 4239 2946 4294 servit
2981 4239 3126 4294 enim
3146 4240 3343 4308 vobis;
3375 4241 3477 4296 etsi
3523 4242 3722 4297 minis-

438 4322 488 4377 si
516 4337 654 4393 opus
680 4320 926 4390 alicujus
980 4320 1222 4389 arserit,
1270 4319 1327 4374 id
1364 4328 1448 4375 est
1494 4320 1690 4376 ardere
1728 4337 1892 4392 posse
1940 4321 2031 4376 in-

2130 4332 2237 4379 trat
2289 4325 2623 4395 necessaria,
2657 4334 2711 4381 et
2741 4325 2788 4380 si
2816 4342 3014 4398 aspera
3045 4328 3300 4399 qualibet
3346 4329 3415 4383 ad
3468 4332 3727 4387 meritum

439 4416 660 4463 ventum
688 4406 870 4471 fuerit,
911 4414 968 4460 ut
1021 4406 1250 4479 lignum,
1305 4406 1509 4475 fenum,
1562 4408 1778 4479 stipula,
1809 4409 1899 4465 hic
1927 4409 2036 4464 uti-
2061 4411 2114 4474 D
2127 4412 2352 4482 justitiie
2379 4421 2572 4469 vestrae
2600 4412 2815 4481 inferat,
2848 4416 2962 4471 sive
2988 4418 3108 4473 vita
3154 4424 3337 4472 vestra
3366 4425 3469 4473 est.
3501 4418 3641 4473 Nam
3668 4426 3730 4474 ut

444 4511 551 4567 que
604 4497 863 4567 patietur
904 4494 1316 4550 detrimentum
1359 4505 1411 4551 et
1448 4495 1719 4568 adligetur
1764 4513 1865 4568 per
1910 4497 2033 4552 vio-

442 4581 663 4639 lentiam
691 4581 863 4655 ignis.
904 4582 1011 4638 Sed
1064 4582 1190 4638 licet
1234 4584 1468 4654 patiatur
1509 4584 1914 4652 detrimentum,
1949 4589 2036 4641 ta-

344 4668 353 4675 ’
445 4686 579 4728 men
605 4672 724 4742 ipse
752 4672 939 4727 salvus
960 4673 1088 4728 erit.
1123 4671 1213 4728 Sic
1239 4680 1422 4727 tamen
1450 4673 1574 4729 dico
1615 4673 1847 4743 salvum,
1884 4672 2038 4745 quasi

444 4775 544 4832 per
571 4758 756 4832 ignem
777 4758 1141 4814 transiturum.
1167 4759 1323 4815 Prius
1350 4759 1495 4816 enim
1523 4762 1669 4834 quod
1699 4761 1859 4817 dulce
1888 4766 2038 4817 coin-

447 4847 664 4904 mittere
717 4846 860 4917 fuit,
917 4848 1099 4919 puniri
1150 4856 1363 4920 oportet
1442 4866 1540 4921 per
1619 4849 2039 4905 amaritudinem

447 4935 611 5007 ignis.

521 5024 915 5080 Determinavit
961 5026 1126 5081 modo
1198 5025 1554 5081 discretiones
1628 5041 1886 5096 operum,
1920 5042 2042 5099 quae

450 5127 561 5169 non
589 5113 876 5168 destruunt
916 5112 1346 5181 fundamentum,
1377 5112 1566 5169 dicens
1596 5129 1786 5169 omnes
1816 5114 2041 5170 salvan-

451 5200 574 5269 dos,
632 5201 720 5273 qui
757 5202 891 5257 illud
947 5218 1056 5257 non
1113 5203 1401 5257 destruunt
1433 5215 1445 5255 :
1478 5218 1621 5257 nunc
1660 5202 1935 5273 subjungit
1972 5202 2042 5258 de

449 5290 709 5363 operibus
738 5291 843 5358 his,
877 5307 998 5362 quae
1028 5291 1317 5345 destruunt
1368 5288 1804 5359 fundamentum,
1837 5299 1890 5346 et
1920 5292 2043 5347 the-

450 5379 721 5435 saurizant
779 5387 1044 5434 aeternum
1092 5377 1395 5442 interitum,
1428 5376 1616 5432 dicens
1649 5394 1661 5433 :
1696 5378 1756 5435 Si
1782 5380 1906 5452 quis
1934 5396 2046 5435 non

452 5466 685 5523 destruit
728 5465 1139 5522 fundamentum
1159 5506 1174 5537 ,
1232 5464 1570 5534 salvabitur;
1601 5464 1649 5521 si
1693 5466 1813 5539 quis
1867 5476 2046 5526 autem

2134 4500 2204 4556 de
2231 4500 2371 4555 male
2397 4501 2535 4557 actis
2563 4502 2954 4573 pmniteamini,
2980 4512 3033 4559 et
3054 4512 3180 4575 post
3200 4504 3340 4560 bene
3356 4506 3573 4577 agendo
3591 4521 3728 4578 pro-

2136 4588 2471 4656 mereamini,
2494 4605 2738 4660 praesens
2766 4591 2874 4646 vita
2897 4592 3216 4649 conceditur
3235 4593 3410 4661 vobis,
3441 4597 3559 4652 sive
3577 4611 3730 4651 mors

2136 4685 2314 4733 vestra
2345 4684 2451 4732 est.
2509 4678 2650 4735 Utile
2707 4679 2851 4734 enim
2891 4688 2975 4736 est
3020 4680 3274 4752 amplecti
3336 4690 3573 4739 mortem
3626 4698 3731 4754 pro

2138 4763 2374 4833 Christo,
2408 4764 2454 4819 si
2475 4781 2535 4820 se
2555 4766 2880 4838 ingesserit;
2912 4770 3027 4825 sive
3039 4772 3371 4841 praesentia,
3393 4772 3508 4827 sive
3522 4774 3732 4842 futura

2139 4852 2301 4919 bona,
2329 4853 2417 4909 vel
2436 4854 2599 4910 mala.
2624 4856 2815 4911 Vestra
2835 4864 2960 4912 sunt
2979 4873 3107 4914 vere
3127 4858 3243 4914 hare
3269 4859 3529 4929 praadicta
3562 4877 3577 4915 :
3604 4876 3735 4917 nam

2139 4942 2331 4997 omnia
2359 4946 2547 4997 vestra
2574 4948 2729 5010 sunt,
2761 4961 2854 5001 vos
2892 4950 3088 5002 autem
3130 4946 3473 5003 solummodo
3523 4948 3737 5006 Christi

2141 5028 2290 5097 estis,
2313 5028 2369 5082 in
2391 5045 2499 5101 quo
2528 5030 2645 5087 solo
2674 5031 2895 5103 gloriari
2935 5032 3167 5089 debetis.
3231 5033 3490 5092 Christus
3538 5040 3736 5093 autem

2142 5124 2225 5171 est
2252 5117 2372 5184 Dei,
2402 5133 2511 5173 non
2560 5120 2707 5191 quod
2732 5120 2977 5176 Christus
3026 5121 3093 5176 ab
3146 5137 3212 5178 eo
3241 5120 3458 5178 differat
3512 5123 3566 5178 in
3597 5124 3737 5179 sub-

2143 5205 2362 5274 stantia,
2398 5207 2498 5262 sed
2556 5207 2677 5280 quia
2730 5225 2832 5280 per
2883 5210 3212 5267 mediantem
3256 5211 3527 5267 Christum
3566 5213 3736 5268 redu-

2144 5294 2319 5349 cimur
2364 5295 2432 5350 ad
2459 5297 2654 5352 Deum.
2689 5298 2919 5369 Cephas,
2953 5303 3162 5371 caput;
3190 5298 3408 5368 Simon,
3437 5300 3739 5370 obcdiens;

2143 5382 2406 5453 Barjona,
2439 5384 2595 5454 ﬁlius
2621 5388 2890 5444 columbae
2947 5387 3160 5444 dicitur.
3220 5386 3360 5457 Quia
3414 5397 3592 5446 autem
3630 5390 3739 5447 hoc

2144 5485 2343 5528 nomen
2391 5472 2607 5545 Cephas
2665 5476 2889 5533 mutavit
2942 5476 2994 5533 ei
3040 5476 3218 5547 Deus,
3279 5484 3331 5534 et
3377 5478 3587 5535 vocavit
3632 5478 3737 5535 Pe-
