3960 6036
228 132 325 184 141

830 125 1209 183 EXPOSITIO
1251 126 1321 179 IN
1379 120 1757 179 EPISTOLAS
1810 119 2041 175 PAULI.
2079 149 2147 158 —
2179 119 2251 174 IN
2305 118 2524 174 EPIST.
2558 118 2581 172 Ι
2620 118 2713 172 AD
2743 115 2902 173 COR.

3414 114 3516 169 142

230 262 414 317 trum;
447 254 575 309 inde
616 260 929 309 consuetum
976 260 1058 308 est
1087 258 1296 306 mutare
1335 248 1556 304 nomina
1598 252 1823 317 aposto-
1851 247 1905 306 A
1926 249 1990 300 ut
2021 244 2314 299 ministros
2368 243 2604 307 Christi,
2657 242 2712 296 id
2752 249 2831 296 est
2864 248 2919 295 ut
2951 255 3046 293 eos
3077 237 3167 310 qui
3213 238 3364 311 digni
3395 245 3521 292 sunt

232 342 479 399 licorum.

842 468 1067 523 CAPUT
1088 466 1184 522 IV.

314 617 334 639 α
377 592 468 648 Sic
521 608 622 647 nos
666 592 936 647 existimet
975 593 1138 646 homo
1185 597 1240 644 ut
1286 586 1566 643 ministros
1613 583 1833 650 Christi,

244 703 264 735 ε
326 689 381 736 et
444 681 851 751 dispensatores
909 680 1331 734 ministeriorum
1410 671 1835 749 [mysteriorum]

238 796 261 817 ι
299 769 421 824 Dei.
474 771 573 825 Hic
598 771 712 839 jam
762 770 1020 841 quaeritur
1048 769 1188 823 inter
1217 768 1647 838 dispensatores,
1682 773 1740 818 ut
1768 763 1836 817 ﬁ-

240 881 263 909 ι
303 860 446 914 delis
478 859 597 930 quis
628 858 982 913 inveniatur?
1012 858 1139 911 Mihi
1170 866 1350 911 autem
1381 873 1477 927 pro
1500 855 1724 909 minimo
1755 862 1838 907 est

242 972 263 995 a
301 956 417 1002 uta
446 948 600 1003 vobis
626 947 857 1016 judicer,
892 956 983 1001 aut
1014 947 1082 1000 ab
1111 948 1349 1000 humano
1382 946 1487 1000 die.
1524 945 1631 999 Sed
1662 959 1839 1013 neque

246 1053 267 1085 ί
290 1037 567 1107 meipsum
578 1038 781 1105 judico.
806 1035 952 1090 Nihil
981 1036 1124 1090 enim
1144 1034 1272 1088 mihi
1295 1034 1545 1089 conscius
1583 1049 1722 1101 sum,
1744 1032 1839 1086 sed

244 1146 267 1174 α
305 1142 419 1180 non
472 1126 525 1179 in
572 1127 678 1181 hoc
710 1124 1031 1194 justiﬁcatus
1077 1141 1215 1179 sum.
1266 1124 1373 1191 Qui
1418 1132 1600 1178 autem
1635 1122 1843 1191 judicat

244 1236 266 1264 ι
305 1231 416 1278 me,
456 1214 716 1269 Dominus
763 1222 863 1269 est.
917 1215 1103 1285 Itaque
1149 1213 1315 1267 nolite
1362 1221 1484 1266 ante
1516 1220 1727 1281 tempus
1750 1211 1842 1279 ju—

245 1325 268 1352 ι
309 1303 520 1370 dicare,
570 1303 924 1374 quoadusque
964 1302 1147 1357 veniat
1194 1301 1476 1365 Dominus,
1512 1300 1602 1370 qui
1634 1308 1685 1353 et
1716 1299 1843 1352 illu-

246 1414 269 1439 ι
305 1391 541 1445 minabit
589 1392 904 1447 abscondita
954 1390 1319 1454 tenebrarum,
1385 1398 1436 1444 et
1476 1386 1847 1443 manifestabit

249 1501 271 1528 ί
308 1480 539 1535 consilia
582 1480 866 1545 cordium,
919 1486 969 1533 et
1002 1487 1126 1534 tunc
1174 1478 1293 1532 laus
1344 1477 1446 1531 erit
1492 1476 1787 1546 unicuique
1819 1490 1849 1527 a

249 1592 270 1613 ις
308 1569 459 1623 Deo.
498 1569 625 1623 Ilzec
654 1575 852 1632 autem,
886 1566 1101 1632 fratres,
1136 1564 1521 1639 transﬁguravi
1571 1566 1623 1618 in
1653 1580 1761 1629 me,
1797 1571 1850 1617 et

250 1681 271 1705 «ι
311 1657 534 1727 Apollo,
567 1665 790 1728 prepter
811 1673 907 1712 vos
933 1674 945 1709 :
980 1665 1036 1711 ut
1064 1656 1120 1709 in
1152 1656 1308 1709 nobis
1329 1654 1570 1722 discatis,
1596 1671 1664 1708 ne
1688 1669 1850 1723 supra

251 1769 273 1793 «ι
313 1764 484 1819 quam
542 1747 801 1816 scriptum
878 1753 1005 1813 est,
1069 1762 1210 1799 unus
1281 1745 1545 1799 adversus
1621 1742 1849 1796 alterum

257 1859 277 1884 ι
312 1835 527 1907 [alium]
558 1836 776 1889 inﬂetur
822 1850 922 1905 pro
967 1834 1095 1889 alio.
1127 1832 1261 1901 Quis
1291 1833 1435 1887 enim
1466 1840 1517 1886 te
1547 1830 1853 1886 discernit?

258 1948 279 1971 ιι
318 1924 465 1993 Quid
495 1932 676 1978 autem
724 1924 896 1978 habes
940 1924 1085 1995 quod
1114 1939 1225 1977 non
1253 1920 1509 1991 accepisti
1528 1920 1556 1974 ?
1587 1920 1642 1975 Si
1673 1927 1853 1973 autem

255 2036 276 2063 ι
314 2014 598 2083 accepisti,
633 2012 765 2083 quid
794 2012 1052 2084 gloriaris
1073 2011 1227 2083 quasi
1253 2027 1361 2065 non
1385 2008 1663 2081 acceperis
1683 2009 1710 2063 ‘I
1737 2009 1856 2061 Jam

257 2126 280 2148 ιι
319 2102 547 2156 saturati
593 2101 743 2166 estis,
792 2101 902 2169 jam
954 2101 1150 2155 divites
1197 2099 1322 2154 facti
1353 2099 1508 2153 estis.
1550 2098 1675 2152 Sine
1699 2096 1857 2151 nobis

260 2212 281 2240 ι
319 2190 587 2262 regnatis.
639 2191 707 2244 Et
739 2189 942 2243 utinam
976 2189 1238 2261 regnetis,
1272 2196 1329 2241 ut
1361 2195 1411 2242 et
1436 2202 1535 2241 nos
1574 2185 1857 2241 vobiscum

262 2301 283 2328 ι
321 2296 643 2350 regnemus.
680 2280 814 2333 Puto
863 2278 1008 2333 enim
1053 2278 1197 2348 quod
1244 2277 1389 2331 Deus
1440 2291 1540 2330 nos
1585 2273 1861 2345 apostolos

263 2390 284 2411 α
324 2367 657 2422 novissimos
704 2366 958 2435 ostendit,
1008 2374 1268 2438 tanquam
1316 2365 1476 2419 morti
1525 2363 1858 2427 destinatos;

266 2479 286 2502 ιι
327 2455 457 2527 quia
486 2456 850 2527 spectaculum
899 2455 1026 2510 facti
1074 2472 1260 2509 sumus
1290 2453 1513 2519 mundo,
1547 2459 1599 2506 et
1627 2450 1859 2523 angelis,

269 2568 289 2589 υ
329 2552 385 2598 et
432 2544 762 2598 hominibus.
813 2545 928 2599 Nos
976 2543 1120 2597 stulti
1162 2550 1385 2613 propter
1433 2541 1723 2605 Christum,
1767 2554 1865 2593 vos

269 2654 290 2681 ι
329 2642 517 2687 autem
539 2633 836 2703 prudentes
872 2632 927 2686 in
948 2632 1189 2697 Christo;
1213 2647 1313 2686 nos
1336 2629 1550 2696 inﬁrmi,
1575 2645 1672 2683 vos
1705 2626 1864 2683 98

274 2746 297 2769 α
332 2729 515 2775 autem
550 2721 758 2785 fortes;
805 2737 904 2775 vos
946 2720 1175 2785 nobiles,
1215 2736 1316 2774 nos
1338 2726 1519 2773 autem
1563 2716 1858 2787 ignobiles.

270 2833 291 2856 ιι
332 2811 520 2880 Usque
563 2810 617 2863 in
664 2811 804 2864 hanc
852 2811 1060 2876 horam,
1093 2817 1145 2863 et
1186 2808 1480 2873 esurimus,
1533 2814 1586 2861 et
1634 2805 1866 2870 sitimus,

272 2920 293 2948 ι
333 2906 391 2952 et
421 2898 551 2952 nudi
584 2915 789 2963 sumus,
825 2906 876 2952 et
927 2897 1171 2968 colaphis
1199 2896 1477 2959 caedimur,
1512 2903 1562 2948 et
1592 2893 1870 2947 instabiles

274 3010 294 3032 α
334 3004 549 3053 sumus,
591 2995 640 3041 et
666 2987 982 3042 laboramus
1030 2994 1319 3057 operantes
1364 2984 1613 3038 manibus
1644 2982 1868 3036 nostris.
1897 2958 1943 3017 Ο

283 3098 305 3125 ι
340 3075 735 3140 Maledieimur,
770 3083 821 3130 et
870 3075 1282 3139 benedicimus;
1314 3072 1751 3144 persecutionem
1780 3085 1876 3140 pa-

274 3185 297 3213 ι
334 3164 520 3229 timur,
552 3173 604 3218 et
643 3164 1008 3230 sustinemus;
1043 3163 1500 3233 blasphemamur,
1534 3168 1585 3215 et
1616 3160 1877 3214 obsecra-

277 3278 297 3299 α
334 3269 462 3305 mus
516 3267 527 3305 :
580 3261 831 3323 tanquam
890 3259 1252 3324 purgamenta
1309 3250 1466 3318 hujus
1520 3248 1707 3302 mundi
1756 3246 1878 3301 facti

277 3366 298 3388 ις
338 3358 531 3394 sumus
579 3341 820 3395 omnium
864 3341 1178 3411 peripsema
1224 3355 1397 3410 usque
1437 3338 1635 3392 adhuc.
1668 3337 1790 3390 Non
1822 3341 1880 3388 ut

280 3453 301 3476 κ
342 3428 677 3484 confundam
726 3445 823 3484 vos
870 3430 987 3485 haec
1034 3427 1236 3494 scribo,
1292 3428 1390 3481 sed
1435 3433 1491 3480 ut
1541 3424 1681 3479 ﬁlios
1726 3438 1881 3477 meos

285 3540 307 3567 ε
347 3518 710 3573 charissimos
757 3534 974 3573 moneo.
1026 3519 1163 3571 Nam
1196 3517 1241 3571 si
1271 3516 1459 3572 decem
1496 3513 1665 3567 millia
1692 3512 1881 3582 paeda-

282 3628 305 3656 ι
344 3622 624 3679 gogorum
672 3606 915 3662 habeatis
964 3606 1020 3660 in
1071 3606 1321 3671 Christo,
1375 3604 1473 3658 sed
1526 3618 1635 3655 non
1681 3600 1883 3654 multos

283 3717 306 3744 ι
345 3704 555 3765 patres.
586 3696 725 3749 Nam
764 3695 818 3749 in
850 3695 1074 3755 Christo
1101 3696 1231 3749 Jesu
1262 3709 1360 3763 per
1387 3690 1744 3760 Evangelium
1778 3703 1883 3760 ego

281 3805 305 3833 «
343 3799 447 3838 vos
477 3783 661 3854 genui.
698 3785 848 3853 Rogo
878 3799 1010 3854 ergo
1040 3800 1156 3847 vos,
1199 3781 1414 3845 fratres,
1448 3778 1748 3832 imitatores
1776 3775 1885 3830 mei

286 3894 309 3922 ιι
347 3880 527 3926 estote
578 3872 715 3926 sicut
759 3880 811 3926 et
843 3889 946 3942 ego
991 3871 1213 3925 Christi.
1264 3870 1393 3923 Ideo
1424 3867 1546 3921 misi
1577 3866 1643 3920 ad
1673 3881 1772 3920 vos
1798 3864 1885 3918 Ti-

287 3984 309 4008 α
348 3962 672 4027 motheum,
742 3960 830 4031 qui
884 3968 967 4014 est
1029 3958 1170 4013 ﬁlius
1216 3974 1371 4012 meus
1435 3954 1784 4012 charissimus
1834 3959 1886 4006 et

284 4073 307 4095 ιε
349 4048 534 4102 ﬁdelis
580 4049 635 4101 in
684 4048 945 4114 Domino;
992 4047 1082 4119 qui
1132 4063 1229 4102 vos
1274 4042 1723 4101 commonefaciat
1768 4040 1886 4095 vias

286 4160 309 4183 ει
350 4152 531 4203 meas,
566 4153 686 4208 quze
734 4145 857 4191 sunt
888 4137 943 4190 in
988 4136 1204 4191 Christo
1251 4137 1399 4198 Jesu,
1437 4132 1575 4187 sicut
1603 4130 1803 4202 ubique
1831 4128 1886 4182 in

286 4249 309 4276 ε
346 4226 500 4280 omni
533 4226 781 4281 Ecclesia
811 4226 1002 4281 doceo.
1034 4225 1319 4295 Tanquam
1349 4238 1457 4277 non
1486 4228 1752 4276 venturus
1784 4218 1887 4272 sim

1928 334 2237 388 ministrare
2277 333 2547 387 Christum
2593 339 2646 385 et
2687 330 2849 384 ﬁdem
2881 329 2995 398 ejus
3030 327 3296 392 subditis;
3332 326 3521 381 existi-

1930 431 2040 478 met
2071 424 2232 477 etiam
2263 438 2361 476 nos
2390 426 2455 476 ut
2484 422 2899 492 dispensatores
2928 418 3379 472 ministeriorum
3403 416 3521 469 Dei.

1932 512 2324 582 Dispensamus
2368 510 2510 565 enim
2561 507 2933 564 ecclesiastica
2980 505 3173 569 ofﬁcia,
3222 506 3366 559 hunc
3397 520 3528 574 pre-

1935 601 2233 670 sbyterum,
2267 599 2434 653 alium
2456 598 2743 652 diaconum
2767 594 3164 651 consecrando.
3197 594 3293 648 Vel
3311 593 3531 663 dispen-

1938 698 2146 744 satores
2175 687 2579 759 mysteriorum,
2615 687 2667 740 id
2687 694 2768 739 est
2791 692 3125 739 secretorum
3151 682 3249 737 Dei
3283 700 3295 735 :
3330 682 3532 737 scimus

1938 778 2081 833 enim
2116 786 2167 832 et
2214 776 2487 848 loquimur
2518 774 2769 829 ﬁdelibus
2817 772 3043 827 consilia
3081 771 3198 826 Dei.
3242 770 3535 840 Propterea

1939 868 2081 931 dico,
2107 868 2185 921 sic
2205 882 2304 920 nos
2329 866 2627 920 existimet
2648 864 2806 918 homo
2830 882 2848 927 ;
2880 861 3005 932 quia
3033 861 3142 927 hic,
3176 859 3230 913 id
3253 867 3334 913 est
3360 860 3415 912 in
3432 860 3535 913 hac

1940 955 2191 1011 Ecclesia
2223 953 2623 1008 Corinthiorum
2646 952 2776 1020 jam,
2820 950 2872 1003 id
2906 957 2987 1004 est
3019 956 3141 1003 ante
3173 954 3538 1019 opportunum

1942 1053 2155 1114 tempus
2204 1042 2409 1111 judicii.
2460 1042 2519 1095 In
2566 1041 2669 1096 hoc
2712 1038 2859 1094 enim
2903 1038 3108 1092 mundo
3156 1037 3282 1108 quia
3330 1036 3539 1092 occulta

1944 1142 2065 1187 sunt
2095 1147 2283 1202 opera,
2329 1130 2577 1198 judicare
2623 1145 2735 1183 non
2771 1128 2913 1181 licet.
2950 1126 3046 1183 Vel
3086 1126 3192 1193 hic,
3244 1126 3298 1180 id
3326 1134 3407 1180 est
3434 1126 3539 1180 hac

1945 1221 2233 1277 occasione
2282 1235 2383 1289 qua
2431 1218 2540 1271 dixi
2586 1234 2686 1271 nos
2730 1216 2930 1270 debere
2959 1214 3233 1270 exstimari
3267 1214 3540 1267 ministros

1947 1318 1999 1365 et
2028 1310 2432 1379 dispensatores
2456 1325 2470 1371 ς
2511 1314 2799 1376 propterea
2823 1305 2933 1373 jam
2964 1305 3237 1376 quwritur
3266 1304 3421 1357 inter
3448 1302 3540 1356 di-

1947 1401 2324 1469 spensatores,
2350 1400 2471 1467 quis
2503 1411 2689 1449 eorum
2717 1394 3049 1448 inveniatur
3078 1400 3133 1446 ut
3148 1392 3349 1459 ﬁdelis,
3384 1391 3439 1445 id
3459 1398 3541 1445 est

1949 1485 2258 1557 perfectus;
2294 1493 2345 1539 et
2392 1484 2547 1552 cujus
2585 1482 2791 1551 justitia
2830 1479 3073 1535 conferat
3116 1480 3414 1535 discretum
3444 1478 3543 1533 ali-

1951 1575 2079 1645 quid
2127 1572 2410 1643 baptizatis
2458 1570 2588 1625 suis.
2636 1571 2704 1626 Ut
2754 1568 2929 1623 ﬁdelis
2976 1569 3178 1623 dictum
3227 1576 3354 1623 est:
3407 1567 3543 1623 sicut

1952 1663 2046 1728 ibi,
2083 1686 2103 1709 «
2141 1662 2327 1716 habitu
2371 1662 2623 1716 inventus
2662 1667 2717 1713 ut
2748 1660 2910 1713 homo
2954 1658 3131 1727 (Phil.
3172 1672 3231 1721 ιι,
3262 1656 3337 1727 ’7).
3378 1677 3400 1705 ι
3438 1655 3541 1711 Sed

1954 1750 2216 1823 quidquid
2244 1750 2335 1803 alii
2374 1749 2783 1818 dispensatores
2814 1746 3062 1813 sentiant,
3097 1761 3201 1817 ego
3232 1753 3415 1799 tamen
3443 1745 3548 1799 hoc

1955 1839 2263 1910 respondeo
2285 1855 2296 1893 :
2324 1837 2463 1906 Quia
2482 1836 2631 1891 mihi
2645 1852 2745 1908 pro
2758 1837 2995 1890 minimo
3014 1838 3098 1889 est
3120 1842 3170 1888 et
3189 1833 3541 1904 parvipendo,

1956 1933 2075 1984 uta
2105 1929 2251 1983 vobis
2275 1927 2520 1998 judicer,
2565 1925 2619 1979 id
2667 1932 2748 1979 est
2790 1931 2849 1977 ut
2890 1940 2987 1978 vos
3017 1939 3104 1977 me
3133 1921 3505 1977 condemnetis
3533 1938 3547 1987 ;

1957 2021 2062 2073 aut
2092 2024 2146 2070 ut
2170 2015 2381 2084 judicer
2416 2015 2482 2069 ab
2515 2014 2761 2069 humano
2799 2013 2904 2077 die,
2930 2011 2984 2065 id
3006 2018 3086 2066 est
3106 2011 3175 2064 ab
3196 2011 3434 2076 homine,
3461 2008 3553 2080 qui

1960 2105 2121 2161 etiam
2151 2112 2375 2175 propter
2407 2102 2755 2156 subtilitatem
2783 2099 2986 2172 ingenii
3025 2100 3142 2153 dies
3172 2098 3404 2154 dicatur.
3440 2098 3550 2152 Vos

1959 2210 2047 2249 me
2078 2193 2300 2248 nescitis
2338 2192 2603 2261 judicare,
2653 2191 2747 2245 sed
2778 2206 2955 2261 neque
2986 2205 3081 2258 ego
3112 2190 3228 2259 ipse
3251 2187 3463 2259 judico,
3497 2186 3553 2240 id

1963 2290 2064 2349 est,
2099 2280 2439 2352 reprehendo
2470 2282 2746 2352 meipsum
2776 2278 2831 2331 in
2850 2277 3065 2347 aliquo;
3098 2276 3220 2331 ideo
3242 2278 3374 2348 quia
3401 2275 3555 2330 nihil

1964 2372 2220 2427 conscius
2253 2387 2380 2424 sum
2408 2368 2571 2437 mihi,
2597 2376 2649 2422 et
2670 2368 2808 2423 sicut
2838 2365 3062 2420 scientia
3082 2381 3201 2419 mea
3222 2380 3328 2418 non
3350 2362 3557 2419 invenit

1967 2459 2096 2531 quid
2142 2458 2380 2526 judicet;
2428 2456 2598 2511 multo
2646 2455 2825 2509 minus
2872 2470 2971 2509 vos
3021 2453 3112 2524 qui
3155 2452 3368 2508 occulta
3417 2466 3554 2507 con-

1967 2546 2207 2602 scientiae
2238 2545 2471 2601 scrutari
2499 2560 2605 2599 non
2652 2543 2895 2615 potestis.
2930 2542 3038 2597 Sed
3068 2542 3195 2597 licet
3223 2540 3559 2596 conscientia

1967 2652 2087 2691 mea
2108 2634 2308 2689 nullius
2330 2640 2547 2689 accuset
2562 2649 2649 2687 me
2675 2652 2688 2699 ;
2717 2636 2911 2687 tamen
2934 2647 3049 2685 non
3072 2632 3135 2686 in
3166 2631 3265 2685 hoc
3277 2630 3561 2701 justiﬁca-

1972 2729 2062 2780 tus
2092 2740 2236 2792 sum,
2291 2723 2417 2794 quia
2464 2720 2699 2777 fortasse
2729 2720 2972 2791 quaedam
3002 2719 3211 2774 astimo
3243 2719 3403 2787 bona,
3438 2732 3560 2789 quae

1970 2814 2039 2867 de
2070 2813 2250 2867 radice
2280 2811 2423 2866 male
2469 2810 2751 2881 pullulant.
2785 2809 2901 2864 Nec
2930 2809 3113 2872 homo,
3147 2822 3249 2863 nec
3278 2806 3401 2877 ipsa
3430 2822 3560 2861 con-

1973 2901 2198 2957 scientia
2226 2915 2349 2954 mea
2374 2900 2623 2968 judicare
2661 2914 2749 2952 me
2778 2904 2997 2968 potest;
3032 2896 3128 2950 sed
3158 2895 3248 2950 ille
3277 2896 3375 2967 qui
3392 2895 3560 2965 judi-

1975 2994 2086 3055 cat,
2122 2990 2177 3043 id
2207 2998 2307 3053 est,
2343 2989 2433 3059 qui
2457 2986 2738 3056 judicandi
2768 3002 2855 3040 me
2878 2992 3200 3056 potestatem
3229 2984 3413 3049 habet,
3454 2985 3565 3038 Do-

1975 3081 2169 3133 minus
2211 3082 2311 3144 est,
2380 3084 2432 3131 et
2479 3084 2677 3147 praeter
2724 3091 2846 3129 eum
2890 3089 3051 3128 nemo
3095 3074 3198 3128 hoc
3246 3078 3445 3142 potest.
3500 3073 3568 3125 Et

1977 3167 2193 3238 quando
2242 3165 2460 3238 quidem
2504 3165 2649 3219 Deus
2700 3163 2849 3217 solus
2884 3162 3126 3231 judicare
3175 3168 3370 3231 potest,
3404 3161 3569 3214 homo

1976 3271 2109 3310 vero
2138 3271 2264 3322 non,
2321 3254 2447 3325 quia
2491 3268 2594 3309 nec
2642 3252 2880 3321 seipsum
2912 3250 3041 3303 satis
3072 3249 3343 3322 intelligit.
3378 3249 3570 3321 Itaque

1978 3345 2154 3399 nolite
2181 3342 2443 3412 judicare
2486 3358 2593 3405 me,
2626 3340 2713 3394 vel
2743 3339 2909 3393 alium
2940 3342 3074 3393 ante
3104 3342 3344 3409 tempus,
3378 3337 3431 3390 id
3466 3343 3567 3404 est,

1979 3446 2124 3486 nunc
2154 3446 2275 3485 cum
2307 3430 2484 3483 adhuc
2533 3428 2746 3483 occulta
2778 3427 2959 3494 latent,
2994 3426 3349 3498 quoadusque
3378 3427 3571 3480 veniat

1981 3520 2250 3575 Dominus
2280 3518 2349 3571 ad
2375 3516 2634 3585 judicium
2667 3533 2680 3568 :
2715 3517 2812 3587 qui
2840 3515 3023 3585 utique
3052 3513 3250 3581 veniet,
3276 3521 3328 3567 et
3358 3514 3571 3569 illumi-

1982 3609 2159 3673 nabit,
2195 3606 2247 3660 id
2280 3613 2361 3660 est
2390 3605 2569 3676 palam
2600 3603 2778 3668 faciet,
2826 3602 3150 3658 abscondita
3185 3602 3566 3667 tenebrarum,

1983 3696 2037 3750 id
2067 3704 2150 3751 est
2188 3704 2553 3765 peccatorum.
2599 3692 2721 3763 quia
2762 3691 2904 3745 inter
2941 3697 3165 3760 peccata
3214 3690 3463 3761 quaedam
3494 3689 3574 3744 la-

1984 3792 2095 3838 tent
2126 3784 2412 3838 absconsa.
2449 3781 2553 3850 Qui
2584 3781 2744 3836 etiam
2761 3779 3155 3850 manifestabit
3180 3779 3417 3833 consilia
3448 3794 3572 3833 cor-

1984 3873 2159 3937 dium,
2194 3872 2248 3925 id
2270 3879 2353 3926 est
2390 3886 2555 3941 Opera
2585 3869 2748 3935 bona,
2782 3884 2902 3939 quae
2931 3883 2998 3921 ex
3027 3866 3253 3921 consilio
3285 3873 3337 3920 et
3365 3865 3578 3921 delibe-

1986 3961 2193 4015 ratione
2240 3959 2374 4036 recti
2416 3959 2597 4014 cordis
2642 3957 2780 4013 facta
2812 3964 2954 4022 sunt,
3003 3959 3059 4011 et
3092 3959 3230 4010 tunc
3260 3954 3314 4009 in
3343 3955 3579 4010 adventu

1984 4050 2077 4104 illo
2106 4049 2410 4120 unicuique
2441 4047 2533 4119 qui
2563 4063 2628 4102 ex
2659 4045 2886 4102 consilio
2916 4043 3098 4100 cordis
3129 4051 3273 4099 recte
3302 4043 3433 4114 egit,
3469 4045 3581 4100 erit

1989 4139 2113 4193 laus
2143 4154 2177 4191 a
2206 4137 2458 4192 Domino.

2062 4225 2219 4293 Quod
2251 4241 2415 4295 supra
2444 4223 2513 4277 ait
2535 4222 2841 4279 Corinthios
2862 4222 3047 4278 dicere
3083 4236 3095 4275 :
3121 4223 3239 4294 Ego
3267 4220 3577 4286 sumIPauli,

291 4336 315 4364 ι
349 4314 424 4368 ad
473 4330 591 4378 vos,
640 4314 719 4369 sic
764 4313 931 4367 inﬂati
978 4321 1102 4368 sunt
1146 4311 1383 4383 quidam.
1435 4309 1660 4365 Veniam
1709 4314 1960 4377 autemD
1990 4330 2095 4385 ego
2135 4330 2252 4367 sum
2308 4312 2521 4383 Apollo,
2581 4311 2798 4382 exponit
2843 4310 2930 4365 hic
2973 4311 3246 4382 quomodo
3300 4310 3582 4383 figurative

293 4424 317 4452 ι
353 4402 427 4456 ad
456 4419 555 4457 vos
582 4403 708 4469 cito,
763 4402 809 4456 si
852 4403 1119 4457 Dominus
1162 4399 1428 4455 voluerit:
1464 4407 1515 4453 et
1556 4411 1888 4469 cognoscam

289 4516 310 4539 «ι
351 4507 465 4545 non
495 4508 803 4547 sermonem
840 4507 1033 4546 eorum
1083 4490 1173 4562 qui
1220 4489 1389 4544 inflati
1419 4494 1560 4556 sunt,
1596 4486 1693 4541 sed
1722 4486 1891 4539 virtu-

294 4601 317 4630 ε
354 4588 487 4634 tem.
522 4581 644 4635 Non
675 4580 818 4635 enim
848 4580 904 4633 in
934 4596 1189 4635 sermone
1212 4586 1294 4633 est
1311 4592 1541 4649 regnum
1570 4574 1690 4640 Dei,
1717 4574 1815 4628 sed
1835 4573 1891 4627 in

294 4690 319 4718 α
354 4670 573 4723 virtute.
628 4668 771 4737 Quid
801 4669 961 4723 vultis
982 4670 1010 4723 i’
1048 4670 1109 4722 In
1140 4668 1296 4738 virga
1334 4665 1543 4721 veniam
1575 4664 1643 4718 ad
1671 4679 1788 4731 vos,
1824 4678 1891 4716 an

299 4779 323 4807 ς
360 4757 417 4811 in
442 4757 700 4813 charitate
732 4765 783 4813 et
810 4757 999 4829 spiritu
1028 4754 1461 4811 mansuetudinis
1481 4754 1509 4807 ἱ)
1547 4777 1568 4801 υ

944 4923 1256 4963 ΕΧΡΟΞΙΤῙΟ.

371 5029 517 5098 Quia
545 5030 707 5085 modo
739 5030 874 5084 adeo
904 5046 963 5083 se
1011 5028 1387 5083 humiliaverat
1438 5025 1651 5091 Paulus,
1684 5024 1892 5088 dicens,

299 5128 353 5175 et
384 5119 581 5189 Apollo
613 5118 773 5173 vestri
818 5126 960 5183 sunt,
1006 5134 1072 5172 ne
1110 5125 1405 5187 propterea
1436 5114 1755 5169 intlarentur
1787 5112 1895 5166 Co-

298 5208 508 5273 rinthii,
544 5207 762 5279 diciﬁse
810 5223 934 5261 esse
980 5222 1192 5278 magum
1240 5204 1539 5277 dignitatis,
1577 5201 1704 5274 quia
1732 5201 1896 5257 mini.-

294 5305 439 5353 slros
468 5296 684 5363 Christi,
738 5304 839 5351 etc.
892 5295 1089 5349 Littera
1120 5293 1197 5348 sic
1221 5293 1485 5365 jungitur,
1512 5292 1635 5346 licet
1675 5288 1897 5360 praemi-

299 5384 474 5440 serim
503 5401 609 5455 ego
643 5385 841 5439 Paulus
863 5392 916 5438 et
934 5382 1131 5453 Apollo
1162 5382 1327 5437 vestri
1350 5398 1537 5435 sumus
1572 5398 1584 5433 :
1619 5386 1795 5433 tamen
1818 5379 1898 5432 sic

300 5491 407 5533 nos
438 5474 737 5531 existimet
769 5472 928 5530 homo
958 5472 1265 5543 quicunque
1296 5477 1379 5526 est
1404 5469 1547 5524 inter
1567 5466 1895 5533 Corinthios,

1991 4404 2095 4458 hoc
2143 4401 2353 4467 dixerit,
2424 4399 2784 4471 signiﬁcando
2851 4399 2974 4455 illos
3022 4399 3090 4454 de
3134 4399 3331 4470 quibus
3379 4398 3583 4471 gloria-

1993 4491 2189 4545 bantur
2255 4506 2355 4560 per
2397 4505 2598 4543 nomen
2662 4504 2839 4554 suum,
2909 4495 2959 4543 et
3027 4504 3125 4558 per
3178 4488 3371 4559 Apollo
3436 4487 3583 4559 quod

1994 4579 2177 4650 utique
2210 4577 2335 4633 fecit
2361 4578 2417 4631 in
2446 4576 2751 4648 exemplum
2795 4576 3124 4631 humilitatis.
3170 4576 3326 4632 Unde
3356 4577 3434 4632 sic
3460 4577 3534 4631 ait
3570 4592 3583 4630 :

1995 4667 2150 4736 Quod
2183 4683 2348 4738 supra
2376 4666 2535 4737 posui
2557 4682 2651 4721 vos
2672 4666 2872 4731 dicere,
2899 4682 3003 4737 ego
3033 4682 3153 4720 sum
3175 4664 3388 4736 Apollo,
3421 4664 3581 4721 99

1995 4768 2099 4828 ego
2129 4756 2296 4820 Pauli,
2329 4770 2438 4810 non
2468 4755 2591 4809 ideo
2622 4755 2699 4810 sic
2746 4754 2850 4810 feci
2886 4755 3029 4825 quod
3078 4754 3145 4808 de
3194 4753 3351 4808 nobis
3394 4752 3590 4825 gloria-

1994 4844 2228 4909 remini;
2262 4843 2377 4911 sed,
2429 4859 2460 4898 ο
2508 4846 2742 4913 fratres,
2795 4859 2887 4914 ego
2938 4842 3359 4912 transﬁguravi,
3406 4842 3460 4895 id
3507 4849 3589 4897 est

1995 4933 2258 4999 transtuli,
2291 4934 2407 4987 11320
2435 4933 2605 4997 inme,
2633 4930 2914 5003 ﬁgurative
2944 4931 3193 5001 loquens,
3218 4930 3343 4985 dum
3366 4931 3588 4986 nomina

1996 5030 2177 5076 nostra
2208 5021 2312 5074 illis
2340 5020 2546 5090 pseudo
2579 5020 2958 5075 attribuebam.
3010 5020 3137 5074 Haec
3183 5020 3370 5091 utique
3400 5027 3583 5074 trans-

1996 5108 2229 5180 ﬁguravi
2254 5110 2309 5162 in
2336 5126 2423 5163 me
2452 5113 2506 5164 et
2536 5110 2599 5163 in
2629 5109 2844 5179 Apollo,
2879 5116 2931 5162 et
2959 5109 3062 5163 hoc
3078 5112 3314 5181 propter
3334 5126 3425 5166 vos
3455 5109 3587 5163 insi-

1997 5198 2264 5262 nuandos,
2300 5202 2367 5253 ut
2396 5213 2494 5252 vos
2522 5197 2755 5252 discatis
2784 5198 2845 5251 in
2884 5198 3060 5262 nobis,
3092 5213 3161 5252 ne
3190 5214 3328 5251 unus
3371 5198 3589 5252 inﬂetur

1999 5288 2263 5343 adversus
2296 5287 2523 5341 alterum
2568 5301 2669 5356 pro
2718 5302 2777 5340 se
2828 5284 2966 5341 facto
3004 5285 3129 5352 alio,
3162 5286 3215 5339 id
3245 5293 3327 5339 est
3354 5285 3592 5357 digniori

2001 5392 2166 5448 quam
2213 5376 2351 5430 alter
2389 5375 2457 5429 sit
2502 5391 2603 5446 per
2648 5374 2904 5431 meritum
2948 5375 3030 5429 sui
3078 5373 3440 5445 baptizatoris.
3494 5373 3593 5429 Vel

1998 5482 2098 5539 pro
2129 5465 2256 5536 alio,
2290 5464 2346 5520 id
2385 5472 2467 5521 est
2511 5480 2613 5535 pro
2655 5464 2868 5534 justiori
2915 5463 3135 5518 doctore
3178 5477 3337 5533 quem
3367 5461 3580 5517 habuit.
