3960 6036
373 167 473 222 143

875 128 932 225 S.
965 168 1321 227 BRUNONIS
1378 166 2023 227 CARTHUSIANORUM
2077 166 2561 225 INSTITUTORIS
2617 166 2770 225 OPP.
2828 167 3003 225 PARS
3054 168 3129 223 II.

3556 172 3656 227 144

371 290 453 347 Ne
484 290 742 346 inﬂemini
770 292 913 360 dico,
942 300 1166 364 agentes
1197 294 1342 366 quod
1374 310 1556 365 supra.
1601 293 1867 365 Scriptum
1887 300 1968 347 est
1986 296 2041 355 Α
2074 291 2354 348 novissimi
2383 309 2569 347 sumus
2604 311 2616 346 :
2651 307 2776 347 nam
2804 292 3053 347 destinati
3074 292 3231 348 morti
3256 311 3269 360 ;
3302 308 3427 349 nam
3446 303 3662 367 specta-

374 380 645 450 superius,
676 388 735 436 ut
774 381 865 453 qui
910 381 1191 454 gloriatur,
1243 398 1352 438 non
1395 383 1450 437 in
1480 383 1675 438 merito
1704 381 1958 448 hominis,

371 467 470 523 sed
500 468 554 522 in
586 470 817 525 Domino
845 470 1146 542 glorietur;
1178 486 1287 525 non
1316 471 1486 526 debes
1507 470 1683 525 inﬂari
1699 471 1962 526 adversus

369 555 644 613 alterum:
693 558 815 630 quis
861 558 1004 614 enim
1051 567 1134 615 est
1176 560 1266 631 qui
1312 567 1363 615 te
1408 559 1670 616 discernit
1716 560 1786 615 ab
1832 559 1959 625 alio,

367 645 547 701 sciens
595 647 785 702 merita
831 647 1212 721 singulorum?
1244 647 1449 704 Stultus
1495 649 1681 721 utique
1725 656 1827 717 est,
1869 646 1962 719 qui

367 741 420 789 te
449 733 760 791 discernere
799 737 1095 807 praesumit.
1146 739 1347 793 Iterum
1392 754 1501 793 non
1541 737 1709 793 debes
1748 736 1957 803 inﬂari;

366 823 494 896 quia
522 825 655 897 quid
684 825 849 882 habes
879 833 934 881 tu
962 827 1031 881 ab
1062 826 1155 882 illo
1194 827 1419 883 doctore
1451 827 1520 882 de
1567 842 1673 899 quo
1702 825 1959 898 gloriaris

365 913 508 986 quod
534 930 649 971 non
678 917 949 986 accepisti
979 932 1010 970 a
1038 932 1126 972 me
1155 916 1183 971 ?
1214 916 1384 987 Magis
1439 916 1625 988 utique
1656 931 1689 971 a
1730 932 1819 971 me
1860 931 1958 973 ac-

364 1002 576 1073 cepisti,
609 1002 733 1075 quia
762 1003 946 1074 ﬁdem,
980 1020 1140 1075 quam
1173 1004 1241 1059 ab
1274 1004 1386 1060 illo.
1422 1005 1620 1060 Iterum
1649 1021 1758 1060 non
1789 1004 1959 1060 debes

364 1091 579 1159 inﬂari;
613 1093 736 1164 quia
766 1094 815 1148 si
844 1094 1113 1165 accepisti
1134 1110 1162 1147 a
1183 1110 1291 1160 me,
1315 1094 1447 1166 quid
1476 1095 1541 1150 de
1570 1094 1675 1149 alio
1694 1094 1959 1166 gloriaris

364 1183 523 1253 quasi
552 1198 666 1237 non
694 1182 978 1253 acceperis
1010 1197 1043 1236 a
1064 1198 1150 1237 me
1165 1183 1311 1253 quod
1333 1182 1403 1237 ab
1420 1182 1511 1237 illo
1528 1182 1556 1236 ?
1576 1182 1754 1255 magis
1773 1182 1958 1253 utique

363 1285 396 1324 a
423 1285 531 1325 me.
567 1270 667 1325 Vel
696 1269 852 1325 aliter
886 1288 899 1324 :
943 1270 1068 1325 Noli
1114 1268 1290 1324 inﬂari
1321 1270 1449 1342 quia
1492 1270 1610 1342 quis
1658 1278 1740 1325 est
1784 1270 1875 1342 qui
1904 1278 1957 1325 te

368 1356 629 1413 discernit
657 1374 690 1413 a
727 1374 910 1414 massa
939 1358 1273 1428 perditorum
1302 1358 1355 1413 in
1385 1359 1577 1427 Adam,
1608 1366 1664 1413 ut
1694 1357 1857 1414 faciat
1902 1366 1955 1413 te

365 1446 544 1501 vasin
586 1448 852 1502 honorem
907 1447 1011 1502 nisi
1068 1448 1215 1502 Deus
1271 1446 1464 1502 solus?
1516 1448 1693 1502 Nemo
1748 1448 1953 1518 utique,

361 1534 554 1590 iterum
586 1551 656 1590 ne
684 1535 929 1602 inﬂeris;
961 1535 1090 1607 quia
1119 1535 1248 1607 quid
1295 1535 1466 1591 habes
1499 1544 1553 1590 tu
1582 1535 1711 1591 boni
1748 1536 1818 1590 ab
1849 1535 1955 1590 ali-

358 1638 486 1694 quo,
520 1623 665 1694 quod
711 1639 822 1678 non
865 1623 1120 1694 accepisti
1151 1639 1183 1678 a
1216 1624 1371 1679 Deo?
1419 1625 1568 1679 Deus
1615 1624 1779 1678 totius
1827 1624 1953 1679 boni

357 1718 441 1765 est
469 1710 718 1780 largitor.
777 1713 977 1766 Iterum
1025 1727 1134 1767 non
1162 1712 1332 1767 debes
1390 1711 1605 1777 inﬂari;
1659 1712 1784 1785 quia
1814 1712 1860 1767 si
1897 1720 1951 1768 tu

324 1800 613 1870 accepisti
641 1798 844 1871 aliquid
874 1814 908 1854 a
937 1800 1071 1867 Deo,
1131 1800 1263 1872 quid
1291 1800 1541 1873 gloriaris
1584 1800 1731 1866 inde,
1782 1800 1951 1857 ascri-

355 1888 493 1943 bens
517 1889 624 1943 hoc
643 1888 838 1943 merito
859 1888 1115 1955 hominis,
1161 1888 1313 1960 quasi
1355 1905 1464 1944 non
1494 1890 1771 1961 acceperis
1817 1889 1951 1944 illud

354 1991 389 2031 a
416 1977 533 2032 Deo
562 1977 590 2032 ?
618 1977 751 2032 Dico
772 1993 841 2032 ne
869 1976 1195 2050 gloriemini,
1220 1979 1319 2032 sed
1339 1978 1480 2033 male
1502 1978 1626 2034 dico
1651 1998 1665 2045 ;
1698 1979 1825 2049 quia
1852 1994 1949 2034 vos

357 2065 551 2121 merito
580 2065 790 2121 debetis
820 2065 1043 2137 gloriari
1076 2084 1088 2120 :
1108 2069 1236 2138 jam
1266 2066 1410 2121 enim
1440 2069 1579 2122 estis
1600 2067 1870 2133 saturati,
1894 2066 1950 2121 id

355 2163 439 2210 est
469 2154 597 2208 satis
624 2154 832 2209 habetis
863 2154 1003 2209 bona
1022 2154 1079 2208 in
1109 2154 1263 2209 vobis
1286 2173 1299 2220 ;
1316 2157 1441 2227 jam
1462 2156 1623 2211 etiam
1645 2157 1792 2227 facti
1812 2157 1947 2212 estis

355 2243 578 2311 divites,
610 2242 872 2298 habentes
928 2242 1076 2313 quod
1121 2241 1376 2298 dividatis
1434 2243 1710 2316 singulis;
1771 2245 1947 2299 etiam

355 2333 629 2401 regnatis,
661 2330 717 2385 id
746 2338 830 2385 est
859 2344 956 2385 vos
984 2329 1133 2401 ipsos
1165 2331 1304 2386 bene
1358 2331 1548 2404 regitis
1604 2332 1721 2387 sine
1767 2331 1944 2388 nobis.

352 2421 481 2475 Haec
514 2419 694 2476 omnia
722 2419 946 2484 ironice,
980 2419 1078 2474 sed
1108 2419 1305 2475 amodo
1334 2419 1499 2475 serio.
1530 2422 1795 2492 Regnaiis
1822 2419 1946 2477 dico

355 2508 436 2576 (et
463 2510 692 2565 utinam
711 2508 767 2562 in
795 2508 1019 2563 veritate
1037 2509 1327 2580 regnetis).
1348 2510 1463 2564 Hoc
1492 2508 1635 2564 enim
1666 2524 1940 2579 cuperem,

352 2603 411 2650 ut
439 2595 703 2669 regimine
728 2603 917 2651 nostro
946 2612 1057 2651 non
1082 2596 1439 2669 indigeretis;
1472 2597 1542 2651 ita
1589 2597 1831 2667 regnetis
1878 2601 1945 2653 ut

351 2690 409 2739 et
438 2700 539 2739 nos
559 2701 854 2756 regnemus
880 2684 1180 2751 vobiscum,
1216 2685 1271 2739 id
1305 2693 1384 2739 est
1431 2693 1489 2739 ut
1519 2701 1616 2741 vos
1664 2685 1720 2738 in
1770 2700 1943 2758 regno

349 2772 442 2828 illo
470 2772 734 2845 dignitate
763 2777 887 2828 vitae
929 2789 1030 2828 nos
1077 2773 1479 2845 praecederetis.
1529 2773 1744 2829 Mallem
1793 2783 1941 2830 certe

351 2876 450 2917 vos
478 2861 689 2933 praeire,
738 2868 792 2917 et
839 2877 927 2917 me
970 2863 1146 2934 sequi,
1189 2878 1346 2933 quam
1375 2877 1681 2929 converso;
1715 2861 1842 2934 quia
1872 2862 1941 2917 de

348 2966 436 3005 me
466 2950 668 3006 certior
698 2966 817 3004 sum
848 2965 1012 3022 quam
1033 2950 1101 3005 de
1124 2950 1297 3006 vobis.
1323 2951 1522 3005 lterum
1543 2950 1748 3006 ironice
1782 2968 1796 3007 :
1831 2951 1941 3005 Vos

349 3039 534 3110 utique
581 3038 845 3111 regnatis,
896 3054 997 3094 nos
1041 3038 1299 3107 minime;
1334 3038 1457 3111 quia
1503 3042 1641 3111 puto
1668 3040 1811 3112 quod
1840 3054 1939 3094 vos

348 3126 602 3198 equidem
641 3127 840 3197 putatis
873 3144 887 3181 :
920 3128 1026 3183 hoc
1073 3127 1279 3183 scilicet
1321 3126 1465 3199 quod
1513 3129 1660 3183 Deus
1690 3127 1940 3184 ostendit

348 3231 449 3271 nos
478 3215 828 3281 novissimos,
862 3215 917 3269 id
947 3223 1027 3270 est
1043 3214 1341 3270 deteriores
1362 3223 1415 3270 et
1434 3214 1635 3270 nullius
1657 3213 1939 3287 dignitatis

348 3302 646 3374 apostolos.
668 3304 783 3359 Nos
800 3303 923 3359 dico
946 3308 1216 3376 tanquam
1234 3304 1548 3360 destinatos
1564 3306 1758 3369 morti,
1782 3304 1837 3358 id
1856 3311 1940 3359 est

343 3393 472 3463 quia
500 3392 636 3448 adeo
665 3391 957 3464 afﬂigimur
999 3407 1099 3463 pro
1129 3392 1360 3459 Christo,
1409 3399 1468 3446 ut
1507 3392 1847 3447 solummodo
1869 3391 1938 3446 ad

343 3488 573 3537 mortem
601 3481 714 3536 nati
756 3480 1037 3536 videamur
1071 3499 1084 3536 :
1116 3490 1405 3553 pr0pterea
1449 3481 1606 3536 vobis
1649 3480 1707 3535 in
1736 3481 1937 3536 mundo

344 3568 681 3636 ﬂorentibus,
740 3569 1070 3640 contemptui
1132 3586 1343 3624 sumus.
1406 3569 1534 3624 Ideo
1599 3568 1762 3623 etiam
1811 3568 1937 3640 quia

350 3660 741 3729 spectaculum
765 3658 912 3729 facti
938 3674 1131 3714 sumus
1160 3658 1284 3713 huic
1315 3657 1523 3713 mundo
1556 3676 1574 3711 :
1606 3656 1937 3713 conveniunt

344 3746 490 3801 enim
517 3761 710 3801 omnes
738 3745 805 3799 ad
833 3745 1243 3816 Oppressionem
1272 3744 1463 3811 nostri,
1498 3752 1551 3800 et
1579 3744 1718 3799 mala
1749 3755 1935 3801 nostra

343 3833 504 3889 ludus
534 3841 618 3889 est
647 3848 857 3888 eorum.
891 3832 1025 3887 Huic
1053 3833 1267 3889 mundo
1292 3832 1414 3888 dico
1443 3848 1455 3886 :
1489 3847 1617 3887 nam
1638 3837 1694 3889 et
1713 3834 1932 3904 angelis

340 3921 519 3988 malis,
571 3920 663 3992 qui
692 3920 931 3993 gaudent
961 3920 1030 3975 de
1078 3918 1369 3975 afﬂictione
1421 3920 1609 3989 nostri,
1657 3926 1713 3977 et
1755 3922 1933 3977 homi-

338 4009 524 4064 nibus.
583 4009 653 4063 Et
710 4008 834 4063 ideo
879 4023 980 4063 nos
1044 4016 1351 4078 reputamur
1411 4008 1599 4075 stulti;
1649 4010 1746 4064 sed
1794 4011 1933 4065 hanc

340 4096 617 4151 stultitiam
639 4097 841 4153 bonum
855 4104 1000 4151 esset
1012 4095 1210 4150 imitari
1231 4115 1244 4162 ;
1261 4095 1385 4167 quia
1396 4101 1631 4169 prapter
1644 4098 1931 4154 Christum

342 4202 444 4242 nos
491 4188 678 4256 stulti,
709 4202 801 4243 vos
838 4188 1031 4241 autem
1053 4186 1365 4257 prudentes
1397 4186 1459 4240 in
1493 4184 1710 4242 Christo
1739 4205 1756 4241 :
1787 4185 1932 4258 quod

342 4273 528 4345 utique
558 4290 661 4330 nec
708 4274 858 4340 estis,
900 4289 1003 4329 nec
1032 4290 1155 4329 esse
1203 4272 1432 4329 debetis.
1477 4274 1584 4329 Nos
1632 4274 1850 4344 inﬁrmi
1879 4281 1932 4329 et

2062 382 2244 439 culum
2273 382 2495 437 mundo.
2530 383 2596 437 Et
2640 390 2836 437 cratera
2886 381 3131 437 similiter
3166 391 3524 455 exponautur,
3560 384 3657 440 sed

2060 472 2285 527 ironice.
2316 473 2430 527 Nos
2477 470 2640 537 stulti,
2682 487 2780 526 vos
2828 471 3157 542 prudentes;
3192 487 3288 528 vos
3337 472 3522 542 fortes,
3555 488 3657 529 nos

2061 560 2307 627 debiles;
2347 560 2434 615 hic
2479 560 2673 615 eadem
2720 559 2915 615 ironia.
2980 560 3095 616 Nec
3134 560 3307 615 solum
3371 562 3655 633 praemissa

2059 648 2206 703 mala
2235 648 2485 719 patimur,
2518 649 2616 703 sed
2645 664 2678 704 a
2707 648 2976 719 principio
3015 649 3419 721 praedicationis
3450 659 3653 706 nostrai

2064 753 2235 809 usque
2252 737 2313 792 in
2332 737 2478 792 hanc
2491 738 2706 802 horam,
2723 740 2779 792 et
2796 739 3076 793 esurimus
3088 742 3144 793 et
3155 739 3384 794 sitimus
3402 759 3421 806 ;
3434 743 3490 795 et
3511 738 3652 795 nudi

2059 842 2272 893 sumus,
2295 829 2349 880 et
2371 825 2623 897 colaphis
2643 825 3001 891 cazdz'mur,et
3019 825 3317 883 instabiles
3337 844 3556 895 sumus,
3580 826 3649 883 de

2057 912 2180 969 loco
2201 913 2271 969 ad
2291 913 2469 969 locum
2491 912 2663 986 fugati
2687 932 2701 979 ;
2732 918 2789 969 et
2808 912 3126 971 laboramus
3146 920 3446 987 operantes
3468 917 3648 972 mani-

2058 1000 2156 1057 bus
2184 1004 2415 1068 nostris,
2437 1002 2581 1057 unde
2603 1002 2803 1057 victum
2834 1002 3150 1058 habeamus.
3172 1004 3561 1062 Maledicimur
3578 1004 3645 1058 ab

2056 1090 2256 1162 impiis,
2281 1094 2337 1145 et
2358 1106 2459 1145 nos
2474 1089 2855 1146 benedicimus
2873 1090 3013 1147 illos.
3029 1093 3293 1147 Patimur
3308 1095 3645 1165 persecutio-

2056 1196 2209 1245 nem,
2239 1177 2476 1234 100
2511 1182 2567 1233 et
2607 1181 2960 1235 sustinemus
2992 1179 3262 1235 alacriter.
3289 1181 3642 1253 Blasphema-

2055 1284 2205 1336 mur,
2233 1272 2289 1323 et
2331 1265 2683 1323 obsecramus
2727 1266 2942 1337 impios,
2993 1285 3062 1324 ne
3110 1268 3511 1339 blasphement,
3561 1270 3648 1326 vel

2056 1355 2248 1421 Deum,
2267 1363 2323 1409 ut
2347 1355 2592 1426 ignoscat
2612 1354 3134 1425 hlasphemantibus.
3158 1358 3226 1411 Et
3254 1357 3390 1413 adeo
3420 1357 3647 1413 saeviunt

2054 1443 2109 1497 in
2140 1459 2258 1510 nos,
2284 1443 2428 1515 quod
2448 1444 2593 1514 facii
2613 1460 2808 1498 sumus
2835 1447 3113 1516 tanquam
3132 1450 3514 1517 purgamenta
3550 1445 3650 1501 hu-

2044 1534 2143 1604 jus
2160 1532 2381 1587 mandi.
2400 1531 2620 1586 Videtur
2637 1531 2778 1586 enim
2798 1531 2904 1585 illis
2930 1532 3076 1603 quod
3112 1533 3346 1587 mundus
3376 1534 3446 1589 de
3484 1534 3641 1589 nobis

1981 1619 2342 1716 Bpolluatur,
2368 1628 2419 1674 et
2463 1635 2564 1690 per
2606 1619 2881 1675 interitum
2909 1628 3154 1675 nostrum
3184 1629 3465 1694 purgetur.
3498 1621 3643 1678 Facti

2054 1725 2243 1763 sumus
2263 1708 2449 1779 utique
2466 1709 2802 1781 peripsema,
2850 1708 2905 1763 id
2941 1717 3023 1763 est
3068 1709 3320 1782 purgatio
3347 1711 3641 1780 omnium;

2051 1796 2177 1869 quia
2192 1798 2307 1867 jam
2327 1813 2517 1852 omnes
2544 1805 2899 1869 purgarentur
2927 1798 2973 1853 si
3004 1814 3112 1853 non
3143 1814 3410 1867 essemus,
3443 1800 3541 1855 sed
3570 1801 3639 1856 de

2049 1886 2208 1941 nobis
2257 1886 2587 1957 polluuntur.
2620 1886 2934 1957 Peripsema
2972 1887 3170 1942 dicitur
3194 1893 3641 1959 purgamentum

2047 1976 2220 2046 pomi,
2245 1974 2331 2030 vel
2361 1991 2565 2046 spuma
2593 1976 2737 2046 ferri
2767 1975 3064 2030 secundum
3094 1976 3472 2044 Ambrosium;
3504 1978 3641 2033 tales

2049 2062 2172 2118 facti
2202 2079 2391 2118 sumus
2418 2079 2448 2117 a
2478 2062 2745 2133 principio
2773 2063 2962 2118 mundi
2993 2080 3165 2137 usque
3194 2065 3403 2122 adhuc.

2120 2150 2258 2219 Quia
2286 2167 2476 2221 aspere
2517 2150 2731 2206 locutus
2770 2151 2945 2206 fuerat
2995 2153 3306 2221 Corinthiis,
3340 2154 3527 2226 incipit
3556 2155 3637 2211 eis

2047 2239 2240 2295 iterum
2279 2238 2533 2305 blandiri,
2585 2239 2772 2296 dicens
2808 2240 2990 2296 :Licet
3031 2241 3236 2298 ironice
3280 2243 3509 2298 dixerim
3538 2260 3638 2299 vos

2046 2327 2361 2398 prudentes,
2415 2326 2583 2383 fortes
2614 2336 2663 2383 et
2692 2329 2923 2397 nobiles,
2956 2337 3137 2385 tamen
3166 2348 3281 2387 non
3312 2330 3489 2388 scribo
3521 2332 3636 2388 hac

2046 2420 2114 2469 ut
2138 2416 2485 2487 confundam
2508 2433 2617 2482 vos,
2643 2424 2695 2472 et
2716 2417 3044 2473 erubescere
3061 2418 3257 2474 faciam
3280 2437 3295 2486 ;
3322 2420 3420 2475 sed
3440 2436 3634 2477 moneo

2046 2520 2158 2573 vos,
2187 2520 2334 2560 nunc
2364 2505 2585 2571 blande,
2604 2521 2748 2562 nunc
2768 2522 2985 2577 aspere,
3010 2511 3073 2562 ut
3102 2523 3254 2563 meos
3275 2509 3634 2565 charissim:

2043 2592 2211 2660 ﬁlios.
2245 2594 2383 2648 Vere
2429 2594 2596 2663 ﬁlios,
2647 2610 2783 2649 nam
2830 2596 2881 2650 si
2930 2593 3187 2651 habeatis
3229 2596 3418 2652 decem
3446 2597 3633 2652 millia

2041 2681 2483 2753 paedagogorum,
2516 2681 2571 2736 id
2600 2690 2683 2736 est
2731 2682 3120 2755 magistrorum
3151 2684 3337 2752 (etiam
3394 2684 3635 2740 fidelium

2042 2770 2106 2823 in
2132 2768 2392 2841 Christo),
2420 2774 2609 2826 tamen
2630 2787 2743 2827 non
2762 2771 2976 2826 habetis
2991 2774 3201 2828 multos
3209 2776 3422 2845 patres,
3448 2789 3637 2829 secun-

2043 2856 2170 2911 dum
2202 2855 2364 2912 fidem
2399 2876 2412 2912 :
2446 2874 2579 2913 vere
2623 2874 2732 2914 non
2760 2860 2991 2923 multos,
3024 2876 3151 2915 nam
3179 2877 3267 2917 me
3298 2861 3490 2916 solum.
3521 2863 3631 2933 Ego

2043 2947 2199 3000 enim
2244 2949 2415 3018 genui
2455 2963 2545 3003 vos
2574 2947 2635 3002 in
2685 2948 2906 3006 Christo
2937 2950 3069 3004 Jesu
3089 2992 3101 3015 ,
3132 2966 3236 3022 per
3264 2950 3631 3021 Evangelium

2039 3050 2251 3089 meum.
2280 3035 2348 3089 Et
2377 3035 2592 3106 quando
2626 3035 2845 3107 quidem
2875 3052 2981 3109 ego
3010 3045 3181 3107 pater,
3215 3053 3313 3093 vos
3334 3035 3447 3093 ﬁlii.
3480 3038 3631 3109 Ergo

2039 3138 2168 3194 rogo
2184 3139 2297 3189 vos,
2320 3124 2552 3194 fratres,
2575 3128 2752 3180 estote
2778 3126 2891 3180 mei
2912 3124 3627 3197 imitatores,utﬁliipatris.

2039 3212 2165 3266 Ideo
2213 3211 2358 3266 enim
2406 3212 2530 3283 quia
2562 3212 2671 3274 filii
2710 3212 2859 3278 estis,
2905 3220 2959 3269 et
3004 3222 3062 3267 ut
3107 3213 3402 3270 imitatores
3449 3216 3567 3269 sitis
3613 3231 3627 3270 :

2037 3300 2168 3354 misi
2196 3298 2270 3354 ad
2297 3316 2389 3355 vos
2426 3301 2796 3367 Timotheum,
2819 3302 2914 3373 qui
2948 3305 3032 3356 est
3057 3301 3213 3370 ﬁlius
3233 3318 3392 3358 meus
3413 3301 3628 3358 charis-

2039 3388 2218 3442 simus
2249 3393 2303 3443 et
2334 3387 2515 3450 ﬁdelis
2535 3389 2599 3442 in
2623 3389 2873 3455 Domino,
2913 3396 2966 3444 et
2985 3389 3107 3445 huic
3128 3389 3476 3461 acquiescite.
3508 3390 3627 3445 Misi

2036 3473 2161 3529 ideo
2173 3482 2230 3529 ut
2251 3475 2318 3529 sit
2339 3476 2433 3547 qui
2461 3492 2551 3531 vos
2592 3479 3064 3548 commonefaciat
3082 3480 3201 3534 vias
3219 3495 3395 3546 meas,
3412 3486 3469 3533 ut
3490 3479 3631 3535 sicut

2036 3577 2161 3632 ego,
2196 3562 2276 3619 sic
2301 3571 2355 3618 et
2382 3579 2499 3629 vos,
2525 3562 2580 3617 in
2609 3565 2757 3619 omni
2780 3565 2987 3633 justitia
3015 3565 3301 3621 ambuletis
3330 3584 3343 3621 :
3373 3583 3494 3639 qua:
3523 3566 3625 3623 vias

2034 3655 2172 3706 sunt
2201 3651 2533 3717 insistendae,
2568 3653 2691 3724 quia
2723 3661 2846 3708 sunt
2866 3656 2928 3709 in
2954 3655 3178 3711 Christo
3203 3656 3354 3722 Jesu,
3378 3655 3624 3711 etomnis

2033 3738 2283 3795 Ecclesia
2343 3725 2596 3811 'sequitur
2644 3757 2757 3797 eas.
2810 3741 2971 3811 Quod
3016 3742 3092 3798 ita
3139 3743 3214 3798 ait
3261 3760 3274 3797 :
3326 3743 3475 3799 Sicut
3517 3759 3623 3815 ego

2033 3828 2205 3883 doceo
2231 3827 2452 3900 ubique,
2486 3844 2588 3885 nec
2616 3830 2822 3901 passim
2851 3830 2905 3884 in
2936 3830 3103 3903 agris,
3137 3831 3235 3886 sed
3263 3832 3320 3886 in
3343 3831 3489 3887 omni
3517 3833 3623 3887 Ec-

2032 3915 2219 3972 clesia.
2294 3917 2401 3972 Per
2460 3918 2605 3973 hunc
2653 3919 2991 3974 Timotheum
3055 3919 3254 3975 dicitur
3328 3920 3621 3991 Apostolus

2032 4003 2248 4059 misisse
2276 4005 2416 4059 hanc
2457 4005 2753 4076 Epistolam
2800 4006 3090 4062 Corinthiis
3122 4026 3136 4062 :
3167 4008 3381 4064 locutus
3409 4015 3492 4063 est
3521 4025 3620 4063 su-

2030 4091 2210 4163 perius
2239 4092 2306 4148 de
2355 4093 2775 4164 baptizatoribus
2818 4094 2943 4161 illis,
2994 4104 3047 4150 et
3073 4095 3206 4151 satis
3233 4096 3484 4166 probavit
3510 4112 3621 4152 non

2031 4196 2199 4235 unum
2228 4180 2630 4252 przeferendum
2678 4199 2800 4238 esse
2828 4183 3000 4238 alteri.
3054 4184 3319 4240 Causatus
3348 4193 3431 4240 est
3460 4185 3621 4239 etiam

2030 4267 2151 4323 illos
2182 4269 2249 4323 de
2277 4272 2549 4325 mundana
2569 4270 2851 4341 sapientia,
2886 4272 3032 4343 quod
3058 4272 3237 4327 nimiae
3265 4272 3444 4328 laudis
3474 4281 3621 4329 esset

342 4361 646 4418 imbecilles
677 4362 898 4428 mundo,
947 4379 1039 4418 vos
1078 4367 1273 4418 autem
1301 4365 1477 4433 fortes
1508 4363 1662 4418 etde
1694 4363 1930 4433 potentia
1959 4364 2011 4423 D
2034 4356 2175 4427 apud
2206 4356 2346 4425 illos,
2380 4358 2529 4413 etde
2556 4366 2866 4430 contemptu
2893 4375 3018 4423 suo:
3053 4376 3195 4416 nunc
3217 4368 3398 4417 autem
3428 4361 3619 4415 transit

341 4449 529 4505 mundi
559 4450 878 4523 gloriantes.
913 4452 1005 4507 Vos
1038 4449 1271 4516 nobiles,
1303 4468 1404 4506 nos
1423 4457 1616 4506 autem
1634 4449 1927 4520 ignobiles.

344 4538 444 4594 Vel
497 4538 675 4605 aliter,
735 4546 793 4592 ut
840 4537 957 4594 sine
1015 4538 1188 4593 ironia
1231 4538 1446 4612 legatur
1506 4556 1519 4593 :
1572 4538 1783 4594 Vellem
1830 4554 1931 4594 nos

342 4642 575 4700 regnare
619 4626 923 4684 vobiscum.
973 4628 1110 4681 Nam
1157 4635 1337 4681 certus
1381 4642 1502 4681 sum
1545 4626 1692 4697 quod
1739 4642 1932 4682 revera

343 4715 696 4788 regnabimus
729 4733 742 4768 :
774 4722 905 4786 puto
934 4714 1099 4783 enim,
1131 4722 1185 4769 et
1217 4715 1322 4770 hoc
1341 4714 1528 4785 utique
1549 4712 1765 4770 confido
1787 4714 1933 4785 quod

342 4804 493 4858 Deus
521 4803 756 4859 ostendit
782 4818 883 4858 nos
902 4802 1230 4858 novissimos
1256 4802 1552 4873 apostolos,
1585 4802 1640 4857 id
1671 4809 1754 4857 est
1783 4802 1932 4857 simi-

343 4890 425 4945 les
471 4890 800 4957 novissimis,
848 4890 902 4944 id
948 4898 1030 4945 est
1067 4890 1259 4946 Enoch
1309 4897 1362 4944 et
1406 4889 1576 4956 Elim;
1613 4890 1740 4961 quia
1784 4898 1934 4946 tanta

344 4976 584 5048 patimur
634 4979 798 5034 modo
860 4978 915 5033 in
962 4978 1230 5049 principio
1276 4977 1558 5043 Ecclesiae,
1611 4985 1810 5049 quanta
1857 4978 1933 5034 illi

348 5066 563 5138 passuri
592 5074 719 5121 sunt
746 5066 817 5121 ab
845 5065 1175 5122 Antichristo
1196 5066 1251 5120 in
1283 5063 1408 5121 fine.
1441 5066 1595 5122 Unde
1625 5065 1768 5121 idem
1800 5067 1936 5122 Pau-

348 5154 433 5209 lus
462 5154 535 5209 ait
566 5172 579 5209 :
618 5176 641 5205 ι
674 5154 789 5209 Nos
820 5171 1005 5209 sumus
1034 5155 1088 5209 in
1110 5170 1248 5226 quos
1267 5152 1403 5209 ﬁnes
1424 5154 1749 5210 saeculorum
1769 5155 1934 5211 deve-

351 5251 546 5300 nerunt
575 5243 624 5313 (I
648 5243 769 5301 Cor.
802 5259 854 5309 κ,
891 5246 999 5313 tt).
1039 5267 1059 5291 ι
1094 5242 1273 5311 Quare
1289 5241 1450 5297 etiam
1469 5243 1618 5298 Nero
1647 5243 1823 5299 dictus
1854 5250 1936 5298 est

349 5332 734 5400 Antichristus,
790 5329 918 5402 quia
970 5330 1423 5401 quemadmodum
1485 5331 1587 5386 iste
1648 5332 1837 5388 Enoch
1882 5339 1935 5387 et

348 5420 546 5497 Eliam,
579 5420 661 5478 sic
701 5419 795 5476 ille
841 5419 1056 5475 Petrum
1104 5426 1157 5475 et
1183 5418 1410 5475 Paulum
1444 5417 1735 5476 interfecit.
1792 5420 1934 5477 Vere

2033 4444 2102 4497 ad
2156 4444 2306 4511 illud,
2352 4445 2422 4500 de
2485 4445 2814 4502 fornicatore
2881 4448 3138 4520 quodam,
3192 4449 3284 4521 qui
3326 4464 3617 4505 novercam

2030 4547 2185 4587 suam
2230 4532 2455 4588 duxerat
2502 4550 2733 4590 uxorem
2765 4553 2779 4590 :
2813 4552 2976 4607 quem
3021 4536 3125 4609 ipsi
3170 4553 3273 4593 nec
3304 4553 3338 4592 a
3366 4553 3617 4593 commu-

2029 4619 2191 4677 nione
2218 4621 2479 4677 Ecclesiae
2517 4623 2881 4693 sejunxerant,
2920 4639 3022 4680 nec
3063 4625 3132 4680 de
3177 4633 3402 4696 peccato
3433 4625 3618 4681 fratris

2029 4708 2440 4777 condoluerant,
2482 4711 2579 4766 sed
2608 4712 2787 4783 potius
2814 4711 3143 4769 inﬂabantur
3167 4712 3294 4769 inde
3325 4713 3568 4770 dicentes
3602 4732 3617 4769 :

2031 4795 2188 4865 Quod
2216 4797 2261 4852 si
2288 4813 2318 4851 a
2345 4798 2489 4854 bono
2536 4800 2837 4871 baptizatus
2880 4808 3046 4870 esset,
3079 4817 3355 4874 nunquam
3403 4801 3459 4856 in
3486 4809 3616 4857 tan-

2032 4892 2138 4939 tam
2181 4886 2389 4958 peccati
2434 4885 2647 4943 foveam
2689 4897 2886 4958 rueret,
2945 4890 3404 4961 quemadmodum
3443 4906 3619 4962 appa-

2031 4973 2202 5042 rebat,
2232 4974 2289 5029 in
2330 4975 2523 5046 quibus
2569 4991 2638 5032 ne
2680 4976 2927 5033 similiter
2954 4986 3259 5049 peccarent,
3293 4979 3624 5050 operabatur

2025 5061 2229 5131 justitia
2276 5062 2642 5134 baptizatoris.
2684 5064 2882 5120 Littera
2930 5068 3009 5122 sic
3031 5066 3320 5138 jungitur:
3355 5068 3474 5139 Ego
3505 5068 3623 5124 sol-

2030 5150 2212 5206 licitus
2240 5150 2310 5206 de
2355 5151 2509 5207 vobis
2538 5160 2595 5207 ut
2623 5161 2780 5224 pater
2826 5154 2894 5209 de
2923 5153 3079 5225 filiis,
3119 5155 3270 5211 mitto
3298 5156 3367 5210 ad
3399 5172 3497 5212 vos
3524 5156 3623 5213 Ti-

2033 5240 2345 5308 motheum;
2374 5240 2471 5296 sed
2502 5241 2729 5314 quidam
2758 5243 2824 5299 de
2846 5244 2991 5299 vobis
3013 5248 3149 5300 sunt
3166 5244 3401 5313 inﬂati;
3431 5253 3484 5300 et
3512 5244 3623 5301 for-

2032 5333 2178 5383 tasse
2219 5337 2443 5400 propter
2482 5330 2797 5402 superbiam
2843 5347 2993 5387 suam
3036 5347 3144 5388 non
3192 5348 3314 5388 eum
3364 5332 3619 5400 audituri,

2033 5414 2158 5473 ideo
2188 5416 2258 5474 de
2286 5417 2539 5491 superbia
2585 5419 2675 5476 hic
2722 5420 2895 5495 tangit
2938 5436 3053 5491 eos,
3093 5416 3156 5478 ut'
3177 5421 3233 5477 in
3263 5421 3412 5479 omni
3439 5422 3624 5479 humi-
