3960 6036
292 148 395 201 155
859 144 1239 201 EXPOSITIO
1298 145 1372 200 IN
1425 145 1808 201 EPISTOLAS
1866 145 2092 202 PAULI.
2124 149 2295 203 -ΙΝ
2350 149 2570 206 EPIST.
2631 151 2784 205 [AD
2833 149 2997 206 COR.
3491 154 3593 207 146

303 270 458 324 litate
489 269 720 324 inveniat
751 285 848 324 eos
892 269 1145 325 obedisse
1177 269 1478 325 Timotheo.
1512 269 1682 324 lnﬂali
1712 270 1895 341 utique
1928 271 1976 330 A
2007 292 2028 320 ι
2073 271 2232 327 idolis
2290 273 2554 340 serviens,
2604 283 2694 329 aut
2731 276 3051 341 maledicus,
3084 283 3171 330 aut
3202 274 3467 343 ebriosus,
3498 283 3590 330 aut.

309 358 476 413 estis:
503 359 578 413 sic
601 362 872 431 tanquam
887 375 1116 430 egonon
1140 361 1245 413 sim
1270 364 1542 414 venturus
1565 359 1636 414 ad
1669 374 1896 423 vos,nec
2005 381 2026 410 α
2072 378 2240 432 rapax
2273 381 2285 416 :
2319 379 2442 418 cum
2491 365 2802 433 hujusmodi
2839 380 2940 420 nec
2973 365 3153 421 cibum
3185 381 3418 420 sumere.
3449 364 3590 433 Quid

302 447 590 501 adventum
642 463 823 501 meum
874 447 1216 513 reveremini,
1290 465 1451 519 quem
1497 448 1682 519 utique
1724 447 1898 503 vereri
2002 472 2022 496 α
2069 450 2210 504 enim
2237 452 2366 505 mihi
2396 461 2476 506 est
2507 452 2641 525 [non
2672 455 2834 509 habet
2858 453 2958 525 est]
2982 455 3049 508 de
3078 455 3162 507 his
3192 453 3283 525 qui
3312 452 3444 507 foris
3468 461 3591 506 sunt

301 551 401 590 vos
433 543 665 606 oportet,
689 535 793 589 nisi
815 552 912 590 vos
934 536 1081 606 ipsos
1113 537 1478 591 correxeritis.
1513 537 1760 591 Fortasse
1783 552 1899 591 cre-
2002 560 2023 588 α
2061 539 2304 607 judicare
2326 541 2353 594 ‘?
2382 541 2575 596 Nonne
2606 543 2672 597 de
2704 542 2786 596 his
2819 542 2907 613 qui
2938 543 3081 596 intus
3107 551 3231 596 sunt
3262 557 3359 596 vos
3384 541 3590 610 judica-

296 624 420 678 ditis
477 641 564 679 me
622 641 731 680 non
787 633 1094 691 venturum,
1129 625 1252 697 quia
1308 626 1471 680 modo
1505 625 1659 680 mitto
1704 625 1892 679 Timo-
2001 650 2020 674 ‹‹
2067 627 2134 680 tis
2161 629 2186 680 ἶ)
2213 629 2350 682 Nam
2399 645 2494 684 eos
2524 629 2614 702 qui
2655 629 2784 684 foris
2831 638 2956 685 sunt
2987 633 3132 686 Deus
3157 629 3436 701 judicabit.
3470 631 3586 684 Au-

298 713 504 779 theum;
557 712 653 768 sed
704 713 896 768 scitote
927 714 1048 785 quia
1084 714 1196 768 cito
1231 716 1451 769 veniam
1481 715 1552 769 ad
1580 731 1671 770 vos
1705 730 1717 769 :
1749 715 1895 785 quod

297 807 480 855 tamen
508 801 645 870 juris
674 817 782 855 non
814 809 915 867 est,
949 809 999 856 et
1031 801 1155 856 ideo
1187 802 1507 868 determino,
1541 803 1594 857 si
1620 805 1893 858 Dominus

293 891 554 956 voluerit,
585 891 736 959 cujus
767 890 1024 945 voluntati
1052 891 1322 946 contraire
1349 907 1459 946 non
1489 891 1632 946 licet.
1666 893 1893 947 Veniam

293 979 476 1050 utique
508 983 565 1034 et
596 987 720 1033 tunc
769 995 1114 1050 cognoscam,
1166 980 1221 1033 id
1272 988 1353 1034 est
1395 981 1712 1050 approbabo
1740 981 1892 1048 juxta

289 1067 459 1119 illud:
502 1090 525 1112 «ι
578 1067 739 1122 Novit
795 1067 1057 1122 Dominus
1106 1068 1197 1139 qui
1239 1075 1363 1122 sunt
1410 1069 1527 1138 ejus
1559 1069 1632 1134 (II
1662 1071 1795 1124 Tim.
1832 1085 1887 1139 ιι,

293 1155 400 1225 19).
442 1176 464 1204 ι>
503 1155 844 1227 Cognoscam
878 1156 1062 1227 utique
1092 1172 1199 1210 non
1238 1174 1555 1213 sermonem
1597 1175 1810 1226 eorum,
1836 1158 1890 1212 id

291 1252 510 1298 estnon
595 1244 953 1300 curialitalem
987 1253 1038 1299 et
1095 1244 1380 1300 artificium
1453 1247 1740 1312 sermonis,
1803 1248 1890 1302 cui

290 1332 575 1387 adhaerent
614 1332 669 1386 hi
715 1335 812 1405 qui
857 1349 958 1403 per
1004 1333 1314 1401 hujusmodi
1359 1351 1667 1389 sermonem
1696 1337 1889 1404 inﬂati

292 1429 427 1476 sunt
447 1442 465 1486 ,-
489 1422 588 1476 sed
616 1437 947 1493 cognoscam
978 1430 1030 1476 et
1059 1421 1294 1477 laudabo
1327 1423 1380 1476 in
1411 1424 1564 1478 vobis
1594 1425 1884 1491 virtutem,

286 1509 338 1562 id
369 1518 450 1563 est
492 1509 874 1564 humilitatem.
918 1510 1252 1581 patientiam,
1297 1520 1398 1566 etc.
1432 1513 1558 1567 Haec
1591 1513 1733 1567 enim
1765 1513 1885 1567 lau-

286 1597 397 1652 dari
428 1599 652 1665 debent,
687 1615 797 1652 non
826 1598 1129 1653 sublimitas
1180 1601 1447 1655 sermonis
1475 1617 1485 1654 :
1520 1601 1642 1656 ideo
1671 1618 1881 1672 cogno-

285 1702 431 1742 scam
463 1687 714 1742 virtutem
748 1695 798 1741 et
828 1703 934 1742 non
985 1703 1328 1755 sermonem;
1382 1691 1646 1762 quoniam
1683 1708 1796 1746 non
1821 1693 1880 1746 in

286 1792 542 1831 sermone
573 1777 731 1844 hujus
763 1776 947 1830 mundi
977 1781 1083 1841 est,
1116 1776 1171 1829 id
1206 1785 1286 1831 est
1319 1779 1616 1850 acquiritur
1643 1796 1880 1851 regnum

285 1866 396 1930 Dei,
431 1867 531 1920 sed
561 1867 620 1920 in
653 1867 862 1921 virtute
893 1865 1123 1936 integra)
1167 1864 1288 1921 fidei
1319 1874 1370 1920 et
1422 1867 1547 1920 boni
1577 1868 1780 1938 Operis.
1815 1871 1881 1923 Et

288 1953 427 2023 quod
456 1954 569 2008 duo
601 1954 756 2009 vobis
777 1953 1036 2024 proposui
1060 1970 1389 2022 sermonem,
1426 1973 1584 2027 quem
1618 1958 1874 2029 reprobo;

286 2041 559 2109 virtutem,
602 2059 768 2114 quam
814 2043 1090 2114 approbo:
1141 2043 1281 2110 Quid
1330 2047 1522 2111 vultis,
1557 2045 1607 2098 id
1640 2055 1721 2100 est
1750 2047 1875 2118 quid

283 2132 473 2186 horum
525 2132 768 2204 eligitis?
815 2133 1035 2187 veniam
1083 2132 1153 2185 ad
1199 2149 1289 2187 vos
1318 2134 1381 2188 in
1419 2135 1593 2206 virga,
1628 2135 1680 2189 id
1711 2143 1791 2190 est
1824 2136 1874 2189 in

284 2222 575 2290 asperitate
616 2220 1010 2285 correctionis;
1053 2238 1128 2275 an
1160 2221 1373 2275 veniam
1416 2223 1485 2276 ad
1515 2240 1612 2278 vos
1659 2224 1717 2278 in
1736 2224 1874 2279 cha—

284 2312 472 2377 ritate,
535 2310 591 2363 id
641 2317 724 2364 est
765 2309 819 2362 in
851 2308 1073 2363 lenitate
1094 2310 1120 2363 Ἰ
1153 2312 1220 2364 Et
1241 2311 1377 2364 adeo
1408 2312 1551 2382 quod
1581 2313 1635 2365 in
1664 2313 1875 2385 spiritu

281 2399 758 2463 mansuetudinis,
784 2397 840 2452 id
873 2405 954 2451 est
985 2397 1139 2468 quasi
1168 2407 1418 2454 assuetus
1450 2401 1632 2454 manui
1665 2411 1716 2455 et
1745 2419 1874 2474 gau-

281 2487 408 2541 dens
456 2488 743 2542 deservire
792 2486 975 2541 vobis‘?
1005 2486 1059 2540 Si
1089 2486 1144 2539 in
1174 2504 1429 2544 sermone
1463 2489 1739 2554 invenero,
1773 2508 1870 2545 ve—

280 2575 416 2629 niam
448 2576 501 2630 in
532 2576 686 2648 virga
712 2595 726 2642 ;
760 2575 804 2630 si
836 2575 886 2628 in
917 2575 1129 2638 virtute,
1152 2577 1364 2631 veniam
1399 2577 1450 2631 in
1479 2578 1669 2648 spiritu
1701 2580 1874 2634 chari~

281 2664 412 2718 tatis.
447 2665 674 2718 Videtur
705 2665 792 2718 ubi
826 2665 918 2719 ait.
949 2666 1012 2718 in
1055 2665 1207 2734 virga
1238 2684 1311 2720 an
1342 2667 1404 2720 in
1435 2666 1737 2733 charitate,
1770 2685 1870 2738 per

283 2751 377 2807 hoc
417 2753 669 2819 innuere,
718 2754 874 2826 quasi
924 2756 1188 2812 correctio
1225 2772 1333 2808 non
1379 2755 1446 2809 sit
1489 2773 1552 2809 ex
1585 2757 1862 2823 charitate,

282 2841 322 2893 si
347 2857 537 2912 aspera
574 2850 689 2908 est;
725 2843 869 2914 quod
901 2844 1081 2916 utique
1112 2844 1305 2899 falsum
1337 2852 1420 2897 est
1453 2862 1465 2898 :
1508 2844 1733 2901 101
1769 2847 1866 2900 sed

280 2929 400 2984 dicit
444 2932 550 2986 hoc
603 2932 902 2986 secundum
935 2933 1298 2988 infirmitatem
1332 2949 1540 3003 eorum,
1572 2933 1662 3005 qui
1695 2943 1863 2989 totum

275 3017 587 3084 judicabant
635 3037 756 3076 esse
803 3038 868 3076 ex
916 3021 1018 3090 ira,
1063 3023 1208 3095 quod
1239 3022 1496 3077 voluntati
1518 3024 1698 3078 carnis
1729 3040 1864 3079 con-

277 3106 458 3162 traibat
471 3150 483 3162 .

871 3235 1092 3292 CAPUT
1143 3237 1202 3290 V.

343 3377 362 3402 α
405 3355 645 3411 Omnino
673 3358 888 3412 auditur
915 3359 1058 3414 inter
1078 3376 1175 3414 vos
1205 3359 1506 3424 fornicatio,
1539 3368 1588 3414 et
1622 3359 1861 3416 talisfor-

279 3463 298 3491 ι
338 3444 552 3509 nicatio,
588 3446 759 3517 qualis
789 3464 890 3502 nec
920 3448 1058 3502 inter
1086 3457 1297 3521 gentes,
1332 3448 1404 3502 ita
1437 3456 1492 3501 ut
1524 3465 1747 3503 uxorem
1770 3466 1859 3520 pa-

279 3552 298 3580 ι
337 3533 429 3586 tris
483 3534 569 3587 sui
619 3535 813 3606 aliquis
872 3537 1086 3591 habeat.
1139 3538 1204 3590 Et
1252 3553 1350 3591 vos
1398 3537 1563 3590 inﬂati
1606 3537 1772 3591 estis:
1806 3547 1857 3592 et

280 3641 298 3668 ς
337 3637 438 3675 non
466 3623 650 3695 magis
696 3623 897 3678 luctum
931 3625 1213 3690 habuistis,
1244 3633 1300 3678 ut
1329 3625 1545 3679 tollatur
1575 3627 1642 3680 de
1674 3626 1855 3681 medio

279 3732 296 3752 ιι
333 3719 585 3776 vestrum,
619 3712 710 3782 qui
757 3713 859 3768 hoc
905 3730 1043 3783 opus
1071 3713 1216 3768 fecit.
1255 3715 1372 3786 Ego
1405 3714 1623 3784 quidem
1655 3715 1856 3769 absens

275 3817 295 3844 ι
334 3813 559 3870 corpore
609 3800 836 3870 (Coloss.
893 3817 952 3869 ιι,
1000 3805 1074 3871 5),
1128 3819 1372 3872 praesens
1416 3813 1595 3858 autem
1643 3804 1849 3874 spiritu,

278 3909 296 3930 ει
331 3887 436 3954 jam
460 3889 702 3957 judicavi
731 3897 786 3943 ut
805 3907 1051 3960 praesens
1077 3907 1197 3945 eum
1231 3891 1322 3961 qui
1354 3891 1430 3945 sic
1463 3901 1718 3961 operatus
1749 3901 1848 3959 est,

275 3998 292 4021 ει
332 3976 380 4029 in
412 3978 632 4032 nomine
666 3979 880 4032 Domini
911 3979 1079 4034 nostri
1119 3980 1248 4034 Jesu
1282 3980 1502 4047 Christi,
1538 3997 1850 4053 congrega-

276 4085 293 4107 ιι
333 4064 393 4116 tis
420 4066 576 4120 vobis
605 4074 655 4120 et
689 4083 810 4121 meo
841 4067 1052 4137 spiritu,
1097 4083 1217 4122 cum
1239 4069 1434 4123 virtute
1467 4070 1680 4123 Domini
1701 4071 1846 4134 Jesu,

275 4174 292 4195 α
333 4154 529 4208 tradere
577 4155 890 4224 hujusmodi
938 4156 1211 4211 hominem
1247 4159 1458 4212 Satanae
1488 4158 1541 4210 in
1576 4159 1847 4212 interitum

276 4260 295 4288 ι
333 4244 517 4308 carnis,
568 4251 626 4296 ut
673 4245 890 4314 spiritus
922 4245 1100 4299 salvus
1131 4246 1197 4299 sit
1229 4246 1282 4299 in
1309 4247 1397 4301 die
1431 4247 1644 4300 Domini
1674 4248 1846 4302 nostri

2002 735 2021 767 ι
2065 715 2198 771 ferte
2230 717 2431 772 malum
2459 735 2524 773 ex
2555 718 2708 774 vobis
2740 718 2890 790 ipsis.
2921 740 2942 769 ι)

2630 876 2944 916 EXPOSITIO.

2064 964 2261 1035 Utique
2307 965 2634 1021 veniendum
2681 976 2762 1022 est
2791 969 2859 1022 ad
2889 984 2986 1022 vos
3014 968 3067 1022 in
3099 968 3273 1041 virga,
3327 967 3582 1040 quoniam

1991 1053 2226 1130 auditur
2270 1055 2428 1109 inter
2474 1071 2565 1110 vos
2608 1073 2730 1110 esse
2769 1058 3096 1127 fornicatio.
3142 1057 3368 1111 Auditur
3396 1056 3580 1128 utique

1990 1143 2238 1208 omnino,
2289 1143 2342 1196 id
2392 1151 2473 1197 est
2521 1145 2817 1199 secundum
2864 1145 3140 1200 infamiam
3189 1145 3428 1200 omnium
3464 1163 3477 1199 :
3511 1145 3578 1199 de

1989 1246 2112 1301 quo,
2168 1231 2291 1302 quia
2328 1248 2518 1286 omnes
2551 1232 2811 1287 infamant
2843 1250 2939 1288 vos
2983 1234 3148 1305 (fama
3179 1234 3340 1289 etiam
3361 1235 3464 1288 hoc
3489 1241 3576 1287 at-

1987 1319 2104 1372 tulit
2136 1321 2202 1374 ad
2247 1321 2356 1392 me)
2405 1338 2511 1376 non
2563 1331 2644 1376 est
2694 1323 3090 1392 exspectandus
3129 1331 3432 1378 accusator.
3461 1322 3578 1377 Nec

1986 1425 2106 1480 quin
2150 1409 2407 1478 patienda
2451 1411 2536 1477 sit,
2590 1412 2685 1466 sed
2721 1413 2853 1466 talis
2903 1411 3214 1478 fornicatio,
3249 1413 3432 1484 qualis
3471 1427 3574 1466 nec

1984 1497 2196 1551 auditur
2225 1500 2380 1553 inter
2406 1504 2618 1569 gentes,
2653 1500 2706 1552 id
2738 1507 2818 1554 est
2847 1500 2986 1555 inter
3012 1500 3244 1571 gentiles
3273 1499 3460 1570 primas
3480 1516 3577 1569 ge-

1982 1586 2174 1641 nitura:
2204 1588 2382 1642 adhuc
2418 1589 2776 1643 adhaerentes.
2811 1590 3039 1643 Auditur
3067 1591 3150 1644 ita
3181 1594 3246 1644 ut
3275 1590 3480 1659 aliquis
3512 1589 3578 1644 de

1981 1676 2126 1730 vobis
2149 1677 2347 1731 habeat
2370 1694 2603 1732 uxorem
2613 1680 2796 1748 patris
2818 1679 2926 1745 sui,
2948 1678 3095 1732 idest
3113 1693 3400 1732 novercam
3424 1693 3573 1731 suam

1979 1764 2191 1819 duxerit
2223 1782 2466 1820 uxorem.
2517 1767 2767 1821 Dicerent
2811 1767 2886 1819 illi
2919 1766 3095 1836 :Quid
3140 1767 3206 1820 ad
3242 1782 3343 1820 nos
3372 1766 3399 1819 ?
3429 1765 3571 1819 Mul-

1979 1861 2090 1906 tum
2121 1853 2191 1906 ait
2224 1854 2456 1921 Paulus;
2492 1855 2617 1925 quia
2649 1854 2792 1908 enim
2823 1853 2991 1909 frater
3028 1855 3293 1924 peccavit,
3325 1871 3416 1909 vos
3446 1853 3571 1909 inde

1977 1943 2169 2010 inﬂati
2201 1943 2335 1997 estis
2363 1943 2760 2012 superbientes,
2809 1943 2964 2014 quasi
2995 1943 3187 1997 melius
3217 1943 3309 1997 illo
3340 1959 3439 2014 per
3465 1943 3568 1997 ba-

1977 2031 2229 2101 ptismum
2271 2031 2567 2099 justificati;
2619 2032 2746 2103 quia
2802 2048 2912 2086 non
2969 2032 3216 2086 similiter
3266 2031 3566 2086 corruistis.

1975 2120 2089 2174 Nec
2121 2119 2296 2173 solum
2327 2120 2513 2186 inﬂati,
2549 2121 2641 2175 sed
2675 2122 2838 2176 etiam
2868 2138 2971 2177 nec
3021 2121 3297 2177 habuistis
3347 2123 3570 2176 luctum

1976 2208 2318 2263 condolendo
2365 2209 2514 2264 casui
2561 2209 2759 2274 fratris,
2811 2212 3006 2280 magis,
3051 2210 3105 2263 id
3153 2217 3235 2264 est
3277 2210 3423 2280 quod
3465 2209 3570 2264 eli-

1975 2297 2211 2368 gendum
2263 2306 2407 2352 esset
2453 2298 2607 2352 vobis
2653 2314 2761 2352 non
2790 2298 2986 2352 inﬂari.
3016 2299 3131 2353 Nec
3162 2299 3266 2353 hoc
3295 2313 3437 2353 curm
3464 2298 3568 2352 ha-

1975 2385 2183 2451 buistis,
2236 2391 2301 2442 ut
2353 2389 2594 2442 tollatur
2641 2387 2706 2442 de
2737 2388 2920 2442 medio
2952 2390 3223 2453 vestrum,
3258 2386 3310 2440 id
3337 2395 3420 2442 est
3450 2394 3508 2441 ut
3536 2403 3567 2440 a

1973 2475 2354 2529 communione
2400 2475 2662 2530 Ecclesiae
2704 2476 2968 2545 separetis
2997 2491 3142 2541 eum,
3176 2477 3271 2548 qui
3293 2477 3392 2530 hoc
3427 2491 3566 2547 opus

1970 2565 2147 2633 fecit:
2182 2563 2273 2634 qui
2320 2580 2544 2618 uxorem
2594 2564 2763 2634 patris
2794 2565 2894 2618 sibi
2925 2564 3111 2620 illicita
3141 2564 3420 2634 usurpavit
3467 2579 3564 2618 vos

1969 2661 2268 2721 praesentes
2298 2668 2404 2706 non
2438 2653 2632 2706 tulistis
2686 2669 2810 2707 eum
2848 2653 2918 2707 de
2947 2653 3128 2708 medio
3174 2661 3430 2720 vestrum,
3464 2653 3559 2706 sed

1968 2757 2063 2810 ego
2079 2742 2276 2796 absens
2305 2741 2488 2812 utique
2509 2757 2756 2813 corpore,
2774 2758 3022 2812 praesens
3044 2746 3235 2797 autem
3255 2742 3484 2813 spiritu,
3505 2741 3565 2796 id

1967 2838 2049 2883 est
2078 2831 2398 2885 auctoritate
2431 2830 2730 2900 apostolica
2763 2830 2968 2898 (dicunt
2997 2831 3160 2885 etiam
3191 2829 3386 2896 sancti,
3412 2829 3558 2901 quod

1967 2918 2199 2988 Spiritus
2233 2927 2451 2974 sanctus
2480 2927 2604 2973 nota
2637 2918 2833 2973 fecerat
2855 2919 2903 2973 ei
2945 2919 3106 2973 etiam
3137 2919 3440 2972 absentium
3471 2917 3558 2972 fa-

1890 2989 1936 3049 C
1966 3007 2095 3077 cta);
2129 3024 2372 3078 praesens
2392 3008 2578 3078 utique
2601 3007 2786 3078 spiritu
2805 3008 2931 3078 jam
2944 3009 3218 3079 judicavi,
3241 3007 3294 3061 id
3324 3015 3405 3062 est
3427 3023 3560 3062 con-

1965 3096 2217 3150 demnavi
2265 3114 2412 3162 eum,
2457 3100 2522 3151 ut
2560 3097 2603 3150 si
2641 3113 2892 3168 praesens
2925 3095 3108 3151 fierem
3138 3111 3362 3166 corpore
3396 3112 3558 3151 :eum

1964 3185 2085 3240 dico
2107 3187 2201 3257 qui
2230 3186 2310 3241 sic
2339 3189 2602 3256 operatus
2642 3190 2726 3240 est
2755 3201 2879 3240 cum
2909 3201 3077 3240 uxore
3108 3185 3279 3255 patris
3313 3184 3554 3253 judicavi

1962 3269 2144 3339 utique
2171 3287 2183 3322 :
2214 3277 2266 3322 et
2296 3269 2398 3323 hoc
2428 3268 2608 3323 sciatis
2639 3285 2726 3332 rma
2756 3268 2952 3324 fecisse
2981 3270 3043 3324 in
3080 3271 3311 3323 nomine
3331 3268 3559 3326 Domini

1962 3359 2146 3412 nostri
2176 3359 2306 3412 Jesu
2331 3357 2558 3419 Christi,
2582 3374 2650 3412 ne
2671 3357 2861 3412 dicatis
2881 3359 3027 3429 quod
3056 3357 3290 3427 repulsio
3320 3358 3437 3425 ejus
3457 3358 3554 3411 de-

1960 3446 2270 3500 trimentum
2329 3446 2396 3500 sit
2450 3446 2713 3500 Ecclesiae
2757 3446 2972 3510 Christi,
3021 3446 3112 3517 qui
3152 3445 3332 3515 potius
3363 3446 3418 3499 in
3446 3447 3553 3502 hoc

1959 3536 2310 3600 honorantur,
2345 3549 2508 3605 quam
2539 3534 2787 3589 Ecclesia
2810 3535 2926 3602 ejus
2955 3534 3274 3601 minoretur,
3309 3551 3428 3604 quae
3458 3533 3554 3587 uti-

1958 3641 2063 3695 que
2095 3639 2304 3678 veneno
2325 3624 2481 3692 hujus
2511 3624 2635 3677 mali
2672 3623 3001 3689 iuticeretur,
3037 3622 3081 3675 si
3115 3638 3222 3677 non
3253 3622 3338 3678 hic
3369 3622 3553 3692 repel-

1955 3713 2116 3766 latur.
2140 3712 2384 3767 Judicavi
2409 3713 2590 3783 utique
2609 3712 2761 3766 vobis
2782 3712 3132 3784 congregatis
3157 3711 3377 3767 tradere
3400 3711 3548 3766 hunc

1955 3803 2201 3856 Satanae.
2237 3801 2334 3856 Vel
2368 3801 2520 3869 illud,
2554 3801 2610 3854 in
2641 3800 2857 3855 nomine
2886 3799 3122 3864 Domini,
3143 3800 3211 3854 ad
3230 3808 3550 3870 sequentem

1954 3891 2180 3944 litteram
2213 3890 2450 3960 respicit,
2487 3890 2566 3944 sic
2601 3907 2612 3943 :
2647 3890 2788 3953 Hoc,
2824 3890 3064 3960 inquam,
3096 3890 3163 3943 de
3195 3905 3260 3943 eo
3285 3888 3546 3956 judicavi,

1953 3988 2009 4032 ut
2039 3978 2191 4032 vobis
2222 3978 2575 4048 congregatis
2601 3978 2652 4030 in
2677 3977 2895 4032 nomine
2917 3977 3132 4032 Domini
3160 3977 3289 4032 Jesu
3322 3977 3541 4043 Christi,

1952 4072 2007 4122 et
2033 4071 2310 4137 prmsente
2330 4083 2452 4121 meo
2473 4068 2711 4137 Spiritu,
2739 4066 2792 4120 id
2815 4074 2896 4120 est
2916 4065 3229 4121 auctoritate
3251 4081 3373 4121 mea
3389 4066 3542 4121 vobis

1953 4163 2302 4225 cooperante.

2020 4243 2162 4312 Quid
2211 4244 2336 4299 inde
2386 4243 2594 4299 diceret
2621 4243 2840 4314 impius,
2875 4243 2920 4297 si
2950 4243 3168 4314 spiritus
3198 4252 3322 4298 tuus
3351 4244 3544 4299 nobis-

276 4348 294 4375 ι
331 4330 448 4384 Jesu
478 4332 701 4386 Christi.
742 4334 862 4387 Non
890 4343 968 4387 est
1001 4335 1143 4388 bona
1172 4334 1427 4406 gloriatio
1456 4343 1658 4389 vestra.
1687 4357 1706 4385 α
1733 4337 1842 4390 Ne-
1869 4344 1920 4401 D
1947 4350 2068 4388 cum
2127 4333 2235 4385 sit?
2277 4332 2501 4385 multum
2551 4332 2753 4403 utique,
2802 4333 2875 4386 ait
2904 4332 3123 4386 Paulus.
3155 4333 3295 4387 Nam
3324 4333 3543 4405 Spiritu

277 4438 294 4459 υ
334 4419 487 4481 scitis,
541 4421 669 4492 quia
715 4422 987 4476 modicum
1035 4421 1358 4477 fermentum
1400 4431 1562 4477 totam
1607 4439 1846 4478 massam

276 4528 293 4547 ει
331 4509 661 4579 corrumpit?
710 4530 731 4557 ν
759 4511 968 4580 (Galat.
1004 4527 1058 4575 v,
1094 4512 1172 4580 9.)
1203 4513 1514 4583 Expurgate
1542 4520 1696 4566 vetus
1731 4512 1842 4567 [ει-κ

273 4611 291 4638 ι
328 4604 578 4662 mentum,
614 4605 668 4651 ut
702 4597 820 4652 sitis
850 4614 990 4652 nova
1024 4600 1362 4670 conspersio,
1388 4601 1525 4656 sicut
1558 4602 1690 4655 estis
1723 4619 1846 4673 azy-

273 4703 289 4724 ιι
327 4683 410 4738 mi.
435 4685 648 4740 Etenim
697 4688 903 4756 pascha
951 4696 1196 4742 nostrum
1227 4688 1533 4742 immolatus
1566 4697 1647 4743 est
1679 4691 1834 4744 Chri-

276 4791 291 4812 ιι
331 4779 453 4826 stus.
506 4775 689 4846 Itaque
737 4775 1033 4845 epulemur,
1088 4793 1193 4831 non
1238 4777 1289 4830 in
1337 4778 1604 4833 fermento
1647 4780 1840 4845 veteri,

274 4878 291 4905 α
328 4876 492 4932 neque
550 4863 605 4916 in
637 4862 898 4918 fermento
920 4865 1136 4919 malitiae
1159 4874 1210 4919 et
1231 4867 1502 4937 nequitur,
1529 4867 1624 4921 sed
1650 4867 1700 4921 in
1724 4885 1844 4938 azy-

272 4965 290 4992 ι
328 4949 420 5002 mis
466 4951 791 5006 sinceritatis
822 4961 873 5007 et
918 4954 1180 5008 veritatis.
1219 4955 1422 5025 Scripsi
1453 4955 1606 5010 vobis
1635 4957 1690 5009 in
1720 4957 1838 5027 epi-

271 5055 288 5082 ε
326 5038 486 5092 stola:
523 5041 601 5095 Nc
632 5041 1094 5098 commisceamini
1137 5042 1484 5110 fornicariis;
1517 5061 1625 5100 non
1653 5045 1836 5116 utique

269 5145 287 5167 α
326 5123 615 5182 fornicariis
647 5131 803 5198 hujus
835 5132 1040 5196 mundi,
1073 5141 1160 5185 aut
1182 5133 1378 5198 avaris,
1414 5141 1502 5186 aut
1526 5134 1834 5203 rapacibus,

271 5230 288 5256 ι
327 5223 407 5267 aut
450 5216 602 5271 idolis
650 5219 1052 5274 servientibus:
1108 5221 1346 5291 alioquin
1409 5222 1720 5276 debueratis
1769 5223 1836 5277 de

269 5320 285 5342 ι
325 5301 418 5357 hoc
468 5307 668 5361 mundo
717 5307 938 5362 exiisse.
989 5309 1144 5363 Nunc
1189 5319 1365 5363 autem
1425 5311 1621 5380 scripsi
1679 5311 1835 5364 vobis

272 5407 289 5434 ι
327 5406 423 5445 non
453 5395 809 5452 commisceri.
844 5398 949 5451 Sed
984 5398 1027 5450 is
1059 5399 1149 5469 qui
1181 5398 1248 5470 [si
1280 5398 1420 5469 quis]
1455 5399 1618 5452 frater
1652 5400 1832 5453 nomi-

273 5495 290 5524 ι
327 5487 472 5535 natur
518 5483 658 5540 inter
703 5500 822 5552 vos,
871 5495 953 5542 est
999 5485 1322 5551 fornicator,
1352 5495 1442 5543 aut
1489 5503 1708 5557 avarus,
1743 5496 1834 5545 aut

1951 4438 2072 4476 meo
2119 4421 2242 4475 dico
2271 4429 2524 4475 manente
2571 4437 2693 4475 cum
2740 4421 2936 4476 virtute
2965 4421 3180 4476 Domini
3210 4422 3374 4486 Jesu;
3408 4423 3534 4492 quia

1948 4510 2120 4564 virtus
2170 4509 2268 4564 Dei
2299 4509 2448 4576 mihi,
2499 4518 2550 4564 et
2580 4526 2679 4579 per
2707 4525 2794 4564 me
2825 4510 2979 4565 vobis
3009 4510 3411 4580 cooperabitur.
3445 4511 3544 4564 Ju-

1950 4599 2148 4663 dicavi,
2201 4599 2442 4669 inquam,
2497 4607 2750 4668 oportere
2779 4614 2876 4653 vos
2903 4600 3121 4654 tradere
3153 4616 3275 4654 eum
3304 4600 3395 4670 qui
3429 4601 3535 4654 hu-

1939 4687 2179 4756 jusmodi
2212 4694 2312 4748 est,
2353 4688 2585 4742 Satanae.
2639 4687 2879 4742 Tradere
2907 4688 3120 4742 Satanae
3151 4687 3279 4742 dicit
3310 4703 3536 4742 excom-

1945 4776 2241 4830 municare.
2283 4775 2751 4844 Quemadmodum
2792 4777 2937 4831 enim
2977 4776 3226 4831 diabolus
3253 4792 3414 4831 omne
3449 4777 3540 4846 jus

1945 4866 2108 4920 habet
2138 4866 2190 4917 in
2243 4865 2517 4918 hominem
2549 4865 2865 4936 priusquam
2893 4882 2990 4935 per
3015 4864 3177 4920 fidem
3194 4865 3535 4934 justiticetur,

1943 4953 2021 5008 sic
2041 4961 2328 5024 postquam
2351 4969 2450 5022 pro
2467 4954 2626 5024 culpa
2657 4970 2688 5008 a
2719 4955 2777 5010 1
2792 4953 2952 5009 02
2977 4954 3334 5010 sacramentis
3354 4955 3541 5010 Eccle-

1943 5043 2055 5106 siae,
2107 5042 2302 5113 quibus
2348 5041 2511 5095 armis
2549 5051 2738 5098 contra
2787 5043 3043 5097 Satanam
3085 5043 3274 5097 muniti
3321 5059 3530 5105 sumus,

1940 5139 2236 5202 separatur,
2289 5130 2482 5184 exinde
2530 5133 2631 5185 sub
2673 5133 2808 5202 jugo
2837 5133 3051 5188 Satanae
3097 5132 3379 5202 religatur;
3413 5131 3540 5202 quia

1940 5237 2041 5276 nec
2088 5237 2188 5290 per
2219 5235 2277 5274 se
2310 5219 2561 5275 resistere
2592 5229 2784 5290 potest,
2816 5237 2917 5276 nec
2957 5221 3192 5276 fortasse
3213 5220 3344 5282 vult,
3380 5229 3432 5273 et
3466 5219 3538 5272 ab

1937 5309 2138 5364 auxilio
2170 5307 2266 5362 Dei
2301 5309 2512 5377 penitus
2543 5309 2866 5363 destituitur.
2902 5310 3142 5363 Tradere
3171 5308 3295 5363 dico
3327 5308 3539 5361 Satanae

1937 5403 1999 5454 in
2022 5400 2327 5454 interitum
2348 5400 2560 5462 carnis,
2580 5399 2632 5452 id
2658 5407 2739 5452 est
2763 5401 2832 5453 ad
2864 5399 2988 5462 hoc,
3014 5407 3068 5452 ut
3091 5413 3221 5452 caro
3252 5396 3390 5464 ejus,
3418 5413 3541 5466 qua:

1935 5488 1990 5545 in
2021 5496 2246 5560 peccato
2289 5487 2589 5556 jucundata
2633 5496 2733 5555 est,
2769 5487 2971 5544 sensim
2996 5487 3224 5543 intereat
3254 5484 3540 5542 afflictione
