3960 6036
418 251 523 309 μγ

915 255 971 312 S.
1031 254 1387 313 BRUNONIS
1443 251 2086 313 CARTHUSIANORUM
2144 251 2629 313 INSTITUTORIS
2688 253 2838 313 OPP.
2896 255 3074 313 PARS
3129 255 3198 312 II.

3607 253 3709 307 148

420 378 760 436 morborum.
796 380 1059 438 Diabolus
1090 380 1233 437 enim
1250 388 1539 454 postquam
1561 379 1708 437 videt
1735 377 2012 435 hominem
2029 378 2085 438 Α
2112 376 2241 449 agni
2270 377 2694 436 immolationem
2726 381 2794 436 de
2842 380 3156 454 Egyptiaca
3184 378 3442 435 servitute
3467 377 3701 443 liberati,

423 468 541 524 sine
560 469 695 536 Deo,
728 469 1084 537 debilitatum,
1116 469 1289 525 libere
1318 469 1638 543 aggreditur
1665 485 1810 535 eum,
1845 475 1897 523 et
1912 483 2013 537 per

418 556 601 613 varios
631 558 854 613 morbos
884 566 1045 614 vexat
1082 574 1307 613 carnem
1338 559 1474 627 ejus.
1524 555 1681 626 Quod
1712 557 1835 611 ideo
1865 557 2013 610 Deus

419 645 639 717 patitur,
674 654 731 700 ut
760 647 921 702 homo
970 647 1160 702 videns
1190 663 1268 711 se,
1304 655 1593 719 postquam
1614 662 1646 700 a
1675 647 1791 701 Deo
1821 660 2014 700 reces-

421 734 506 801 sit,
537 750 638 805 per
666 742 743 790 tot
771 735 994 791 morbos
1038 735 1426 807 angustiatum,
1460 731 1782 790 confiteatur
1809 748 2013 804 pecca-

419 830 553 889 tum,
588 830 640 878 et
669 823 985 894 paenitendo
1033 831 1338 880 revertatur
1366 824 1437 878 ad
1476 824 1743 891 Deum,ut
1776 823 2014 894 spiritus

423 912 544 982 ejus
566 913 756 968 salvus
776 914 872 968 sit.
897 913 999 968 VeI
1015 912 1092 967 ita
1116 930 1129 967 :
1148 912 1387 967 Tradere
1406 913 1619 967 Satanas
1639 911 1694 965 in
1714 911 2011 978 interitum;

423 1000 552 1071 quia
571 1008 860 1073 postquam
891 1017 1000 1057 non
1030 1001 1333 1073 protegitur
1353 999 1715 1056 sacramentis
1732 999 2011 1066 Ecclesiae,

421 1088 490 1144 de
522 1089 667 1145 malo
698 1080 939 1161 quotidie
985 1090 1356 1161 praecipitatur
1405 1089 1463 1144 in
1491 1090 1682 1161 pejus:
1717 1088 1810 1161 qui
1839 1088 2013 1144 inter-

419 1177 525 1232 itus
552 1177 748 1233 anima:
786 1186 889 1244 est,
932 1179 1133 1246 carnis,
1169 1178 1225 1233 id
1282 1186 1365 1233 est
1390 1194 1491 1250 per
1520 1194 1741 1234 carnem
1761 1178 1848 1234 cui
1877 1193 2014 1234 con-

423 1266 586 1321 sentit
624 1266 768 1322 male
818 1267 1088 1323 suadenti.
1121 1267 1236 1323 Nec
1265 1267 1389 1323 ideo
1422 1267 1637 1322 tradere
1666 1274 1723 1321 ut
1750 1274 2015 1338 perpetuo

420 1362 628 1426 pereat,
681 1356 778 1411 sed
829 1363 904 1423 ut,
952 1357 1081 1411 dum
1128 1356 1271 1412 mole
1333 1363 1681 1428 peccatorum
1725 1355 2011 1427 premitur,

421 1444 720 1500 condolens
767 1445 836 1500 de
873 1445 1115 1516 peccatis
1156 1445 1433 1516 poeniteat,
1466 1452 1519 1500 et
1548 1444 1626 1500 sic
1653 1444 1870 1516 spiritus
1900 1445 2016 1513 ejus

427 1532 613 1589 salvus
642 1533 711 1588 sit
739 1535 803 1589 in
832 1535 942 1601 die,
974 1534 1030 1589 id
1057 1542 1139 1589 est
1168 1534 1223 1588 in
1254 1534 1642 1588 illuminatione
1673 1534 1897 1590 Domini
1924 1550 2019 1590 no-

423 1624 534 1678 stri
588 1623 720 1679 Jesu
766 1622 994 1689 Christi.
1044 1623 1197 1678 Tunc
1242 1622 1387 1677 enim
1448 1622 1692 1677 Christus
1747 1621 2018 1677 illuminat

2112 473 2392 522 transeunt
2420 468 2490 522 ad
2534 476 2734 523 terram
2785 468 3239 541 repromissionis.
3291 468 3407 523 Hoc
3436 467 3580 522 enim
3611 465 3701 521 fe-

2115 562 2252 609 stum
2311 556 2697 612 immolationis
2745 559 2874 632 agni
2904 559 3123 629 paschae
3160 557 3357 613 dicitur
3390 557 3531 628 apud
3560 572 3656 612 eos
3686 575 3702 624 ;

2113 645 2321 714 pascha
2349 645 2489 715 apud
2520 646 2766 716 Graecos,
2790 647 3050 702 transitus
3077 648 3221 718 apud
3244 661 3363 705 nos.
3395 646 3491 701 Ille
3518 645 3704 717 utique

2115 748 2291 805 agnus
2329 748 2520 788 verum
2550 737 2766 806 Agnum
2797 736 2850 790 in
2881 751 2989 808 quo
3018 735 3229 791 macula
3258 751 3368 790 non
3397 734 3515 800 fuit,
3539 733 3701 789 Chri—

2116 829 2256 874 stum
2287 821 2630 894 signiﬁcavit,
2676 840 2775 895 per
2818 826 2973 894 cujus
3017 824 3344 897 sanguinem
3374 822 3603 879 effusum
3630 822 3703 877 li-

2119 909 2340 964 niuntur
2383 920 2594 966 mentes
2636 920 2856 979 nostrae,
2907 920 2961 968 et
3008 913 3087 969 sic
3138 913 3433 969 liberamur
3478 928 3512 967 a
3541 911 3706 983 plaga

2114 998 2465 1068 percutientis
2507 1001 2728 1074 angeli;
2778 1002 2847 1056 ad
2904 1018 3058 1056 esum
3105 1002 3257 1071 cujus
3301 1000 3429 1073 agni
3467 999 3709 1073 quotidie

2117 1087 2373 1142 convenit
2423 1089 2689 1159 Ecclesia,
2747 1106 2845 1161 per
2890 1091 2996 1147 hoc
3045 1091 3340 1145 transitura
3384 1090 3454 1145 ad
3500 1089 3707 1145 verita-

2116 1183 2226 1231 tem
2283 1176 2383 1245 rei,
2444 1193 2552 1249 qua
2605 1194 2751 1235 nunc
2806 1179 2970 1234 utitur
3045 1180 3146 1234 sub
3203 1180 3386 1251 specie
3440 1162 3599 1251 panis
3655 1185 3712 1233 et

2116 1263 2246 1333 vini,
2322 1280 2556 1337 quorum
2624 1266 2750 1323 licet
2819 1267 3031 1338 species
3115 1274 3353 1336 maneat,
3431 1266 3706 1322 credimus

2116 1360 2301 1408 tamen
2348 1369 2541 1410 revera
2586 1355 2813 1411 transire
2859 1356 2915 1410 in
2955 1371 3139 1411 veram
3184 1356 3536 1411 substantiam
3577 1370 3707 1411 cor-

2116 1440 2267 1512 poris
2313 1449 2364 1497 et
2410 1443 2692 1516 sanguinis
2733 1444 2979 1499 Christi:
3024 1461 3124 1516 per
3169 1446 3285 1500 haec
3344 1443 3620 1498 transituri
3650 1443 3708 1498 in

2117 1530 2491 1586 aeternitatem.
2514 1534 2826 1604 Epulemur
2858 1533 2981 1590 dico
3008 1550 3123 1589 non
3146 1540 3431 1588 manentes
3469 1532 3703 1589 103

2117 1619 2182 1674 in
2211 1621 2387 1675 veteri
2412 1622 2714 1692 fermento,
2740 1622 2835 1681 sed
2865 1639 3042 1695 neque
3069 1625 3130 1678 in
3158 1625 3439 1695 fermento
3469 1622 3709 1677 malitia:

431 1726 576 1777 eum,
623 1726 748 1766 cum
779 1710 1076 1781 paenitendi
1105 1710 1381 1768 desiderio
1409 1710 1683 1767 fervescit.
1718 1709 1877 1780 Quod
1907 1711 2016 1765 uti-
2036 1736 2089 1796 B
2119 1707 2174 1761 in
2201 1707 2605 1779 nobismetipsis
2650 1710 2847 1766 habitae
2871 1730 2885 1779 ;
2908 1727 3011 1767 nec
3043 1711 3095 1765 in
3127 1710 3391 1767 fermento
3418 1710 3707 1783 nequitiae,

425 1815 530 1870 que
559 1798 853 1854 videndum
874 1807 954 1854 est
983 1799 1244 1855 Ecclesiae
1280 1800 1534 1870 praelatis,
1557 1807 1692 1855 utea
1720 1799 2018 1855 intentione

425 1906 552 1947 reos
581 1888 1055 1946 excommunicent
1077 1906 1180 1961 qua
1209 1890 1424 1956 Paulus,
1449 1889 1674 1957 scilicet,
1707 1896 1764 1943 ut
1796 1888 2017 1960 spiritus

424 2000 616 2040 eorum
680 1982 980 2037 salventur.
1048 1977 1500 2050 Quandoquidem
1538 1977 1740 2033 luctum
1777 1993 1887 2032 non
1916 1977 2017 2031 ha-

426 2073 637 2140 buistis,
669 2088 771 2127 nec
799 2086 924 2126 eum
952 2069 1023 2123 de
1052 2068 1233 2122 medio
1261 2075 1502 2122 vestrum
1532 2066 1745 2132 tulistis,
1769 2066 1895 2121 inde
1915 2082 2017 2136 ap-

423 2166 582 2231 paret
610 2157 758 2229 quod
788 2153 1044 2228 gloriatio
1073 2159 1256 2208 vestra
1276 2167 1384 2206 non
1413 2159 1495 2206 est
1525 2151 1689 2206 bona.
1722 2150 1919 2205 Malum
1937 2158 2020 2205 est

426 2247 569 2304 enim
586 2262 711 2302 eum
730 2244 799 2299 de
814 2242 1021 2313 justitia
1042 2240 1288 2315 gloriari,
1321 2239 1411 2312 qui
1442 2248 1495 2295 et
1523 2239 1756 2295 salutem
1784 2240 2019 2311 proximi

424 2334 677 2409 negligit,
721 2341 775 2389 et
832 2348 892 2387 se
934 2330 1129 2386 morbo
1175 2330 1292 2399 ejus
1338 2326 1523 2384 inﬁcit.
1567 2329 1709 2384 Vere
1738 2344 1849 2383 non
1878 2328 2017 2383 bene

424 2421 750 2495 gloriamini,
784 2420 909 2493 quia
935 2436 1004 2474 an
1032 2418 1263 2475 nescitis
1282 2433 1381 2473 vos
1410 2418 1552 2491 quod
1585 2418 1867 2473 modicum
1885 2419 2017 2489 fru-

424 2517 679 2571 mentum
708 2511 755 2565 si
784 2509 946 2565 fuerit
974 2508 1189 2565 acidum
1221 2511 1401 2564 totam
1428 2514 1601 2578 pasta:
1629 2523 1876 2562 massam
1897 2523 2019 2563 cor-

426 2604 645 2676 rumpit
673 2599 870 2656 factam
901 2597 1115 2654 acidam
1144 2598 1172 2652 ?
1210 2596 1300 2652 Sic
1329 2604 1383 2651 et
1411 2596 1513 2651 iste
1561 2595 1855 2667 (modicum
1887 2595 2019 2668 quid

426 2691 722 2748 secundum
755 2704 1039 2743 numerum
1066 2685 1349 2756 Ecclesiae)
1378 2684 1672 2755 corrumpit
1711 2693 1877 2740 totam
1908 2686 2017 2740 Ec-

426 2780 669 2847 clesium,
713 2777 909 2834 factam
957 2792 1108 2831 ream
1165 2792 1231 2830 ex
1280 2773 1675 2830 cohabitatione
1724 2774 1883 2843 hujus
1931 2772 2019 2829 cui

424 2867 790 2943 participavit.
848 2863 1304 2935 Quandoquidem
1333 2861 1657 2918 fermentum
1687 2864 1791 2919 hoc
1818 2862 2017 2919 Eccle-

422 2959 517 3016 sim
572 2970 807 3013 massam
861 2952 1176 3024 corrumpit,
1236 2966 1370 3025 ergo
1425 2951 1721 3007 auferendo
1778 2952 1924 3008 hunc
1965 2959 2019 3007 et

422 3063 584 3105 omne
612 3045 814 3102 malum
842 3044 910 3098 de
938 3042 1118 3098 medio
1148 3051 1387 3097 vestrum
1425 3045 1740 3113 expurgate
1761 3043 2017 3112 fermen-

2119 1804 2176 1851 ut
2205 1812 2273 1851 ne
2305 1797 2434 1869 quid
2462 1813 2685 1870 agamus
2714 1807 2903 1856 contra
2927 1800 3254 1871 proximum,
3286 1799 3383 1855 sed
3428 1806 3711 1854 manentes

2118 1886 2181 1941 in
2221 1887 2454 1957 azymis,
2506 1886 2561 1941 id
2609 1896 2689 1943 est
2730 1889 3053 1955 humilitate,
3100 1890 3474 1954 sinceritatis,
3524 1887 3579 1942 id
3626 1895 3711 1942 est

2117 1969 2363 2041 puritatis
2389 1980 2724 2028 conservatas
2743 1973 2797 2027 in
2827 1974 3004 2041 nobis,
3038 1982 3090 2029 et
3130 1973 3365 2030 veritatis
3391 1990 3459 2029 ne
3490 1972 3709 2027 fraude-

2117 2074 2241 2114 mus
2288 2059 2613 2130 proximum.
2648 2062 2843 2117 Paulus
2883 2063 2997 2132 jam
3039 2070 3160 2118 ante
3183 2063 3251 2118 de
3283 2062 3502 2117 vitanda
3531 2060 3708 2117 forni-

2119 2148 2329 2204 catione
2377 2149 2670 2221 scripserat
2718 2151 3046 2218 Corinthiis;
3079 2152 3178 2207 sed
3222 2151 3368 2207 dicta
3400 2151 3536 2220 ejus,
3566 2150 3707 2206 male

2116 2236 2553 2308 interpretantes,
2598 2239 2977 2295 existimabant
3022 2240 3167 2313 quod
3210 2240 3279 2295 de
3326 2240 3578 2313 gentibus
3622 2238 3709 2295 vi-

2119 2325 2316 2392 tandis,
2350 2342 2473 2381 cum
2502 2326 2923 2396 fornicarentur,
2968 2329 3309 2401 praeciperet.
3340 2329 3498 2385 Nunc
3527 2336 3707 2383 autem

2118 2430 2219 2486 per
2265 2419 2370 2472 hoc
2414 2417 2556 2491 quod
2598 2419 2708 2488 jam
2757 2419 2825 2474 de
2856 2419 2960 2474 hoc
3009 2418 3233 2474 crimine
3261 2417 3551 2489 scripserat
3578 2415 3704 2485 illis,

2119 2528 2214 2567 eos
2244 2509 2608 2583 reprehendit,
2642 2516 2695 2564 et
2742 2508 3013 2579 quomodo
3041 2507 3367 2578 scripturam
3395 2522 3559 2579 quam
3598 2507 3707 2560 mi-

2120 2609 2263 2657 serat
2317 2599 2619 2672 intelligere
2685 2598 2969 2665 deberent,
3017 2596 3274 2662 insinuat,
3316 2596 3505 2652 dicens
3538 2613 3551 2650 :
3584 2596 3710 2651 Jure

2118 2691 2304 2763 utique
2338 2704 2516 2762 arguo
2540 2704 2639 2743 vos
2668 2688 2736 2743 de
2763 2689 2886 2757 hoc,
2920 2687 3067 2759 quod
3098 2703 3205 2743 non
3236 2686 3433 2741 tulistis
3466 2686 3709 2742 fornica-

2119 2787 2294 2835 torem
2341 2778 2489 2832 illum
2535 2777 2603 2833 de
2650 2776 2830 2831 medio
2878 2784 3139 2833 vestrum.
3190 2776 3309 2848 Ego
3337 2775 3481 2831 enim
3507 2777 3709 2849 scripsi

2119 2869 2265 2925 vobis
2281 2868 2335 2923 in
2348 2866 2588 2938 Epistola
2604 2866 2715 2936 jam
2733 2866 2916 2931 missa,
2935 2865 3082 2937 quod
3103 2882 3217 2921 non
3230 2866 3710 2921 commisceamini

2118 2957 2466 3029 fornicariis,
2518 2971 2628 3012 non
2675 2955 2861 3027 utique
2890 2954 3213 3026 praacipiens
3243 2956 3346 3010 hoc
3374 2955 3442 3009 de
3471 2954 3707 3010 fornica-

2119 3046 2215 3100 riis
2247 3046 2402 3115 hujus
2434 3045 2640 3111 mundi,
2674 3045 2729 3100 id
2760 3052 2841 3100 est
2870 3044 2939 3099 de
2984 3043 3241 3117 gentibus
3272 3044 3365 3115 qui
3394 3060 3505 3100 non
3534 3045 3709 3099 Deum

424 3143 567 3204 tum,
598 3136 657 3191 id
713 3141 797 3190 est
842 3132 1176 3188 inﬂationem
1219 3096 1666 3187 vestmm.lEtsi
1696 3096 1839 3202 qu'od
1872 3130 2018 3185 aliud
2050 3096 2097 3156 Ο
2122 3136 2220 3191 sed
2290 3096 2549 3189 mundum
2606 3096 2921 3205 sequuntur.
2979 3096 3187 3204 Scripsi
3237 3096 3398 3187 etiam
3454 3132 3611 3188 vobis
3640 3148 3710 3189 ne

423 3227 632 3284 scilicet
660 3231 946 3296 peccatum
965 3229 1047 3277 est
1076 3220 1477 3293 expellendum.
1509 3222 1873 3276 Fermentum
1894 3219 2018 3276 dico

420 3320 603 3374 vetus.
630 3313 750 3369 Nisi
779 3312 926 3368 enim
954 3296 1053 3367 vos
1081 3309 1468 3382 purgaveritis,
1501 3308 1633 3365 estis
1662 3308 1908 3364 membra
1926 3325 2021 3365 ve-

423 3404 555 3461 teris
581 3401 837 3459 hominis.
868 3403 1179 3473 Expurgate
1206 3400 1408 3471 itaque,
1441 3403 1506 3455 ut
1526 3398 1656 3454 sitis
1676 3400 2014 3470 conspersio.

425 3494 620 3550 Farina
648 3508 751 3565 per
797 3506 998 3563 aquam
1025 3488 1393 3563 conglutinata
1423 3488 1541 3544 sine
1573 3487 1838 3544 fermento
1876 3487 2017 3544 dici-

422 3592 509 3639 tur
536 3581 878 3655 conspersio.
907 3578 1225 3635 Humanitas
1255 3585 1437 3633 autem
1465 3585 1655 3633 nostra
1686 3594 1808 3648 quae
1836 3592 1937 3647 per
1958 3592 2018 3631 se

424 3672 627 3729 sterilis
669 3679 753 3727 est
790 3678 843 3725 et
887 3668 1057 3737 arida,
1099 3683 1199 3739 per
1226 3666 1457 3721 farinam
1496 3666 1699 3722 siccam
1730 3665 2014 3736 accipitur,

424 3778 547 3834 quae
566 3777 691 3816 rore
709 3759 942 3830 Spiritus
967 3757 1141 3812 sancti
1159 3755 1216 3810 in
1228 3756 1498 3825 baptismo
1518 3754 1942 3826 conglutinatur,
1961 3762 2019 3809 ut

422 3850 669 3905 ariditate
727 3847 974 3919 depulsa,
1026 3845 1259 3900 fructum
1318 3843 1499 3910 faciat;
1559 3843 2018 3913 quemadmodum

423 3938 597 3993 farina
642 3954 740 4009 per
786 3951 985 4009 aquam
1014 3933 1320 4004 copulatur,
1363 3941 1423 3988 ut
1468 3932 1749 3988 utilitatem
1788 3932 2010 3989 habeat.

423 4028 580 4093 Sitis,
611 4026 850 4098 inquam,
886 4024 1204 4096 conspersio
1224 4038 1387 4090 nova,
1419 4021 1475 4077 id
1505 4029 1589 4077 est
1620 4020 1742 4077 facti
1773 4022 2019 4077 membra

423 4114 550 4172 novi
566 4116 717 4182 Adae,
738 4114 945 4170 scilicet
963 4111 1163 4168 Christi
1180 4111 1270 4183 qui
1286 4127 1385 4166 vos
1395 4127 1495 4182 per
1505 4110 1764 4181 Spiritum
1777 4118 2018 4166 sanctum

424 4204 725 4262 renovavit.
757 4203 915 4258 Nunc
944 4209 1118 4256 estote
1146 4216 1285 4256 nova
1326 4199 1642 4272 conspersio
1688 4200 1838 4255 sicut
1866 4200 2019 4270 prius

423 4295 478 4349 in
500 4294 768 4365 baptismo
788 4293 987 4363 fuistis
1009 4290 1213 4363 azymi,
1238 4289 1292 4344 id
1314 4297 1397 4344 est
1416 4289 1534 4345 sine
1560 4288 1826 4345 fermento
1856 4289 2019 4343 totius

422 4382 655 4455 peccati.
708 4383 916 4437 Bonum
962 4387 1046 4436 est
1088 4380 1234 4434 enim
1272 4379 1351 4434 sic
1380 4395 1478 4434 vos
1516 4379 1680 4434 modo
1709 4394 1810 4449 per
1837 4378 2018 4450 poeni-

2119 3223 2582 3280 commisceamini
2639 3227 2743 3279 aut
2760 3223 2967 3287 avaris,
3001 3226 3105 3277 aut
3135 3223 3456 3294 rapacibus,
3480 3226 3583 3277 aut
3600 3239 3712 3278 ser-

2119 3314 2399 3371 vientibus
2418 3314 2607 3383 idolis,
2640 3313 2695 3367 id
2723 3320 2807 3367 est
2835 3312 2919 3366 his
2950 3310 3043 3383 qui
3070 3311 3158 3366 vel
3184 3311 3255 3366 ad
3284 3311 3553 3368 culturam
3581 3311 3712 3367 idoli

2119 3404 2363 3470 redeunt,
2413 3402 2498 3457 vel
2548 3402 2639 3474 qui
2682 3400 2843 3456 idolis
2890 3400 3169 3456 immolata
3212 3400 3313 3477 sub
3361 3400 3711 3456 veneratione

2118 3492 2249 3548 idoli
2304 3491 2615 3547 comedunt.
2674 3491 2811 3545 Vere
2859 3506 2968 3545 non
2996 3490 3064 3545 de
3095 3488 3400 3544 fornicariis
3428 3490 3712 3563 gentilium

2119 3582 2224 3637 hoc
2251 3580 2502 3651 prohibui
2526 3598 2539 3633 :
2572 3580 2827 3652 alioquin
2856 3581 3031 3646 enim,
3064 3579 3119 3632 id
3149 3586 3232 3633 est
3261 3578 3305 3633 si
3328 3579 3488 3634 aliter
3516 3595 3710 3651 agens,

2117 3671 2188 3726 de
2224 3669 2518 3743 gentilibus
2574 3668 2809 3724 vitandis
2851 3669 2956 3724 hoc
2987 3677 3314 3739 praeceptum
3344 3668 3570 3735 darem;
3599 3669 3711 3738 jam

2119 3759 2166 3813 si
2194 3758 2420 3814 obedire
2450 3757 2680 3824 velletis,
2715 3758 3033 3813 debueratis
3061 3760 3246 3813 exisse
3271 3757 3337 3812 de
3359 3756 3457 3813 hoc
3479 3758 3712 3825 mundo,

2119 3848 2175 3903 id
2203 3855 2285 3903 est
2304 3847 2496 3902 melius
2528 3854 2674 3902 esset
2703 3846 2860 3901 vobis
2910 3845 3051 3901 mori
3087 3845 3417 3919 negligendo
3448 3862 3713 3917 quaecun-

2120 3954 2225 4010 que
2284 3937 2519 3991 mundus
2567 3936 2750 4004 habet,
2808 3952 2969 4007 quam
3005 3943 3223 4006 prOpter
3264 3934 3510 3990 timorem
3557 3936 3715 3993 aliter

2118 4034 2343 4097 agentes
2372 4024 2783 4081 communicetis
2805 4023 3106 4080 fornicariis
3131 4043 3145 4079 :
3174 4023 3304 4079 olim
3334 4025 3551 4098 scripsi,
3571 4026 3714 4082 male

2119 4115 2483 4181 intellexistis,
2543 4114 2642 4169 sed
2696 4130 2840 4169 nunc
2881 4113 3184 4169 determino
3227 4114 3378 4170 vobis
3400 4115 3543 4187 quod
3569 4115 3711 4171 scri-

2119 4204 2205 4275 psi
2234 4220 2343 4259 non
2372 4203 2575 4259 debere
2596 4219 2695 4259 vos
2724 4202 3069 4258 commisceri
3089 4219 3210 4258 cum
3234 4204 3518 4273 ejusmodi.
3551 4203 3712 4272 Quod

2121 4293 2199 4349 sic
2228 4292 2639 4364 intelligendum
2671 4299 2753 4347 est
2779 4292 2868 4348 :Si
2885 4293 2932 4346 is
2951 4293 3046 4365 qui
3061 4295 3245 4363 frater
3264 4297 3349 4348 est
3379 4294 3441 4347 in
3457 4293 3585 4362 ﬁde,
3619 4308 3716 4348 no-

2119 4383 2379 4438 minatur
2398 4384 2734 4453 fornicator,
2753 4386 2857 4437 aut
2886 4398 3112 4449 avarus,
3147 4386 3249 4437 aut
3269 4382 3516 4437 serviens
3546 4381 3718 4438 idolis

422 4471 644 4527 tentiam
701 4471 846 4541 (quae
887 4477 971 4524 est
1039 4468 1175 4523 alter
1224 4468 1543 4538 baptismus)
1590 4467 1830 4540 purgari,
1882 4459 2093 4523 sicutD
2121 4472 2288 4536 cultu,
2321 4471 2408 4525 vel
2438 4470 2776 4525 comedendo
2820 4469 3180 4540 idolothytum
3210 4470 3310 4524 sub
3339 4469 3709 4536 veneratione,

421 4561 575 4634 prius
603 4575 704 4631 per
732 4558 1055 4629 baptismum
1083 4557 1299 4629 purgati
1329 4556 1523 4611 fuistis.
1558 4560 1793 4628 Azymus
1810 4556 2018 4624 Graece,

420 4651 544 4707 sine
571 4651 855 4721 fermento
882 4646 1080 4702 dicitur
1109 4645 1312 4700 Latine.
1346 4647 1543 4716 Zymus
1589 4653 1673 4700 est
1700 4644 2021 4700 fermentum

420 4757 457 4795 a
487 4739 622 4806 sine,
659 4745 716 4793 ut
767 4736 841 4790 ibi
861 4734 1123 4805 acephali,
1150 4734 1205 4789 id
1226 4734 1445 4790 estsine
1462 4734 1667 4805 capite.
1690 4734 1802 4789 Vos
1838 4733 2022 4805 utique

422 4842 730 4900 expurgare
759 4824 969 4881 debetis
994 4841 1008 4878 :
1039 4825 1250 4879 etenim
1287 4822 1545 4878 Christus
1578 4823 1908 4878 immolatus
1936 4826 2023 4878 est

419 4916 476 4971 in
507 4931 606 4970 ara
635 4914 817 4972 crucis
842 4929 854 4967 :
881 4913 1027 4985 quod
1057 4912 1307 4967 Christus
1320 4919 1403 4967 est
1423 4916 1686 4969 nostrum
1723 4910 1950 4983 pascha,
1966 4911 2021 4965 id

420 5012 505 5059 est
531 5010 716 5058 noster
734 5003 995 5057 transitus
1015 5001 1085 5056 de
1107 5009 1278 5057 morte
1295 5001 1367 5056 ad
1383 5000 1573 5068 vitam,
1596 5000 1665 5057 de
1677 5001 2021 5073 corruptione

417 5093 486 5147 ad
516 5091 977 5162 incorruptionem
1001 5110 1015 5158 ;
1049 5106 1145 5162 per
1177 5107 1337 5161 quem
1359 5106 1504 5146 nunc
1534 5091 1754 5146 tandem
1775 5106 1876 5145 nos
1904 5106 2023 5161 pur-

416 5197 553 5255 gare
608 5196 920 5251 possumus,
973 5180 1065 5253 qui
1113 5179 1266 5252 prius
1313 5180 1414 5235 sub
1436 5180 1571 5252 jugo
1601 5178 1803 5234 diaboli
1832 5178 2016 5245 vincti,

414 5286 524 5325 non
553 5277 885 5341 poteramus.

489 5358 591 5414 Hic
638 5358 799 5413 mittit
850 5374 950 5413 nos
992 5358 1062 5413 ad
1102 5357 1386 5414 historiam
1434 5357 1527 5411 ubi
1558 5356 1653 5411 filii
1685 5355 1872 5421 Israel,
1905 5363 2020 5410 uta

415 5447 580 5521 plaga
626 5447 840 5521 [Egypti
862 5447 1247 5513 liberarentur,
1274 5445 1545 5514 sanguine
1585 5444 1851 5500 immolati
1890 5444 2020 5516 agni

421 5544 605 5607 postes
651 5536 810 5593 linire
852 5537 1110 5607 jubentur
1157 5536 1359 5608 (Exod.
1393 5550 1496 5602 xu,
1547 5537 1646 5606 '7):
1694 5541 1818 5607 post
1866 5535 2021 5605 cujus

2120 4564 2221 4615 aut
2242 4560 2575 4625 maledicus,
2591 4563 2692 4615 aut
2717 4560 3005 4624 ebriosus,,
3030 4558 3083 4612 id
3105 4565 3489 4613 estconsuetus
3510 4558 3716 4613 detrac-
3798 4553 3805 4558 ’

2121 4648 2252 4703 tioni
2274 4656 2327 4703 et
2357 4647 2625 4716 ebrietati,
2658 4652 2759 4703 aut
2779 4664 2965 4719 rapax
3004 4646 3305 4700 nominatur
3341 4662 3471 4702 cum
3503 4646 3593 4701 illo
3622 4646 3715 4718 qui

2122 4746 2204 4792 est
2234 4737 2526 4809 ejusmodi,
2561 4744 2620 4790 ut
2652 4751 2869 4791 omnem
2893 4735 3332 4791 communionem
3362 4734 3648 4789 excludam
3681 4750 3694 4789 :

2122 4826 2265 4897 quod
2296 4825 2471 4881 levius
2500 4824 2713 4880 videtur
2740 4824 3006 4895 prohibeo
3040 4823 3249 4880 scilicet
3278 4840 3381 4880 nec
3421 4824 3604 4879 cibum
3624 4840 3717 4879 su-

2119 4931 2292 4970 mere.
2350 4916 2513 4969 Notat
2568 4914 2755 4968 beatus
2810 4913 3140 4984 Augustinus
3193 4911 3249 4966 in
3294 4927 3359 4967 eo
3391 4912 3481 4966 ubi
3502 4912 3622 4967 ait:
3669 4912 3718 4966 si

2120 5002 2425 5058 nominatur
2453 5011 2505 5057 et
2535 5018 2643 5058 non
2670 5001 2803 5057 dixit
2833 5001 2878 5056 si
2901 5009 3002 5069 est,
3052 5002 3157 5057 hoc
3202 5000 3531 5056 intellexisse
3561 5003 3715 5071 Apo-

2121 5092 2355 5159 stolum;
2415 5092 2540 5163 quia
2567 5091 2613 5145 si
2668 5091 2832 5145 frater
2861 5098 2943 5145 est
2992 5090 3232 5146 criminis
3290 5106 3436 5156 reus,
3489 5097 3543 5145 et
3587 5090 3716 5145 latet

2119 5180 2281 5251 culpa
2329 5181 2464 5249 ejus,
2514 5197 2623 5236 non
2654 5180 2817 5235 debet
2872 5179 3345 5236 excommunicari.
3379 5181 3459 5235 De
3489 5178 3714 5234 incertis

2120 5270 2265 5325 enim
2303 5286 2413 5325 non
2461 5278 2545 5325 est
2592 5269 2903 5324 habendum
2937 5269 3220 5338 judicium,
3256 5268 3351 5323 sed
3382 5268 3450 5323 de
3482 5267 3713 5323 crimine

2117 5356 2261 5428 quod
2290 5354 2695 5410 manifestatum
2726 5362 2777 5410 et
2825 5355 3234 5425 comprobatum
3265 5362 3377 5419 est;
3412 5353 3602 5408 etidco
3632 5352 3718 5407 di-

2120 5446 2196 5499 xit
2251 5446 2605 5500 nominatur.
2657 5445 2736 5499 De
2784 5445 2886 5499 hoc
2931 5443 3114 5515 utique
3143 5459 3251 5497 non
3276 5442 3598 5511 judicandus
3631 5449 3717 5511 est

2119 5549 2267 5589 reus.
2322 5534 2464 5589 Vere
2515 5533 2586 5588 de
2632 5532 2890 5590 fratribus
2940 5532 3206 5588 debemus
3250 5530 3543 5602 judicare:
3593 5546 3721 5587 nam
