3960 6036
322 80 426 132 149

325 219 463 291 quid
490 221 652 285 mihi,
684 219 740 274 id
769 229 851 275 est
880 220 1010 293 quid
1040 221 1110 276 ad
1139 237 1226 276 me
1255 222 1488 292 pertinet
1537 231 1588 278 et
1633 225 1700 279 ad
1729 225 1928 281 Eccle-
1947 210 2003 268 Α

326 308 467 362 siam
497 309 672 364 dehis
692 311 790 382 qui
817 313 957 381 foris
988 315 1144 376 sunt,
1180 311 1234 365 id
1268 320 1369 380 est,
1401 312 1468 366 de
1517 313 1810 384 gentilibus
1837 314 1928 383 ju-

325 397 552 452 dicare?
579 398 710 451 nihil
738 398 953 470 utique:
977 399 1043 453 Et
1074 400 1219 470 quod
1249 400 1317 454 de
1362 400 1445 454 his
1492 401 1583 472 qui
1629 410 1782 456 extra
1826 404 1929 458 Ec-

325 486 554 540 clesiam
587 495 709 540 sunt
733 487 982 556 judicare
1010 503 1118 543 non
1150 488 1294 556 licet,
1317 506 1507 546 nonne
1528 507 1617 545 vos
1629 492 1924 562 judicatis,

322 573 380 627 id
413 583 496 628 est
519 575 768 643 judicare
800 576 1027 642 debetis,
1061 577 1127 631 de
1148 578 1234 632 his
1256 579 1350 649 qui
1379 580 1537 633 intus
1567 583 1724 645 sunt,
1758 579 1809 632 in
1832 581 1931 634 Ec-

322 663 516 718 clesia.
555 665 691 718 Vere
722 665 790 718 de
821 665 904 719 his
933 665 1025 736 qui
1055 666 1201 720 intus
1232 675 1371 732 sunt,
1403 667 1656 735 judicatis
1687 675 1919 722 tantum.

325 753 473 806 Nam
503 768 594 808 eos
628 754 723 825 qui
753 756 894 824 foris
923 759 1079 822 sunt,
1113 754 1168 808 id
1201 763 1285 808 est
1314 755 1565 826 gentiles,
1600 758 1742 811 Deus
1763 757 1928 825 judi-

324 841 502 906 cabit,
537 849 589 895 et
619 842 686 895 ad
715 858 813 897 vos
842 841 973 895 nihil
1003 842 1235 913 pertinet
1278 843 1346 897 de
1397 843 1522 899 illis.
1568 843 1930 916 Quandoqui-

321 929 450 982 dem
483 929 552 983 de
602 928 851 984 fidelibus
874 930 1229 999 judicandum
1262 938 1345 986 est
1392 932 1547 987 vobis
1584 947 1595 986 :
1623 933 1791 1005 igitur
1819 950 1927 988 au-

324 1019 479 1086 ferte
513 1021 730 1074 matum
763 1018 1104 1074 fornicatoris
1133 1019 1316 1074 fratris
1345 1037 1419 1076 ex
1452 1022 1616 1091 vobis,
1650 1023 1794 1092 quod
1825 1021 1932 1076 nisi

321 1105 593 1160 auferatis
626 1123 638 1162 :
665 1107 775 1176 jam
823 1110 976 1180 ipsis,
1003 1108 1056 1162 id
1096 1117 1198 1179 est,
1225 1110 1336 1179 jam
1369 1110 1525 1182 culpa
1557 1111 1798 1180 ejusdem
1823 1111 1924 1168 cri-

319 1194 492 1249 minis
521 1211 618 1250 vos
648 1197 1048 1252 contaminatis.

957 1348 1182 1404 CAPUT
1220 1350 1315 1404 VI.

405 1489 426 1516 ι
463 1467 641 1522 Audet
670 1466 862 1539 aliquis
893 1475 1130 1523 vestrum
1160 1469 1370 1523 habens
1401 1469 1677 1541 negotium
1726 1470 1928 1526 adver-

943 77 1322 137 EXPOSITIO
1361 81 1434 137 IN
1469 81 1850 139 EPISTOLAS
1890 85 2114 142 PAULI.
2147 116 2216 128 —
2281 87 2354 142 1N
2384 87 2600 144 EPIST.
2643 89 2665 144 Ι
2698 90 2793 144 ΑΙ)
2827 89 2987 147 COR.

3515 96 3617 150 150

2667 245 2982 286 EXPOSITIO.

2105 389 2213 443 Hac
2257 388 2563 460 occasione,
2597 389 2720 462 quia
2749 391 2816 445 de
2858 391 3076 460 judiciis
3123 391 3364 464 incoepit,
3407 395 3618 462 transit,

2027 487 2081 531 ut
2112 478 2252 531 mala
2294 494 2359 532 ex
2401 479 2618 546 judiciis
2662 481 3031 550 provenientia
3081 482 3320 555 corrigat
3349 482 3403 536 in
3435 482 3621 538 Corin-

2027 566 2172 619 thiis.
2207 566 2262 620 Si
2293 567 2414 638 quis
2441 567 2584 622 enim
2614 584 2803 623 eorum
2849 569 3086 624 auferret
3117 571 3411 642 quidquam
3441 569 3619 638 alteri,

2028 671 2134 708 non
2165 655 2257 709 ille
2289 656 2550 726 patienter
2585 658 2689 712 hoc
2737 658 3020 724 tolerabat,
3067 659 3164 712 sed
3202 658 3486 728 impatiens
3515 658 3622 713 fra-

2029 750 2164 797 trem
2195 745 2265 798 ad
2295 760 2515 799 causam
2547 745 2926 816 compellebat,
2949 762 3052 802 nec
3072 761 3256 802 coram
3283 747 3622 802 ecclesiasti-

2028 832 2107 888 cis
2148 832 2439 900 judicibus,
2489 835 2585 888 sed
2633 835 2828 904 spretis
2874 835 2999 901 illis,
3051 851 3239 890 coram
3269 837 3622 891 saecularibus

2029 920 2269 975 fraudem
2300 921 2462 975 etiam
2506 921 2742 976 faciebat
2784 922 2954 988 fratri,
3008 924 3186 979 dando
3229 940 3426 979 munus
3451 925 3623 994 judici

2030 1010 2100 1063 ad
2127 1009 2542 1080 Oppressionem
2571 1009 2772 1064 fratris.
2807 1011 3005 1065 Littera
3035 1013 3114 1067 sic
3137 1012 3383 1084 jungitur
3419 1031 3432 1066 :
3464 1013 3621 1068 Judi-

2028 1112 2154 1153 care
2185 1098 2403 1168 quidem
2424 1098 2579 1152 vobis
2610 1098 2735 1154 licet
2763 1099 2831 1153 de
2860 1099 3136 1165 fratribus,
3159 1101 3257 1155 sed
3287 1116 3397 1156 non
3419 1117 3483 1157 eo
3504 1117 3622 1156 m0-

2031 1186 2103 1240 do
2136 1202 2242 1257 quo
2273 1187 2701 1257 intemperanter
2723 1187 2934 1242 audetis
2966 1188 3110 1258 apud
3136 1188 3370 1259 iniquos.
3393 1189 3491 1244 Vel
3507 1189 3615 1244 ita:

2028 1275 2259 1330 Auferre
2290 1274 2490 1330 malum
2519 1291 2583 1330 ex
2613 1275 2788 1345 vobis,
2821 1277 3022 1331 bonum
3051 1284 3150 1332 est.
3187 1278 3295 1332 Sed
3323 1293 3490 1349 quare
3512 1295 3621 1335 au-

2029 1363 2122 1420 det
2153 1365 2358 1437 aliquis
2387 1369 2656 1420 vestrum.
2686 1365 2790 1420 Ubi
2819 1365 2910 1430 ait,
2944 1366 3136 1432 audet,
3169 1375 3313 1421 notat
3344 1383 3466 1422 esse
3485 1383 3622 1438 pec-

2027 1461 2203 1507 catum
2236 1453 2543 1520 hujusmodi
2588 1469 2798 1507 ausum.
2849 1454 2977 1515 Cur,
3029 1453 3266 1525 inquam,
3313 1455 3472 1510 audet
3518 1455 3621 1509 ali-

323 1580 346 1602 .
387 1572 484 1610 sus
517 1557 764 1622 alterum,
811 1556 1044 1624 iudicari
1090 1558 1234 1627 apud
1285 1557 1522 1628 iniquos,
1557 1566 1607 1612 ει
1637 1575 1746 1613 non
1777 1559 1922 1629 apud
1951 1569 2001 1627 B
2032 1541 2152 1610 quis
2182 1549 2416 1596 vestrum
2450 1542 2655 1596 habens
2687 1544 2996 1612 negotium.
3040 1542 3094 1596 id
3127 1552 3209 1598 est
3237 1544 3512 1614 querelam
3551 1545 3621 1599 de

327 1667 350 1695 ι
392 1645 658 1699 sanctos?
686 1648 768 1699 An
789 1647 1030 1710 nescitis,
1063 1646 1319 1717 quoniam
1343 1647 1515 1701 sancti
1544 1647 1612 1701 de
1641 1649 1742 1702 hoc
1771 1664 1927 1701 mun-

325 1755 349 1784 ε
387 1734 462 1788 do
487 1734 849 1801 judicabant?
880 1737 945 1788 Et
978 1735 1024 1788 si
1055 1735 1109 1788 in
1129 1734 1284 1790 vobis
1311 1734 1642 1803 judicabitur
1670 1736 1923 1803 mundus,

326 1847 349 1869 ε
388 1822 606 1894 indigni
645 1823 776 1877 estis
825 1824 915 1895 qui
957 1825 1025 1878 de
1080 1824 1317 1877 minimis
1357 1823 1634 1892 judicetis.
1693 1824 1928 1879 Nescitis

326 1933 350 1961 ι
392 1913 655 1984 quoniam
685 1913 911 1984 angelos
959 1913 1340 1982 judicabimus,
1389 1922 1592 1984 quanto
1621 1913 1798 1985 magis
1820 1929 1928 1968 sa:-

327 2024 350 2048 u
390 2001 966 2057 cularia?Saecularia
1025 2003 1193 2074 igitur
1241 2003 1448 2070 judicia
1504 2002 1550 2056 si
1612 2001 1925 2070 habueritis,

327 2113 350 2141 α
391 2090 832 2160 contemptibiles
876 2090 1314 2163 [contendibiles]
1351 2091 1444 2162 qui
1493 2099 1619 2145 sunt
1649 2090 1702 2144 in
1733 2090 1928 2146 Eccle-

326 2202 349 2228 α
388 2180 493 2243 sia,
530 2180 651 2234 illos
680 2180 986 2235 constituite
1015 2181 1082 2234 ad
1109 2180 1481 2248 judicandum.
1533 2180 1616 2234 Ad
1658 2195 1928 2235 verecun-

328 2289 352 2319 α
401 2267 552 2322 diam
581 2276 816 2323 vestram
848 2268 991 2324 dico.
1026 2269 1116 2324 Sic
1157 2285 1265 2324 non
1305 2277 1387 2324 est
1414 2269 1555 2322 inter
1583 2284 1680 2323 vos
1710 2268 1929 2339 sapiens

327 2381 350 2404 α
394 2357 702 2428 quisquam,
730 2357 821 2428 qui
837 2357 1009 2428 possit
1025 2358 1276 2422 judicare
1305 2358 1446 2412 inter
1475 2357 1695 2411 fratrem
1727 2374 1880 2410 suum
1902 2357 1929 2410 ?

329 2469 350 2493 τ
392 2446 494 2500 sed
527 2445 693 2500 frater
748 2462 872 2500 cum
927 2446 1092 2501 fratre
1125 2447 1329 2516 judicio
1375 2446 1650 2501 contendit
1684 2463 1696 2501 :
1732 2454 1786 2500 et
1827 2446 1928 2501 hoc

326 2556 349 2584 ι
389 2535 540 2606 apud
579 2535 826 2590 infideles
849 2536 876 2590 ?
906 2536 1024 2589 Jam
1053 2535 1274 2607 quidem
1301 2535 1519 2590 omnino
1559 2534 1816 2590 delictum
1846 2543 1929 2589 est

327 2647 350 2670 ει
391 2624 449 2678 in
482 2624 656 2688 vobis,
707 2624 854 2695 quod
896 2625 1103 2692 judicia
1149 2624 1358 2679 habetis
1397 2624 1538 2678 inter
1579 2639 1696 2678 vos.
1748 2623 1928 2692 Quare

328 2735 351 2762 ι
391 2729 508 2767 non
537 2713 714 2785 magis
757 2713 1005 2781 injuriam
1051 2713 1343 2783 accipitis?
1375 2712 1552 2781 Quare
1602 2728 1712 2767 non
1749 2712 1928 2783 magis

329 2820 351 2851 ι
392 2801 643 2856 fraudem
675 2801 966 2871 patimini?
997 2803 1106 2857 Sed
1135 2818 1233 2856 vos
1265 2801 1439 2873 magis
1475 2801 1722 2869 injuriam
1753 2799 1927 2854 facitis

322 2913 345 2937 ιι
387 2897 446 2944 et
476 2889 759 2956 fraudatis,
792 2897 845 2944 et
885 2891 987 2946 hoc
1034 2890 1314 2944 fratribus.
1375 2893 1458 2944 An
1507 2889 1746 2955 nescitis,
1799 2888 1926 2959 quia

328 3001 352 3028 ι
391 2979 566 3049 iniqui
595 2995 825 3049 regnum
845 2979 940 3033 Dei
961 2995 1069 3033 non
1094 2979 1492 3049 possidebunt?
1514 2978 1690 3032 Nolite
1709 2993 1921 3032 errare:

330 3089 353 3117 ι
391 3084 575 3138 neque
610 3066 904 3136 fornicarii,
947 3084 1124 3139 neque
1172 3067 1332 3121 idolis
1391 3068 1705 3130 servientes,
1752 3083 1928 3138 neque

329 3180 352 3204 ιι
394 3156 650 3225 adulteri,
685 3173 862 3227 neque
892 3157 1104 3221 molles,
1155 3172 1334 3228 neque
1376 3156 1741 3211 masculorum
1791 3171 1926 3210 con-

327 3269 349 3294 ιι
391 3247 668 3301 cubitores
703 3289 715 3310 ,
793 3262 969 3317 neque
1026 3245 1204 3311 fures,
1265 3261 1440 3317 neque
1496 3245 1690 3312 avari,
1751 3261 1928 3315 neque

329 3356 351 3388 ι
403 3336 467 3392 1
483 3335 645 3390 04
657 3335 877 3400 ebriosi,
903 3351 1079 3406 neque
1100 3335 1372 3398 maledici,
1397 3349 1576 3405 neque
1599 3349 1822 3403 rapaces
1838 3349 1927 3388 re-

327 3449 350 3476 ι
389 3441 564 3496 gnum
595 3424 695 3479 Dei
724 3424 1099 3494 possidebunt.
1121 3426 1188 3477 Et
1215 3425 1330 3478 haec
1353 3423 1572 3494 quidem
1595 3421 1928 3494 [aliquando]

327 3539 348 3560 ι-
391 3513 610 3568 fuistis:
645 3514 744 3567 sed
771 3513 938 3567 abluti
969 3513 1121 3576 estis,
1156 3513 1253 3568 sed
1285 3510 1607 3567 sanctificati
1650 3511 1797 3576 estis,
1833 3511 1928 3565 sed

327 3628 352 3650 ω
384 3601 670 3671 justiticati
727 3602 875 3666 estis,
928 3603 982 3655 in
1031 3602 1249 3656 nomine
1313 3601 1529 3655 Domini
1578 3600 1749 3654 nostri
1801 3600 1929 3652 Jesu

328 3714 352 3742 ι
392 3691 616 3756 Christi,
649 3699 701 3745 et
733 3691 787 3744 in
818 3690 1006 3760 spiritu
1041 3691 1138 3745 Dei
1166 3691 1357 3745 nostri.
1385 3689 1579 3745 Omnia
1596 3688 1727 3742 mihi
1747 3687 1926 3754 licent,

331 3804 353 3830 α
393 3781 495 3834 sed
514 3795 622 3833 non
640 3779 820 3833 omnia
835 3779 1352 3849 expediunt.0mnia
1373 3779 1503 3832 mihi
1525 3777 1812 3843 licent,sed
1825 3793 1929 3848 ego

329 3895 351 3917 α
395 3869 500 3923 sub
529 3869 729 3922 nullius
751 3868 1270 3940 redigarpotestate.
1298 3868 1444 3924 Esca
1466 3866 1642 3922 ventri
1664 3874 1715 3921 et
1739 3873 1932 3920 venter

329 3983 352 4006 α
395 3959 574 4012 escis:
598 3959 746 4011 Deus
769 3965 950 4011 autem
974 3958 1184 4012 ethunc
1197 3965 1250 4012 et
1269 3958 1412 4011 hanc
1433 3957 1697 4010 destruet.
1723 3955 1931 4024 Corpus

327 4071 351 4095 α
391 4056 576 4102 autem
611 4062 720 4101 non
751 4045 1112 4114 fornicationi,
1145 4046 1242 4100 sed
1293 4045 1543 4110 Domino,
1578 4054 1629 4099 et
1671 4043 1932 4098 Dominus

329 4159 351 4188 ς
390 4135 634 4206 corpori.
670 4137 815 4190 Deus
844 4150 976 4190 vero
1023 4143 1074 4189 et
1123 4135 1410 4190 Dominum
1442 4133 1720 4189 suscitavit
1752 4141 1800 4187 et
1831 4148 1931 4186 nos

327 4251 349 4274 α
391 4225 675 4280 suscitabit
704 4241 803 4294 per
853 4225 1106 4279 virtutem
1164 4240 1336 4278 suam.
1394 4223 1626 4277 Nescitis
1670 4222 1926 4293 quoniam

326 4338 349 4362 ιι
389 4329 628 4385 corpora
655 4289 834 4368 vestra
868 4313 1115 4367 membra
1137 4320 1256 4366 sunt
1280 4311 1523 4366 Christi?
1543 4289 1763 4366 Tolle—ns
1796 4326 1926 4381 ergo
1955 4289 2006 4346 D

332 4427 352 4452 α
390 4404 636 4458 membra
665 4403 884 4467 Christi,
934 4401 1128 4456 faciam
1159 4401 1410 4455 membra
1437 4399 1737 4454 meretricis
1757 4400 1783 4453 ?
1814 4400 1929 4453 Ab-

329 4515 351 4543 ¢
393 4493 483 4546 sit.
531 4495 614 4546 An
660 4490 882 4546 nescitis
931 4490 1186 4561 quoniam
1230 4490 1321 4560 qui
1371 4490 1613 4543 adhaaret
1655 4488 1930 4543 meretrici

322 4602 345 4631 ε
383 4597 557 4635 unum
588 4596 786 4650 corpus
816 4577 1088 4634 efficitur?
1122 4603 1141 4626 ιι
1181 4579 1354 4632 Erunt
1391 4578 1533 4632 enim
1563 4577 1778 4649 (inquit)
1825 4577 1932 4631 duo

331 4692 353 4722 ι
395 4671 451 4724 in
483 4686 647 4726 carne
677 4685 781 4722 una
805 4669 963 4738 (Gen.
999 4684 1058 4736 ll,
1092 4670 1158 4723 24
1194 4685 1206 4720 :
1241 4667 1440 4738 Ephes.
1476 4683 1530 4731 ν,
1566 4669 1624 4719 31
1671 4685 1684 4730 ;
1734 4666 1926 4721 Matth.

331 4778 354 4811 ι
393 4775 512 4823 χιχ,
545 4762 597 4813 5.
624 4780 644 4807 ν
664 4758 767 4827 Qui
787 4766 965 4812 autem
989 4758 1232 4811 adhaeret
1254 4758 1390 4821 Deo,
1416 4772 1556 4809 unus
1581 4753 1802 4824 spiritus
1826 4762 1926 4807 est.

333 4870 355 4899 ι
395 4848 591 4919 Fugite
621 4846 1057 4902 fornicationem.
1084 4844 1258 4900 Omne
1276 4845 1420 4899 enim
1443 4852 1724 4914 peccatum
1757 4842 1930 4914 quod-

332 4958 356 4986 ι
395 4952 612 5007 cunque
642 4935 830 4990 fecerit
859 4936 1041 5002 homo,
1074 4942 1227 4988 extra
1257 4949 1452 5003 corpus
1483 4940 1583 4987 est.
1618 4931 1720 5000 Qui
1749 4939 1930 4986 autem

335 5049 358 5072 α
394 5025 717 5088 fornicatur,
762 5024 820 5078 in
872 5039 1067 5094 corpus
1124 5039 1278 5077 suum
1326 5030 1533 5092 peccat.
1584 5025 1666 5076 An
1708 5020 1930 5093 nescitis

335 5137 358 5165 ι
398 5115 659 5186 quoniam
695 5136 716 5164 α
753 5113 1001 5166 membra
1030 5121 1210 5167 vestra
1240 5111 1500 5181 templum
1531 5119 1654 5165 sunt
1682 5111 1758 5181 (Il
1795 5109 1920 5164 Cor.

333 5226 357 5253 ι
397 5219 474 5264 v1,
511 5207 618 5271 16).
661 5227 680 5250 ιι
717 5202 948 5272 Spiritus
989 5201 1178 5266 sancti,
1227 5201 1316 5272 qui
1367 5201 1420 5253 in
1450 5200 1603 5255 vobis
1635 5207 1736 5266 est,
1771 5215 1928 5270 quem

333 5317 354 5342 ι
393 5292 609 5346 habetis
639 5307 670 5345 a
701 5293 835 5356 Deo,
870 5299 923 5345 et
952 5307 1060 5344 non
1092 5289 1223 5343 estis
1268 5289 1434 5344 vestri
1456 5291 1483 5332 ί)
1520 5311 1540 5337 α
1576 5288 1756 5358 Empti
1786 5288 1931 5342 enim

336 5403 359 5430 ι
404 5381 540 5436 estis
585 5380 758 5452 pretio
789 5395 987 5452 magno
1018 5380 1066 5444 (I
1097 5381 1247 5435 Petr.
1284 5393 1320 5447 ι,
1349 5380 1457 5447 18),
1497 5401 1518 5424 η
1553 5376 1848 5450 glorificate
1880 5385 1932 5433 et

332 5493 357 5523 ι
394 5476 606 5544 portate
637 5471 810 5526 Deum
843 5468 900 5524 in
924 5483 1157 5540 corpore
1187 5474 1397 5524 vestro.
1444 5490 1465 5513 ι»

2031 1629 2380 1685 saecularibus
2411 1630 2575 1684 rebus
2605 1632 2870 1686 adversus
2899 1633 3150 1686 alterum
3193 1631 3431 1700 fratrem,
3457 1633 3621 1702 judi-

2026 1735 2174 1786 care,
2208 1719 2264 1773 id
2293 1727 2374 1773 est
2403 1719 2535 1774 inire
2561 1719 2826 1787 judicium
2856 1735 2979 1775 cum
3002 1719 3190 1785 fratre,
3223 1722 3374 1791 apud
3400 1722 3622 1794 iniquos

2021 1808 2252 1875 judices,
2268 1808 2323 1861 id
2343 1816 2425 1863 est
2457 1808 2765 1872 saeculares,
2801 1813 2858 1863 et
2884 1826 2996 1866 non
3019 1810 3167 1881 apud
3189 1814 3436 1873 sanctos,
3461 1809 3515 1864 id
3538 1818 3620 1864 est

2026 1895 2213 1951 fideles
2242 1896 2502 1951 Ecclesiae
2529 1896 2745 1964 judices
2765 1896 2792 1950 ?

2100 2003 2354 2058 Dicerent
2383 2003 2459 2057 illi
2487 2003 2794 2057 :Timemus
2824 2003 3125 2074 inquietare
3157 2013 3374 2059 sanctos
3405 2005 3473 2059 ab
3504 2020 3624 2060 ora-

2027 2091 2263 2147 tionibus
2294 2091 2425 2146 suis.
2479 2092 2600 2146 Non
2639 2092 2824 2163 utique
2857 2093 2953 2160 (ait
2983 2093 3220 2162 Paulus),
3254 2093 3381 2165 quia
3411 2111 3487 2149 an
3516 2111 3622 2150 ne—

2028 2183 2187 2237 scitis
2208 2197 2326 2249 vos,
2368 2181 2510 2253 quod
2544 2181 2730 2236 sancti
2757 2181 2810 2234 in
2850 2180 3031 2235 futuro
3056 2181 3261 2250 judicio
3281 2183 3621 2252 judicabant

2029 2271 2095 2325 de
2118 2270 2217 2326 hoc
2241 2271 2452 2325 mundo
2474 2272 2498 2322 ?
2518 2272 2587 2324 Et
2609 2270 2660 2324 si
2677 2270 2735 2324 in
2759 2271 2925 2335 vobis,
2950 2270 3003 2323 id
3024 2277 3106 2324 est
3136 2269 3189 2323 in
3221 2270 3623 2341 comparatione

2029 2359 2192 2415 vestri
2207 2359 2562 2430 jndicabitur
2595 2358 2682 2413 hic
2729 2359 2974 2412 mundus
3003 2359 3057 2412 in
3097 2358 3284 2414 ultimo
3309 2359 3531 2428 judicio,
3556 2376 3625 2413 an

2029 2449 2164 2503 estis
2192 2447 2418 2518 indigni
2445 2447 2540 2519 qui
2571 2447 2657 2501 hic
2677 2447 2951 2517 judicetis
2974 2447 3040 2502 de
3071 2448 3327 2503 minimis
3383 2448 3448 2501 ad
3481 2464 3624 2504 com-

2028 2536 2361 2606 parationem
2396 2534 2716 2599 futurorum,
2766 2534 2974 2590 scilicet
3005 2537 3073 2590 de
3102 2536 3490 2607 temporalibus
3510 2538 3623 2593 Ec-

2027 2625 2208 2680 clesiae
2237 2624 2441 2678 rebus?
2470 2625 2538 2677 Et
2568 2623 2705 2679 sicut
2735 2623 2982 2678 homines
3007 2665 3019 2691 ,
3055 2624 3134 2680 sic
3155 2625 3316 2679 etiam
3347 2626 3625 2681 daemones

2026 2714 2080 2768 in
2111 2713 2463 2767 similitudine
2508 2720 2691 2766 nostra
2714 2713 3098 2781 judicabuntur
3130 2733 3143 2779 ;
3178 2714 3305 2785 quia
3334 2730 3404 2769 an
3434 2717 3622 2771 nesci-

2029 2805 2102 2857 tis
2133 2818 2250 2870 vos,
2286 2803 2416 2874 quia
2447 2809 2721 2872 apostatas
2743 2803 3378 2872 angetosjudicabimus,
3403 2819 3623 2875 compa—

2031 2891 2233 2946 ratione
2264 2891 2446 2945 vestri.
2480 2889 2638 2959 Quod
2670 2891 2715 2944 si
2746 2890 3220 2962 angelos,’quant0
3241 2893 3421 2962 magis
3448 2909 3621 2948 sarcu-

2032 2981 2178 3036 Ian’a
2205 2980 2327 3034 licet
2353 2980 2638 3047 judicare?
2670 2979 2929 3034 Homines
2967 2979 3350 3049 judicabuntur
3395 2981 3522 3034 mali
3569 2982 3624 3036 in

2030 3069 2432 3139 comparatione
2465 3069 2752 3134 bonorum,
2805 3068 2930 3140 quia
2977 3084 3099 3124 cum
3148 3069 3393 3137 ejusdem
3427 3070 3620 3125 condi-

2030 3158 2191 3212 tionis
2221 3157 2435 3221 fuerint,
2471 3173 2573 3213 nec
2602 3157 2744 3211 idem
2777 3173 2900 3212 cum
2932 3158 3091 3213 bonis
3111 3159 3323 3228 operati
3345 3158 3469 3225 sint,
3506 3160 3623 3216 haec

2031 3246 2148 3302 sola
2177 3246 2506 3316 comparatio
2544 3246 2811 3300 sententia
2857 3247 3220 3301 damnationis
3269 3262 3453 3302 eorum
3502 3257 3609 3303 est.

2101 3337 2389 3390 Daemones
2417 3335 2617 3404 duplici
2664 3335 2824 3389 modo
2866 3335 2920 3388 in
2963 3335 3310 3391 similitudine
3350 3337 3622 3404 justorum

2031 3424 2446 3487 damnabantur,
2477 3431 2589 3476 tum
2623 3423 2744 3493 quia
2775 3421 3042 3477 firmiores
3084 3432 3286 3478 natura:
3333 3440 3496 3494 quam
3526 3426 3624 3480 ho-

2031 3529 2118 3567 mo
2147 3512 2316 3567 creati
2346 3519 2489 3576 sunt,
2522 3528 2622 3566 nec
2651 3511 2703 3564 in
2756 3511 2898 3566 bono
2927 3511 3278 3581 perstiterunt
3309 3520 3454 3578 ;tum
3497 3513 3625 3582 quia

2031 3618 2248 3672 semper
2276 3601 2517 3655 invident
2541 3601 2716 3668 justis,
2751 3616 2853 3656 nec
2873 3616 2968 3654 eos
2997 3615 3252 3670 superare
3274 3608 3494 3671 queunt.
3519 3601 3625 3656 Pro

2031 3692 2185 3759 hujus
2214 3706 2414 3762 pugna)
2444 3689 2667 3744 victoria
2692 3689 2821 3758 justi
2851 3689 3179 3743 damnabunt
3221 3689 3397 3745 malos
3445 3705 3621 3762 ange-

2029 3781 2131 3835 los.
2165 3781 2322 3834 Nunc
2361 3779 2551 3833 iterum
2604 3779 2805 3834 ironice
2860 3778 3212 3849 reprehendit
3257 3795 3353 3834 eos
3399 3779 3467 3833 de
3498 3780 3618 3845 hoc,

2031 3870 2174 3941 quod
2220 3868 2536 3939 insipientes
2581 3867 2976 3922 constituebant
3018 3868 3232 3936 judices
3267 3886 3279 3923 :
3313 3885 3418 3940 qua
3465 3868 3533 3923 de
3562 3885 3622 3923 re

2033 3958 2212 4022 fiebat,
2247 3965 2302 4012 ut
2333 3973 2514 4013 causa:
2543 3957 2916 4013 Ecclesiarum
2945 3956 3381 4011 transferrentur
3410 3957 3478 4011 ad
3511 3974 3620 4012 sa)-

2032 4047 2262 4102 culares.
2298 4045 2745 4117 Quandoquidem
2777 4046 2936 4114 (sicut
2980 4046 3264 4116 probatum
3297 4048 3398 4115 est)
3423 4045 3621 4101 Eccle-

2032 4136 2112 4190 sia
2135 4135 2382 4205 judicare
2411 4135 2573 4189 debet
2602 4135 2742 4188 inter
2769 4134 2967 4188 fratres
2993 4150 3005 4188 :
3038 4134 3200 4204 igitur
3228 4136 3276 4189 si
3311 4135 3622 4190 habueritis

2032 4226 2330 4280 sa’cularia
2348 4223 2590 4293 judicia,
2623 4223 2676 4276 id
2706 4232 2786 4278 est
2815 4224 2934 4277 lites
2980 4223 3120 4276 inter
3149 4238 3246 4277 vos
3277 4238 3376 4293 pro
3407 4230 3622 4294 tempo-

2034 4314 2238 4368 ralibus
2268 4313 2451 4366 rebus.
2486 4313 2587 4366 Per
2611 4312 2741 4365 illud
2773 4319 2918 4366 notat
2948 4311 3137 4365 melius
3159 4327 3299 4376 esse,
3321 4311 3367 4365 si
3395 4328 3502 4366 non
3534 4312 3627 4366 ha-

2034 4404 2227 4457 berent
2269 4401 2577 4469 hujusmodi
2621 4401 2847 4468 judicia.
2909 4401 2984 4467 Si,
3040 4399 3278 4472 inquam,
3330 4401 3621 4455 habueritis

2033 4493 2150 4547 haec
2171 4490 2393 4561 judicia,
2425 4491 2759 4545 constituite
2792 4489 2911 4543 illos
2942 4489 3014 4543 ad
3031 4489 3432 4560 judicandum,
3466 4489 3519 4543 id
3538 4497 3621 4544 est

2032 4578 2286 4651 prmficite
2310 4579 2599 4633 vobisillos
2618 4578 2670 4631 in
2695 4577 2928 4646 judices,
2963 4577 3054 4648 qui
3085 4586 3206 4630 sunt
3239 4578 3624 4648 contemptibi-

2035 4672 2132 4736 les,
2167 4669 2219 4722 id
2251 4675 2333 4722 est
2363 4667 2783 4738 insipientiores,
2809 4668 2869 4721 in
2901 4668 3168 4722 Ecclesia.
3197 4668 3259 4720 Et
3281 4668 3383 4720 hoc
3412 4666 3620 4721 ironice

2029 4757 2312 4829 dicit,quia
2326 4757 2404 4812 sic
2421 4773 2516 4811 eos
2537 4755 2718 4810 facere
2734 4755 2957 4810 sciebat.
2979 4756 3045 4808 Et
3061 4756 3160 4810 hoc
3173 4755 3316 4826 quod
3335 4754 3621 4814 dico.con-

2035 4847 2372 4919 temptibiles
2402 4847 2740 4902 constituite
2766 4845 2836 4900 ad
2847 4844 3246 4915 judicandum,
3273 4844 3377 4900 hoc
3405 4845 3527 4900 dico
3547 4844 3619 4900 ad

2031 4940 2276 4992 vestram
2291 4934 2704 4995 verecundiam,
2729 4949 2836 4988 non
2854 4932 3220 5003 praecipiendo
3233 4942 3288 4987 ut
3304 4933 3510 4989 faciatis
3523 4933 3623 4988 sed

2031 5024 2385 5080 memorando
2415 5024 2559 5093 quod
2594 5022 2786 5085 facitis,
2820 5031 2876 5076 ut
2930 5022 3310 5076 verecundiam
3341 5022 3612 5077 habeatis.

2032 5111 2172 5163 Nam
2201 5125 2324 5163 cum
2356 5109 2429 5162 ita
2458 5107 2631 5163 facitis
2659 5123 2726 5161 an
2759 5107 2858 5170 sic,
2910 5105 2963 5160 id
2994 5115 3096 5173 est,
3129 5107 3265 5161 adeo
3305 5106 3622 5176 insipientes

2032 5199 2157 5252 facti
2188 5198 2318 5252 estis
2351 5216 2365 5262 ;
2399 5197 2539 5269 quod
2562 5200 2775 5251 nonest
2805 5197 2957 5250 inter
2974 5212 3062 5251 vos
3095 5196 3378 5266 quisquam
3405 5195 3625 5264 sapiens

2042 5287 2102 5345 1
2117 5287 2274 5343 05
2295 5289 2390 5359 qui
2408 5288 2582 5358 possit
2591 5287 2853 5357 judicare
2869 5286 3025 5339 inter
3034 5287 3273 5355 fratrem
3289 5289 3346 5338 et
3354 5286 3624 5354 fratrem?

2033 5379 2129 5432 sed
2161 5377 2288 5448 quia
2314 5376 2451 5431 adeo
2481 5391 2671 5430 omnes
2718 5374 3030 5445 desipuistis
3063 5391 3074 5429 :
3113 5373 3236 5427 ideo
3265 5375 3452 5442 frater
3480 5388 3620 5428 con-

2039 5467 2223 5523 tendit
2253 5481 2382 5521 cum
2411 5467 2618 5535 fratre,
2642 5464 2881 5536 judicio,
2900 5463 2956 5517 id
2975 5469 3076 5531 est,
3109 5477 3207 5533 per
3234 5476 3478 5517 causam.
3508 5461 3626 5516 Nec
