3960 6036
375 101 472 153 151

926 96 982 153 S.
1023 94 1381 154 BRUNONIS
1420 90 2069 154 CARTHUSIANORUM
2106 91 2592 151 INSTITUTORIS
2630 93 2784 150 OPP.
2826 94 3003 151 PARS
3041 94 3108 149 ΙΙ.

3561 98 3663 153 152

373 221 579 277 malum
606 220 966 278 contentionis
997 220 1193 278 sufﬁcit
1226 239 1238 279 :
1266 222 1365 278 sed
1408 221 1569 278 etiam
1600 221 1698 279 hoc
1729 220 1786 276 ﬁt
1811 221 1962 294 apud
1992 225 2044 284 Α
2073 236 2199 276 nem
2221 219 2422 275 fratris.
2460 220 2577 276 Nec
2604 220 2781 276 solum
2808 220 2927 276 haec
2974 218 3121 275 licita
3159 217 3474 274 dimittenda
3521 226 3664 286 sunt,

374 310 633 380 inﬁdeles
654 310 888 379 judices,
922 311 1152 381 penuria
1182 310 1670 367 ecclesiasticorum
1687 310 1958 380 judicum.

376 399 497 467 Quo
543 399 760 471 quidem
816 415 882 454 ex
923 399 1127 468 judicio
1173 400 1278 456 hoc
1317 399 1523 454 malum
1565 399 1745 455 evenit
1779 413 1791 452 :
1824 399 1970 469 quod

377 488 703 542 contenditis
733 486 995 556 vicissim,
1038 494 1092 542 et
1132 487 1256 555 jura
1297 487 1560 543 Ecclesia:
1606 487 1677 542 ad
1724 485 1970 542 infideles

377 574 611 631 refertis.
646 576 763 630 Jam
792 583 941 631 certe
986 586 1270 646 propterea
1322 577 1571 642 omnino,
1615 575 1671 630 id
1702 583 1799 641 est,
1834 575 1973 630 sicut

379 664 633 719 omnibus
661 672 827 736 patet,
861 664 1133 720 delictum
1164 668 1249 720 est
1277 664 1341 719 in
1372 665 1538 720 vobis.
1577 665 1657 719 De
1687 665 1791 720 hoc
1824 664 1981 736 quod

372 751 579 820 judicia
607 752 819 807 habetis
846 752 984 808 inter
1013 768 1132 808 vos.
1165 751 1359 806 Melius
1390 752 1535 807 enim
1564 758 1711 807 esset
1738 767 1848 807 non
1876 767 1970 807 re-

381 839 620 895 clamare
648 857 763 911 sua,
797 856 961 914 quam
990 857 1055 896 ex
1095 841 1484 897 reclamatione
1518 848 1597 897 tot
1641 841 1788 897 mala
1835 857 1972 912 pro-

378 928 565 984 venire
593 929 875 985 Ecclesise.
909 931 977 984 Et
1007 929 1130 1001 quia
1158 928 1417 985 delictum
1445 938 1526 986 est
1555 929 1697 985 inter
1723 945 1821 986 vos
1853 929 1973 986 fieri

373 1016 599 1086 judicia,
633 1034 805 1091 quare
834 1034 948 1074 non
960 1020 1138 1090 magis
1159 1019 1438 1091 accipitis,
1462 1018 1514 1073 id
1534 1027 1635 1085 est,
1661 1018 1777 1075 sine
1794 1019 1971 1075 recla-

378 1105 615 1161 matione
664 1106 926 1171 toleratis,
978 1108 1257 1178 injuriam
1296 1108 1415 1177 ejus
1464 1106 1555 1179 qui
1603 1115 1786 1163 vestra
1833 1107 1974 1162 tollit

380 1193 612 1264 aperte?
639 1195 707 1249 Et
735 1211 908 1268 quare
940 1210 1056 1250 non
1084 1196 1266 1266 magis
1296 1196 1568 1268 patimini
1602 1196 1884 1267 fraudem,
1918 1195 1974 1249 id

378 1289 463 1337 est
520 1283 795 1339 occultum
839 1284 1098 1338 damnum
1140 1283 1325 1339 fratris
1372 1283 1835 1341 circumventione
1886 1283 1973 1338 fa-

379 1376 545 1439 ctum,
587 1388 746 1444 quam
794 1372 862 1428 de
892 1373 1272 1429 reclamatione
1303 1380 1482 1428 vestra
1513 1372 1591 1428 sic
1621 1372 1843 1429 vilescat
1868 1373 1975 1428 Ec-

382 1458 593 1515 clesia?
621 1461 826 1516 Bonum
857 1468 1002 1516 esset
1030 1477 1129 1516 vos
1151 1461 1272 1532 .pati
1305 1461 1556 1529 injuriam
1590 1478 1623 1516 a
1654 1461 1818 1517 fratre
1850 1461 1974 1516 illa-

382 1554 511 1615 tam,
545 1549 673 1621 quia
727 1565 837 1605 non
892 1549 1068 1604 solum
1115 1565 1226 1605 non
1270 1549 1536 1621 patimini,
1569 1551 1664 1606 sed
1692 1550 1854 1605 etiam
1884 1566 1974 1606 vos

383 1638 579 1708 facitis
609 1638 658 1693 ei
685 1639 984 1711 injuriam,
1006 1654 1063 1693 re
1084 1637 1383 1693 auferendo
1405 1655 1521 1693 sua.
1548 1640 1615 1694 Et
1630 1638 1792 1694 etiam
1812 1641 1973 1710 frau-

381 1726 553 1796 datis,
586 1726 641 1781 id
673 1734 775 1792 est,
802 1727 1012 1783 occulte
1032 1727 1269 1797 judicem
1297 1728 1608 1799 praevenitis
1644 1743 1868 1783 munere
1889 1743 1978 1784 ve-

382 1821 498 1869 stro
530 1814 600 1868 ad
621 1815 1018 1886 appositionem
1050 1814 1506 1889 [oppressionem]
1537 1815 1755 1871 fratris:
1790 1823 1843 1871 et
1871 1816 1975 1872 hoc

385 1910 555 1958 totum
585 1902 760 1959 facitis
787 1920 897 1960 non
928 1903 1331 1970 extraneis,sed
1358 1906 1656 1976 fratribus.
1681 1921 1818 1977 quos
1849 1921 1976 1975 sup-

384 1999 604 2062 portare
632 1992 924 2048 deberetis.
957 1994 1026 2047 Et
1055 1994 1158 2048 hoc
1199 1991 1462 2049 facientes
1510 1992 1764 2048 fratribus
1792 1992 1975 2065 inique

385 2079 569 2153 agitis.
603 2080 712 2135 Sed
741 2098 815 2136 an
849 2082 1086 2138 nescitis
1105 2096 1225 2151 vos,
1249 2083 1380 2155 quia
1400 2084 1585 2155 iniqui
1600 2100 1715 2138 non
1731 2083 1978 2156 posside-

388 2169 530 2226 bunt
561 2185 801 2239 regnum
828 2171 970 2226 Dei?
998 2170 1295 2241 Propterea
1323 2187 1392 2226 ne
1420 2187 1451 2225 a
1481 2186 1655 2244 regno
1684 2171 1784 2227 Dei
1814 2171 1978 2227 alieni

387 2256 526 2324 sitis,
559 2257 726 2313 nolite
767 2274 955 2314 errare
993 2258 1291 2316 fraudando
1341 2268 1394 2315 et
1434 2259 1743 2329 injuriando
1790 2259 1977 2315 fratri-

387 2346 508 2402 bus.
546 2347 682 2403 Vere
712 2347 882 2419 iniqui
895 2364 1006 2405 non
1026 2349 1388 2420 possidebunt
1410 2366 1575 2405 :nam
1591 2366 1769 2423 neque
1789 2351 1977 2421 forni-

386 2436 550 2504 carii,
571 2452 750 2510 neque
763 2439 861 2510 qui
871 2439 1129 2494 serviunt
1141 2439 1510 2511 idolis,neque
1524 2440 1978 2513 adulteri,neque

386 2525 585 2581 molles
613 2525 707 2598 qui
748 2525 1043 2596 patiuntur,
1076 2543 1255 2600 neque
1284 2528 1665 2584 concubitores
1695 2529 1978 2585 masculo-

387 2630 515 2670 rum
548 2613 642 2686 qui
683 2622 873 2686 agunt,
918 2630 1096 2687 neque
1138 2618 1316 2687 fures,
1359 2631 1536 2688 neque
1582 2618 1763 2682 avari,
1800 2633 1979 2689 neque

387 2703 605 2770 ebriosi,
640 2720 817 2777 neque
836 2704 1121 2771 maledici,
1154 2720 1331 2777 neque
1352 2720 1605 2776 rapaces,
1627 2721 1864 2778 regnum
1883 2706 1982 2762 Dei

379 2794 761 2865 possidebunt.

457 2882 540 2938 Ne
568 2882 732 2938 modo
762 2882 1026 2938 Corinthii
1071 2882 1471 2938 deterrerentur
1495 2882 1599 2949 his,
1633 2890 1687 2938 et
1717 2883 1978 2954 despera-

386 2979 545 3029 rent:
581 2972 709 3044 quia
736 2970 966 3028 fortasse
994 2972 1065 3026 ad
1106 2973 1222 3027 haec
1267 2979 1391 3043 post
1438 2946 1763 3042 baptismum
1792 2946 1977 3028 redie-
2005 2946 2051 3007 Ο

390 3069 528 3129 rant,
568 3061 882 3118 consolatur
937 3077 1034 3116 eos
1075 3061 1276 3116 Paulus
1303 3060 1634 3117 blandiendo
1680 3060 1804 3127 eis;
1837 3061 1981 3116 unde

387 3150 462 3206 ait
490 3168 503 3204 :
536 3150 715 3207 Nolite
744 3150 940 3205 terreri
966 3149 1262 3222 praemissis
1294 3168 1307 3204 :
1340 3164 1430 3206 vos
1451 3150 1673 3221 quidem
1689 3155 1748 3206 et
1765 3150 1879 3207 haec
1891 3153 1980 3222 fe-

389 3239 551 3296 cistis
581 3255 703 3311 quze
722 3238 999 3310 praemisi;
1030 3240 1126 3295 sed
1155 3239 1339 3294 abluti
1376 3240 1512 3295 estis
1543 3238 1612 3292 ah
1642 3238 1727 3293 his
1758 3239 1812 3293 in
1843 3239 1972 3310 bap-

387 3329 571 3395 tismo,
605 3327 701 3384 sed
728 3328 888 3383 etiam
916 3328 1266 3398 sanctiﬁcati
1281 3329 1435 3393 estis,
1470 3327 1524 3382 id
1571 3335 1653 3383 est
1680 3325 1983 3383 confirmati

386 3417 546 3474 donis
574 3416 750 3473 sancti
771 3416 1021 3488 Spiritus,
1046 3417 1142 3473 sed
1162 3418 1295 3473 estis
1314 3417 1614 3487 iustiﬁcati
1633 3416 1981 3488 possessione

388 3506 648 3562 virtutum
678 3505 734 3560 in
762 3504 982 3561 nomine
1011 3505 1227 3561 Domini
1254 3505 1447 3571 nostri,
1482 3505 1537 3560 id
1567 3513 1650 3561 est
1679 3505 1854 3559 Patris
1878 3523 1891 3560 :
1930 3513 1982 3560 et

386 3596 453 3652 in
472 3596 702 3651 nomine
730 3596 862 3651 Jesu
882 3595 1110 3660 Christi,
1135 3598 1192 3651 et
1220 3596 1283 3649 in
1309 3596 1527 3666 Spiritu
1548 3594 1647 3649 Dei
1666 3595 1864 3662 nostri,
1889 3593 1982 3665 qui

385 3684 454 3738 ab
486 3691 712 3756 utroque
741 3682 1004 3754 procedit,
1051 3700 1170 3755 quae
1219 3683 1379 3738 nobis
1407 3689 1826 3738 commemorata
1857 3690 1981 3736 sunt

385 3772 444 3828 in
475 3773 770 3843 baptismo.
810 3771 947 3841 Quia
968 3771 1442 3842 dixeratsuperius
1466 3788 1479 3825 :
1515 3771 1697 3839 Quare
1718 3787 1833 3827 non
1852 3787 1979 3826 ma-

383 3862 469 3933 gis
491 3861 769 3931 injuriam
797 3861 1076 3932 accipitis,
1109 3860 1348 3916 dicerent
1375 3860 1453 3914 illi
1484 3876 1497 3913 :
1522 3860 1717 3914 Nonne
1737 3859 1863 3915 licet
1883 3876 1981 3915 no-

386 3949 472 4006 bis
498 3956 745 4020 repetere
775 3957 964 4005 nostra
983 3949 1011 4003 ?
1038 3949 1364 4005 determinat
1395 3947 1590 4003 Paulus
1623 3966 1637 4002 :
1671 3948 1795 4019 quia
1825 3965 1979 4020 qua:-

383 4039 509 4094 dam
539 4047 680 4103 sunt,
716 4055 837 4111 quin
868 4038 913 4092 si
942 4038 1125 4104 licent,
1158 4046 1218 4092 ut
1264 4037 1457 4092 melius
1485 4036 1698 4108 prosint
1730 4036 1974 4103 dimissa,

383 4135 435 4184 et
475 4128 591 4184 haec
618 4135 742 4182 sunt
788 4144 879 4182 res
908 4126 1256 4198 temporales.
1301 4125 1563 4194 Quaedam
1594 4133 1719 4181 sunt
1750 4142 1871 4198 qua)
1901 4127 1980 4182 sic

381 4216 567 4283 licent,
626 4224 686 4271 ut
725 4216 990 4285 judicium
1033 4231 1223 4270 eorum
1278 4214 1472 4269 dimitti
1528 4230 1637 4271 non
1680 4215 1895 4283 debeat,
1927 4223 1981 4270 et

2067 309 2166 365 sed
2196 309 2358 364 etiam
2386 308 2690 365 necessaria
2738 308 3072 380 corporibus,
3121 323 3223 380 pro
3273 308 3466 380 quibus
3509 308 3666 362 simi-

2067 397 2191 452 liter
2221 413 2329 452 non
2360 397 2523 453 debet
2570 396 2737 453 frater
2771 396 3075 469 inquietari,
3122 404 3180 451 ut
3209 412 3311 467 pro
3357 413 3502 466 esca,
3545 413 3667 469 qua)

2066 486 2251 557 utique
2279 493 2499 556 paratur
2535 487 2739 554 ventri,
2782 489 2839 542 et
2884 490 3083 542 venter
3130 491 3461 540 sustentatur
3488 487 3655 542 escis.

2071 574 2180 629 Sed
2207 574 2336 630 licet
2365 575 2503 630 adeo
2532 574 2842 629 necessaria
2862 574 2951 642 sit,
2980 582 3160 629 tamen
3191 589 3299 630 non
3327 581 3410 629 est
3438 574 3663 646 litigan-

2069 662 2197 718 dum
2227 678 2328 734 pro
2347 663 2449 718 hac
2483 680 2495 716 :
2532 662 2661 735 quia
2691 664 2837 719 Deus
2866 667 2923 719 et
2969 662 3120 719 hunc
3167 671 3414 719 ventrem
3459 666 3515 718 et
3565 664 3667 719 has

2070 766 2227 807 escas
2283 752 2557 807 destruet.
2618 752 2723 807 Pro
2777 752 2861 806 his
2908 751 3333 822 temporalibus,
3380 750 3506 823 quia
3561 750 3667 807 cito

2071 846 2373 905 transeunt,
2405 855 2509 896 nec
2553 840 2815 895 damnant
2852 839 3086 895 animam
3134 856 3244 896 non
3298 840 3545 911 repetita,
3596 855 3665 894 ne

2069 928 2273 985 curetis
2315 928 2518 984 habere
2556 928 2820 998 judicium
2852 971 2866 996 ,
2916 930 3015 984 sed
3062 927 3469 985 fornicationem
3517 927 3667 982 illam

2071 1033 2182 1073 non
2211 1016 2456 1088 patimini
2486 1016 2873 1073 indemnatam.
2905 1016 3063 1087 Quod
3107 1017 3187 1073 sic
3223 1017 3493 1090 jungitur.
3524 1017 3671 1073 Esca

2071 1106 2301 1162 debetur
2319 1106 2516 1172 ventri,
2542 1106 2639 1161 sed
2657 1122 2857 1178 corpus
2877 1122 2986 1162 non
3004 1106 3236 1162 debetur
3254 1106 3628 1178 fornicationi
3646 1125 3665 1173 ;

2072 1194 2170 1251 sed
2199 1195 2435 1250 Domino
2467 1194 2672 1250 servire
2720 1194 2884 1250 debet
2920 1211 3021 1266 per
3057 1194 3278 1250 omnia:
3314 1197 3370 1250 et
3400 1195 3669 1251 Dominus

2072 1282 2302 1338 debetur
2330 1284 2554 1355 corpori
2582 1282 2655 1337 ibi
2680 1283 2933 1338 servienti
2968 1300 2980 1339 :
3019 1283 3145 1355 quia
3198 1298 3321 1340 cum
3349 1299 3447 1354 per
3476 1299 3535 1337 se
3561 1299 3666 1336 nu-

2074 1372 2203 1427 dum
2249 1371 2339 1439 sit,
2389 1371 2547 1427 vestit
2597 1388 2721 1426 eum
2759 1372 2905 1427 Deus
2962 1381 3280 1428 ornamento
3322 1372 3573 1428 virtutum
3622 1370 3671 1426 si

2074 1460 2327 1517 servierit
2355 1460 2616 1516 Domino.
2656 1461 2797 1516 Vere
2844 1461 3109 1516 Dominus
3153 1461 3291 1517 bene
3336 1460 3500 1517 faciet
3538 1475 3668 1515 cor-

2002 1549 2195 1641 Bpori
2227 1566 2241 1604 :
2273 1565 2400 1604 nam
2431 1550 2699 1606 Dominus
2729 1550 3026 1627 suscitabit
3064 1564 3165 1605 nos
3213 1550 3270 1604 in
3315 1548 3676 1621 incorruptio-

2075 1653 2200 1693 nem
2234 1656 2247 1694 :
2280 1638 2379 1693 sed
2407 1638 2569 1708 hujus
2599 1638 2677 1694 rei
2721 1638 3101 1709 probationem
3142 1636 3416 1710 praemittit
3444 1638 3658 1694 dicens.

2072 1727 2211 1782 Vere
2239 1728 2385 1782 Deus
2418 1727 2705 1783 suscitabit
2732 1743 2834 1783 nos
2868 1746 2881 1782 :
2914 1744 3051 1783 nam
3082 1728 3198 1799 ipse
3228 1729 3531 1784 suscitavit
3552 1728 3668 1798 jam

2084 1814 2146 1871 1
2160 1814 2320 1872 06
2334 1817 2637 1872 Dominum
2652 1816 2925 1883 Jesum,in
2936 1832 3043 1889 quo
3056 1832 3275 1873 carnem
3287 1825 3529 1873 nostram
3547 1832 3669 1871 sus-

2075 1904 2260 1960 citavit
2292 1921 2304 1960 :
2339 1912 2393 1960 et
2419 1906 2525 1961 hoc
2553 1905 2609 1960 in
2637 1905 2794 1962 nobis
2832 1905 3094 1977 perficiet.
3129 1906 3199 1961 Et
3230 1905 3275 1960 si
3306 1905 3505 1978 quaeris
3535 1921 3668 1977 quo-

2075 1993 2239 2048 modo
2270 1992 2540 2049 suscitet?
2570 1992 2706 2049 scito
2735 1994 2865 2065 quia
2900 2011 3000 2067 per
3042 1995 3314 2051 virtutem
3339 2011 3521 2050 suam.
3557 1994 3671 2048 Hoc

2077 2081 2207 2138 dicit
2234 2082 2305 2137 ad
2334 2082 2801 2154 comprimendum
2852 2082 3178 2149 Corinthios,
3230 2083 3321 2154 qui
3365 2083 3434 2138 de
3481 2098 3669 2137 resur-

2077 2170 2319 2227 rectione
2347 2170 2667 2226 dubitabant
2698 2187 2711 2226 :
2745 2171 2889 2244 quod
2934 2171 2991 2225 in
3028 2171 3378 2244 sequentibus
3423 2171 3672 2227 declara-

2077 2258 2240 2314 bitur.
2292 2259 2437 2314 Dixit
2492 2275 2713 2315 causam
2762 2275 2929 2332 quare
2978 2275 3175 2332 corpus
3220 2260 3481 2316 debeatur
3509 2261 3671 2316 Deo:

2079 2348 2260 2403 subdit
2287 2363 2507 2405 causam
2537 2364 2701 2421 quare
2730 2364 2839 2404 non
2870 2349 3130 2405 debeatur
3174 2348 3536 2417 fornicationi,
3589 2348 3671 2403 di-

2078 2452 2257 2493 cens:
2293 2438 2504 2509 Corpus
2566 2454 2676 2493 non
2736 2445 2820 2494 est
2873 2438 3212 2493 subdendum
3275 2437 3669 2494 fornicationi:

2079 2527 2203 2599 quia
2233 2542 2302 2581 an
2330 2528 2565 2583 nescitis
2586 2543 2684 2583 vos
2705 2529 2971 2600 quoniam
2999 2542 3108 2583 non
3139 2527 3315 2583 solum
3336 2527 3548 2594 animae,
3568 2526 3665 2582 sed

2077 2615 2241 2672 etiam
2269 2632 2501 2688 corpora
2539 2620 2725 2672 vestra
2754 2618 3003 2673 membra
3029 2616 3242 2672 Christi
3267 2618 3444 2672 sunt?
3473 2616 3667 2672 Anima

2077 2705 2381 2760 membrum
2414 2712 2496 2760 est
2524 2705 2740 2773 Christi,
2771 2705 2901 2778 qnia
2927 2721 3027 2777 per
3056 2705 3320 2761 rationem
3346 2704 3463 2778 figit
3483 2705 3671 2761 oculos

2079 2793 2364 2849 interiores
2409 2794 2466 2848 in
2511 2793 2923 2851 admirationem
2971 2794 3090 2850 Dei.
3124 2794 3335 2866 Corpus
3361 2794 3669 2850 membrum

2082 2891 2165 2937 est
2205 2882 2404 2937 Christi
2437 2900 2450 2936 :
2483 2882 2611 2938 dum
2660 2899 2762 2954 per
2806 2899 3024 2937 manum
3082 2883 3355 2938 ministrat
3400 2882 3665 2954 pauperi,

2081 2971 2313 3042 pedibus
2357 2972 2535 3026 visitat
2578 2970 2872 3038 infirmum,
2926 2979 3031 3027 etc.
3082 2972 3152 3026 Et
3207 2971 3423 3044 quando
3451 2971 3671 3043 quidem

2080 3060 2323 3116 membra
2354 3060 2552 3115 Christi
2582 3077 2769 3115 sumus
2800 3078 2813 3109 τ
2846 3077 2978 3132 ergo
2998 3061 3203 3117 tollens
3223 3062 3474 3117 membra
3508 3061 3672 3117 Chri-

2080 3150 2173 3215 sti,
2199 3151 2411 3217 faciam
2432 3166 2497 3205 ea
2516 3151 2767 3206 membra
2786 3152 3106 3206 meretricis
3129 3154 3152 3205 .9
3182 3148 3338 3205 Absit
3368 3150 3491 3205 hoc.
3530 3150 3672 3205 Pos-

2081 3245 2206 3292 sunt
2233 3238 2416 3310 utique
2443 3237 2563 3295 fieri
2607 3239 2857 3294 membra
2897 3237 3202 3294 meretricis
3236 3255 3249 3295 :
3283 3238 3410 3309 quia
3438 3255 3516 3294 an
3564 3256 3671 3296 ne-

2079 3328 2238 3383 scitis
2256 3343 2354 3383 vos
2370 3329 2511 3401 quod
2530 3329 2625 3401 qui
2636 3328 2884 3384 adhwret
2905 3328 3474 3399 meretrici,efﬁcitur
3492 3345 3673 3385 unum

2080 3429 2281 3488 corpus
2298 3433 2427 3473 cum
2445 3418 2548 3472 illa
2574 3417 2601 3470 ?
2623 3418 2847 3473 Duobus
2875 3416 3055 3471 modis
3084 3417 3372 3472 adherens
3399 3417 3674 3473 meretrici

2079 3520 2279 3576 corpus
2308 3505 2426 3574 ejus
2455 3504 2681 3561 efficitur
2709 3523 2723 3559 :
2755 3522 2864 3561 uno
2906 3521 3008 3577 per
3056 3504 3203 3559 illam
3242 3504 3674 3561 commistionem

2080 3593 2277 3663 carnis,
2309 3610 2410 3664 per
2438 3610 2599 3665 quam
2643 3594 2697 3648 in
2743 3595 3027 3666 quamdam
3058 3593 3320 3649 unitatem
3357 3594 3674 3666 astringun-

2079 3688 2169 3737 tur
2200 3700 2216 3749 ;
2248 3682 2419 3738 altero
2448 3682 2504 3737 tit
2533 3682 2939 3754 participatione
2967 3683 3200 3755 peccati.
3231 3682 3389 3752 Quod
3408 3700 3507 3754 per
3537 3700 3674 3739 con-

2074 3770 2406 3841 junctionem
2438 3771 2619 3826 carnis
2655 3788 2820 3826 unum
2851 3788 3052 3842 corpus
3104 3771 3407 3828 efficiantur
3459 3772 3670 3843 probat,

2080 3860 2203 3932 quia
2233 3860 2300 3915 de
2330 3861 2433 3916 hoc
2463 3861 2636 3931 magis
2666 3860 3061 3932 ambigebatur,
3095 3876 3225 3916 vere
3257 3877 3423 3915 unum
3473 3876 3674 3932 corpus

2079 3947 2389 4005 efficiuntur
2412 3967 2426 4003 :
2448 3964 2574 4004 nam
2596 3950 2812 4020 Moyses
2833 3949 2963 4005 dicit
2979 3950 3036 4004 in
3057 3949 3261 4005 Genesi
3286 3966 3299 4003 :
3329 3970 3350 4000 α
3378 3950 3550 4003 Erunt
3565 3950 3674 4005 duo

2078 4037 2136 4092 in
2164 4053 2324 4094 carne
2352 4054 2457 4093 una
2487 4038 2646 4107 (Gen.
2679 4054 2738 4104 ιι,
2770 4040 2884 4108 24).
2922 4058 2944 4087 »
2978 4040 3093 4094 Hoc
3122 4046 3305 4092 tamen
3333 4037 3403 4093 de
3432 4038 3677 4111 legitimo

2078 4126 2422 4183 matrimonio
2467 4126 2601 4181 dixit
2633 4144 2646 4181 :
2679 4126 2778 4182 sed
2807 4126 2998 4182 eadem
3037 4126 3346 4196 conjunctio
3390 4134 3442 4182 et
3470 4127 3676 4183 identi-

2077 4222 2163 4270 tas
2191 4215 2375 4271 carnis
2422 4214 2479 4268 tit
2527 4216 2583 4269 in
2629 4214 2828 4286 c0pula
2873 4215 3141 4284 adulterii,
3195 4215 3335 4270 sicut
3385 4214 3441 4269 in
3485 4217 3675 4271 matri-

383 4306 505 4362 haac
535 4313 660 4360 sunt
688 4304 1009 4369 criminalia,
1039 4320 1161 4375 qum
1190 4303 1423 4359 animam
1461 4303 1734 4359 occidunt.
1780 4303 1980 4358 Littera
2008 4306 2059 4364 D
2081 4303 2282 4359 monio.
2315 4302 2418 4371 Qui
2446 4304 2685 4360 adhaeret
2731 4303 3002 4359 meretrici
3048 4302 3106 4357 fit
3135 4320 3298 4358 unum
3329 4319 3527 4375 corpus
3553 4321 3674 4361 cum

384 4395 466 4452 sic
498 4394 743 4468 jungitur
776 4412 788 4448 :
820 4394 968 4449 Licet
998 4392 1222 4448 dixerim
1263 4392 1487 4463 accipite
1515 4387 1773 4461 injuriam
1801 4392 1980 4464 magis

379 4499 546 4558 quam
595 4482 926 4549 reclametis,
964 4481 1077 4537 scio
1124 4489 1304 4535 tamen
1347 4482 1493 4552 quod
1525 4480 1666 4536 mihi
1696 4488 1747 4535 et
1777 4480 1982 4536 unicui-

383 4589 490 4646 que
518 4580 758 4629 vestrum
791 4573 967 4628 licent
993 4571 1112 4626 haec
1143 4572 1356 4635 omnia,
1391 4569 1447 4624 id
1478 4577 1560 4625 est
1586 4577 1838 4640 repetere
1859 4585 1975 4634 sua,

383 4676 604 4717 causam
625 4660 758 4717 inire
787 4675 909 4716 cum
940 4659 1126 4726 fratre,
1160 4667 1304 4725 etc.;
1337 4658 1432 4714 sed
1470 4658 1714 4729 quamvis
1760 4658 1975 4726 liceant,

381 4759 567 4805 tamen
597 4751 715 4805 haec
743 4750 937 4805 omnia
964 4765 1081 4805 non
1111 4748 1443 4821 expediunt,
1474 4747 1528 4801 id
1558 4754 1640 4803 est
1670 4762 1781 4803 non
1809 4763 1978 4817 expc-

383 4837 527 4893 ditos
556 4838 625 4892 ad
658 4838 801 4892 bona
829 4853 930 4892 nos
959 4836 1182 4903 faciunt,
1211 4836 1321 4891 imo
1350 4835 1659 4907 impeditos.
1694 4835 1845 4891 Idem
1874 4836 1978 4890 ite-

381 4942 503 4982 rum
534 4941 678 4981 nunc
709 4925 890 4981 subdit
918 4926 1083 4981 aliam
1110 4941 1329 4982 causam
1356 4943 1369 4980 :
1392 4926 1594 4981 Omnia
1617 4924 1757 4980 mihi.
1780 4926 1975 4989 licent,

372 5015 479 5071 sed
509 5021 688 5069 tamen
716 5031 809 5086 ego
840 5023 1131 5086 propterea
1148 5032 1263 5071 non
1284 5014 1506 5086 redigar
1520 5014 1620 5069 sub
1634 5017 1979 5087 potestatem

381 5104 561 5161 ullius
589 5102 811 5171 judicis,
856 5112 946 5158 aut
973 5103 1203 5173 alicujus
1233 5103 1314 5159 rei
1342 5111 1398 5157 ut
1426 5102 1604 5176 magis
1633 5103 1855 5158 charam
1886 5101 1979 5155 ha-

379 5192 537 5248 beam
566 5191 735 5258 illam,
785 5207 946 5264 quam
983 5208 1174 5263 pacem
1202 5191 1407 5247 fratris.
1442 5191 1537 5246 Vel
1566 5192 1641 5246 ita
1675 5209 1688 5245 :
1722 5192 1841 5263 Ego
1870 5206 1979 5245 non

379 5281 606 5354 redigar
636 5281 738 5336 sub
785 5289 1107 5351 potestatem
1155 5280 1315 5335 ullius
1351 5279 1571 5349 judicis.
1631 5287 1690 5334 ut
1731 5278 1974 5349 praemio,

379 5370 467 5427 vel
505 5370 688 5443 aliquo
732 5370 995 5442 obsequio
1042 5368 1374 5441 praeveniam
1414 5384 1540 5424 eum
1563 5368 1631 5423 ad
1660 5366 1977 5440 oppressio-

2079 4392 2190 4459 illa,
2224 4392 2320 4447 sed
2349 4395 2445 4465 qui
2467 4393 2719 4448 adhaeret
2749 4393 3002 4458 Domino,
3027 4409 3177 4448 unus
3208 4393 3447 4465 spiritus
3477 4398 3581 4458 est,
3621 4394 3676 4449 id

2081 4489 2163 4535 est
2208 4480 2389 4536 unitur
2435 4481 2669 4536 Domino
2718 4480 2775 4535 in
2818 4480 3097 4536 identitate
3147 4479 3389 4551 spiritus.
3438 4481 3507 4535 Et
3552 4482 3679 4553 quia

2078 4576 2286 4624 tantum
2328 4570 2535 4625 malum
2585 4568 2959 4625 fornicationis
3009 4577 3113 4636 est,
3155 4578 3447 4640 propterea
3494 4572 3674 4643 fugite

2078 4660 2544 4730 fornicationem.

2150 4748 2461 4803 Notandum
2509 4754 2592 4801 est
2619 4746 2765 4819 quod
2805 4746 2877 4801 ait
2911 4762 2924 4801 :
2959 4746 3150 4819 Fugite
3204 4748 3622 4805 fornicationem
3657 4768 3672 4817 ;

2079 4837 2185 4892 hoc
2240 4836 2384 4891 enim
2435 4844 2717 4906 peccatum
2781 4850 2891 4890 non
2937 4843 3020 4890 est
3073 4838 3542 4907 exspectandum:
3577 4838 3677 4893 sed

2079 4932 2375 4995 antequam
2421 4923 2603 4980 veniat
2635 4966 2648 4989 ,
2682 4924 2878 4995 quibus
2924 4924 3256 4993 adjumentis
3285 4942 3575 4997 possumus
3605 4927 3676 4982 ab

2080 5028 2144 5069 eo
2175 5012 2493 5085 fugiendum
2524 5020 2605 5067 est
2641 5027 2652 5065 :
2684 5011 2904 5068 difﬁcile
2943 5013 3087 5068 enim
3139 5022 3217 5069 est
3252 5015 3484 5070 evadere
3513 5016 3583 5070 ab
3613 5032 3677 5071 ea

2078 5109 2369 5173 postquam
2399 5100 2591 5171 igneas
2620 5102 2851 5173 sagittas
2880 5101 3160 5157 fornicatio
3190 5102 3402 5157 intorsit
3428 5146 3440 5168 ,
3473 5112 3527 5159 et
3554 5105 3678 5160 ideo

2078 5189 2228 5257 dixit,
2273 5189 2464 5262 fugite,
2511 5197 2564 5243 et
2595 5205 2705 5245 non
2762 5197 3071 5261 exspectate
3105 5208 3119 5244 :
3152 5191 3279 5262 quia
3321 5191 3413 5246 ubi
3463 5192 3679 5265 aliquos

2079 5294 2334 5336 accessus
2363 5278 2547 5348 habet,
2584 5294 2693 5333 non
2714 5287 2796 5333 est
2818 5278 3057 5333 hominis
3078 5278 3206 5334 inde
3223 5295 3347 5335 eam
3368 5281 3642 5352 expellere
3656 5323 3669 5336 .

2080 5368 2273 5424 Subdit
2330 5383 2548 5424 causam
2589 5382 2761 5441 quare
2809 5366 3071 5441 fugienda
3125 5367 3193 5422 sit
3240 5366 3554 5437 fornicatio,
3588 5370 3677 5426 di-
