3960 6036
215 215 320 268 153

841 212 1223 269 EXPOSITIO
1256 213 1330 268 IN
1358 210 1739 268 EPISTOLAS
1797 209 2021 266 PAULI.
2055 239 2124 250 -—
2154 210 2228 266 IN
2259 210 2476 266 EPIST.
2522 211 2542 265 Ι
2580 211 2674 264 ΑΙ)
2716 209 2874 266 COR.

3416 207 3517 260 154

215 354 350 393 cens
385 355 398 390 :
436 337 562 392 Ideo
619 337 804 408 utique
862 336 1049 410 fugere
1106 338 1318 393 debetis
1374 337 1810 393 fornicationem.
1835 337 1889 396 Α
1919 333 2031 388 visa
2061 334 2320 406 patientia
2348 334 2526 404 hujus,
2560 335 2835 408 gaudeant
2864 332 3239 389 contumeliam
3272 329 3385 402 pati
3417 344 3518 400 pro

217 427 361 480 Nam
381 443 543 481 omne
565 426 710 480 aliud
729 431 1028 498 peccatum
1040 427 1404 499 quodcunque
1415 427 1618 498 fecerit
1637 425 1815 490 homo,

219 519 391 571 emtro
407 531 604 588 corpus
618 519 704 570 est
721 515 845 570 :sed
866 515 953 569 ille
969 517 1064 588 qui
1085 516 1428 586 fornicatur,
1447 519 1643 587 peccat
1662 517 1819 570 intra

216 619 427 675 corpus
457 621 641 660 suum.
678 605 813 658 Sunt
834 604 1018 676 utique
1039 605 1288 676 quaedam
1310 612 1547 674 peccata,
1582 621 1704 675 quae
1724 620 1819 674 pe-

215 692 365 746 nitus
394 692 598 746 nullam
627 692 1042 748 delectationem
1074 691 1304 748 afferunt
1335 692 1484 748 carni
1520 711 1532 746 :
1565 701 1622 746 ut
1652 692 1822 746 homi-

219 780 450 836 cidium.
483 783 674 836 Manus
706 782 849 836 enim
880 781 925 835 si
954 781 1166 848 occidit,
1201 797 1309 836 non
1346 781 1398 835 in
1459 797 1524 836 eo
1572 781 1818 836 delecta-

215 869 424 924 tionem
457 870 636 924 sentit.
672 870 806 924 Sunt
854 878 1031 926 tamen
1079 871 1323 942 quaedam
1371 869 1472 924 alia
1522 870 1575 924 in
1624 869 1818 941 quibus

208 957 514 1013 delectatur
541 974 692 1024 caro,
739 966 795 1012 ut
850 959 1065 1030 quando
1122 959 1274 1014 cibus
1331 959 1469 1014 bene
1525 959 1819 1030 respondet

212 1046 402 1117 palato
439 1063 450 1100 :
484 1047 567 1102 vel
600 1047 816 1119 quando
846 1048 1058 1102 videtur
1088 1048 1231 1120 quod
1261 1048 1450 1104 oculos
1478 1048 1668 1120 pascit,
1718 1064 1816 1102 au-

215 1135 368 1189 ditur
427 1135 571 1207 quod
627 1136 928 1204 jucundum
959 1146 1041 1191 est
1096 1137 1338 1204 auribus,
1373 1144 1425 1191 et
1484 1136 1813 1206 hujusmodi.

215 1223 328 1278 Sed
361 1232 543 1278 tamen
573 1225 689 1280 haec
722 1225 902 1279 omnia
942 1225 1195 1280 dicuntur
1234 1242 1354 1280 esse
1399 1233 1544 1280 extra
1598 1241 1812 1296 corpus,

210 1312 280 1366 ad
313 1313 781 1383 comparationem
814 1313 1184 1369 fornicationis
1219 1332 1231 1367 :
1276 1313 1401 1386 quia
1431 1315 1521 1386 qui
1580 1313 1816 1368 fornica-

211 1409 324 1466 tur,
378 1411 568 1470 peccat
624 1401 761 1455 intra
817 1419 1014 1473 corpus
1072 1418 1276 1456 suum:
1329 1402 1452 1474 quia
1483 1403 1600 1474 ipsa
1631 1403 1812 1457 anima

210 1490 408 1544 transit
443 1506 508 1544 eo
539 1498 661 1546 actu
693 1491 747 1544 in
790 1491 963 1562 ipsam
982 1491 1354 1546 carnalitatem
1390 1491 1480 1545 :in
1524 1493 1627 1547 hoc
1672 1492 1814 1547 enim

209 1578 394 1633 omnis
418 1580 738 1633 seusualitas
755 1579 1022 1635 consentit
1052 1589 1103 1635 et
1125 1588 1468 1651 cooperatur,
1495 1589 1544 1635 et
1567 1581 1620 1634 in
1644 1581 1816 1652 ipsam

1922 423 2140 478 nomine
2173 423 2368 477 Christi
2404 426 2548 494 (Act.
2586 440 2639 489 v,
2662 426 2773 493 41).
2819 425 3050 478 Portatc
3071 421 3192 476 dico
3214 421 3389 474 Deum
3410 433 3520 472 non

1922 512 2098 567 solum
2130 513 2184 566 in
2207 513 2407 582 anima,
2434 513 2528 568 sed
2552 513 2713 566 etiam
2737 515 2792 567 in
2818 528 3045 584 corpore
3068 515 3269 574 vestro,
3295 515 3352 562 ut
3369 523 3522 562 mun-

1920 600 2048 655 ditia
2079 601 2327 673 corporis
2354 601 2517 657 vestri
2548 601 2715 674 digna
2747 600 2815 656 sit
2843 608 3061 671 portare
3083 599 3274 672 jugum
3295 594 3515 652 Christi.

2523 849 2750 906 CAPUT
2797 850 2913 904 VII.

1995 1068 2016 1097 α
2051 1047 2130 1101 De
2176 1046 2371 1118 quibus
2419 1053 2594 1101 autem
2643 1046 2936 1116 scripsistis
2983 1045 3160 1100 mihi:
3204 1047 3411 1102 Bonum
3439 1054 3524 1102 est

1923 1158 1945 1187 ι
1973 1135 2178 1190 homini
2208 1135 2490 1190 mulierem
2521 1151 2628 1190 non
2658 1143 2923 1208 tangere;
2956 1144 3180 1206 propter
3208 1135 3523 1191 fornicatio-

1923 1249 1944 1273 «
1981 1241 2106 1280 nem
2135 1233 2314 1279 autem
2349 1224 2723 1296 unusquisque
2755 1240 2909 1278 suam
2939 1241 3162 1280 uxorem
3201 1225 3418 1289 habeat,
3467 1231 3521 1279 et

1923 1336 1945 1364 ι
1981 1329 2319 1385 unaquzeque
2349 1330 2504 1367 suum
2536 1313 2711 1367 virum
2741 1313 2954 1368 habeat.
2980 1313 3143 1370 Uxori
3171 1313 3255 1367 vir
3277 1313 3519 1368 debitum

1922 1425 1944 1452 «
1982 1403 2193 1468 reddat,
2245 1401 2492 1456 similiter
2537 1410 2712 1456 autem
2757 1410 2809 1456 et
2858 1418 2995 1456 uxor
3035 1402 3175 1457 viro.
3215 1401 3407 1456 Mulier
3435 1401 3518 1456 sui

1922 1513 1944 1542 α
1979 1491 2226 1561 corporis
2271 1498 2592 1560 potestatem
2640 1506 2749 1544 non
2777 1490 2957 1558 habet,
2994 1490 3091 1546 sed
3121 1490 3225 1544 vir.
3260 1490 3517 1544 Similiter

1922 1601 1943 1630 α
1980 1588 2159 1634 autem
2183 1587 2234 1634 et
2256 1579 2337 1633 vir
2367 1579 2449 1632 sui
2471 1579 2718 1649 corporis
2737 1587 3053 1650 potestatem
3077 1595 3184 1634 non
3213 1578 3393 1646 habet,
3421 1579 3519 1634 sed

209 1683 435 1722 carnem
470 1668 676 1722 transit.
729 1668 826 1723 Vel
855 1669 1024 1736 aliter,
1087 1669 1384 1724 secundum
1443 1669 1812 1736 Ambrosium,
1845 1693 1898 1754 B
1925 1692 1945 1718 α
1979 1667 2190 1722 mulier.
2225 1667 2407 1721 Nolite
2438 1667 2691 1722 fraudare
2721 1667 2971 1734 invicem,
3006 1668 3111 1722 nisi
3140 1667 3274 1722 forte
3297 1684 3362 1722 ex
3379 1683 3516 1723 con-

211 1766 269 1810 ut
299 1756 722 1810 fornicationem
752 1757 838 1812 hic
869 1757 936 1811 de
981 1757 1248 1812 adulterio
1309 1758 1483 1813 solum
1537 1758 1816 1830 intelliga-

214 1861 340 1898 mus
377 1859 388 1897 :
426 1846 625 1914 Fugite
639 1847 1104 1915 fornicationem,
1128 1846 1181 1900 id
1209 1854 1290 1901 est
1319 1846 1638 1902 adulterium
1661 1863 1672 1901 :
1695 1847 1818 1918 quia

214 1948 380 1988 omne
410 1933 558 1987 aliud
580 1942 865 2004 peccatum
895 1942 976 1989 est
1007 1943 1154 1989 extra
1183 1951 1398 2005 corpus,
1435 1935 1485 1988 id
1545 1944 1626 1990 est
1669 1944 1819 1990 extra

215 2037 450 2076 uxorem
487 2037 498 2074 :
535 2023 630 2077 sed
662 2022 753 2094 qui
784 2022 1079 2077 fornicatur
1106 2031 1295 2094 peccat
1325 2023 1398 2088 in,
1435 2024 1486 2077 id
1509 2033 1590 2078 est
1611 2033 1813 2090 contra,

213 2126 419 2181 corpus
452 2127 628 2176 suum,
663 2112 717 2165 id
749 2120 828 2166 est
859 2120 1050 2167 contra
1080 2127 1303 2167 uxorem
1337 2128 1490 2166 suam
1526 2129 1537 2166 :
1572 2113 1698 2184 quia
1718 2129 1818 2184 pro

211 2209 445 2270 peccato
477 2200 850 2255 fornicationis
879 2216 1016 2255 uxor
1044 2208 1223 2271 potest
1256 2201 1496 2272 separari
1526 2202 1591 2255 ab
1620 2218 1712 2268 eo,
1766 2209 1818 2257 et

208 2305 318 2343 non
352 2297 581 2360 propter
628 2289 792 2344 aliud.
844 2291 1054 2360 Corpus
1083 2289 1184 2346 viri
1220 2290 1413 2346 dicitur
1459 2306 1596 2345 uxor
1629 2309 1640 2344 :
1695 2290 1818 2363 quia

214 2395 338 2434 cum
372 2379 603 2432 maritus
636 2386 687 2432 et
731 2395 867 2432 uxor
911 2395 1076 2432 unum
1119 2395 1316 2450 corpus
1367 2379 1682 2445 efficiantur,
1737 2380 1819 2434 vir

213 2467 438 2540 quidem
472 2476 632 2538 caput
655 2475 756 2532 est,
789 2467 982 2522 mulier
1001 2475 1176 2522 autem
1211 2468 1384 2538 portio
1415 2468 1511 2522 viri
1539 2469 1594 2522 in
1624 2469 1815 2524 eodem

213 2572 472 2627 corpore.
507 2557 604 2610 Vel
635 2556 791 2610 aliter
848 2557 1146 2612 secundum
1203 2557 1497 2612 novitatem
1555 2574 1815 2629 quorum-

213 2646 338 2699 dam
376 2661 388 2699 :
422 2654 475 2700 et
507 2645 774 2700 videbitur
803 2645 917 2701 hinc
949 2646 1216 2700 sententia
1249 2646 1548 2701 continuari
1578 2646 1642 2700 ad
1663 2646 1812 2713 illud,

213 2735 362 2805 quod
397 2734 548 2804 prius
579 2734 804 2800 dixerat,
871 2734 1255 2790 fornicatorem
1308 2735 1458 2788 illum
1491 2735 1814 2804 ejiciendum

212 2824 282 2877 ab
317 2822 590 2878 Ecclesia.
637 2822 811 2878 Omne
869 2832 1148 2894 peccatum
1209 2824 1571 2896 quodcunque
1626 2823 1816 2880 fecerit

205 2913 402 2984 aliquis
434 2913 618 2977 homo,
654 2912 706 2966 id
739 2920 820 2967 est
851 2922 1006 2966 utens
1055 2913 1284 2980 ratione,
1335 2913 1468 2967 illud
1525 2921 1606 2968 est
1662 2921 1815 2968 extra

214 3017 439 3072 corpus,
475 3001 527 3054 id
561 3009 643 3055 est
672 3008 818 3055 extra
850 3001 1172 3066 Ecclesiam,
1209 3018 1328 3073 quae
1377 3001 1567 3072 capitis
1614 3002 1814 3056 Christi

215 3106 418 3161 corpus
450 3097 533 3144 est
569 3105 580 3143 :
615 3089 738 3161 quia
770 3107 890 3162 quae
917 3090 1126 3144 ratione
1174 3098 1330 3144 utens
1391 3090 1529 3156 facit,
1583 3092 1816 3147 venialia

212 3189 338 3234 sunt
379 3195 390 3232 :
424 3188 476 3234 et
506 3188 730 3250 propter
761 3181 875 3235 haec
905 3196 1013 3234 non
1045 3188 1326 3251 separatur
1343 3181 1816 3236 abEcclesiazsed

213 3269 300 3324 ille
335 3269 430 3339 qui
489 3267 799 3332 fornicatur,
834 3277 1024 3339 peccat
1080 3270 1133 3322 in
1166 3285 1362 3340 corpus
1417 3286 1592 3336 suum,
1625 3270 1679 3324 id
1737 3278 1817 3324 est

214 3367 407 3414 contra
437 3357 760 3422 Ecclesiam,
795 3358 945 3428 cujus
966 3358 1214 3429 corporis
1246 3359 1546 3412 membrum
1577 3367 1690 3413 est:
1717 3376 1816 3429 pro

216 3454 444 3518 peccato
491 3446 636 3501 enim
679 3445 1051 3502 fornicationis
1095 3448 1160 3500 ab
1209 3447 1452 3502 Ecclesia
1511 3456 1813 3518 separatur.

215 3538 418 3592 lterum
449 3551 617 3590 causa
648 3553 810 3606 quare
844 3535 1047 3609 fugiant
1072 3535 1502 3602 fornicationem,
1527 3545 1816 3607 propterea

219 3624 515 3680 fornicatio
545 3623 802 3696 fugienda
834 3633 939 3679 est:
968 3625 1094 3696 quia
1125 3643 1199 3681 an
1225 3627 1456 3681 nescitis
1480 3625 1622 3698 quod
1642 3643 1817 3681 mem-

227 3713 462 3771 10’7
485 3715 580 3768 bra
601 3717 786 3768 vestra
809 3716 1232 3786 templumsunt
1262 3715 1507 3785 Spiritus
1538 3715 1742 3782 sancti,
1762 3714 1814 3767 id

216 3812 294 3859 est
322 3803 557 3872 Spiritus
589 3811 808 3856 sanctus
839 3803 1096 3857 membris
1122 3803 1317 3857 vestris
1348 3803 1527 3872 utitur,
1561 3803 1689 3856 dum
1721 3819 1817 3872 per

215 3908 441 3946 manum
473 3899 713 3945 nostram
746 3891 1148 3962 eleemosynam
1181 3892 1270 3945 dat
1300 3891 1542 3962 pauperi.
1581 3891 1814 3946 Pedibus

213 3982 320 4035 itur
349 3981 420 4034 ad
453 3980 813 4034 visitationem
846 3979 1064 4034 infirmi.
1092 3981 1301 4051 thuia
1327 3980 1588 4034 membris
1622 3980 1814 4034 vestris

217 4071 294 4126 sic
327 4070 494 4123 utitur
523 4069 756 4138 Spiritus
785 4069 836 4122 in
870 4069 1342 4124 administratione
1400 4085 1513 4135 sua,
1547 4069 1711 4123 nolite
1743 4069 1813 4122 il-

214 4159 323 4212 lum
357 4158 682 4212 fornicando
701 4159 976 4228 expellere
1009 4174 1040 4212 a
1071 4158 1244 4212 vobis.
1282 4159 1484 4212 Iterum
1515 4158 1656 4224 ideo,
1691 4157 1815 4230 quia

213 4249 302 4319 qui
334 4247 570 4317 Spiritus
600 4247 653 4300 in
687 4247 838 4300 vobis
868 4255 949 4300 est
976 4246 1192 4300 assidua
1223 4247 1522 4311 mansione,
1560 4263 1661 4302 nec
1691 4247 1814 4301 ideo

214 4337 413 4391 iterum
447 4335 722 4406 repellatis
749 4352 890 4401 eum,
925 4335 1051 4407 quia
1085 4352 1244 4407 quem
1293 4335 1550 4406 Spiritum
1602 4335 1815 4390 habetis

1922 1785 1943 1806 ι
1979 1774 2143 1812 sensu
2190 1757 2259 1810 ad
2307 1764 2540 1826 tempus,
2593 1765 2647 1810 ut
2691 1757 2894 1812 vacetis
2942 1757 3208 1812 orationi:
3240 1764 3291 1811 et
3321 1756 3514 1811 iterum

1923 1870 1943 1894 α
1982 1845 2315 1901 revertimini
2345 1845 2398 1898 in
2431 1845 2685 1916 idipsum,
2718 1862 2786 1900 ne
2817 1853 2983 1901 tentet
3017 1861 3112 1901 vos
3129 1845 3362 1900 Satanas
3389 1861 3518 1915 pro-

1923 1959 1943 1982 «
1980 1943 2100 2006 pter
2130 1933 2568 1990 incontinentiam
2622 1942 2877 1989 vestram.
2913 1935 3028 1990 Hoc
3057 1942 3235 1989 autem
3267 1933 3390 1989 dico
3420 1949 3510 1989 se-

1924 2046 1945 2074 «
1981 2023 2214 2079 cundum
2264 2023 2678 2093 indulgentiam,
2730 2031 2783 2078 et
2829 2039 2938 2078 non
2987 2023 3285 2078 secundum
3337 2021 3514 2093 impe-

1923 2137 1944 2159 α
1980 2112 2137 2166 rium.
2171 2111 2306 2167 Volo
2355 2120 2532 2166 autem
2564 2128 2755 2167 omnes
2802 2128 2900 2167 vos
2931 2111 3179 2167 homines
3209 2127 3351 2180 esse,
3375 2111 3516 2167 sicut

1924 2224 1946 2252 ι
1982 2201 2270 2272 meipsum.
2324 2201 2432 2256 Sed
2462 2201 2832 2273 unusquisque
2865 2201 3147 2272 proprium
3179 2199 3380 2256 donum
3411 2201 3515 2255 ha-

1922 2314 1943 2337 «
1980 2291 2069 2344 bet
2100 2306 2165 2345 ex
2210 2289 2333 2362 [al.,
2380 2288 2432 2362 a]
2463 2290 2580 2344 Deo
2615 2308 2627 2344 :
2663 2289 2802 2344 alius
2834 2289 3052 2361 quidem
3083 2289 3180 2357 sic,
3213 2289 3352 2344 alius
3383 2305 3515 2345 vero

1924 2400 1946 2429 α
1982 2378 2085 2434 sic.
2126 2378 2259 2433 Dico
2289 2385 2465 2432 autem
2495 2394 2602 2432 non
2646 2378 2824 2448 nuptis
2854 2386 2907 2432 et
2937 2378 3153 2444 viduis;
3202 2377 3402 2433 bonum
3435 2385 3518 2433 est

1923 2489 1945 2518 ι
1981 2467 2088 2521 illis
2118 2467 2162 2520 si
2194 2467 2272 2522 sic
2317 2467 2740 2538 permanserint,
2776 2467 2914 2523 sicut
2946 2476 2998 2521 et
3029 2484 3158 2540 ego.
3198 2466 3354 2536 Quod
3379 2467 3423 2521 si
3455 2484 3514 2522 se

1921 2579 1942 2608 α
1971 2572 2078 2612 non
2126 2556 2420 2623 continent,
2466 2557 2686 2611 nubant.
2738 2556 2927 2611 Melius
2973 2564 3054 2611 est
3102 2557 3246 2612 enim
3290 2556 3514 2625 nubere,

1925 2668 1946 2697 ‹‹
1982 2662 2141 2718 quam
2191 2645 2294 2700 uri.
2331 2645 2425 2700 IIis
2455 2654 2636 2700 autem
2668 2644 2760 2716 qui
2787 2645 3132 2700 matrimonio
3157 2645 3328 2715 juncti
3368 2654 3509 2714 sunt,

1922 2759 1942 2781 ιι
1980 2735 2234 2805 praecipio
2264 2750 2372 2789 non
2401 2751 2524 2807 ego,
2552 2735 2648 2789 sed
2666 2734 2948 2803 Dominus,
2974 2750 3198 2789 uxorem
3220 2750 3252 2789 a
3272 2733 3388 2790 viro
3408 2750 3516 2790 non

1923 2846 1944 2873 ι
1981 2824 2286 2880 discedere.
2337 2823 2493 2892 Quod
2524 2823 2568 2876 si
2597 2823 2931 2891 discesserit,
2965 2837 3184 2878 manere
3214 2823 3513 2894 innuptam,

1922 2934 1944 2963 α
1980 2920 2072 2967 aut
2102 2913 2218 2968 viro
2267 2927 2365 2967 suo
2414 2913 2771 2968 reconciliari.
2807 2913 2874 2967 Et
2917 2913 3001 2969 vir
3031 2928 3253 2968 uxorem
3286 2929 3395 2967 non
3427 2912 3514 2966 di-

1919 3025 1940 3047 -
1976 3001 2168 3056 mittat.
2201 3002 2342 3056 Nam
2384 3002 2592 3057 caeteris
2631 3001 2754 3057 dico
2802 3017 2926 3073 ego,
2987 3017 3094 3056 non
3143 3001 3424 3056 Dominus.
3461 3001 3518 3056 Si

1919 3115 1940 3137 «
1977 3090 2098 3162 quis
2130 3090 2298 3145 frater
2320 3107 2544 3146 uxorem
2570 3090 2729 3146 habet
2752 3090 3047 3157 infidelem,
3082 3099 3134 3146 et
3155 3092 3271 3146 hinc
3291 3106 3517 3146 consen-

1920 3201 1942 3229 α
1978 3179 2037 3233 tit
2066 3179 2307 3234 habitare
2337 3195 2458 3235 cum
2490 3179 2602 3245 illo,
2637 3195 2743 3234 non
2793 3179 3026 3235 dimittat
3055 3180 3222 3235 illam.
3258 3181 3322 3234 Et
3343 3180 3388 3234 si
3410 3195 3520 3251 qua

1919 3293 1939 3315 «
1976 3269 2173 3324 mulier
2215 3266 2390 3323 fidelis
2440 3268 2600 3323 habet
2630 3268 2806 3324 virum
2841 3268 3136 3336 infidelem,
3169 3277 3221 3324 et
3250 3269 3338 3325 hic
3378 3284 3514 3324 con-

1920 3379 1941 3407 (ι
1978 3359 2140 3412 sentit
2171 3358 2411 3413 habitare
2443 3373 2564 3412 cum
2595 3357 2706 3423 illa,
2742 3373 2849 3412 non
2882 3357 3118 3413 dimittat
3147 3359 3342 3413 virum.
3375 3358 3514 3413 San-

1921 3469 1939 3498 ι
1977 3445 2240 3502 ctiticatus
2271 3455 2352 3500 est
2382 3446 2527 3500 enim
2559 3446 2638 3501 vir
2667 3445 2900 3502 infidelis
2925 3464 3021 3517 per
3065 3447 3348 3503 mulierem
3378 3446 3516 3503 fide-

1920 3557 1942 3586 ι
1978 3536 2103 3601 lem,
2122 3544 2172 3589 et
2189 3533 2520 3590 sanctificata
2533 3535 2820 3590 estmulier
2837 3533 3069 3590 infidelis
3085 3553 3186 3607 per
3201 3537 3372 3591 virum
3391 3536 3521 3592 fide-

1920 3647 1942 3675 ι
1977 3624 2103 3679 lem.
2142 3624 2390 3695 Alioquin
2437 3622 2530 3677 filii
2577 3624 2741 3679 vestri
2789 3623 3053 3678 immundi
3101 3634 3301 3691 essent,
3370 3641 3516 3682 nunc

1919 3737 1940 3760 «
1976 3721 2153 3768 autem
2189 3713 2362 3768 sancti
2393 3712 2622 3785 [mundi]
2653 3720 2794 3767 sunt.
2829 3712 2987 3780 Quod
3018 3713 3062 3767 si
3084 3711 3317 3769 infidelis
3337 3713 3516 3770 disce-

1924 3823 1942 3853 ι
1975 3802 2070 3868 dit,
2105 3801 2366 3857 discedat.
2402 3803 2524 3856 Non
2556 3803 2698 3857 enim
2731 3802 2975 3857 servituti
3005 3803 3281 3872 subjectus
3312 3813 3393 3858 est
3411 3803 3516 3859 fra-

1919 3916 1940 3939 ιι
1977 3900 2061 3946 ter
2089 3892 2173 3946 vel
2207 3907 2362 3947 soror
2413 3892 2467 3945 in
2498 3892 2785 3961 ejusmodi.
2821 3893 2880 3947 In
2910 3909 3046 3964 pace
3077 3902 3257 3949 autem
3304 3894 3517 3950 vocavit

1919 4003 1940 4028 α
1978 3997 2074 4035 vos
2107 3981 2272 4035 Deus.
2292 3980 2445 4036 Unde
2477 3981 2620 4034 enim
2652 3980 2778 4048 scis,
2804 3981 3019 4048 mulier,
3041 3982 3086 4036 si
3099 3982 3275 4038 virum
3305 3982 3517 4038 salvum

1920 4090 1942 4119 ε
1977 4068 2141 4124 facies
2163 4070 2189 4124 ?
2245 4071 2348 4123 Aut
2406 4069 2548 4124 unde
2605 4069 2736 4135 scis,
2771 4070 2868 4138 vir,
2919 4071 2964 4124 si
2995 4071 3282 4126 mulierem
3310 4071 3515 4127 salvam

1920 4180 1942 4209 α
1970 4157 2135 4213 facies
2157 4159 2184 4212 ?
2205 4158 2320 4211 Nisi
2344 4157 2630 4229 unicuique
2661 4159 2798 4214 sicut
2819 4159 2998 4214 divisit
3023 4160 3305 4228 Dominus,
3332 4178 3518 4216 unum-

1921 4271 1941 4293 «
1981 4263 2251 4318 quemque
2279 4247 2417 4302 sicut
2464 4247 2673 4302 vocavit
2703 4249 2870 4314 Deus,
2903 4249 2977 4302 ita
3005 4249 3263 4316 ambulet,
3303 4259 3355 4305 et
3377 4251 3519 4306 sicut

1921 4357 1941 4384 ι
1978 4335 2176 4406 ubique
2224 4335 2276 4389 in
2325 4336 2577 4390 omnibus
2609 4336 2872 4392 Ecclesiis
2928 4338 3119 4393 doceo.
3153 4339 3519 4396 Circumcisus

211 4440 243 4478 a
273 4427 411 4489 Deo,
449 4426 563 4495 ipse
597 4424 738 4478 enim
783 4425 938 4479 dator
993 4424 1124 4477 satis
1174 4424 1327 4478 vobis
1383 4424 1814 4479 commendabile
1843 4417 1894 4475 D
1920 4448 1941 4471 α
1979 4423 2172 4495 aliquis
2229 4432 2450 4479 vocatus
2499 4433 2581 4480 est
2609 4426 2636 4480 ?
2667 4441 2775 4480 non
2819 4426 3051 4482 adducat
3081 4428 3424 4499 praeputium.
3459 4431 3519 4483 In

215 4517 340 4572 facit
371 4515 576 4568 donum
609 4531 782 4567 suum.
820 4514 882 4567 Et
915 4530 1013 4584 pro
1043 4521 1117 4567 tot
1149 4513 1326 4568 causis
1357 4513 1522 4568 nolite
1573 4514 1818 4568 membra

213 4615 396 4661 vestra
430 4603 665 4657 subdere
697 4601 1061 4657 fornicationi.
1089 4605 1170 4655 An
1202 4602 1361 4656 etiam
1391 4602 1656 4674 ignoratis
1673 4602 1814 4674 quod

215 4711 313 4750 vos
331 4709 442 4746 non
465 4691 593 4745 estis
625 4691 789 4745 vestri
817 4690 970 4758 juris,
1015 4691 1110 4744 sed
1129 4691 1224 4744 Dei
1247 4691 1272 4742 ἱ)
1304 4690 1406 4758 Qui
1439 4691 1579 4744 enim
1601 4691 1816 4745 alterius

215 4790 317 4851 est,
351 4780 582 4850 imperio
612 4781 728 4848 ejus
749 4780 1062 4849 mancipare
1093 4796 1150 4833 se
1181 4779 1361 4833 debet.
1399 4780 1538 4833 Vere
1566 4796 1672 4834 non
1687 4779 1816 4834 estis

214 4871 405 4936 vestri,
439 4871 574 4924 estis
605 4870 757 4923 enim
789 4869 983 4940 empti,
1019 4876 1068 4922 et
1096 4869 1211 4936 ejus
1243 4867 1386 4921 servi
1421 4867 1569 4934 estis,
1605 4868 1694 4940 qui
1721 4884 1816 4923 vos

215 4959 486 5014 emit.Nec
510 4955 790 5026 emptilevi
811 4959 992 5027 pretio
1017 4957 1114 5010 sed
1140 4973 1378 5028 magno;
1406 4956 1532 5027 quia
1547 4956 1816 5029 sanguine

213 5047 439 5103 Christi.
463 5046 670 5101 Etideo
693 5045 856 5100 nolite
889 5043 1141 5100 fornicari
1170 5045 1266 5099 sed
1297 5046 1609 5116 glori/icate
1642 5046 1816 5100 Deum

213 5134 543 5192 Glorificare
573 5136 742 5188 Deum
767 5141 846 5188 est
877 5133 1134 5187 munditia
1170 5133 1295 5187 vitae
1315 5133 1410 5187 Dei
1430 5134 1657 5205 gloriam
1682 5151 1816 5187 nun-

213 5227 373 5281 tiare.
398 5222 500 5292 Qui
533 5223 674 5277 enim
699 5222 1123 5290 videtjustitiam
1157 5222 1307 5290 justi,
1329 5221 1595 5294 glorificat
1621 5224 1812 5291 Deum,

209 5331 376 5372 causa
422 5315 576 5382 cujus
625 5320 676 5367 et
730 5311 1000 5380 adjutorio
1023 5311 1100 5366 sic
1148 5311 1295 5366 vivit.
1329 5312 1647 5380 Glari/icate
1670 5311 1810 5376 dico,

210 5411 267 5460 et
300 5406 523 5476 portate
555 5403 747 5456 Deum.
794 5401 1006 5454 Portare
1041 5401 1211 5454 Deum
1269 5408 1347 5455 est
1376 5417 1515 5453 onus
1545 5400 1704 5454 totius
1726 5401 1817 5454 ad-

211 5492 510 5556 versitalis,
543 5507 662 5561 qua:
695 5505 857 5544 causa
887 5487 987 5543 Dei
1019 5488 1264 5555 infertur,
1301 5489 1566 5543 sustinere
1599 5489 1814 5559 patien-

213 5591 330 5637 ter:
365 5579 681 5652 etexemplo
702 5577 978 5650 patientia:
1005 5579 1177 5635 Deum
1196 5578 1265 5634 ad
1285 5578 1418 5634 alios
1438 5586 1674 5651 portare,
1701 5579 1812 5652 qui,

1923 4536 1943 4560 α
1978 4513 2241 4584 praeputio
2270 4513 2463 4584 aliquis
2494 4522 2718 4569 vocatus
2766 4523 2847 4570 est
2867 4515 2893 4568 ξ’
2923 4531 3032 4570 non
3062 4517 3506 4573 circumcidatur.

1927 4620 1947 4651 ί
1979 4601 2327 4657 Circumcisio
2358 4602 2489 4655 nihil
2538 4611 2637 4668 est,
2671 4613 2723 4658 et
2771 4604 3092 4675 praeputium
3124 4605 3255 4660 nihil
3285 4615 3385 4674 est,
3419 4607 3516 4661 sed

1922 4712 1944 4740 κ
1980 4691 2287 4746 observatio
2341 4691 2723 4747 mandatorum
2755 4693 2872 4748 Dei.
2909 4695 3291 4766 Unusquisque
3323 4696 3377 4749 in
3408 4712 3516 4767 qua

1922 4780 2262 4835 «vocatione
2319 4789 2544 4836 vocatus
2595 4789 2698 4847 est,
2750 4782 2804 4836 in
2852 4799 2917 4836 ea
2944 4792 3279 4854 permaneat.
3314 4785 3518 4841 Servus

1923 4891 1944 4918 α
1980 4877 2204 4924 vocatus
2235 4869 2337 4924 es?
2367 4885 2474 4924 non
2506 4869 2573 4924 sit
2606 4870 2700 4924 tibi
2728 4887 2904 4926 curre:
2941 4872 3038 4927 sed
3070 4881 3122 4927 et
3153 4873 3198 4927 si
3222 4883 3378 4944 potes
3401 4874 3516 4930 fieri

1921 4979 1944 5006 α
1978 4957 2134 5022 liber,
2185 4957 2361 5028 magis
2411 4966 2576 5013 utere.
2630 4957 2730 5026 Qui
2762 4959 2906 5014 enim
2938 4960 2991 5014 in
3031 4961 3263 5016 Domino
3297 4971 3518 5018 vocatus

1921 5067 1943 5096 α
1981 5053 2061 5100 est
2091 5062 2298 5112 servus,
2333 5046 2559 5100 libertus
2590 5055 2672 5102 est
2701 5048 2951 5103 Domini:
2985 5050 3233 5106 similiter
3262 5053 3354 5124 qui
3383 5053 3520 5108 liber

1921 5159 1941 5180 α
1979 5142 2205 5190 vocatus
2235 5142 2334 5200 est,
2370 5151 2564 5190 servus
2595 5144 2676 5192 est
2707 5137 2924 5192 Christi.
2960 5139 3139 5195 Pretio
3161 5141 3327 5212 empti
3345 5142 3512 5207 estis;

1922 5246 1942 5270 ιι
1981 5223 2146 5278 nolite
2190 5223 2305 5278 fieri
2356 5224 2497 5280 servi
2555 5225 2850 5281 hominum.
2886 5228 3270 5302 Unusquisque
3299 5247 3430 5301 ergo
3458 5231 3514 5284 in

1921 5334 1943 5361 «
1981 5329 2088 5384 quo
2148 5322 2368 5368 vocatus
2416 5322 2498 5369 est
2552 5314 2737 5384 frater,
2789 5315 2848 5370 in
2895 5317 3000 5373 hoc
3031 5327 3339 5388 permaneat
3369 5319 3514 5388 apud

1921 5423 1943 5451 α
1979 5403 2178 5456 Deum.
2211 5403 2289 5458 De
2313 5403 2612 5475 virginibus
2629 5414 2807 5459 autem
2830 5415 3155 5477 praeceptum
3171 5406 3387 5460 Domini
3408 5423 3517 5462 non

1921 5515 1941 5536 α
1979 5491 2196 5546 habeo:
2232 5491 2518 5547 consilium
2563 5501 2740 5550 autem
2769 5495 2858 5561 do,
2893 5503 3150 5566 tanquam
3195 5494 3514 5551 misericor-

1921 5602 1943 5631 κ
1980 5579 2124 5636 diam
2163 5579 2398 5640 108
2433 5590 2757 5640 consecutus
2787 5598 2820 5640 a
2839 5583 3093 5655 Domino,
3118 5592 3176 5641 ut
3194 5583 3297 5641 sim
3316 5583 3515 5644 fidelis.
