3960 6036
479 164 582 218 155
1040 164 1097 221 S.
1130 163 1483 222 BRUNONIS
1520 161 2166 222 CARTHUSIANORUM
2202 161 2683 221 INSTITUTOBIS
2720 162 2873 221 OPP.
2915 165 3091 223 PARS
3128 166 3197 222 II.
3670 168 3775 223 156

479 306 503 337 α
540 285 802 345 Existimo
831 302 968 363 ergo
997 288 1104 346 hoc
1134 289 1338 345 bonum
1368 305 1491 345 esse
1538 296 1762 361 propter
1790 288 2082 344 instantem
2110 289 2166 349 Α
2188 288 2401 343 tionem
2429 289 2810 363 unusquisque
2840 288 3040 345 habeat
3069 305 3233 345 suam
3254 303 3512 355 uxorem,
3537 293 3595 346 et
3618 306 3771 347 una-

477 393 500 425 ι
534 376 937 444 necessitatem,
971 377 1222 450 quoniam
1242 377 1447 433 bonum
1476 385 1559 434 est
1584 377 1791 434 homini
1822 377 1900 433 sic
1931 393 2074 432 esse.
2180 393 2405 451 qumque
2426 378 2635 433 mulier
2656 376 2856 433 habeat
2871 394 3039 433 suum
3051 378 3255 445 virum,
3275 379 3377 434 hoc
3395 378 3775 435 concedo.Ubi

481 485 503 513 α
537 464 804 537 Alligatus
833 482 894 521 es
923 466 1128 522 uxori?
1152 466 1265 522 noli
1287 483 1535 539 quaerere
1558 467 1904 522 solutionem.
1931 466 2084 522 Solu-
2181 464 2253 519 ait
2281 482 2443 521 suam
2465 482 2721 532 uxorem,
2738 466 2975 521 excludit
2992 482 3087 521 eos
3105 467 3299 539 quibus
3321 483 3430 522 non
3462 467 3664 524 licitum
3686 475 3771 523 est

484 573 507 603 ι
541 560 628 608 tus
655 570 713 608 es
739 555 808 608 ab
836 570 1007 611 uxore
1033 556 1061 610 ?
1090 555 1202 610 noli
1234 572 1483 627 quaerere
1511 572 1757 611 uxorem.
1802 555 1858 611 Si
1901 563 2079 610 autem
2179 553 2421 626 legitime
2451 555 2653 610 ducere
2680 570 2922 620 uxorem,
2947 563 3004 609 ut
3026 571 3121 610 eos
3144 555 3236 627 qui
3265 556 3416 610 altari
3445 556 3773 611 ministrant.

482 663 504 688 σε
539 642 819 713 acceperis
875 660 1123 710 uxorem,
1175 659 1284 699 non
1332 643 1603 715 peccasti;
1647 652 1699 699 et
1747 643 1793 699 si
1840 643 2082 715 nupserit
2182 642 2286 698 Ubi
2317 643 2387 697 ait
2415 645 2626 699 mulier
2656 644 2857 699 habeat
2876 643 3082 709 virum,
3107 644 3344 699 excludit
3364 660 3479 715 eas,
3512 662 3632 717 quae
3663 660 3776 700 non

486 750 509 781 α
544 729 701 802 virgo
729 747 836 786 non
851 731 1129 803 peccavit;
1156 732 1556 788 tribulationem
1577 740 1757 787 tamen
1779 732 1957 788 carnis
1979 733 2079 787 ha-

483 839 505 869 ‹
542 818 746 874 bebunt
788 821 1120 889 hujusmodi.
1172 822 1291 892 Ego
1320 829 1502 877 autem
1539 821 1695 876 vobis
1724 837 1916 893 parco.
1965 822 2081 877 Hoc

483 930 506 954 α
541 907 721 980 itaque
743 908 886 976 dico,
920 908 1152 965 fratres:
1198 910 1436 981 Tempus
1467 910 1631 965 breve
1662 917 1779 966 est:
1812 909 2079 982 reliquum

484 1016 507 1046 α
542 1004 643 1065 est,
677 1004 736 1051 ut
763 1005 816 1052 et
843 997 935 1070 qui
968 998 1164 1053 habent
1197 1014 1413 1065 uxores,
1444 1006 1701 1070 tanquam
1727 1014 1836 1054 non
1866 999 2079 1054 haben-

483 1104 507 1135 ι
541 1091 623 1140 tes
656 1084 796 1152 sint;
831 1094 883 1141 et
914 1087 1007 1158 qui
1039 1086 1190 1157 flent,
1232 1095 1487 1159 tanquam
1518 1103 1629 1142 non
1657 1087 1958 1154 flentes;et
1988 1087 2081 1159 qui

485 1194 507 1224 α
534 1174 790 1247 gaudent,
845 1182 1100 1248 tanquam
1147 1192 1257 1231 non
1300 1176 1638 1249 gaudentes;
1676 1184 1727 1232 et
1751 1177 1843 1249 qui
1872 1184 2077 1246 emunt,

482 1284 503 1310 υ
536 1270 793 1334 tanquam
847 1280 957 1320 non
1005 1264 1386 1336 possidentes;
1444 1272 1497 1321 et
1555 1264 1645 1338 qui
1699 1272 1922 1320 utuntur
1976 1266 2081 1321 hoc

483 1371 506 1402 ι
538 1352 764 1420 mundo,
797 1360 1051 1424 tanquam
1073 1370 1182 1408 non
1206 1360 1422 1409 utantur
1445 1371 1458 1408 :
1481 1354 1723 1425 praeterit
1743 1354 1888 1409 enim
1905 1351 2081 1425 ﬁgura

485 1460 507 1490 ιι
543 1440 700 1509 hujus
757 1442 965 1496 mundi.
1018 1442 1156 1498 Volo
1205 1450 1383 1498 autem
1414 1458 1511 1498 vos
1556 1443 1673 1498 sine
1720 1442 2079 1498 sollicitudine

481 1548 504 1577 ι
540 1544 683 1585 esse.
717 1528 822 1597 Qui
853 1529 969 1585 sine
999 1546 1168 1586 uxore
1187 1540 1287 1597 est,
1312 1530 1574 1587 sollicitus
1595 1538 1679 1587 est
1711 1547 1830 1603 quae
1863 1530 2079 1587 Domini

2180 731 2422 802 legitime
2451 732 2797 803 copulantur,
2831 748 2931 788 nec
2960 733 3163 788 habent
3190 733 3357 799 viros,
3377 734 3528 802 juxta
3558 734 3688 788 illud
3717 734 3775 788 in

2180 820 2482 893 Evangelio
2516 839 2529 876 :
2564 820 2663 877 Hic
2695 836 2853 892 quem
2893 844 2914 868 ‹‹
2950 837 3093 877 nunc
3141 822 3330 892 habes,
3381 838 3492 877 non
3538 830 3620 878 est
3651 830 3776 877 tuus

2180 908 2265 964 vir
2293 910 2477 979 (Joan.
2511 926 2586 976 IV,
2622 910 2733 980 18).
2774 934 2795 958 n
2832 909 2981 965 Licet
3002 926 3169 965 unum
3198 910 3404 965 bonum
3431 910 3670 981 conjugii
3686 910 3777 967 hic

2182 997 2522 1053 solummodo
2549 1005 2800 1069 reponat,
2853 998 3060 1054 scilicet
3094 998 3404 1066 vitationem
3455 998 3777 1055 fornicatio-

2180 1085 2285 1152 nis,
2317 1086 2417 1141 ista
2446 1093 2629 1141 tamen
2657 1094 2800 1151 sunt,
2852 1086 3061 1143 scilicet
3095 1087 3320 1143 intentio
3369 1086 3591 1152 sobolis,
3640 1086 3777 1142 ﬁdes

2180 1175 2301 1241 tori,
2337 1174 2393 1229 id
2441 1183 2524 1230 est
2568 1191 2638 1230 ne
2685 1174 3037 1242 fornicentur,
3074 1184 3127 1230 et
3156 1176 3335 1249 ﬁgura
3375 1175 3491 1232 veri
3536 1175 3779 1248 conjugii

2182 1263 2383 1319 Christi
2412 1271 2466 1319 et
2493 1263 2777 1319 Ecclesim.
2813 1262 3042 1332 Quando
3074 1264 3218 1319 enim
3250 1265 3396 1319 Deus
3424 1264 3649 1335 primam
3686 1263 3774 1319 fe-

2183 1352 2385 1407 minam
2402 1352 2576 1421 junxit
2604 1352 2742 1418 viro,
2773 1352 2841 1408 de
2871 1360 3023 1409 costa
3054 1353 3152 1409 viri
3184 1352 3491 1420 formatam,
3518 1352 3777 1426 ﬁguravit

2186 1440 2486 1497 Ecclesiam
2512 1441 2849 1513 jungendam
2878 1441 3092 1497 Christo
3120 1442 3188 1497 de
3211 1442 3381 1497 latere
3402 1442 3519 1511 ejus
3538 1442 3592 1495 in
3614 1457 3780 1497 cruce

2181 1528 2484 1585 formatam.
2513 1530 2629 1585 Nec
2660 1530 2731 1584 ita
2760 1530 2843 1585 vir
2864 1538 2916 1585 et
2946 1546 3081 1586 uxor
3108 1530 3429 1586 conveniant
3459 1530 3620 1599 (sicut
3648 1531 3766 1603 qui-

483 1639 503 1663 η
542 1625 686 1687 sunt,
719 1619 992 1689 quomodo
1020 1620 1231 1690 placeat
1262 1621 1396 1675 Deo.
1432 1619 1533 1690 Qui
1554 1627 1734 1675 autem
1755 1636 1879 1677 cum
1909 1636 2078 1676 uxore
2109 1619 2307 1705 Bdam
2350 1619 2559 1690 pseudo
2614 1619 2937 1690 praedicant)
2995 1618 3112 1674 sine
3175 1619 3570 1683 commistione,
3630 1619 3780 1674 velut

482 1728 504 1751 «
541 1714 642 1772 est,
675 1706 937 1764 sollicitus
969 1716 1052 1763 est
1082 1725 1205 1780 qua:
1234 1716 1361 1763 sunt
1408 1710 1615 1778 mundi,
1649 1709 1922 1781 quomodo
1959 1709 2080 1781 pla-

2182 1708 2347 1763 frater
2401 1715 2453 1763 et
2512 1723 2672 1763 soror
2731 1707 3039 1763 cohabitent
3073 1727 3086 1774 ;
3121 1708 3217 1763 sed
3250 1710 3335 1764 vir
3378 1709 3572 1764 reddat
3628 1708 3781 1763 debi-

483 1816 505 1839 ε
540 1802 661 1850 ceat
689 1795 863 1864 uxori,
898 1804 949 1852 et
979 1796 1185 1852 divisus
1216 1805 1323 1852 est.
1381 1799 1449 1853 Et
1505 1798 1702 1854 mulier
1759 1798 1982 1870 innupta
2030 1805 2084 1853 et
2184 1800 2306 1851 tum
2365 1798 2575 1852 uxori:
2608 1797 2878 1852 similiter
2934 1800 3129 1852 autem
3157 1801 3212 1853 et
3242 1814 3389 1853 uxor
3409 1796 3601 1852 reddat
3631 1796 3780 1851 debi-

484 1906 505 1929 u
543 1882 699 1956 virgo
728 1884 927 1956 cogitat
957 1902 1077 1958 quae
1107 1886 1324 1941 Domini
1358 1893 1500 1954 sunt,
1552 1894 1609 1941 ut
1638 1886 1707 1941 sit
1735 1895 1921 1943 sancta
1950 1902 2078 1943 cor-

486 1994 507 2019 u
544 1987 679 2043 pore
700 1979 753 2027 et
786 1973 997 2044 spiritu.
1032 1973 1163 2044 Quae
1194 1982 1375 2030 autem
1404 1984 1568 2046 nupta
1598 1984 1699 2042 est,
1731 1976 1931 2049 cogitat
1960 1993 2081 2047 quin

483 2081 507 2111 ι
541 2068 666 2115 sunt
695 2061 902 2128 mundi,
936 2063 1209 2135 quomodo
1255 2063 1473 2134 placeat
1501 2063 1638 2130 viro,
1673 2065 1843 2120 Porro
1875 2065 1979 2120 hoc
2009 2065 2081 2119 ad

479 2172 501 2196 κ
536 2149 822 2205 utilitatem
854 2159 1093 2206 vestram
1122 2151 1265 2219 dico,
1295 2167 1404 2208 non
1435 2160 1492 2207 ut
1531 2152 1784 2224 laqueum
1814 2153 1969 2209 vobis
2000 2153 2082 2208 in-

484 2259 507 2285 α
536 2237 740 2307 jiciam,
772 2239 870 2295 sed
899 2239 967 2294 ad
996 2240 1051 2295 id
1080 2240 1226 2312 quod
1275 2242 1561 2297 honestum
1595 2249 1699 2311 est,
1733 2250 1786 2297 et
1816 2243 1963 2314 quod
1992 2242 2079 2297 fa-

480 2346 502 2376 ¢
539 2326 794 2382 cultatem
827 2328 1069 2399 praebeat
1097 2329 1214 2384 sine
1243 2328 1631 2401 impedimento
1662 2330 1953 2386 Dominum
1984 2331 2080 2386 ob-

482 2432 510 2463 α
539 2416 1077 2488 secrandi.[Domino
1106 2418 1482 2491 observandi].
1515 2419 1570 2474 Si
1603 2418 1725 2490 quis
1752 2426 1931 2475 autem
1966 2427 2081 2474 tur-

485 2524 507 2554 α
540 2519 666 2574 pem
696 2520 755 2560 se
786 2505 959 2561 videri
991 2506 1262 2561 existimat
1288 2523 1455 2578 super
1484 2507 1699 2580 virgine
1729 2524 1825 2563 sua
1848 2508 1989 2580 quod
2011 2509 2080 2563 sit

483 2612 505 2643 α
542 2593 905 2664 superadulta,
938 2602 991 2650 et
1015 2595 1090 2649 ita
1110 2604 1321 2667 oportet
1349 2594 1506 2663 ﬁeri;
1542 2597 1686 2668 quod
1716 2597 1845 2663 vult,
1878 2597 2075 2652 faciat:

481 2701 504 2731 ι
539 2696 648 2737 non
673 2691 881 2753 peccat,
917 2682 963 2737 si
992 2684 1178 2740 nubat.
1211 2685 1350 2739 Nam
1373 2684 1464 2757 qui
1496 2685 1681 2740 statuit
1711 2686 1765 2740 in
1796 2686 1957 2742 corde
1980 2702 2078 2741 suo

481 2793 503 2817 α
540 2767 751 2837 ﬁrmus,
800 2787 907 2827 non
934 2773 1142 2829 habens
1185 2774 1586 2841 necessitatem,
1622 2782 1946 2845 potestatem
1976 2791 2077 2829 au-

483 2880 506 2909 «
542 2865 650 2915 tem
681 2860 889 2915 habens
937 2878 1049 2917 suae
1098 2861 1412 2930 voluntatis,
1466 2871 1518 2917 et
1565 2864 1669 2918 hoc
1712 2863 1975 2932 judicavit
2022 2864 2080 2918 in

482 2969 504 2994 α
541 2948 707 3003 corde
733 2964 831 3004 suo
863 2965 1082 3005 servare
1111 2949 1380 3024 virginem
1411 2967 1583 3017 suam,
1620 2951 1759 3007 bene
1790 2950 1936 3008 facit.
1974 2952 2077 3026 Igi-

485 3059 507 3084 u
545 3044 633 3092 tur
661 3044 713 3093 et
743 3038 835 3109 qui
865 3038 1211 3094 matrimonio
1234 3040 1414 3113 jungit
1444 3040 1715 3111 virginem
1734 3056 1910 3107 suam,
1936 3041 2079 3098 bene

485 3146 508 3176 ι
543 3125 672 3182 facit
701 3143 714 3182 :
750 3134 803 3181 et
832 3126 925 3199 qui
955 3143 1065 3183 non
1088 3128 1291 3201 jungit,
1317 3128 1513 3183 melius
1535 3128 1682 3184 facit.
1720 3150 1743 3180 α
1780 3130 1971 3185 Mulier
1999 3131 2078 3185 al-

485 3236 507 3260 α
543 3213 706 3288 ligata
736 3222 815 3270 est
843 3214 972 3289 legi,
997 3225 1200 3289 quanto
1222 3224 1465 3288 tempore
1487 3217 1570 3271 vir
1590 3218 1707 3286 ejus
1732 3218 1862 3273 vivit
1894 3237 1909 3285 ;
1932 3220 2079 3291 quod

484 3325 505 3351 «ι
542 3302 588 3357 si
616 3303 901 3359 dormierit
929 3304 1013 3360 vir
1043 3306 1180 3375 ejus,
1212 3305 1443 3361 liberata
1471 3314 1554 3361 est
1583 3308 1760 3377 (Rom.
1794 3322 1892 3372 vn,
1926 3309 1983 3377 2)
2012 3325 2025 3362 :
2052 3332 2073 3357 »ι

481 3412 503 3442 ε
537 3391 625 3448 cui
653 3392 766 3448 vult
794 3393 980 3459 nubat,
1018 3402 1223 3448 tantum
1282 3394 1335 3448 in
1368 3395 1618 3452 Domino.
1653 3396 1868 3451 Beatior
1895 3405 2078 3453 autem

484 3501 507 3531 α
541 3480 659 3547 erit,
694 3479 741 3535 si
789 3481 868 3537 sic
920 3483 1279 3553 permanserit
1327 3485 1628 3539 secundum
1677 3501 1859 3540 meum
1898 3486 2078 3541 consi-

484 3587 510 3621 α
540 3568 669 3624 lium
706 3588 720 3625 :
753 3577 882 3642 puto
910 3579 1111 3639 autem,
1145 3571 1292 3644 quod
1322 3580 1375 3627 et
1401 3588 1507 3645 ego
1554 3572 1814 3645 Spiritum
1845 3574 1942 3629 Dei
1974 3575 2077 3629 ha-

492 3677 512 3710 c
543 3657 723 3714 beam.
762 3681 784 3710 ι

1122 3746 1438 3787 ΕΧΡΟΞῙΤΙΟ.

549 3834 647 3891 Hic
679 3835 748 3891 de
774 3834 1104 3892 fornicatore
1129 3836 1221 3893 illo
1234 3835 1356 3892 ﬁnis
1380 3845 1462 3893 est
1479 3856 1493 3904 ;
1511 3838 1610 3894 sed
1630 3840 1733 3895 hac
1766 3838 2073 3910 occasione,

482 3922 611 3995 quia
638 3924 707 3979 de
737 3923 1092 3980 fornicatione
1122 3925 1269 3998 loqui
1300 3935 1557 3997 eruperat,
1582 3929 1971 3985 convenienter
1990 3947 2077 3985 re-

481 4011 716 4083 spondet
747 4012 1060 4083 Corinthiis,
1105 4014 1196 4085 qui
1226 4030 1326 4085 per
1358 4015 1564 4071 litteras
1594 4034 1718 4072 eum
1757 4018 2075 4092 interroga-

478 4108 685 4167 verant,
720 4100 925 4157 scilicet
956 4109 1009 4157 et
1038 4102 1296 4175 conjugia
1324 4104 1628 4161 celebrare.
1662 4108 1746 4160 An
1775 4109 2077 4163 necessitas

480 4188 798 4246 Christianas
827 4190 1111 4264 religionis
1133 4200 1294 4265 coget
1327 4208 1441 4259 eos,
1475 4194 1675 4250 debere
1705 4195 1761 4249 in
1788 4196 2077 4252 continen-

477 4278 552 4332 tia
583 4279 927 4349 perdurare?
956 4280 1127 4335 Erant
1155 4281 1300 4336 enim
1347 4283 1495 4353 apud
1536 4299 1633 4338 eos
1665 4284 1883 4356 quidam
1915 4302 2077 4357 supra

2182 1893 2295 1939 tum
2325 1885 2461 1941 viro.
2496 1884 2686 1940 Sciens
2706 1886 2809 1939 hoc
2830 1884 2956 1956 quia
2976 1886 3185 1940 mulier
3208 1902 3322 1941 non
3347 1884 3509 1941 habet
3521 1889 3775 1957 potesta-

2182 1976 2296 2029 tem
2325 1975 2417 2029 sui
2447 1974 2715 2046 corporis,
2742 1981 2798 2027 ut
2822 1972 2868 2027 si
2910 1973 3035 2028 velit
3058 1973 3348 2042 contineat,
3369 1974 3466 2029 sed
3486 1975 3589 2029 vir.
3614 1974 3778 2030 Simi—

2185 2063 2319 2118 liter
2350 2066 2406 2119 et
2435 2064 2525 2118 vir
2551 2079 2669 2117 non
2706 2062 2869 2118 habet
2889 2067 3229 2135 potestatem
3258 2064 3352 2119 sui
3380 2065 3645 2136 corporis,
3675 2062 3776 2118 sed

2181 2153 2410 2220 mulier,
2445 2151 2502 2206 id
2533 2159 2616 2206 est
2648 2159 2846 2207 neuter
2887 2158 3209 2223 potestatem
3256 2151 3421 2206 habet
3462 2151 3777 2207 continendi

2191 2239 2428 2297 109
2460 2240 2579 2295 sine
2609 2255 2880 2296 consensu
2911 2240 3147 2295 alterius.
3176 2241 3246 2295 Et
3275 2248 3564 2311 propterea
3592 2241 3775 2296 nolite

2179 2329 2452 2401 fraudare
2481 2330 2745 2399 invicem,
2762 2328 2815 2383 id
2833 2337 2913 2384 est
2943 2346 3050 2384 non
3082 2329 3361 2384 subtrahat
3383 2345 3442 2385 se
3460 2329 3597 2385 alter
3616 2329 3775 2384 alteri

2178 2416 2235 2470 in
2254 2433 2422 2488 opere
2450 2417 2689 2491 conjugii
2706 2435 2719 2471 :
2736 2419 2849 2473 nisi
2872 2421 3019 2489 forte
3034 2419 3135 2473 hoc
3149 2416 3326 2474 ﬁatex
3342 2434 3618 2474 consensu
3637 2417 3774 2473 utri-

2178 2522 2351 2577 usque
2384 2524 2396 2563 :
2431 2514 2484 2562 et
2511 2508 2617 2562 hoc
2643 2522 2749 2561 non
2785 2507 3059 2573 continue,
3090 2508 3186 2562 sed
3216 2508 3289 2563 ad
3318 2511 3557 2580 tempus,
3590 2515 3643 2562 et
3672 2523 3773 2578 pro

2179 2594 2279 2650 hac
2303 2610 2463 2651 causa
2481 2599 2546 2651 ut
2572 2595 2756 2666 purius
2780 2597 2987 2652 vacetis
3003 2597 3271 2653 orationi.
3291 2594 3448 2664 Quod
3466 2596 3509 2650 si
3531 2595 3774 2667 legitime

2179 2691 2376 2755 nuptos
2404 2692 2614 2755 oportet
2644 2684 2947 2749 continere,
2981 2691 3038 2738 ut
3056 2683 3219 2755 digne
3249 2693 3559 2740 mereantur
3587 2700 3770 2751 orare,

2180 2773 2349 2827 multo
2378 2772 2557 2844 magis
2588 2772 2709 2828 illos
2739 2773 2831 2845 qui
2886 2772 3240 2829 fornicantur.
3291 2774 3359 2828 Et
3413 2789 3508 2829 eos
3539 2774 3629 2845 qui
3659 2791 3768 2829 non

2180 2861 2357 2917 solum
2412 2869 2589 2931 orant,
2635 2862 2733 2916 sed
2780 2878 3010 2933 quorum
3047 2878 3243 2917 manus
3278 2862 3442 2916 etiam
3487 2862 3772 2918 Dominica

2181 2965 2339 3005 sacra
2378 2957 2630 3016 tractant,
2666 2957 2718 3005 et
2765 2949 2967 3021 populo
3014 2950 3348 3021 dispensant.
3380 2952 3469 3020 Et,
3520 2958 3769 3022 tempore

2179 3038 2439 3094 orationis
2465 3040 2760 3110 praeterito,
2790 3040 3147 3095 revertimini
3166 3042 3226 3094 in
3264 3042 3449 3112 ipsum
3477 3056 3614 3111 opus
3645 3055 3775 3096 con-

2171 3127 2327 3199 jugii,
2361 3143 2431 3183 ne
2479 3144 2571 3184 vos
2601 3143 2633 3182 a
2663 3127 2906 3199 legitimo
2949 3136 3227 3184 cessantes
3273 3133 3456 3184 tentet
3498 3130 3766 3198 Satanas,

2178 3217 2457 3271 stimulans
2487 3232 2586 3272 vos
2615 3217 2685 3271 ad
2715 3216 2917 3272 illicita.
2942 3218 3007 3271 Et
3037 3218 3142 3273 hoc
3168 3218 3289 3273 dico
3308 3222 3540 3290 propter
3566 3219 3769 3274 incon-

2182 3308 2495 3362 tinentiam
2522 3310 2789 3362 vestram.
2824 3306 2948 3361 Scio
2970 3305 3112 3361 enim
3132 3306 3474 3377 fragilitatem
3501 3315 3761 3373 vestram,

2178 3412 2300 3467 qua:
2349 3394 2527 3466 magis
2576 3412 2675 3466 per
2720 3395 3111 3467 indulgentiam
3159 3395 3438 3450 nutrienda
3470 3403 3570 3463 est,
3604 3411 3769 3467 quam

2175 3500 2278 3556 per
2307 3483 2661 3555 asperitatem
2692 3483 3037 3538 deterrenda.
3070 3483 3218 3540 Licet
3248 3492 3468 3555 pr0pter
3497 3483 3768 3539 vitandam

2177 3572 2585 3628 fornicationem
2630 3572 2999 3629 concesserim
3065 3573 3220 3627 vobis
3264 3573 3467 3628 ducere
3513 3588 3766 3643 uxorem,

2177 3662 2280 3717 hoc
2312 3669 2494 3716 tamen
2524 3661 2646 3716 dico
2675 3662 2988 3717 secundum
3009 3661 3449 3734 indulgentiam,
3483 3677 3551 3716 ne
3581 3662 3769 3718 videar

2176 3766 2275 3805 vos
2306 3750 2665 3820 intemperata
2695 3766 2915 3823 cogere.
2961 3752 3081 3806 Non
3139 3752 3242 3806 hoc
3289 3750 3415 3806 dico
3453 3750 3770 3806 secundum

2175 3840 2498 3911 imperium,
2529 3846 2585 3893 ut
2614 3839 2776 3908 hujus
2806 3839 2888 3894 rei
2932 3846 3266 3911 praeceptum
3310 3838 3524 3894 faciam.
3577 3838 3632 3893 Si
3663 3839 3770 3895 hoc

2176 3928 2322 3982 enim
2362 3936 2695 3999 praeceptum
2738 3936 2902 3993 esset,
2948 3928 3059 3997 jam
3098 3944 3289 3983 omnes
3333 3944 3400 3982 ex
3439 3927 3770 3984 necessitate

2174 4033 2375 4073 uxores
2404 4017 2684 4073 ducerent.
2718 4018 2785 4071 Et
2815 4017 2941 4072 licet
2996 4018 3068 4071 ita
3113 4016 3266 4073 vobis
3314 4016 3645 4088 indulgeam,
3678 4025 3770 4072 ta-

2174 4122 2301 4161 men
2330 4121 2435 4177 ego
2468 4108 2584 4161 volo
2614 4122 2803 4163 omnes
2838 4106 3090 4162 homines
3122 4123 3236 4161 esse
3264 4108 3415 4161 sicut
3444 4108 3721 4178 meipsum
3748 4127 3769 4163 :

2175 4194 2633 4267 quemadmodum
2663 4210 2786 4265 ego,
2820 4194 2897 4249 sic
2926 4210 3117 4249 omnes
3146 4194 3511 4250 continerent.
3554 4196 3632 4248 Ex
3664 4195 3772 4252 hoc

2176 4284 2347 4339 verbo
2377 4283 2718 4356 intelligitur,
2764 4283 2961 4338 Paulus
3009 4285 3083 4351 (et
3130 4284 3234 4339 hoc
3275 4290 3500 4338 testatur
3527 4284 3769 4339 Ambro-

477 4368 700 4422 modum
749 4367 1009 4436 religiosi,
1062 4369 1155 4441 qui
1195 4370 1442 4426 dicerent
1489 4372 1765 4428 neminem
1821 4373 1877 4428 in
1906 4391 2073 4446 Opere
2104 4370 2155 4430 D
2180 4372 2311 4443 sius)
2342 4372 2498 4445 virgo
2530 4372 2696 4427 fuisse
2731 4390 2744 4427 :
2777 4372 2872 4427 sed
2913 4371 3136 4443 quidam
3180 4379 3499 4427 attestantur
3538 4387 3769 4428 uxorem

478 4455 1068 4529 conjugiiimanentem
1132 4474 1297 4529 posse
1345 4459 1565 4515 salvari.
1616 4462 1726 4516 Sed
1783 4464 2076 4534 Apostolus

481 4543 662 4600 sciens
691 4544 1054 4601 infirmitatem
1087 4544 1212 4601 ﬁdei
1235 4564 1441 4615 eorum,
1476 4550 1783 4619 patiebatur
1802 4552 1905 4607 hoc
1933 4552 1989 4606 in
2019 4553 2077 4607 il-

477 4631 565 4688 lis.
586 4633 709 4688 Non
739 4633 882 4705 quod
911 4635 1162 4690 crederet
1193 4650 1289 4690 eos
1320 4636 1634 4704 salvandos,
1652 4638 1749 4693 sed
1772 4639 1923 4696 utsic
1944 4657 2077 4695 enu-

479 4717 634 4773 triret
661 4717 963 4774 Ecclesiam
992 4718 1247 4789 paulatim
1287 4720 1538 4777 ducendo
1570 4721 1623 4776 in
1660 4722 2071 4793 perfectionem.

479 4805 676 4860 Littera
705 4805 784 4861 sic
806 4807 1073 4880 jungitur.
1110 4807 1415 4864 Fornicatio
1447 4818 1529 4864 est
1558 4805 1845 4884 fugienda:
1874 4830 1973 4870 nec
1987 4822 2074 4869 ta-

480 4910 608 4949 men
657 4893 735 4950 sic
766 4902 820 4948 ut
850 4895 1161 4968 conjugium
1209 4895 1573 4965 destruamus,
1625 4901 1721 4955 sed
1774 4910 1829 4956 ut
1860 4912 2077 4975 propter

480 4980 891 5037 fornicationem
919 4982 1188 5039 vitandam
1239 4987 1616 5060 unusquisque
1664 4990 1858 5044 habeat
1886 5008 2064 5046 suam.

480 5069 550 5124 Et
581 5070 682 5125 hoc
711 5070 835 5126 dico
866 5073 1207 5143 respondens
1249 5074 1317 5128 ad
1350 5091 1411 5130 ea
1442 5077 1507 5132 de
1537 5078 1734 5149 quibus
1768 5080 2074 5151 scripsistis

478 5158 643 5224 mihi,
664 5158 1064 5231 interrogantes
1084 5177 1155 5216 an
1175 5162 1362 5218 liceret
1381 5164 1607 5233 nubere,
1632 5181 1702 5220 an
1726 5183 1953 5223 necesse
1980 5185 2073 5224 es-

478 5255 559 5303 set
589 5247 886 5303 continere.
946 5252 1011 5304 Et
1064 5250 1131 5305 de
1181 5252 1283 5306 hoc
1328 5254 1636 5323 respondeo
1677 5255 1831 5310 vobis
1867 5274 1879 5309 :
1915 5255 2074 5325 Quod

481 5338 687 5393 bonum
716 5341 801 5393 est
833 5337 1017 5411 utique
1041 5338 1257 5394 homini
1280 5342 1575 5397 mulierem
1597 5359 1711 5398 non
1734 5347 1966 5417 tangere
1981 5345 2074 5401 illo

484 5426 649 5488 modo
669 5426 920 5498 coeundi,
945 5427 1043 5484 sed
1073 5433 1252 5483 tamen
1282 5433 1512 5503 propter
1530 5430 1802 5492 vitandam
1831 5435 2076 5507 fornica-

2178 4478 2300 4518 eum
2327 4463 2479 4534 prius
2507 4462 2788 4516 habuisse.
2836 4461 2936 4517 Hic
2984 4460 3147 4516 etiam
3176 4460 3454 4529 objiciunt,
3487 4461 3634 4533 quia,
3668 4461 3766 4528 ait,

2175 4551 2300 4607 volo
2340 4551 2619 4607 continere
2668 4566 2881 4616 omnes,
2932 4550 3079 4622 quod
3126 4549 3441 4623 conjugium
3484 4550 3768 4606 destruere

2176 4640 2355 4705 vellet,
2390 4641 2487 4695 sed
2531 4640 2662 4694 nihil
2690 4647 2772 4695 est
2802 4659 2820 4695 :
2850 4638 2977 4711 quia
3024 4639 3069 4693 si
3117 4654 3306 4694 omnes
3336 4639 3584 4710 exemplo
3613 4639 3768 4695 Pauli

2175 4729 2530 4794 continerent,
2565 4728 2667 4799 ipsi
2722 4728 2866 4783 idem
2921 4726 3133 4799 aliquos
3163 4743 3231 4782 ex
3268 4726 3463 4798 seipsis
3509 4728 3769 4800 conjugia.

2175 4817 2310 4873 inire
2365 4825 2646 4891 cogerent,
2698 4832 2766 4871 ne
2817 4816 3019 4871 bonum
3050 4816 3150 4871 Dei
3197 4816 3494 4871 institutum
3523 4817 3756 4888 periret.

2175 4906 2315 4962 Dicit
2345 4907 2509 4962 etiam
2537 4906 2675 4961 bene
2703 4905 3039 4978 Augustinus
3069 4905 3183 4973 (lib.
3217 4906 3293 4960 De
3324 4905 3462 4960 bono
3490 4906 3766 4976 conjugii,

2176 5010 2299 5065 cap.
2334 4994 2443 5065 10),
2488 4995 2613 5066 quia
2659 4993 2704 5048 si
2734 5008 2925 5048 omnes
2973 5002 3157 5048 essent
3202 4993 3341 5049 sicut
3388 4992 3606 5059 Paulus,
3654 4994 3765 5050 cito

2175 5083 2368 5140 civitas
2396 5083 2497 5137 Dei
2524 5091 2577 5137 et
2604 5098 2862 5138 numerus
2892 5080 3117 5136 fratrum
3145 5081 3478 5152 impleretur.

2245 5172 2327 5228 Ne
2374 5171 2589 5237 iterum,
2653 5170 2781 5243 quia
2826 5171 3036 5227 dixerat
3072 5187 3086 5224 :
3120 5170 3255 5226 Volo
3299 5186 3398 5225 vos
3454 5187 3577 5226 esse
3624 5169 3766 5227 sicut

2176 5278 2281 5325 me,
2313 5269 2567 5331 putarent
2598 5276 2656 5315 se
2684 5276 2792 5314 non
2824 5260 3038 5324 salvari,
3093 5259 3195 5313 nisi
3241 5275 3339 5330 per
3367 5260 3759 5315 continentiam

2177 5350 2609 5405 assimilarentur
2673 5350 2743 5415 ei,
2803 5358 2990 5405 contra
3045 5349 3149 5405 hoc
3205 5348 3280 5402 ait
3338 5347 3577 5402 Paulus:
3612 5350 3765 5404 Licet

2175 5439 2354 5498 dicam
2384 5439 2529 5516 quod
2557 5438 2753 5496 vellem
2783 5454 2879 5493 vos
2908 5437 3105 5493 imitari
3134 5453 3222 5492 me
3238 5453 3338 5509 per
3353 5436 3760 5497 continentiam.
