  <div class='ocr_page' id='page_1' title='image "/cluster/home/n/w/nwhite01/storage/ocr_20150623/153/hvd.32044054760111/084.png"; bbox 0 0 3960 6036; ppageno 0'>
   <div class='ocr_carea' id='block_1_1' title="bbox 237 196 358 249">
    <p class='ocr_par' dir='ltr' id='par_1_1' title="bbox 237 196 358 249">
     <span class='ocr_line' id='line_1_1' title="bbox 237 196 358 249; baseline 0.008 -1"><span class='ocrx_word' id='word_1_1' title='bbox 237 196 358 249; x_wconf 76' lang='grc'>157</span> 
     </span>
    </p>
   </div>
   <div class='ocr_carea' id='block_1_2' title="bbox 813 184 3000 251">
    <p class='ocr_par' dir='ltr' id='par_1_2' title="bbox 813 184 3000 251">
     <span class='ocr_line' id='line_1_2' title="bbox 813 184 3000 251; baseline -0.003 -2"><span class='ocrx_word' id='word_1_2' title='bbox 813 191 1194 251; x_wconf 86' lang='lat' dir='ltr'>EXPOSITIO</span> <span class='ocrx_word' id='word_1_3' title='bbox 1250 193 1326 249; x_wconf 87' lang='lat' dir='ltr'><strong>IN</strong></span> <span class='ocrx_word' id='word_1_4' title='bbox 1381 187 1762 248; x_wconf 87' lang='lat' dir='ltr'>EPISTOLAS</span> <span class='ocrx_word' id='word_1_5' title='bbox 1818 184 2040 242; x_wconf 84' lang='lat' dir='ltr'>PAULI.</span> <span class='ocrx_word' id='word_1_6' title='bbox 2091 216 2163 230; x_wconf 90' lang='lat'>--</span> <span class='ocrx_word' id='word_1_7' title='bbox 2209 189 2284 245; x_wconf 92' lang='lat' dir='ltr'>IN</span> <span class='ocrx_word' id='word_1_8' title='bbox 2336 189 2559 246; x_wconf 89' lang='lat' dir='ltr'>EPIST.</span> <span class='ocrx_word' id='word_1_9' title='bbox 2626 188 2780 244; x_wconf 81' lang='lat' dir='ltr'>IAD</span> <span class='ocrx_word' id='word_1_10' title='bbox 2834 187 3000 244; x_wconf 79' lang='lat' dir='ltr'>COR.</span> 
     </span>
    </p>
   </div>
   <div class='ocr_carea' id='block_1_3' title="bbox 3457 186 3559 239">
    <p class='ocr_par' dir='ltr' id='par_1_3' title="bbox 3457 186 3559 239">
     <span class='ocr_line' id='line_1_3' title="bbox 3457 186 3559 239; baseline 0.01 -1"><span class='ocrx_word' id='word_1_11' title='bbox 3457 186 3559 239; x_wconf 78' lang='grc'>158</span> 
     </span>
    </p>
   </div>
   <div class='ocr_carea' id='block_1_4' title="bbox 239 307 3564 392">
    <p class='ocr_par' dir='ltr' id='par_1_4' title="bbox 239 307 3564 392">
     <span class='ocr_line' id='line_1_4' title="bbox 239 307 3564 392; baseline -0.004 -20"><span class='ocrx_word' id='word_1_12' title='bbox 239 326 440 374; x_wconf 88' lang='lat' dir='ltr'>tamen</span> <span class='ocrx_word' id='word_1_13' title='bbox 465 319 849 392; x_wconf 78' lang='lat' dir='ltr'>unusquisque</span> <span class='ocrx_word' id='word_1_14' title='bbox 871 324 1122 375; x_wconf 85' lang='lat' dir='ltr'>vestr-um</span> <span class='ocrx_word' id='word_1_15' title='bbox 1145 321 1306 375; x_wconf 87' lang='lat' dir='ltr'>habet</span> <span class='ocrx_word' id='word_1_16' title='bbox 1315 320 1609 392; x_wconf 82' lang='lat' dir='ltr'>proprium</span> <span class='ocrx_word' id='word_1_17' title='bbox 1623 315 1853 377; x_wconf 83' lang='lat' dir='ltr'>donum,</span> <span class='ocrx_word' id='word_1_18' title='bbox 1876 311 1930 371; x_wconf 89' lang='lat' dir='ltr'><strong>A</strong></span> <span class='ocrx_word' id='word_1_19' title='bbox 1959 329 2060 383; x_wconf 89' lang='lat' dir='ltr'>per</span> <span class='ocrx_word' id='word_1_20' title='bbox 2089 314 2262 371; x_wconf 90' lang='lat' dir='ltr'>virum</span> <span class='ocrx_word' id='word_1_21' title='bbox 2293 316 2531 382; x_wconf 92' lang='lat' dir='ltr'>ﬁdelem,</span> <span class='ocrx_word' id='word_1_22' title='bbox 2565 316 2692 370; x_wconf 89' lang='lat' dir='ltr'>inde</span> <span class='ocrx_word' id='word_1_23' title='bbox 2722 315 3008 370; x_wconf 86' lang='lat' dir='ltr'>docentem</span> <span class='ocrx_word' id='word_1_24' title='bbox 3039 327 3180 368; x_wconf 93' lang='lat' dir='ltr'>eam.</span> <span class='ocrx_word' id='word_1_25' title='bbox 3232 309 3333 365; x_wconf 79' lang='lat' dir='ltr'>Vel</span> <span class='ocrx_word' id='word_1_26' title='bbox 3363 307 3518 364; x_wconf 79' lang='lat' dir='ltr'>aliter</span> <span class='ocrx_word' id='word_1_27' title='bbox 3551 321 3564 360; x_wconf 89' lang='lat'>:</span> 
     </span>
    </p>
   </div>
   <div class='ocr_carea' id='block_1_5' title="bbox 241 399 1866 475">
    <p class='ocr_par' dir='ltr' id='par_1_5' title="bbox 241 399 1866 475">
     <span class='ocr_line' id='line_1_5' title="bbox 241 399 1866 475; baseline -0.005 -17"><span class='ocrx_word' id='word_1_28' title='bbox 241 403 533 459; x_wconf 82' lang='lat' dir='ltr'>suﬁiciens</span> <span class='ocrx_word' id='word_1_29' title='bbox 565 404 667 458; x_wconf 85' lang='lat' dir='ltr'>sibi</span> <span class='ocrx_word' id='word_1_30' title='bbox 697 405 768 459; x_wconf 91' lang='lat' dir='ltr'>ad</span> <span class='ocrx_word' id='word_1_31' title='bbox 801 404 1031 459; x_wconf 80' lang='lat' dir='ltr'>salutem</span> <span class='ocrx_word' id='word_1_32' title='bbox 1068 422 1080 458; x_wconf 88' lang='lat'><strong>:</strong></span> <span class='ocrx_word' id='word_1_33' title='bbox 1115 404 1258 475; x_wconf 90' lang='lat' dir='ltr'>quod</span> <span class='ocrx_word' id='word_1_34' title='bbox 1307 419 1412 475; x_wconf 92' lang='lat' dir='ltr'>ego</span> <span class='ocrx_word' id='word_1_35' title='bbox 1461 399 1711 456; x_wconf 77' lang='lat' dir='ltr'>fortassis</span> <span class='ocrx_word' id='word_1_36' title='bbox 1754 412 1866 452; x_wconf 91' lang='lat' dir='ltr'>non</span> 
     </span>
    </p>
   </div>
   <div class='ocr_carea' id='block_1_6' title="bbox 239 488 1860 563">
    <p class='ocr_par' dir='ltr' id='par_1_6' title="bbox 239 488 1860 563">
     <span class='ocr_line' id='line_1_6' title="bbox 239 488 1860 563; baseline -0.004 -17"><span class='ocrx_word' id='word_1_37' title='bbox 239 493 452 547; x_wconf 87' lang='lat' dir='ltr'>habeo.</span> <span class='ocrx_word' id='word_1_38' title='bbox 475 493 539 546; x_wconf 92' lang='lat' dir='ltr'>Et</span> <span class='ocrx_word' id='word_1_39' title='bbox 562 493 666 548; x_wconf 91' lang='lat' dir='ltr'>hoc</span> <span class='ocrx_word' id='word_1_40' title='bbox 687 493 887 548; x_wconf 89' lang='lat' dir='ltr'>donum</span> <span class='ocrx_word' id='word_1_41' title='bbox 899 493 1061 547; x_wconf 88' lang='lat' dir='ltr'>habet</span> <span class='ocrx_word' id='word_1_42' title='bbox 1079 510 1151 548; x_wconf 75' lang='lat' dir='ltr'>ea:</span> <span class='ocrx_word' id='word_1_43' title='bbox 1176 496 1310 548; x_wconf 90' lang='lat' dir='ltr'>Deo.</span> <span class='ocrx_word' id='word_1_44' title='bbox 1337 493 1496 547; x_wconf 85' lang='lat' dir='ltr'>Alius</span> <span class='ocrx_word' id='word_1_45' title='bbox 1517 489 1739 563; x_wconf 78' lang='lat' dir='ltr'>quidem</span> <span class='ocrx_word' id='word_1_46' title='bbox 1759 488 1860 550; x_wconf 88' lang='lat' dir='ltr'>sic,</span> 
     </span>
    </p>
   </div>
   <div class='ocr_carea' id='block_1_7' title="bbox 244 574 1862 653">
    <p class='ocr_par' dir='ltr' id='par_1_7' title="bbox 244 574 1862 653">
     <span class='ocr_line' id='line_1_7' title="bbox 244 574 1862 653; baseline -0.004 -18"><span class='ocrx_word' id='word_1_47' title='bbox 244 582 384 653; x_wconf 90' lang='lat' dir='ltr'>quia</span> <span class='ocrx_word' id='word_1_48' title='bbox 434 581 620 653; x_wconf 87' lang='lat' dir='ltr'>largus</span> <span class='ocrx_word' id='word_1_49' title='bbox 667 582 722 635; x_wconf 93' lang='lat' dir='ltr'>in</span> <span class='ocrx_word' id='word_1_50' title='bbox 772 582 1138 653; x_wconf 85' lang='lat' dir='ltr'>eleemosyna.</span> <span class='ocrx_word' id='word_1_51' title='bbox 1189 582 1348 636; x_wconf 82' lang='lat' dir='ltr'>Alius</span> <span class='ocrx_word' id='word_1_52' title='bbox 1392 597 1517 636; x_wconf 84' lang='lat' dir='ltr'>vero</span> <span class='ocrx_word' id='word_1_53' title='bbox 1558 581 1655 646; x_wconf 89' lang='lat' dir='ltr'>sic,</span> <span class='ocrx_word' id='word_1_54' title='bbox 1707 574 1862 647; x_wconf 91' lang='lat' dir='ltr'>quasi</span> 
     </span>
    </p>
   </div>
   <div class='ocr_carea' id='block_1_8' title="bbox 239 664 1860 743">
    <p class='ocr_par' dir='ltr' id='par_1_8' title="bbox 239 664 1860 743">
     <span class='ocr_line' id='line_1_8' title="bbox 239 664 1860 743; baseline -0.006 -17"><span class='ocrx_word' id='word_1_55' title='bbox 239 671 410 726; x_wconf 83' lang='lat' dir='ltr'>fortis</span> <span class='ocrx_word' id='word_1_56' title='bbox 441 671 495 724; x_wconf 91' lang='lat' dir='ltr'>in</span> <span class='ocrx_word' id='word_1_57' title='bbox 522 670 797 741; x_wconf 85' lang='lat' dir='ltr'>patientia,</span> <span class='ocrx_word' id='word_1_58' title='bbox 837 687 1068 743; x_wconf 83' lang='lat' dir='ltr'>magnus</span> <span class='ocrx_word' id='word_1_59' title='bbox 1097 670 1148 724; x_wconf 90' lang='lat' dir='ltr'>in</span> <span class='ocrx_word' id='word_1_60' title='bbox 1194 669 1457 725; x_wconf 90' lang='lat' dir='ltr'>oratione.</span> <span class='ocrx_word' id='word_1_61' title='bbox 1511 667 1601 722; x_wconf 90' lang='lat' dir='ltr'>Sic</span> <span class='ocrx_word' id='word_1_62' title='bbox 1643 665 1765 720; x_wconf 90' lang='lat' dir='ltr'>dico</span> <span class='ocrx_word' id='word_1_63' title='bbox 1792 664 1860 717; x_wconf 89' lang='lat' dir='ltr'>de</span> 
     </span>
    </p>
   </div>
   <div class='ocr_carea' id='block_1_9' title="bbox 240 751 1862 829">
    <p class='ocr_par' dir='ltr' id='par_1_9' title="bbox 240 751 1862 829">
     <span class='ocr_line' id='line_1_9' title="bbox 240 751 1862 829; baseline -0.006 -15"><span class='ocrx_word' id='word_1_64' title='bbox 240 760 588 829; x_wconf 88' lang='lat' dir='ltr'>conjugatis.</span> <span class='ocrx_word' id='word_1_65' title='bbox 621 760 736 815; x_wconf 85' lang='lat' dir='ltr'>Hoc</span> <span class='ocrx_word' id='word_1_66' title='bbox 765 763 956 814; x_wconf 86' lang='lat' dir='ltr'>autem</span> <span class='ocrx_word' id='word_1_67' title='bbox 976 759 1096 815; x_wconf 84' lang='lat' dir='ltr'>dico</span> <span class='ocrx_word' id='word_1_68' title='bbox 1118 775 1231 813; x_wconf 89' lang='lat' dir='ltr'>non</span> <span class='ocrx_word' id='word_1_69' title='bbox 1261 759 1472 829; x_wconf 77' lang='lat' dir='ltr'>nuptis,</span> <span class='ocrx_word' id='word_1_70' title='bbox 1498 756 1553 810; x_wconf 91' lang='lat' dir='ltr'>id</span> <span class='ocrx_word' id='word_1_71' title='bbox 1583 762 1664 810; x_wconf 92' lang='lat' dir='ltr'>est</span> <span class='ocrx_word' id='word_1_72' title='bbox 1694 751 1862 822; x_wconf 87' lang='lat' dir='ltr'>virgi-</span> 
     </span>
    </p>
   </div>
   <div class='ocr_carea' id='block_1_10' title="bbox 238 842 1853 915">
    <p class='ocr_par' dir='ltr' id='par_1_10' title="bbox 238 842 1853 915">
     <span class='ocr_line' id='line_1_10' title="bbox 238 842 1853 915; baseline -0.004 -18"><span class='ocrx_word' id='word_1_73' title='bbox 238 844 416 898; x_wconf 88' lang='lat' dir='ltr'>nibus</span> <span class='ocrx_word' id='word_1_74' title='bbox 449 844 502 897; x_wconf 89' lang='lat' dir='ltr'>in</span> <span class='ocrx_word' id='word_1_75' title='bbox 552 853 782 915; x_wconf 91' lang='lat' dir='ltr'>utroque</span> <span class='ocrx_word' id='word_1_76' title='bbox 813 861 965 913; x_wconf 90' lang='lat' dir='ltr'>sexu,</span> <span class='ocrx_word' id='word_1_77' title='bbox 1017 851 1071 898; x_wconf 91' lang='lat' dir='ltr'>et</span> <span class='ocrx_word' id='word_1_78' title='bbox 1119 842 1296 898; x_wconf 83' lang='lat' dir='ltr'>viduis</span> <span class='ocrx_word' id='word_1_79' title='bbox 1344 842 1398 895; x_wconf 91' lang='lat' dir='ltr'>in</span> <span class='ocrx_word' id='word_1_80' title='bbox 1427 847 1657 910; x_wconf 89' lang='lat' dir='ltr'>utroque</span> <span class='ocrx_word' id='word_1_81' title='bbox 1701 853 1853 901; x_wconf 88' lang='lat' dir='ltr'>sexu,</span> 
     </span>
    </p>
   </div>
   <div class='ocr_carea' id='block_1_11' title="bbox 245 931 1853 1003">
    <p class='ocr_par' dir='ltr' id='par_1_11' title="bbox 245 931 1853 1003">
     <span class='ocr_line' id='line_1_11' title="bbox 245 931 1853 1003; baseline -0.004 -18"><span class='ocrx_word' id='word_1_82' title='bbox 245 933 388 1003; x_wconf 83' lang='lat' dir='ltr'><em>quia</em></span> <span class='ocrx_word' id='word_1_83' title='bbox 420 934 620 988; x_wconf 88' lang='lat' dir='ltr'>bonum</span> <span class='ocrx_word' id='word_1_84' title='bbox 651 941 734 988; x_wconf 90' lang='lat' dir='ltr'>est</span> <span class='ocrx_word' id='word_1_85' title='bbox 763 932 869 987; x_wconf 91' lang='lat' dir='ltr'>illis</span> <span class='ocrx_word' id='word_1_86' title='bbox 900 933 943 986; x_wconf 91' lang='lat' dir='ltr'>si</span> <span class='ocrx_word' id='word_1_87' title='bbox 977 932 1053 988; x_wconf 93' lang='lat' dir='ltr'>sic</span> <span class='ocrx_word' id='word_1_88' title='bbox 1085 931 1410 988; x_wconf 91' lang='lat' dir='ltr'>continendo</span> <span class='ocrx_word' id='word_1_89' title='bbox 1456 933 1807 1000; x_wconf 86' lang='lat' dir='ltr'>permaneant</span> <span class='ocrx_word' id='word_1_90' title='bbox 1841 939 1853 978; x_wconf 94' lang='lat'>:</span> 
     </span>
    </p>
   </div>
   <div class='ocr_carea' id='block_1_12' title="bbox 238 1014 1855 1092">
    <p class='ocr_par' dir='ltr' id='par_1_12' title="bbox 238 1014 1855 1092">
     <span class='ocr_line' id='line_1_12' title="bbox 238 1014 1855 1092; baseline -0.005 -17"><span class='ocrx_word' id='word_1_91' title='bbox 238 1022 389 1076; x_wconf 84' lang='lat' dir='ltr'>sicut</span> <span class='ocrx_word' id='word_1_92' title='bbox 420 1021 624 1092; x_wconf 88' lang='lat' dir='ltr'>plures,</span> <span class='ocrx_word' id='word_1_93' title='bbox 662 1030 712 1076; x_wconf 85' lang='lat' dir='ltr'>et</span> <span class='ocrx_word' id='word_1_94' title='bbox 743 1037 846 1092; x_wconf 82' lang='lat' dir='ltr'>ego</span> <span class='ocrx_word' id='word_1_95' title='bbox 879 1022 1149 1076; x_wconf 87' lang='lat' dir='ltr'>contineo.</span> <span class='ocrx_word' id='word_1_96' title='bbox 1189 1021 1338 1089; x_wconf 82' lang='lat' dir='ltr'>Quod</span> <span class='ocrx_word' id='word_1_97' title='bbox 1367 1021 1416 1074; x_wconf 91' lang='lat' dir='ltr'>si</span> <span class='ocrx_word' id='word_1_98' title='bbox 1443 1035 1557 1074; x_wconf 91' lang='lat' dir='ltr'>non</span> <span class='ocrx_word' id='word_1_99' title='bbox 1586 1032 1644 1072; x_wconf 88' lang='lat' dir='ltr'>se</span> <span class='ocrx_word' id='word_1_100' title='bbox 1672 1014 1855 1070; x_wconf 84' lang='lat' dir='ltr'>conti-</span> 
     </span>
    </p>
   </div>
   <div class='ocr_carea' id='block_1_13' title="bbox 236 1109 1853 1178">
    <p class='ocr_par' dir='ltr' id='par_1_13' title="bbox 236 1109 1853 1178">
     <span class='ocr_line' id='line_1_13' title="bbox 236 1109 1853 1178; baseline -0.006 -12"><span class='ocrx_word' id='word_1_101' title='bbox 236 1115 413 1175; x_wconf 84' lang='lat' dir='ltr'>nent,</span> <span class='ocrx_word' id='word_1_102' title='bbox 450 1110 507 1164; x_wconf 92' lang='lat' dir='ltr'>id</span> <span class='ocrx_word' id='word_1_103' title='bbox 535 1119 616 1165; x_wconf 92' lang='lat' dir='ltr'>est</span> <span class='ocrx_word' id='word_1_104' title='bbox 645 1111 920 1166; x_wconf 88' lang='lat' dir='ltr'>continere</span> <span class='ocrx_word' id='word_1_105' title='bbox 949 1109 1157 1178; x_wconf 88' lang='lat' dir='ltr'>nolunt,</span> <span class='ocrx_word' id='word_1_106' title='bbox 1191 1109 1278 1163; x_wconf 87' lang='lat' dir='ltr'>vel</span> <span class='ocrx_word' id='word_1_107' title='bbox 1307 1124 1414 1163; x_wconf 92' lang='lat' dir='ltr'>non</span> <span class='ocrx_word' id='word_1_108' title='bbox 1452 1113 1680 1178; x_wconf 90' lang='lat' dir='ltr'>possunt</span> <span class='ocrx_word' id='word_1_109' title='bbox 1713 1122 1726 1158; x_wconf 91' lang='lat'><strong>:</strong></span> <span class='ocrx_word' id='word_1_110' title='bbox 1760 1119 1853 1158; x_wconf 91' lang='lat' dir='ltr'>se-</span> 
     </span>
    </p>
   </div>
   <div class='ocr_carea' id='block_1_14' title="bbox 234 1195 1854 1272">
    <p class='ocr_par' dir='ltr' id='par_1_14' title="bbox 234 1195 1854 1272">
     <span class='ocr_line' id='line_1_14' title="bbox 234 1195 1854 1272; baseline -0.003 -17"><span class='ocrx_word' id='word_1_111' title='bbox 234 1200 490 1255; x_wconf 91' lang='lat' dir='ltr'>cundum</span> <span class='ocrx_word' id='word_1_112' title='bbox 517 1199 910 1272; x_wconf 88' lang='lat' dir='ltr'>indulgentiam</span> <span class='ocrx_word' id='word_1_113' title='bbox 941 1199 1064 1254; x_wconf 90' lang='lat' dir='ltr'>dico</span> <span class='ocrx_word' id='word_1_114' title='bbox 1095 1199 1344 1253; x_wconf 88' lang='lat' dir='ltr'>nubant:</span> <span class='ocrx_word' id='word_1_115' title='bbox 1368 1197 1490 1252; x_wconf 88' lang='lat' dir='ltr'>ideo</span> <span class='ocrx_word' id='word_1_116' title='bbox 1519 1195 1729 1249; x_wconf 89' lang='lat' dir='ltr'>nubere</span> <span class='ocrx_word' id='word_1_117' title='bbox 1758 1195 1854 1250; x_wconf 88' lang='lat' dir='ltr'>hu-</span> 
     </span>
    </p>
   </div>
   <div class='ocr_carea' id='block_1_15' title="bbox 227 1283 1852 1359">
    <p class='ocr_par' dir='ltr' id='par_1_15' title="bbox 227 1283 1852 1359">
     <span class='ocr_line' id='line_1_15' title="bbox 227 1283 1852 1359; baseline -0.002 -17"><span class='ocrx_word' id='word_1_118' title='bbox 227 1288 490 1356; x_wconf 86' lang='lat' dir='ltr'>jusmodi</span> <span class='ocrx_word' id='word_1_119' title='bbox 515 1289 757 1344; x_wconf 90' lang='lat' dir='ltr'>concedo</span> <span class='ocrx_word' id='word_1_120' title='bbox 792 1306 804 1342; x_wconf 95' lang='lat'>:</span> <span class='ocrx_word' id='word_1_121' title='bbox 829 1289 960 1359; x_wconf 89' lang='lat' dir='ltr'>quia</span> <span class='ocrx_word' id='word_1_122' title='bbox 989 1289 1195 1343; x_wconf 88' lang='lat' dir='ltr'>melius</span> <span class='ocrx_word' id='word_1_123' title='bbox 1233 1291 1316 1342; x_wconf 90' lang='lat' dir='ltr'>est</span> <span class='ocrx_word' id='word_1_124' title='bbox 1345 1287 1553 1342; x_wconf 84' lang='lat' dir='ltr'>nubere</span> <span class='ocrx_word' id='word_1_125' title='bbox 1568 1285 1699 1355; x_wconf 89' lang='lat' dir='ltr'>(non</span> <span class='ocrx_word' id='word_1_126' title='bbox 1729 1283 1852 1340; x_wconf 90' lang='lat' dir='ltr'>dico</span> 
     </span>
    </p>
   </div>
   <div class='ocr_carea' id='block_1_16' title="bbox 226 1371 1848 1448">
    <p class='ocr_par' dir='ltr' id='par_1_16' title="bbox 226 1371 1848 1448">
     <span class='ocr_line' id='line_1_16' title="bbox 226 1371 1848 1448; baseline -0.003 -17"><span class='ocrx_word' id='word_1_127' title='bbox 226 1392 408 1448; x_wconf 88' lang='lat' dir='ltr'>quam</span> <span class='ocrx_word' id='word_1_128' title='bbox 438 1376 735 1446; x_wconf 86' lang='lat' dir='ltr'>fornicari),</span> <span class='ocrx_word' id='word_1_129' title='bbox 771 1377 865 1432; x_wconf 90' lang='lat' dir='ltr'>sed</span> <span class='ocrx_word' id='word_1_130' title='bbox 899 1377 1065 1448; x_wconf 89' lang='lat' dir='ltr'>(quod</span> <span class='ocrx_word' id='word_1_131' title='bbox 1096 1377 1273 1430; x_wconf 91' lang='lat' dir='ltr'>minus</span> <span class='ocrx_word' id='word_1_132' title='bbox 1302 1375 1405 1444; x_wconf 86' lang='lat' dir='ltr'>est)</span> <span class='ocrx_word' id='word_1_133' title='bbox 1437 1389 1598 1446; x_wconf 87' lang='lat' dir='ltr'>quam</span> <span class='ocrx_word' id='word_1_134' title='bbox 1629 1374 1741 1438; x_wconf 87' lang='lat' dir='ltr'>uri,</span> <span class='ocrx_word' id='word_1_135' title='bbox 1794 1371 1848 1426; x_wconf 93' lang='lat' dir='ltr'>id</span> 
     </span>
    </p>
   </div>
   <div class='ocr_carea' id='block_1_17' title="bbox 227 1460 1848 1536">
    <p class='ocr_par' dir='ltr' id='par_1_17' title="bbox 227 1460 1848 1536">
     <span class='ocr_line' id='line_1_17' title="bbox 227 1460 1848 1536; baseline -0.004 -17"><span class='ocrx_word' id='word_1_136' title='bbox 227 1475 316 1520; x_wconf 90' lang='lat' dir='ltr'>est</span> <span class='ocrx_word' id='word_1_137' title='bbox 351 1465 643 1520; x_wconf 87' lang='lat' dir='ltr'>desideriis</span> <span class='ocrx_word' id='word_1_138' title='bbox 683 1465 925 1519; x_wconf 89' lang='lat' dir='ltr'>libidinis</span> <span class='ocrx_word' id='word_1_139' title='bbox 973 1465 1166 1536; x_wconf 84' lang='lat' dir='ltr'>agitari</span> <span class='ocrx_word' id='word_1_140' title='bbox 1198 1473 1250 1519; x_wconf 91' lang='lat' dir='ltr'>et</span> <span class='ocrx_word' id='word_1_141' title='bbox 1284 1461 1446 1519; x_wconf 91' lang='lat' dir='ltr'>vinci.</span> <span class='ocrx_word' id='word_1_142' title='bbox 1493 1464 1614 1517; x_wconf 90' lang='lat' dir='ltr'>Non</span> <span class='ocrx_word' id='word_1_143' title='bbox 1666 1460 1848 1531; x_wconf 86' lang='lat' dir='ltr'>nuptis</span> 
     </span>
    </p>
   </div>
   <div class='ocr_carea' id='block_1_18' title="bbox 226 1552 1848 1626">
    <p class='ocr_par' dir='ltr' id='par_1_18' title="bbox 226 1552 1848 1626">
     <span class='ocr_line' id='line_1_18' title="bbox 226 1552 1848 1626; baseline -0.004 -17"><span class='ocrx_word' id='word_1_144' title='bbox 226 1565 282 1610; x_wconf 90' lang='lat' dir='ltr'>et</span> <span class='ocrx_word' id='word_1_145' title='bbox 303 1555 492 1609; x_wconf 81' lang='lat' dir='ltr'>viduis</span> <span class='ocrx_word' id='word_1_146' title='bbox 513 1555 743 1608; x_wconf 87' lang='lat' dir='ltr'>alterum</span> <span class='ocrx_word' id='word_1_147' title='bbox 768 1555 1065 1608; x_wconf 89' lang='lat' dir='ltr'>secundum</span> <span class='ocrx_word' id='word_1_148' title='bbox 1095 1553 1488 1626; x_wconf 82' lang='lat' dir='ltr'>indulgentiam</span> <span class='ocrx_word' id='word_1_149' title='bbox 1510 1552 1740 1606; x_wconf 91' lang='lat' dir='ltr'>alterum</span> <span class='ocrx_word' id='word_1_150' title='bbox 1761 1565 1848 1604; x_wconf 81' lang='lat' dir='ltr'>se-</span> 
     </span>
    </p>
   </div>
   <div class='ocr_carea' id='block_1_19' title="bbox 227 1642 1924 1730">
    <p class='ocr_par' dir='ltr' id='par_1_19' title="bbox 227 1642 1924 1730">
     <span class='ocr_line' id='line_1_19' title="bbox 227 1642 1924 1730; baseline -0.001 -31"><span class='ocrx_word' id='word_1_151' title='bbox 227 1646 484 1699; x_wconf 90' lang='lat' dir='ltr'>cundum</span> <span class='ocrx_word' id='word_1_152' title='bbox 529 1645 812 1700; x_wconf 75' lang='lat' dir='ltr'>consilium</span> <span class='ocrx_word' id='word_1_153' title='bbox 860 1645 1026 1702; x_wconf 92' lang='lat' dir='ltr'>dico:</span> <span class='ocrx_word' id='word_1_154' title='bbox 1079 1645 1175 1700; x_wconf 89' lang='lat' dir='ltr'>sed</span> <span class='ocrx_word' id='word_1_155' title='bbox 1225 1645 1310 1700; x_wconf 89' lang='lat' dir='ltr'>his</span> <span class='ocrx_word' id='word_1_156' title='bbox 1348 1646 1445 1714; x_wconf 90' lang='lat' dir='ltr'>qui</span> <span class='ocrx_word' id='word_1_157' title='bbox 1479 1642 1846 1698; x_wconf 86' lang='lat' dir='ltr'>matrimonio</span> <span class='ocrx_word' id='word_1_158' title='bbox 1871 1670 1924 1730; x_wconf 84' lang='lat' dir='ltr'><strong>B</strong></span> 
     </span>
    </p>
   </div>
   <div class='ocr_carea' id='block_1_20' title="bbox 208 1732 1851 1805">
    <p class='ocr_par' dir='ltr' id='par_1_20' title="bbox 208 1732 1851 1805">
     <span class='ocr_line' id='line_1_20' title="bbox 208 1732 1851 1805; baseline -0.001 -17"><span class='ocrx_word' id='word_1_159' title='bbox 208 1734 429 1803; x_wconf 80' lang='lat' dir='ltr'>juncti</span> <span class='ocrx_word' id='word_1_160' title='bbox 480 1739 614 1790; x_wconf 88' lang='lat' dir='ltr'>sunt</span> <span class='ocrx_word' id='word_1_161' title='bbox 643 1754 661 1789; x_wconf 93' lang='lat'><em>:</em></span> <span class='ocrx_word' id='word_1_162' title='bbox 702 1751 815 1789; x_wconf 90' lang='lat' dir='ltr'>non</span> <span class='ocrx_word' id='word_1_163' title='bbox 872 1735 1044 1789; x_wconf 89' lang='lat' dir='ltr'>solum</span> <span class='ocrx_word' id='word_1_164' title='bbox 1107 1734 1230 1790; x_wconf 91' lang='lat' dir='ltr'>dico</span> <span class='ocrx_word' id='word_1_165' title='bbox 1278 1733 1377 1788; x_wconf 90' lang='lat' dir='ltr'>sed</span> <span class='ocrx_word' id='word_1_166' title='bbox 1419 1732 1704 1805; x_wconf 64' lang='lat' dir='ltr'>praecipio,</span> <span class='ocrx_word' id='word_1_167' title='bbox 1743 1747 1851 1786; x_wconf 90' lang='lat' dir='ltr'>non</span> 
     </span>
    </p>
   </div>
   <div class='ocr_carea' id='block_1_21' title="bbox 227 1820 1848 1895">
    <p class='ocr_par' dir='ltr' id='par_1_21' title="bbox 227 1820 1848 1895">
     <span class='ocr_line' id='line_1_21' title="bbox 227 1820 1848 1895; baseline -0.002 -17"><span class='ocrx_word' id='word_1_168' title='bbox 227 1841 352 1895; x_wconf 85' lang='lat' dir='ltr'>ego,</span> <span class='ocrx_word' id='word_1_169' title='bbox 425 1824 524 1878; x_wconf 90' lang='lat' dir='ltr'>sed</span> <span class='ocrx_word' id='word_1_170' title='bbox 569 1825 860 1890; x_wconf 79' lang='lat' dir='ltr'>Dominus,</span> <span class='ocrx_word' id='word_1_171' title='bbox 910 1823 963 1877; x_wconf 91' lang='lat' dir='ltr'>id</span> <span class='ocrx_word' id='word_1_172' title='bbox 1011 1831 1091 1878; x_wconf 91' lang='lat' dir='ltr'>est</span> <span class='ocrx_word' id='word_1_173' title='bbox 1132 1839 1240 1878; x_wconf 91' lang='lat' dir='ltr'>non</span> <span class='ocrx_word' id='word_1_174' title='bbox 1304 1837 1427 1876; x_wconf 89' lang='lat' dir='ltr'>mea</span> <span class='ocrx_word' id='word_1_175' title='bbox 1491 1820 1848 1886; x_wconf 84' lang='lat' dir='ltr'>auctoritate,</span> 
     </span>
    </p>
   </div>
   <div class='ocr_carea' id='block_1_22' title="bbox 225 1910 1852 1984">
    <p class='ocr_par' dir='ltr' id='par_1_22' title="bbox 225 1910 1852 1984">
     <span class='ocr_line' id='line_1_22' title="bbox 225 1910 1852 1984; baseline -0.001 -18"><span class='ocrx_word' id='word_1_176' title='bbox 225 1913 331 1966; x_wconf 89' lang='lat' dir='ltr'>sed</span> <span class='ocrx_word' id='word_1_177' title='bbox 405 1911 623 1966; x_wconf 88' lang='lat' dir='ltr'>Domini</span> <span class='ocrx_word' id='word_1_178' title='bbox 675 1912 1039 1984; x_wconf 66' lang='lat' dir='ltr'>praecipientis</span> <span class='ocrx_word' id='word_1_179' title='bbox 1101 1912 1156 1966; x_wconf 93' lang='lat' dir='ltr'>in</span> <span class='ocrx_word' id='word_1_180' title='bbox 1196 1910 1536 1982; x_wconf 88' lang='lat' dir='ltr'>Evangelio,</span> <span class='ocrx_word' id='word_1_181' title='bbox 1611 1925 1852 1964; x_wconf 72' lang='lat' dir='ltr'>uxorem</span> 
     </span>
    </p>
   </div>
   <div class='ocr_carea' id='block_1_23' title="bbox 231 1997 1851 2071">
    <p class='ocr_par' dir='ltr' id='par_1_23' title="bbox 231 1997 1851 2071">
     <span class='ocr_line' id='line_1_23' title="bbox 231 1997 1851 2071; baseline -0.002 -16"><span class='ocrx_word' id='word_1_182' title='bbox 231 2019 355 2057; x_wconf 79' lang='lat' dir='ltr'>non</span> <span class='ocrx_word' id='word_1_183' title='bbox 415 2001 700 2056; x_wconf 76' lang='lat' dir='ltr'>discedere</span> <span class='ocrx_word' id='word_1_184' title='bbox 730 2019 765 2055; x_wconf 78' lang='grc' dir='ltr'>τι</span> <span class='ocrx_word' id='word_1_185' title='bbox 812 2003 950 2056; x_wconf 85' lang='lat' dir='ltr'>viro.</span> <span class='ocrx_word' id='word_1_186' title='bbox 1009 2002 1122 2056; x_wconf 86' lang='lat' dir='ltr'>Hoc</span> <span class='ocrx_word' id='word_1_187' title='bbox 1171 2007 1507 2071; x_wconf 68' lang='lat' dir='ltr'>praeceptum</span> <span class='ocrx_word' id='word_1_188' title='bbox 1552 1998 1675 2070; x_wconf 86' lang='lat' dir='ltr'>quia</span> <span class='ocrx_word' id='word_1_189' title='bbox 1719 1997 1851 2051; x_wconf 87' lang='lat' dir='ltr'>satis</span> 
     </span>
    </p>
   </div>
   <div class='ocr_carea' id='block_1_24' title="bbox 231 2086 1849 2161">
    <p class='ocr_par' dir='ltr' id='par_1_24' title="bbox 231 2086 1849 2161">
     <span class='ocr_line' id='line_1_24' title="bbox 231 2086 1849 2161; baseline -0.003 -17"><span class='ocrx_word' id='word_1_190' title='bbox 231 2098 431 2144; x_wconf 90' lang='lat' dir='ltr'>notum</span> <span class='ocrx_word' id='word_1_191' title='bbox 521 2097 668 2156; x_wconf 89' lang='lat' dir='ltr'>erat,</span> <span class='ocrx_word' id='word_1_192' title='bbox 744 2088 1121 2161; x_wconf 88' lang='lat' dir='ltr'>imperfectum</span> <span class='ocrx_word' id='word_1_193' title='bbox 1225 2088 1423 2160; x_wconf 90' lang='lat' dir='ltr'>posuit,</span> <span class='ocrx_word' id='word_1_194' title='bbox 1515 2086 1849 2158; x_wconf 64' lang='lat' dir='ltr'>praetermit-</span> 
     </span>
    </p>
   </div>
   <div class='ocr_carea' id='block_1_25' title="bbox 237 2176 1849 2249">
    <p class='ocr_par' dir='ltr' id='par_1_25' title="bbox 237 2176 1849 2249">
     <span class='ocr_line' id='line_1_25' title="bbox 237 2176 1849 2249; baseline -0.002 -17"><span class='ocrx_word' id='word_1_195' title='bbox 237 2187 368 2232; x_wconf 91' lang='lat' dir='ltr'>tens</span> <span class='ocrx_word' id='word_1_196' title='bbox 401 2179 507 2233; x_wconf 83' lang='lat' dir='ltr'>hoc</span> <span class='ocrx_word' id='word_1_197' title='bbox 536 2179 650 2234; x_wconf 83' lang='lat' dir='ltr'>nisi</span> <span class='ocrx_word' id='word_1_198' title='bbox 683 2194 857 2234; x_wconf 82' lang='lat' dir='ltr'>causa</span> <span class='ocrx_word' id='word_1_199' title='bbox 886 2179 1306 2249; x_wconf 82' lang='lat' dir='ltr'>fornicationis.</span> <span class='ocrx_word' id='word_1_200' title='bbox 1353 2176 1505 2244; x_wconf 84' lang='lat' dir='ltr'>Quod</span> <span class='ocrx_word' id='word_1_201' title='bbox 1541 2179 1591 2231; x_wconf 90' lang='lat' dir='ltr'>si</span> <span class='ocrx_word' id='word_1_202' title='bbox 1628 2191 1777 2230; x_wconf 71' lang='lat' dir='ltr'>uxor</span> <span class='ocrx_word' id='word_1_203' title='bbox 1814 2192 1849 2229; x_wconf 80' lang='grc' dir='ltr'>τι</span> 
     </span>
    </p>
   </div>
   <div class='ocr_carea' id='block_1_26' title="bbox 236 2266 1847 2338">
    <p class='ocr_par' dir='ltr' id='par_1_26' title="bbox 236 2266 1847 2338">
     <span class='ocr_line' id='line_1_26' title="bbox 236 2266 1847 2338; baseline -0.003 -15"><span class='ocrx_word' id='word_1_204' title='bbox 236 2270 364 2323; x_wconf 73' lang='lat' dir='ltr'>viro</span> <span class='ocrx_word' id='word_1_205' title='bbox 397 2268 740 2334; x_wconf 82' lang='lat' dir='ltr'>discesserit,</span> <span class='ocrx_word' id='word_1_206' title='bbox 775 2275 996 2338; x_wconf 90' lang='lat' dir='ltr'>propter</span> <span class='ocrx_word' id='word_1_207' title='bbox 1036 2266 1450 2322; x_wconf 83' lang='lat' dir='ltr'>fornicationem</span> <span class='ocrx_word' id='word_1_208' title='bbox 1479 2272 1570 2319; x_wconf 87' lang='lat' dir='ltr'>aut</span> <span class='ocrx_word' id='word_1_209' title='bbox 1599 2280 1697 2336; x_wconf 90' lang='lat' dir='ltr'>per</span> <span class='ocrx_word' id='word_1_210' title='bbox 1725 2279 1847 2319; x_wconf 89' lang='lat' dir='ltr'>con-</span> 
     </span>
    </p>
   </div>
   <div class='ocr_carea' id='block_1_27' title="bbox 231 2355 1844 2427">
    <p class='ocr_par' dir='ltr' id='par_1_27' title="bbox 231 2355 1844 2427">
     <span class='ocr_line' id='line_1_27' title="bbox 231 2355 1844 2427; baseline -0.001 -16"><span class='ocrx_word' id='word_1_211' title='bbox 231 2373 464 2411; x_wconf 87' lang='lat' dir='ltr'>sensum</span> <span class='ocrx_word' id='word_1_212' title='bbox 478 2356 1104 2427; x_wconf 67' lang='lat' dir='ltr'>continentire,przecipio</span> <span class='ocrx_word' id='word_1_213' title='bbox 1115 2355 1261 2410; x_wconf 90' lang='lat' dir='ltr'>illam</span> <span class='ocrx_word' id='word_1_214' title='bbox 1274 2371 1506 2410; x_wconf 88' lang='lat' dir='ltr'>manere</span> <span class='ocrx_word' id='word_1_215' title='bbox 1520 2356 1844 2426; x_wconf 82' lang='lat' dir='ltr'>innuptam,</span> 
     </span>
    </p>
   </div>
   <div class='ocr_carea' id='block_1_28' title="bbox 232 2443 1848 2500">
    <p class='ocr_par' dir='ltr' id='par_1_28' title="bbox 232 2443 1848 2500">
     <span class='ocr_line' id='line_1_28' title="bbox 232 2443 1848 2500; baseline -0.002 -1"><span class='ocrx_word' id='word_1_216' title='bbox 232 2451 341 2500; x_wconf 90' lang='lat' dir='ltr'>aut</span> <span class='ocrx_word' id='word_1_217' title='bbox 379 2445 757 2500; x_wconf 81' lang='lat' dir='ltr'>reconciliari</span> <span class='ocrx_word' id='word_1_218' title='bbox 777 2446 892 2499; x_wconf 86' lang='lat' dir='ltr'>viro</span> <span class='ocrx_word' id='word_1_219' title='bbox 923 2461 1041 2500; x_wconf 89' lang='lat' dir='ltr'>suo.</span> <span class='ocrx_word' id='word_1_220' title='bbox 1076 2445 1144 2498; x_wconf 89' lang='lat' dir='ltr'>Et</span> <span class='ocrx_word' id='word_1_221' title='bbox 1165 2444 1248 2499; x_wconf 91' lang='lat' dir='ltr'>vir</span> <span class='ocrx_word' id='word_1_222' title='bbox 1268 2443 1515 2497; x_wconf 89' lang='lat' dir='ltr'>similiter</span> <span class='ocrx_word' id='word_1_223' title='bbox 1535 2459 1640 2498; x_wconf 89' lang='lat' dir='ltr'>non</span> <span class='ocrx_word' id='word_1_224' title='bbox 1667 2443 1848 2497; x_wconf 81' lang='lat' dir='ltr'>dimit-</span> 
     </span>
    </p>
   </div>
   <div class='ocr_carea' id='block_1_29' title="bbox 232 2531 1844 2604">
    <p class='ocr_par' dir='ltr' id='par_1_29' title="bbox 232 2531 1844 2604">
     <span class='ocr_line' id='line_1_29' title="bbox 232 2531 1844 2604; baseline -0.001 -17"><span class='ocrx_word' id='word_1_225' title='bbox 232 2543 309 2588; x_wconf 88' lang='lat' dir='ltr'>tat</span> <span class='ocrx_word' id='word_1_226' title='bbox 349 2550 601 2598; x_wconf 80' lang='lat' dir='ltr'>uxorem,</span> <span class='ocrx_word' id='word_1_227' title='bbox 650 2533 753 2587; x_wconf 90' lang='lat' dir='ltr'>nisi</span> <span class='ocrx_word' id='word_1_228' title='bbox 801 2541 1025 2604; x_wconf 86' lang='lat' dir='ltr'>prOpter</span> <span class='ocrx_word' id='word_1_229' title='bbox 1083 2549 1303 2588; x_wconf 86' lang='lat' dir='ltr'>causam</span> <span class='ocrx_word' id='word_1_230' title='bbox 1351 2531 1687 2603; x_wconf 66' lang='lat' dir='ltr'>praemissam</span> <span class='ocrx_word' id='word_1_231' title='bbox 1730 2531 1844 2586; x_wconf 84' lang='lat' dir='ltr'>for-</span> 
     </span>
    </p>
   </div>
   <div class='ocr_carea' id='block_1_30' title="bbox 229 2619 1843 2693">
    <p class='ocr_par' dir='ltr' id='par_1_30' title="bbox 229 2619 1843 2693">
     <span class='ocr_line' id='line_1_30' title="bbox 229 2619 1843 2693; baseline 0 -17"><span class='ocrx_word' id='word_1_232' title='bbox 229 2623 546 2678; x_wconf 87' lang='lat' dir='ltr'>nicationis.</span> <span class='ocrx_word' id='word_1_233' title='bbox 599 2622 697 2678; x_wconf 85' lang='lat' dir='ltr'>Hic</span> <span class='ocrx_word' id='word_1_234' title='bbox 745 2623 941 2677; x_wconf 86' lang='lat' dir='ltr'>iterum</span> <span class='ocrx_word' id='word_1_235' title='bbox 983 2630 1312 2693; x_wconf 82' lang='lat' dir='ltr'>praeceptum</span> <span class='ocrx_word' id='word_1_236' title='bbox 1341 2619 1712 2692; x_wconf 84' lang='lat' dir='ltr'>imperfectum</span> <span class='ocrx_word' id='word_1_237' title='bbox 1738 2636 1843 2691; x_wconf 91' lang='lat' dir='ltr'>po-</span> 
     </span>
    </p>
   </div>
   <div class='ocr_carea' id='block_1_31' title="bbox 230 2709 1840 2782">
    <p class='ocr_par' dir='ltr' id='par_1_31' title="bbox 230 2709 1840 2782">
     <span class='ocr_line' id='line_1_31' title="bbox 230 2709 1840 2782; baseline -0.001 -18"><span class='ocrx_word' id='word_1_238' title='bbox 230 2712 360 2776; x_wconf 87' lang='lat' dir='ltr'>suit,</span> <span class='ocrx_word' id='word_1_239' title='bbox 416 2711 545 2782; x_wconf 84' lang='lat' dir='ltr'>quia</span> <span class='ocrx_word' id='word_1_240' title='bbox 616 2711 969 2782; x_wconf 62' lang='lat' dir='ltr'>prz‘emiserat.</span> <span class='ocrx_word' id='word_1_241' title='bbox 1023 2711 1090 2764; x_wconf 91' lang='lat' dir='ltr'>Et</span> <span class='ocrx_word' id='word_1_242' title='bbox 1138 2719 1218 2766; x_wconf 88' lang='lat' dir='ltr'>est</span> <span class='ocrx_word' id='word_1_243' title='bbox 1266 2709 1336 2764; x_wconf 89' lang='lat' dir='ltr'>ita</span> <span class='ocrx_word' id='word_1_244' title='bbox 1379 2709 1840 2782; x_wconf 89' lang='lat' dir='ltr'>intelligendum:</span> 
     </span>
    </p>
   </div>
   <div class='ocr_carea' id='block_1_32' title="bbox 229 2799 1837 2870">
    <p class='ocr_par' dir='ltr' id='par_1_32' title="bbox 229 2799 1837 2870">
     <span class='ocr_line' id='line_1_32' title="bbox 229 2799 1837 2870; baseline -0.001 -17"><span class='ocrx_word' id='word_1_245' title='bbox 229 2801 328 2854; x_wconf 76' lang='lat' dir='ltr'>Vir</span> <span class='ocrx_word' id='word_1_246' title='bbox 363 2816 473 2854; x_wconf 92' lang='lat' dir='ltr'>non</span> <span class='ocrx_word' id='word_1_247' title='bbox 507 2800 737 2854; x_wconf 89' lang='lat' dir='ltr'>dimittat</span> <span class='ocrx_word' id='word_1_248' title='bbox 760 2816 978 2855; x_wconf 87' lang='lat' dir='ltr'>uxorem</span> <span class='ocrx_word' id='word_1_249' title='bbox 1019 2800 1121 2854; x_wconf 88' lang='lat' dir='ltr'>nisi</span> <span class='ocrx_word' id='word_1_250' title='bbox 1141 2807 1364 2870; x_wconf 86' lang='lat' dir='ltr'>pr0pter</span> <span class='ocrx_word' id='word_1_251' title='bbox 1393 2799 1837 2864; x_wconf 82' lang='lat' dir='ltr'>fornicationem;</span> 
     </span>
    </p>
   </div>
   <div class='ocr_carea' id='block_1_33' title="bbox 231 2887 1865 2960">
    <p class='ocr_par' dir='ltr' id='par_1_33' title="bbox 231 2887 1865 2960">
     <span class='ocr_line' id='line_1_33' title="bbox 231 2887 1865 2960; baseline -0.001 -17"><span class='ocrx_word' id='word_1_252' title='bbox 231 2906 397 2960; x_wconf 88' lang='lat' dir='ltr'>quam</span> <span class='ocrx_word' id='word_1_253' title='bbox 429 2889 472 2943; x_wconf 89' lang='lat' dir='ltr'>si</span> <span class='ocrx_word' id='word_1_254' title='bbox 499 2897 718 2960; x_wconf 85' lang='lat' dir='ltr'>propter</span> <span class='ocrx_word' id='word_1_255' title='bbox 747 2890 850 2945; x_wconf 91' lang='lat' dir='ltr'>hoc</span> <span class='ocrx_word' id='word_1_256' title='bbox 879 2888 1164 2954; x_wconf 83' lang='lat' dir='ltr'>dimiserit,</span> <span class='ocrx_word' id='word_1_257' title='bbox 1199 2896 1416 2943; x_wconf 86' lang='lat' dir='ltr'>maneat</span> <span class='ocrx_word' id='word_1_258' title='bbox 1445 2889 1720 2958; x_wconf 90' lang='lat' dir='ltr'>innuptus,</span> <span class='ocrx_word' id='word_1_259' title='bbox 1755 2887 1865 2944; x_wconf 70' lang='lat' dir='ltr'>vel~</span> 
     </span>
    </p>
   </div>
   <div class='ocr_carea' id='block_1_34' title="bbox 241 2977 1837 3034">
    <p class='ocr_par' dir='ltr' id='par_1_34' title="bbox 241 2977 1837 3034">
     <span class='ocr_line' id='line_1_34' title="bbox 241 2977 1837 3034; baseline -0.001 -2"><span class='ocrx_word' id='word_1_260' title='bbox 241 2979 407 3034; x_wconf 80' lang='lat' dir='ltr'>uxori</span> <span class='ocrx_word' id='word_1_261' title='bbox 449 2979 848 3034; x_wconf 90' lang='lat' dir='ltr'>reconcilietur.</span> <span class='ocrx_word' id='word_1_262' title='bbox 873 2979 930 3032; x_wconf 90' lang='lat' dir='ltr'>In</span> <span class='ocrx_word' id='word_1_263' title='bbox 967 2978 1103 3032; x_wconf 88' lang='lat' dir='ltr'>libro</span> <span class='ocrx_word' id='word_1_264' title='bbox 1132 2980 1188 3033; x_wconf 90' lang='lat' dir='ltr'>B.</span> <span class='ocrx_word' id='word_1_265' title='bbox 1215 2977 1487 3032; x_wconf 83' lang='lat' dir='ltr'>Ambrosii</span> <span class='ocrx_word' id='word_1_266' title='bbox 1515 2979 1618 3032; x_wconf 86' lang='lat' dir='ltr'>hoc</span> <span class='ocrx_word' id='word_1_267' title='bbox 1657 2985 1837 3032; x_wconf 88' lang='lat' dir='ltr'>tamen</span> 
     </span>
    </p>
   </div>
   <div class='ocr_carea' id='block_1_35' title="bbox 225 3066 1831 3137">
    <p class='ocr_par' dir='ltr' id='par_1_35' title="bbox 225 3066 1831 3137">
     <span class='ocr_line' id='line_1_35' title="bbox 225 3066 1831 3137; baseline 0.001 -16"><span class='ocrx_word' id='word_1_268' title='bbox 225 3069 508 3122; x_wconf 79' lang='lat' dir='ltr'>invenitur</span> <span class='ocrx_word' id='word_1_269' title='bbox 542 3084 553 3120; x_wconf 90' lang='lat'>:</span> <span class='ocrx_word' id='word_1_270' title='bbox 590 3067 712 3122; x_wconf 90' lang='lat' dir='ltr'>ideo</span> <span class='ocrx_word' id='word_1_271' title='bbox 744 3084 852 3122; x_wconf 88' lang='lat' dir='ltr'>non</span> <span class='ocrx_word' id='word_1_272' title='bbox 877 3075 1046 3123; x_wconf 89' lang='lat' dir='ltr'>totum</span> <span class='ocrx_word' id='word_1_273' title='bbox 1077 3068 1144 3122; x_wconf 92' lang='lat' dir='ltr'>de</span> <span class='ocrx_word' id='word_1_274' title='bbox 1187 3066 1305 3122; x_wconf 90' lang='lat' dir='ltr'>viro</span> <span class='ocrx_word' id='word_1_275' title='bbox 1343 3075 1671 3137; x_wconf 67' lang='lat' dir='ltr'>praeceptum</span> <span class='ocrx_word' id='word_1_276' title='bbox 1709 3083 1831 3122; x_wconf 90' lang='lat' dir='ltr'>esse</span> 
     </span>
    </p>
   </div>
   <div class='ocr_carea' id='block_1_36' title="bbox 224 3155 1833 3229">
    <p class='ocr_par' dir='ltr' id='par_1_36' title="bbox 224 3155 1833 3229">
     <span class='ocr_line' id='line_1_36' title="bbox 224 3155 1833 3229; baseline 0.001 -20"><span class='ocrx_word' id='word_1_277' title='bbox 224 3157 377 3229; x_wconf 88' lang='lat' dir='ltr'>quod</span> <span class='ocrx_word' id='word_1_278' title='bbox 405 3157 474 3211; x_wconf 90' lang='lat' dir='ltr'>de</span> <span class='ocrx_word' id='word_1_279' title='bbox 525 3157 752 3211; x_wconf 88' lang='lat' dir='ltr'>muliere</span> <span class='ocrx_word' id='word_1_280' title='bbox 789 3173 800 3211; x_wconf 89' lang='lat'><strong>:</strong></span> <span class='ocrx_word' id='word_1_281' title='bbox 837 3157 960 3228; x_wconf 89' lang='lat' dir='ltr'>quia</span> <span class='ocrx_word' id='word_1_282' title='bbox 990 3171 1124 3211; x_wconf 79' lang='lat' dir='ltr'>uxor</span> <span class='ocrx_word' id='word_1_283' title='bbox 1153 3156 1458 3210; x_wconf 90' lang='lat' dir='ltr'>membrum</span> <span class='ocrx_word' id='word_1_284' title='bbox 1488 3155 1587 3209; x_wconf 92' lang='lat' dir='ltr'>viri</span> <span class='ocrx_word' id='word_1_285' title='bbox 1641 3163 1740 3221; x_wconf 90' lang='lat' dir='ltr'>est,</span> <span class='ocrx_word' id='word_1_286' title='bbox 1780 3164 1833 3210; x_wconf 91' lang='lat' dir='ltr'>et</span> 
     </span>
    </p>
   </div>
   <div class='ocr_carea' id='block_1_37' title="bbox 220 3244 1833 3316">
    <p class='ocr_par' dir='ltr' id='par_1_37' title="bbox 220 3244 1833 3316">
     <span class='ocr_line' id='line_1_37' title="bbox 220 3244 1833 3316; baseline -0.001 -16"><span class='ocrx_word' id='word_1_287' title='bbox 220 3247 444 3316; x_wconf 88' lang='lat' dir='ltr'>penitus</span> <span class='ocrx_word' id='word_1_288' title='bbox 475 3245 594 3299; x_wconf 89' lang='lat' dir='ltr'>viro</span> <span class='ocrx_word' id='word_1_289' title='bbox 624 3246 868 3313; x_wconf 88' lang='lat' dir='ltr'>subjecta</span> <span class='ocrx_word' id='word_1_290' title='bbox 903 3264 914 3300; x_wconf 91' lang='lat'>:</span> <span class='ocrx_word' id='word_1_291' title='bbox 949 3261 1116 3316; x_wconf 88' lang='lat' dir='ltr'>quare</span> <span class='ocrx_word' id='word_1_292' title='bbox 1147 3246 1192 3299; x_wconf 90' lang='lat' dir='ltr'>si</span> <span class='ocrx_word' id='word_1_293' title='bbox 1222 3261 1254 3300; x_wconf 87' lang='lat' dir='ltr'>a</span> <span class='ocrx_word' id='word_1_294' title='bbox 1285 3245 1402 3299; x_wconf 88' lang='lat' dir='ltr'>viro</span> <span class='ocrx_word' id='word_1_295' title='bbox 1431 3244 1680 3311; x_wconf 88' lang='lat' dir='ltr'>discedit,</span> <span class='ocrx_word' id='word_1_296' title='bbox 1722 3261 1833 3299; x_wconf 89' lang='lat' dir='ltr'>non</span> 
     </span>
    </p>
   </div>
   <div class='ocr_carea' id='block_1_38' title="bbox 220 3334 1829 3405">
    <p class='ocr_par' dir='ltr' id='par_1_38' title="bbox 220 3334 1829 3405">
     <span class='ocr_line' id='line_1_38' title="bbox 220 3334 1829 3405; baseline 0 -17"><span class='ocrx_word' id='word_1_297' title='bbox 220 3334 350 3389; x_wconf 86' lang='lat' dir='ltr'>licet</span> <span class='ocrx_word' id='word_1_298' title='bbox 384 3334 663 3389; x_wconf 71' lang='lat' dir='ltr'>adhznrere</span> <span class='ocrx_word' id='word_1_299' title='bbox 708 3335 883 3388; x_wconf 88' lang='lat' dir='ltr'>alteri.</span> <span class='ocrx_word' id='word_1_300' title='bbox 937 3335 1045 3389; x_wconf 87' lang='lat' dir='ltr'>Sed</span> <span class='ocrx_word' id='word_1_301' title='bbox 1075 3334 1176 3400; x_wconf 89' lang='lat' dir='ltr'>vir,</span> <span class='ocrx_word' id='word_1_302' title='bbox 1211 3334 1337 3405; x_wconf 88' lang='lat' dir='ltr'>quia</span> <span class='ocrx_word' id='word_1_303' title='bbox 1369 3334 1470 3388; x_wconf 91' lang='lat' dir='ltr'>sub</span> <span class='ocrx_word' id='word_1_304' title='bbox 1501 3350 1560 3388; x_wconf 92' lang='lat' dir='ltr'>se</span> <span class='ocrx_word' id='word_1_305' title='bbox 1605 3349 1829 3388; x_wconf 83' lang='lat' dir='ltr'>uxorem</span> 
     </span>
    </p>
   </div>
   <div class='ocr_carea' id='block_1_39' title="bbox 223 3422 1830 3494">
    <p class='ocr_par' dir='ltr' id='par_1_39' title="bbox 223 3422 1830 3494">
     <span class='ocr_line' id='line_1_39' title="bbox 223 3422 1830 3494; baseline -0.001 -17"><span class='ocrx_word' id='word_1_306' title='bbox 223 3424 417 3489; x_wconf 82' lang='lat' dir='ltr'>habet,</span> <span class='ocrx_word' id='word_1_307' title='bbox 475 3431 526 3477; x_wconf 92' lang='lat' dir='ltr'>et</span> <span class='ocrx_word' id='word_1_308' title='bbox 575 3422 776 3494; x_wconf 89' lang='lat' dir='ltr'>ubique</span> <span class='ocrx_word' id='word_1_309' title='bbox 827 3423 1130 3478; x_wconf 89' lang='lat' dir='ltr'>dominatur</span> <span class='ocrx_word' id='word_1_310' title='bbox 1159 3424 1208 3478; x_wconf 89' lang='lat' dir='ltr'>ei</span> <span class='ocrx_word' id='word_1_311' title='bbox 1243 3439 1254 3477; x_wconf 93' lang='lat'>:</span> <span class='ocrx_word' id='word_1_312' title='bbox 1286 3424 1408 3478; x_wconf 90' lang='lat' dir='ltr'>ideo</span> <span class='ocrx_word' id='word_1_313' title='bbox 1442 3423 1606 3477; x_wconf 84' lang='lat' dir='ltr'>licere</span> <span class='ocrx_word' id='word_1_314' title='bbox 1638 3422 1754 3478; x_wconf 88' lang='lat' dir='ltr'>viro</span> <span class='ocrx_word' id='word_1_315' title='bbox 1785 3422 1830 3476; x_wconf 91' lang='lat' dir='ltr'>si</span> 
     </span>
    </p>
   </div>
   <div class='ocr_carea' id='block_1_40' title="bbox 216 3507 1831 3579">
    <p class='ocr_par' dir='ltr' id='par_1_40' title="bbox 216 3507 1831 3579">
     <span class='ocr_line' id='line_1_40' title="bbox 216 3507 1831 3579; baseline 0 -17"><span class='ocrx_word' id='word_1_316' title='bbox 216 3510 367 3578; x_wconf 87' lang='lat' dir='ltr'>justa</span> <span class='ocrx_word' id='word_1_317' title='bbox 395 3523 557 3562; x_wconf 88' lang='lat' dir='ltr'>causa</span> <span class='ocrx_word' id='word_1_318' title='bbox 581 3509 650 3562; x_wconf 91' lang='lat' dir='ltr'>ab</span> <span class='ocrx_word' id='word_1_319' title='bbox 671 3523 840 3563; x_wconf 90' lang='lat' dir='ltr'>uxore</span> <span class='ocrx_word' id='word_1_320' title='bbox 863 3508 1194 3572; x_wconf 89' lang='lat' dir='ltr'>discesserit,</span> <span class='ocrx_word' id='word_1_321' title='bbox 1216 3509 1413 3564; x_wconf 88' lang='lat' dir='ltr'>ducere</span> <span class='ocrx_word' id='word_1_322' title='bbox 1443 3507 1664 3562; x_wconf 88' lang='lat' dir='ltr'>alteram</span> <span class='ocrx_word' id='word_1_323' title='bbox 1684 3507 1831 3579; x_wconf 90' lang='lat' dir='ltr'>quod</span> 
     </span>
    </p>
   </div>
   <div class='ocr_carea' id='block_1_41' title="bbox 224 3597 1830 3670">
    <p class='ocr_par' dir='ltr' id='par_1_41' title="bbox 224 3597 1830 3670">
     <span class='ocr_line' id='line_1_41' title="bbox 224 3597 1830 3670; baseline 0.002 -19"><span class='ocrx_word' id='word_1_324' title='bbox 224 3613 333 3652; x_wconf 91' lang='lat' dir='ltr'>non</span> <span class='ocrx_word' id='word_1_325' title='bbox 369 3597 498 3652; x_wconf 90' lang='lat' dir='ltr'>licet</span> <span class='ocrx_word' id='word_1_326' title='bbox 525 3597 701 3651; x_wconf 82' lang='lat' dir='ltr'>uxori.</span> <span class='ocrx_word' id='word_1_327' title='bbox 736 3597 832 3651; x_wconf 91' lang='lat' dir='ltr'>His</span> <span class='ocrx_word' id='word_1_328' title='bbox 861 3613 970 3652; x_wconf 89' lang='lat' dir='ltr'>non</span> <span class='ocrx_word' id='word_1_329' title='bbox 1000 3613 1105 3670; x_wconf 86' lang='lat' dir='ltr'>ego</span> <span class='ocrx_word' id='word_1_330' title='bbox 1127 3598 1384 3669; x_wconf 65' lang='lat' dir='ltr'>pl‘iBCipiO</span> <span class='ocrx_word' id='word_1_331' title='bbox 1419 3615 1432 3651; x_wconf 89' lang='lat'><strong>:</strong></span> <span class='ocrx_word' id='word_1_332' title='bbox 1465 3614 1589 3652; x_wconf 90' lang='lat' dir='ltr'>nam</span> <span class='ocrx_word' id='word_1_333' title='bbox 1611 3599 1830 3654; x_wconf 72' lang='lat' dir='ltr'>cteteris</span> 
     </span>
    </p>
   </div>
   <div class='ocr_carea' id='block_1_42' title="bbox 219 3686 1829 3758">
    <p class='ocr_par' dir='ltr' id='par_1_42' title="bbox 219 3686 1829 3758">
     <span class='ocr_line' id='line_1_42' title="bbox 219 3686 1829 3758; baseline 0.002 -19"><span class='ocrx_word' id='word_1_334' title='bbox 219 3695 431 3740; x_wconf 90' lang='lat' dir='ltr'>tantum</span> <span class='ocrx_word' id='word_1_335' title='bbox 465 3701 570 3758; x_wconf 88' lang='lat' dir='ltr'>ego</span> <span class='ocrx_word' id='word_1_336' title='bbox 601 3686 721 3743; x_wconf 87' lang='lat' dir='ltr'>dico</span> <span class='ocrx_word' id='word_1_337' title='bbox 752 3704 865 3742; x_wconf 89' lang='lat' dir='ltr'>non</span> <span class='ocrx_word' id='word_1_338' title='bbox 889 3687 1177 3751; x_wconf 86' lang='lat' dir='ltr'>Dominus,</span> <span class='ocrx_word' id='word_1_339' title='bbox 1226 3686 1279 3740; x_wconf 92' lang='lat' dir='ltr'>id</span> <span class='ocrx_word' id='word_1_340' title='bbox 1311 3695 1393 3741; x_wconf 90' lang='lat' dir='ltr'>est</span> <span class='ocrx_word' id='word_1_341' title='bbox 1423 3703 1488 3741; x_wconf 86' lang='lat' dir='ltr'>ex</span> <span class='ocrx_word' id='word_1_342' title='bbox 1517 3687 1829 3742; x_wconf 87' lang='lat' dir='ltr'>auctoritate</span> 
     </span>
    </p>
   </div>
   <div class='ocr_carea' id='block_1_43' title="bbox 219 3775 1829 3847">
    <p class='ocr_par' dir='ltr' id='par_1_43' title="bbox 219 3775 1829 3847">
     <span class='ocr_line' id='line_1_43' title="bbox 219 3775 1829 3847; baseline 0.001 -18"><span class='ocrx_word' id='word_1_343' title='bbox 219 3791 367 3829; x_wconf 89' lang='lat' dir='ltr'>mea.</span> <span class='ocrx_word' id='word_1_344' title='bbox 396 3776 517 3829; x_wconf 79' lang='lat' dir='ltr'>Non</span> <span class='ocrx_word' id='word_1_345' title='bbox 547 3776 692 3846; x_wconf 90' lang='lat' dir='ltr'>quod</span> <span class='ocrx_word' id='word_1_346' title='bbox 723 3775 984 3829; x_wconf 90' lang='lat' dir='ltr'>Dominus</span> <span class='ocrx_word' id='word_1_347' title='bbox 1045 3792 1155 3830; x_wconf 90' lang='lat' dir='ltr'>non</span> <span class='ocrx_word' id='word_1_348' title='bbox 1196 3777 1515 3843; x_wconf 87' lang='lat' dir='ltr'>consentiat,</span> <span class='ocrx_word' id='word_1_349' title='bbox 1562 3777 1659 3830; x_wconf 91' lang='lat' dir='ltr'>sed</span> <span class='ocrx_word' id='word_1_350' title='bbox 1704 3777 1829 3847; x_wconf 85' lang='lat' dir='ltr'>quia</span> 
     </span>
    </p>
   </div>
   <div class='ocr_carea' id='block_1_44' title="bbox 221 3864 1828 3935">
    <p class='ocr_par' dir='ltr' id='par_1_44' title="bbox 221 3864 1828 3935">
     <span class='ocr_line' id='line_1_44' title="bbox 221 3864 1828 3935; baseline 0.001 -17"><span class='ocrx_word' id='word_1_351' title='bbox 221 3864 605 3919; x_wconf 85' lang='lat' dir='ltr'>auctoritatem</span> <span class='ocrx_word' id='word_1_352' title='bbox 637 3866 754 3934; x_wconf 89' lang='lat' dir='ltr'>ejus</span> <span class='ocrx_word' id='word_1_353' title='bbox 783 3865 851 3919; x_wconf 91' lang='lat' dir='ltr'>de</span> <span class='ocrx_word' id='word_1_354' title='bbox 881 3865 979 3920; x_wconf 88' lang='lat' dir='ltr'>hac</span> <span class='ocrx_word' id='word_1_355' title='bbox 1009 3881 1070 3918; x_wconf 90' lang='lat' dir='ltr'>re</span> <span class='ocrx_word' id='word_1_356' title='bbox 1100 3865 1152 3918; x_wconf 95' lang='lat' dir='ltr'>in</span> <span class='ocrx_word' id='word_1_357' title='bbox 1197 3864 1472 3935; x_wconf 86' lang='lat' dir='ltr'>Scriptura</span> <span class='ocrx_word' id='word_1_358' title='bbox 1519 3881 1626 3919; x_wconf 92' lang='lat' dir='ltr'>non</span> <span class='ocrx_word' id='word_1_359' title='bbox 1670 3865 1828 3919; x_wconf 88' lang='lat' dir='ltr'>inve-</span> 
     </span>
    </p>
   </div>
   <div class='ocr_carea' id='block_1_45' title="bbox 218 3952 1827 4019">
    <p class='ocr_par' dir='ltr' id='par_1_45' title="bbox 218 3952 1827 4019">
     <span class='ocr_line' id='line_1_45' title="bbox 218 3952 1827 4019; baseline 0.001 -13"><span class='ocrx_word' id='word_1_360' title='bbox 218 3954 329 4009; x_wconf 88' lang='lat' dir='ltr'>nio.</span> <span class='ocrx_word' id='word_1_361' title='bbox 361 3953 585 4007; x_wconf 51' lang='lat' dir='ltr'>Caiteris</span> <span class='ocrx_word' id='word_1_362' title='bbox 634 3953 777 4019; x_wconf 90' lang='lat' dir='ltr'>dico,</span> <span class='ocrx_word' id='word_1_363' title='bbox 812 3953 864 4007; x_wconf 92' lang='lat' dir='ltr'>id</span> <span class='ocrx_word' id='word_1_364' title='bbox 914 3961 994 4008; x_wconf 91' lang='lat' dir='ltr'>est</span> <span class='ocrx_word' id='word_1_365' title='bbox 1035 3952 1177 4007; x_wconf 89' lang='lat' dir='ltr'>ﬁdeli</span> <span class='ocrx_word' id='word_1_366' title='bbox 1222 3962 1274 4007; x_wconf 92' lang='lat' dir='ltr'>et</span> <span class='ocrx_word' id='word_1_367' title='bbox 1318 3952 1541 4019; x_wconf 91' lang='lat' dir='ltr'>inﬁdeli,</span> <span class='ocrx_word' id='word_1_368' title='bbox 1577 3961 1628 4008; x_wconf 88' lang='lat' dir='ltr'>et</span> <span class='ocrx_word' id='word_1_369' title='bbox 1659 3970 1827 4009; x_wconf 89' lang='lat' dir='ltr'>econ-</span> 
     </span>
    </p>
   </div>
   <div class='ocr_carea' id='block_1_46' title="bbox 222 4042 1830 4114">
    <p class='ocr_par' dir='ltr' id='par_1_46' title="bbox 222 4042 1830 4114">
     <span class='ocr_line' id='line_1_46' title="bbox 222 4042 1830 4114; baseline 0.001 -17"><span class='ocrx_word' id='word_1_370' title='bbox 222 4057 388 4097; x_wconf 80' lang='lat' dir='ltr'>verso</span> <span class='ocrx_word' id='word_1_371' title='bbox 416 4042 541 4114; x_wconf 83' lang='lat' dir='ltr'>lege</span> <span class='ocrx_word' id='word_1_372' title='bbox 572 4042 806 4113; x_wconf 83' lang='lat' dir='ltr'>conjugii</span> <span class='ocrx_word' id='word_1_373' title='bbox 830 4043 1054 4111; x_wconf 87' lang='lat' dir='ltr'>junctis.</span> <span class='ocrx_word' id='word_1_374' title='bbox 1092 4043 1206 4098; x_wconf 88' lang='lat' dir='ltr'>lIoc</span> <span class='ocrx_word' id='word_1_375' title='bbox 1236 4042 1418 4114; x_wconf 89' lang='lat' dir='ltr'>utique</span> <span class='ocrx_word' id='word_1_376' title='bbox 1450 4043 1721 4114; x_wconf 91' lang='lat' dir='ltr'>dicoquod</span> <span class='ocrx_word' id='word_1_377' title='bbox 1751 4048 1830 4098; x_wconf 91' lang='lat' dir='ltr'>st-</span> 
     </span>
    </p>
   </div>
   <div class='ocr_carea' id='block_1_47' title="bbox 221 4131 1826 4203">
    <p class='ocr_par' dir='ltr' id='par_1_47' title="bbox 221 4131 1826 4203">
     <span class='ocr_line' id='line_1_47' title="bbox 221 4131 1826 4203; baseline 0.001 -17"><span class='ocrx_word' id='word_1_378' title='bbox 221 4134 345 4203; x_wconf 80' lang='lat' dir='ltr'>quis</span> <span class='ocrx_word' id='word_1_379' title='bbox 371 4134 590 4201; x_wconf 86' lang='lat' dir='ltr'>fratrer</span> <span class='ocrx_word' id='word_1_380' title='bbox 605 4132 787 4200; x_wconf 81' lang='lat' dir='ltr'>ﬁdelis</span> <span class='ocrx_word' id='word_1_381' title='bbox 811 4131 971 4186; x_wconf 84' lang='lat' dir='ltr'>habet</span> <span class='ocrx_word' id='word_1_382' title='bbox 996 4132 1280 4199; x_wconf 81' lang='lat' dir='ltr'>inﬁdelem</span> <span class='ocrx_word' id='word_1_383' title='bbox 1299 4149 1556 4196; x_wconf 77' lang='lat' dir='ltr'>uxorem,</span> <span class='ocrx_word' id='word_1_384' title='bbox 1591 4131 1648 4188; x_wconf 83' lang='grc'><strong>1</strong></span> <span class='ocrx_word' id='word_1_385' title='bbox 1673 4132 1733 4188; x_wconf 86' lang='grc'>1</span> <span class='ocrx_word' id='word_1_386' title='bbox 1749 4132 1826 4187; x_wconf 88' lang='lat'><strong>0</strong></span> 
     </span>
    </p>
   </div>
   <div class='ocr_carea' id='block_1_48' title="bbox 222 4219 1828 4287">
    <p class='ocr_par' dir='ltr' id='par_1_48' title="bbox 222 4219 1828 4287">
     <span class='ocr_line' id='line_1_48' title="bbox 222 4219 1828 4287; baseline 0.002 -13"><span class='ocrx_word' id='word_1_387' title='bbox 222 4229 276 4274; x_wconf 89' lang='lat' dir='ltr'>et</span> <span class='ocrx_word' id='word_1_388' title='bbox 303 4222 422 4275; x_wconf 69' lang='lat' dir='ltr'>haec</span> <span class='ocrx_word' id='word_1_389' title='bbox 445 4219 678 4273; x_wconf 87' lang='lat' dir='ltr'>inﬁdelis</span> <span class='ocrx_word' id='word_1_390' title='bbox 690 4221 975 4275; x_wconf 87' lang='lat' dir='ltr'>consentit</span> <span class='ocrx_word' id='word_1_391' title='bbox 990 4219 1242 4275; x_wconf 82' lang='lat' dir='ltr'>habitare</span> <span class='ocrx_word' id='word_1_392' title='bbox 1264 4236 1393 4275; x_wconf 90' lang='lat' dir='ltr'>cum</span> <span class='ocrx_word' id='word_1_393' title='bbox 1408 4221 1507 4276; x_wconf 91' lang='lat' dir='ltr'>illo</span> <span class='ocrx_word' id='word_1_394' title='bbox 1529 4219 1694 4287; x_wconf 90' lang='lat' dir='ltr'>ﬁdeli,</span> <span class='ocrx_word' id='word_1_395' title='bbox 1711 4238 1828 4277; x_wconf 91' lang='lat' dir='ltr'>non</span> 
     </span>
    </p>
   </div>
   <div class='ocr_carea' id='block_1_49' title="bbox 221 4306 1825 4379">
    <p class='ocr_par' dir='ltr' id='par_1_49' title="bbox 221 4306 1825 4379">
     <span class='ocr_line' id='line_1_49' title="bbox 221 4306 1825 4379; baseline 0.002 -18"><span class='ocrx_word' id='word_1_396' title='bbox 221 4309 486 4363; x_wconf 83' lang='lat' dir='ltr'>dimittat</span> <span class='ocrx_word' id='word_1_397' title='bbox 517 4309 700 4375; x_wconf 81' lang='lat' dir='ltr'>illam,</span> <span class='ocrx_word' id='word_1_398' title='bbox 735 4324 837 4363; x_wconf 87' lang='lat' dir='ltr'>nec</span> <span class='ocrx_word' id='word_1_399' title='bbox 867 4308 992 4379; x_wconf 88' lang='lat' dir='ltr'>quia</span> <span class='ocrx_word' id='word_1_400' title='bbox 1024 4306 1200 4363; x_wconf 88' lang='lat' dir='ltr'>ﬁdelis</span> <span class='ocrx_word' id='word_1_401' title='bbox 1224 4317 1303 4362; x_wconf 92' lang='lat' dir='ltr'>est</span> <span class='ocrx_word' id='word_1_402' title='bbox 1333 4318 1656 4379; x_wconf 89' lang='lat' dir='ltr'>aspernetur</span> <span class='ocrx_word' id='word_1_403' title='bbox 1704 4326 1825 4365; x_wconf 91' lang='lat' dir='ltr'>eam</span> 
     </span>
    </p>
   </div>
   <div class='ocr_carea' id='block_1_50' title="bbox 1965 395 3564 475">
    <p class='ocr_par' dir='ltr' id='par_1_50' title="bbox 1965 395 3564 475">
     <span class='ocr_line' id='line_1_50' title="bbox 1965 395 3564 475; baseline -0.006 -17"><span class='ocrx_word' id='word_1_404' title='bbox 1965 403 2160 459; x_wconf 87' lang='lat' dir='ltr'>Mulier</span> <span class='ocrx_word' id='word_1_405' title='bbox 2187 403 2423 460; x_wconf 90' lang='lat' dir='ltr'>inﬁdelis</span> <span class='ocrx_word' id='word_1_406' title='bbox 2452 405 2507 458; x_wconf 91' lang='lat' dir='ltr'>in</span> <span class='ocrx_word' id='word_1_407' title='bbox 2538 404 2658 475; x_wconf 85' lang='lat' dir='ltr'>ipso</span> <span class='ocrx_word' id='word_1_408' title='bbox 2699 403 2844 459; x_wconf 88' lang='lat' dir='ltr'>coitu</span> <span class='ocrx_word' id='word_1_409' title='bbox 2884 400 3219 458; x_wconf 83' lang='lat' dir='ltr'>sanctiﬁcata</span> <span class='ocrx_word' id='word_1_410' title='bbox 3263 406 3319 454; x_wconf 88' lang='lat' dir='ltr'>et</span> <span class='ocrx_word' id='word_1_411' title='bbox 3361 395 3564 451; x_wconf 89' lang='lat' dir='ltr'>munda</span> 
     </span>
    </p>
   </div>
   <div class='ocr_carea' id='block_1_51' title="bbox 1966 478 3564 564">
    <p class='ocr_par' dir='ltr' id='par_1_51' title="bbox 1966 478 3564 564">
     <span class='ocr_line' id='line_1_51' title="bbox 1966 478 3564 564; baseline -0.006 -18"><span class='ocrx_word' id='word_1_412' title='bbox 1966 501 2066 557; x_wconf 88' lang='lat' dir='ltr'>est,</span> <span class='ocrx_word' id='word_1_413' title='bbox 2112 494 2439 564; x_wconf 77' lang='lat' dir='ltr'>praevalente</span> <span class='ocrx_word' id='word_1_414' title='bbox 2487 478 2615 548; x_wconf 23' lang='lat' dir='ltr'>ﬁde.</span> <span class='ocrx_word' id='word_1_415' title='bbox 2650 493 2751 548; x_wconf 87' lang='lat' dir='ltr'>viri</span> <span class='ocrx_word' id='word_1_416' title='bbox 2793 492 2894 546; x_wconf 85' lang='lat' dir='ltr'>sui.</span> <span class='ocrx_word' id='word_1_417' title='bbox 2946 492 3069 545; x_wconf 89' lang='lat' dir='ltr'>Non</span> <span class='ocrx_word' id='word_1_418' title='bbox 3122 490 3325 544; x_wconf 89' lang='lat' dir='ltr'>debent</span> <span class='ocrx_word' id='word_1_419' title='bbox 3377 485 3564 556; x_wconf 87' lang='lat' dir='ltr'>utique</span> 
     </span>
    </p>
   </div>
   <div class='ocr_carea' id='block_1_52' title="bbox 1963 571 3562 652">
    <p class='ocr_par' dir='ltr' id='par_1_52' title="bbox 1963 571 3562 652">
     <span class='ocr_line' id='line_1_52' title="bbox 1963 571 3562 652; baseline -0.007 -16"><span class='ocrx_word' id='word_1_420' title='bbox 1963 582 2203 637; x_wconf 86' lang='lat' dir='ltr'>vicissim</span> <span class='ocrx_word' id='word_1_421' title='bbox 2249 599 2308 637; x_wconf 88' lang='lat' dir='ltr'>se</span> <span class='ocrx_word' id='word_1_422' title='bbox 2350 582 2619 636; x_wconf 89' lang='lat' dir='ltr'>dimittere</span> <span class='ocrx_word' id='word_1_423' title='bbox 2648 589 2876 652; x_wconf 87' lang='lat' dir='ltr'>pr0pter</span> <span class='ocrx_word' id='word_1_424' title='bbox 2904 579 3213 650; x_wconf 73' lang='lat' dir='ltr'>praemissa,</span> <span class='ocrx_word' id='word_1_425' title='bbox 3260 571 3562 630; x_wconf 68' lang='lat' dir='ltr'>sed-simul</span> 
     </span>
    </p>
   </div>
   <div class='ocr_carea' id='block_1_53' title="bbox 1963 661 3562 744">
    <p class='ocr_par' dir='ltr' id='par_1_53' title="bbox 1963 661 3562 744">
     <span class='ocr_line' id='line_1_53' title="bbox 1963 661 3562 744; baseline -0.006 -21"><span class='ocrx_word' id='word_1_426' title='bbox 1963 686 2186 725; x_wconf 88' lang='lat' dir='ltr'>manere</span> <span class='ocrx_word' id='word_1_427' title='bbox 2220 687 2232 726; x_wconf 86' lang='lat'><strong>:</strong></span> <span class='ocrx_word' id='word_1_428' title='bbox 2267 673 2398 744; x_wconf 86' lang='lat' dir='ltr'>quia</span> <span class='ocrx_word' id='word_1_429' title='bbox 2419 673 2692 743; x_wconf 88' lang='lat' dir='ltr'>alioquin,</span> <span class='ocrx_word' id='word_1_430' title='bbox 2716 670 2770 724; x_wconf 91' lang='lat' dir='ltr'>id</span> <span class='ocrx_word' id='word_1_431' title='bbox 2791 677 2893 736; x_wconf 90' lang='lat' dir='ltr'>est,</span> <span class='ocrx_word' id='word_1_432' title='bbox 2921 668 2964 723; x_wconf 90' lang='lat' dir='ltr'>si</span> <span class='ocrx_word' id='word_1_433' title='bbox 2984 669 3123 722; x_wconf 89' lang='lat' dir='ltr'>alter</span> <span class='ocrx_word' id='word_1_434' title='bbox 3139 667 3372 721; x_wconf 89' lang='lat' dir='ltr'>alterum</span> <span class='ocrx_word' id='word_1_435' title='bbox 3402 661 3562 716; x_wconf 90' lang='lat' dir='ltr'>dimi-</span> 
     </span>
    </p>
   </div>
   <div class='ocr_carea' id='block_1_54' title="bbox 1964 750 3558 828">
    <p class='ocr_par' dir='ltr' id='par_1_54' title="bbox 1964 750 3558 828">
     <span class='ocr_line' id='line_1_54' title="bbox 1964 750 3558 828; baseline -0.006 -15"><span class='ocrx_word' id='word_1_436' title='bbox 1964 760 2115 823; x_wconf 89' lang='lat' dir='ltr'>serit,</span> <span class='ocrx_word' id='word_1_437' title='bbox 2139 761 2248 828; x_wconf 75' lang='lat' dir='ltr'>filii</span> <span class='ocrx_word' id='word_1_438' title='bbox 2268 763 2440 815; x_wconf 83' lang='lat' dir='ltr'>vestri</span> <span class='ocrx_word' id='word_1_439' title='bbox 2462 762 2650 814; x_wconf 85' lang='lat' dir='ltr'>essent</span> <span class='ocrx_word' id='word_1_440' title='bbox 2665 758 2969 822; x_wconf 86' lang='lat' dir='ltr'>immundi,</span> <span class='ocrx_word' id='word_1_441' title='bbox 2996 757 3051 811; x_wconf 91' lang='lat' dir='ltr'>id</span> <span class='ocrx_word' id='word_1_442' title='bbox 3073 763 3278 811; x_wconf 91' lang='lat' dir='ltr'>estnon</span> <span class='ocrx_word' id='word_1_443' title='bbox 3306 750 3558 824; x_wconf 86' lang='lat' dir='ltr'>legitimi,</span> 
     </span>
    </p>
   </div>
   <div class='ocr_carea' id='block_1_55' title="bbox 1963 841 3556 919">
    <p class='ocr_par' dir='ltr' id='par_1_55' title="bbox 1963 841 3556 919">
     <span class='ocr_line' id='line_1_55' title="bbox 1963 841 3556 919; baseline -0.006 -18"><span class='ocrx_word' id='word_1_444' title='bbox 1963 848 2060 902; x_wconf 93' lang='lat' dir='ltr'>sed</span> <span class='ocrx_word' id='word_1_445' title='bbox 2092 849 2288 919; x_wconf 89' lang='lat' dir='ltr'>spurii.</span> <span class='ocrx_word' id='word_1_446' title='bbox 2329 848 2384 903; x_wconf 93' lang='lat' dir='ltr'>Si</span> <span class='ocrx_word' id='word_1_447' title='bbox 2415 848 2558 902; x_wconf 91' lang='lat' dir='ltr'>enim</span> <span class='ocrx_word' id='word_1_448' title='bbox 2597 847 2928 903; x_wconf 87' lang='lat' dir='ltr'>connubium</span> <span class='ocrx_word' id='word_1_449' title='bbox 2960 845 3206 912; x_wconf 88' lang='lat' dir='ltr'>solvitur,</span> <span class='ocrx_word' id='word_1_450' title='bbox 3255 841 3556 911; x_wconf 83' lang='lat' dir='ltr'>legitimum</span> 
     </span>
    </p>
   </div>
   <div class='ocr_carea' id='block_1_56' title="bbox 1962 929 3559 1004">
    <p class='ocr_par' dir='ltr' id='par_1_56' title="bbox 1962 929 3559 1004">
     <span class='ocr_line' id='line_1_56' title="bbox 1962 929 3559 1004; baseline -0.005 -15"><span class='ocrx_word' id='word_1_451' title='bbox 1962 935 2131 991; x_wconf 84' lang='lat' dir='ltr'>fuisse</span> <span class='ocrx_word' id='word_1_452' title='bbox 2160 952 2268 991; x_wconf 90' lang='lat' dir='ltr'>non</span> <span class='ocrx_word' id='word_1_453' title='bbox 2300 937 2572 1002; x_wconf 88' lang='lat' dir='ltr'>creditur;</span> <span class='ocrx_word' id='word_1_454' title='bbox 2607 943 2659 990; x_wconf 91' lang='lat' dir='ltr'>et</span> <span class='ocrx_word' id='word_1_455' title='bbox 2687 935 2811 990; x_wconf 91' lang='lat' dir='ltr'>ideo</span> <span class='ocrx_word' id='word_1_456' title='bbox 2853 933 2946 990; x_wconf 90' lang='lat' dir='ltr'>ﬁlii</span> <span class='ocrx_word' id='word_1_457' title='bbox 2989 949 3100 988; x_wconf 90' lang='lat' dir='ltr'>non</span> <span class='ocrx_word' id='word_1_458' title='bbox 3146 929 3376 1004; x_wconf 89' lang='lat' dir='ltr'>legitimi</span> <span class='ocrx_word' id='word_1_459' title='bbox 3406 929 3453 983; x_wconf 93' lang='lat' dir='ltr'>si</span> <span class='ocrx_word' id='word_1_460' title='bbox 3499 943 3559 982; x_wconf 92' lang='lat' dir='ltr'>se</span> 
     </span>
    </p>
   </div>
   <div class='ocr_carea' id='block_1_57' title="bbox 1961 1016 3561 1092">
    <p class='ocr_par' dir='ltr' id='par_1_57' title="bbox 1961 1016 3561 1092">
     <span class='ocr_line' id='line_1_57' title="bbox 1961 1016 3561 1092; baseline -0.005 -14"><span class='ocrx_word' id='word_1_461' title='bbox 1961 1024 2254 1092; x_wconf 89' lang='lat' dir='ltr'>dimittunt,</span> <span class='ocrx_word' id='word_1_462' title='bbox 2281 1024 2377 1079; x_wconf 91' lang='lat' dir='ltr'>ﬁlii</span> <span class='ocrx_word' id='word_1_463' title='bbox 2407 1033 2531 1080; x_wconf 91' lang='lat' dir='ltr'>sunt</span> <span class='ocrx_word' id='word_1_464' title='bbox 2578 1023 2842 1078; x_wconf 90' lang='lat' dir='ltr'>immundi</span> <span class='ocrx_word' id='word_1_465' title='bbox 2877 1041 2890 1077; x_wconf 75' lang='grc' dir='ltr'>ε</span> <span class='ocrx_word' id='word_1_466' title='bbox 2925 1022 3022 1078; x_wconf 89' lang='lat' dir='ltr'>sed</span> <span class='ocrx_word' id='word_1_467' title='bbox 3069 1037 3244 1087; x_wconf 88' lang='lat' dir='ltr'>nunc,</span> <span class='ocrx_word' id='word_1_468' title='bbox 3278 1019 3332 1073; x_wconf 93' lang='lat' dir='ltr'>id</span> <span class='ocrx_word' id='word_1_469' title='bbox 3361 1025 3462 1083; x_wconf 90' lang='lat' dir='ltr'>est,</span> <span class='ocrx_word' id='word_1_470' title='bbox 3513 1016 3561 1071; x_wconf 90' lang='lat' dir='ltr'>si</span> 
     </span>
    </p>
   </div>
   <div class='ocr_carea' id='block_1_58' title="bbox 1961 1105 3560 1180">
    <p class='ocr_par' dir='ltr' id='par_1_58' title="bbox 1961 1105 3560 1180">
     <span class='ocr_line' id='line_1_58' title="bbox 1961 1105 3560 1180; baseline -0.006 -11"><span class='ocrx_word' id='word_1_471' title='bbox 1961 1113 2269 1169; x_wconf 87' lang='lat' dir='ltr'>cohabitant</span> <span class='ocrx_word' id='word_1_472' title='bbox 2302 1132 2315 1168; x_wconf 93' lang='lat'>:</span> <span class='ocrx_word' id='word_1_473' title='bbox 2348 1113 2442 1167; x_wconf 90' lang='lat' dir='ltr'>ﬁlii</span> <span class='ocrx_word' id='word_1_474' title='bbox 2469 1118 2606 1169; x_wconf 87' lang='lat' dir='ltr'>sunt</span> <span class='ocrx_word' id='word_1_475' title='bbox 2631 1115 2836 1180; x_wconf 86' lang='lat' dir='ltr'>sancti,</span> <span class='ocrx_word' id='word_1_476' title='bbox 2871 1112 2925 1165; x_wconf 91' lang='lat' dir='ltr'>id</span> <span class='ocrx_word' id='word_1_477' title='bbox 2953 1118 3054 1175; x_wconf 90' lang='lat' dir='ltr'>est,</span> <span class='ocrx_word' id='word_1_478' title='bbox 3082 1109 3396 1178; x_wconf 88' lang='lat' dir='ltr'>judicantur</span> <span class='ocrx_word' id='word_1_479' title='bbox 3424 1105 3560 1178; x_wconf 82' lang='lat' dir='ltr'>legi-</span> 
     </span>
    </p>
   </div>
   <div class='ocr_carea' id='block_1_59' title="bbox 1960 1193 3559 1271">
    <p class='ocr_par' dir='ltr' id='par_1_59' title="bbox 1960 1193 3559 1271">
     <span class='ocr_line' id='line_1_59' title="bbox 1960 1193 3559 1271; baseline -0.006 -15"><span class='ocrx_word' id='word_1_480' title='bbox 1960 1201 2095 1256; x_wconf 90' lang='lat' dir='ltr'>timi.</span> <span class='ocrx_word' id='word_1_481' title='bbox 2131 1202 2231 1256; x_wconf 85' lang='lat' dir='ltr'>Vel</span> <span class='ocrx_word' id='word_1_482' title='bbox 2267 1202 2423 1256; x_wconf 89' lang='lat' dir='ltr'>aliter</span> <span class='ocrx_word' id='word_1_483' title='bbox 2455 1218 2468 1257; x_wconf 88' lang='lat'><strong>:</strong></span> <span class='ocrx_word' id='word_1_484' title='bbox 2503 1202 2630 1256; x_wconf 92' lang='lat' dir='ltr'>Ideo</span> <span class='ocrx_word' id='word_1_485' title='bbox 2677 1217 2786 1256; x_wconf 88' lang='lat' dir='ltr'>non</span> <span class='ocrx_word' id='word_1_486' title='bbox 2830 1197 3178 1271; x_wconf 88' lang='lat' dir='ltr'>separemini,</span> <span class='ocrx_word' id='word_1_487' title='bbox 3212 1195 3470 1267; x_wconf 87' lang='lat' dir='ltr'>alioquin,</span> <span class='ocrx_word' id='word_1_488' title='bbox 3502 1193 3559 1247; x_wconf 92' lang='lat' dir='ltr'>id</span> 
     </span>
    </p>
   </div>
   <div class='ocr_carea' id='block_1_60' title="bbox 1961 1283 3558 1357">
    <p class='ocr_par' dir='ltr' id='par_1_60' title="bbox 1961 1283 3558 1357">
     <span class='ocr_line' id='line_1_60' title="bbox 1961 1283 3558 1357; baseline -0.006 -12"><span class='ocrx_word' id='word_1_489' title='bbox 1961 1298 2060 1357; x_wconf 90' lang='lat' dir='ltr'>est,</span> <span class='ocrx_word' id='word_1_490' title='bbox 2095 1291 2140 1345; x_wconf 93' lang='lat' dir='ltr'>si</span> <span class='ocrx_word' id='word_1_491' title='bbox 2170 1291 2327 1345; x_wconf 88' lang='lat' dir='ltr'>aliter</span> <span class='ocrx_word' id='word_1_492' title='bbox 2354 1289 2464 1356; x_wconf 88' lang='lat' dir='ltr'>ﬁat,</span> <span class='ocrx_word' id='word_1_493' title='bbox 2510 1289 2602 1344; x_wconf 89' lang='lat' dir='ltr'>ﬁlii</span> <span class='ocrx_word' id='word_1_494' title='bbox 2643 1289 2813 1345; x_wconf 84' lang='lat' dir='ltr'>vestri</span> <span class='ocrx_word' id='word_1_495' title='bbox 2861 1295 3045 1344; x_wconf 89' lang='lat' dir='ltr'>essent</span> <span class='ocrx_word' id='word_1_496' title='bbox 3072 1285 3355 1352; x_wconf 92' lang='lat' dir='ltr'>immundi,</span> <span class='ocrx_word' id='word_1_497' title='bbox 3387 1283 3444 1338; x_wconf 91' lang='lat' dir='ltr'>id</span> <span class='ocrx_word' id='word_1_498' title='bbox 3475 1289 3558 1338; x_wconf 88' lang='lat' dir='ltr'>est</span> 
     </span>
    </p>
   </div>
   <div class='ocr_carea' id='block_1_61' title="bbox 1960 1376 3552 1450">
    <p class='ocr_par' dir='ltr' id='par_1_61' title="bbox 1960 1376 3552 1450">
     <span class='ocr_line' id='line_1_61' title="bbox 1960 1376 3552 1450; baseline -0.005 -17"><span class='ocrx_word' id='word_1_499' title='bbox 1960 1379 2012 1434; x_wconf 91' lang='lat' dir='ltr'>in</span> <span class='ocrx_word' id='word_1_500' title='bbox 2042 1377 2356 1434; x_wconf 88' lang='lat' dir='ltr'>inﬁdelitate</span> <span class='ocrx_word' id='word_1_501' title='bbox 2385 1385 2796 1450; x_wconf 88' lang='lat' dir='ltr'>permanerent.</span> <span class='ocrx_word' id='word_1_502' title='bbox 2831 1377 2887 1432; x_wconf 93' lang='lat' dir='ltr'>Si</span> <span class='ocrx_word' id='word_1_503' title='bbox 2904 1377 3050 1432; x_wconf 89' lang='lat' dir='ltr'>enim</span> <span class='ocrx_word' id='word_1_504' title='bbox 3080 1376 3219 1431; x_wconf 90' lang='lat' dir='ltr'>alter</span> <span class='ocrx_word' id='word_1_505' title='bbox 3247 1380 3552 1444; x_wconf 89' lang='lat' dir='ltr'>parentum,</span> 
     </span>
    </p>
   </div>
   <div class='ocr_carea' id='block_1_62' title="bbox 1959 1461 3557 1535">
    <p class='ocr_par' dir='ltr' id='par_1_62' title="bbox 1959 1461 3557 1535">
     <span class='ocr_line' id='line_1_62' title="bbox 1959 1461 3557 1535; baseline -0.006 -11"><span class='ocrx_word' id='word_1_506' title='bbox 1959 1484 2082 1524; x_wconf 92' lang='lat' dir='ltr'>cum</span> <span class='ocrx_word' id='word_1_507' title='bbox 2121 1467 2354 1523; x_wconf 88' lang='lat' dir='ltr'>inﬁdelis</span> <span class='ocrx_word' id='word_1_508' title='bbox 2385 1475 2547 1535; x_wconf 87' lang='lat' dir='ltr'>esset,</span> <span class='ocrx_word' id='word_1_509' title='bbox 2579 1468 2646 1522; x_wconf 89' lang='lat' dir='ltr'>ad</span> <span class='ocrx_word' id='word_1_510' title='bbox 2695 1466 2859 1521; x_wconf 89' lang='lat' dir='ltr'>ﬁdem</span> <span class='ocrx_word' id='word_1_511' title='bbox 2907 1465 3182 1532; x_wconf 90' lang='lat' dir='ltr'>transiret,</span> <span class='ocrx_word' id='word_1_512' title='bbox 3231 1462 3324 1516; x_wconf 89' lang='lat' dir='ltr'>ﬁlii</span> <span class='ocrx_word' id='word_1_513' title='bbox 3369 1461 3557 1532; x_wconf 86' lang='lat' dir='ltr'>utique</span> 
     </span>
    </p>
   </div>
   <div class='ocr_carea' id='block_1_63' title="bbox 1958 1554 3559 1628">
    <p class='ocr_par' dir='ltr' id='par_1_63' title="bbox 1958 1554 3559 1628">
     <span class='ocr_line' id='line_1_63' title="bbox 1958 1554 3559 1628; baseline -0.002 -17"><span class='ocrx_word' id='word_1_514' title='bbox 1958 1557 2034 1611; x_wconf 93' lang='lat' dir='ltr'>illi</span> <span class='ocrx_word' id='word_1_515' title='bbox 2063 1557 2273 1628; x_wconf 89' lang='lat' dir='ltr'>parenti</span> <span class='ocrx_word' id='word_1_516' title='bbox 2323 1558 2675 1622; x_wconf 71' lang='lat' dir='ltr'>adhzererent,</span> <span class='ocrx_word' id='word_1_517' title='bbox 2727 1555 2819 1628; x_wconf 87' lang='lat' dir='ltr'>qui</span> <span class='ocrx_word' id='word_1_518' title='bbox 2860 1555 2914 1609; x_wconf 90' lang='lat' dir='ltr'>in</span> <span class='ocrx_word' id='word_1_519' title='bbox 2956 1554 3126 1626; x_wconf 90' lang='lat' dir='ltr'>priori</span> <span class='ocrx_word' id='word_1_520' title='bbox 3173 1559 3321 1608; x_wconf 87' lang='lat' dir='ltr'>secta</span> <span class='ocrx_word' id='word_1_521' title='bbox 3368 1564 3559 1607; x_wconf 75' lang='lat' dir='ltr'>reme.-</span> 
     </span>
    </p>
   </div>
   <div class='ocr_carea' id='block_1_64' title="bbox 1958 1643 3558 1717">
    <p class='ocr_par' dir='ltr' id='par_1_64' title="bbox 1958 1643 3558 1717">
     <span class='ocr_line' id='line_1_64' title="bbox 1958 1643 3558 1717; baseline -0.005 -17"><span class='ocrx_word' id='word_1_522' title='bbox 1958 1653 2114 1700; x_wconf 91' lang='lat' dir='ltr'>neret</span> <span class='ocrx_word' id='word_1_523' title='bbox 2147 1663 2160 1699; x_wconf 91' lang='lat'>:</span> <span class='ocrx_word' id='word_1_524' title='bbox 2193 1646 2247 1699; x_wconf 92' lang='lat' dir='ltr'>in</span> <span class='ocrx_word' id='word_1_525' title='bbox 2279 1661 2387 1717; x_wconf 89' lang='lat' dir='ltr'>qua</span> <span class='ocrx_word' id='word_1_526' title='bbox 2431 1644 2525 1699; x_wconf 91' lang='lat' dir='ltr'>ﬁlii</span> <span class='ocrx_word' id='word_1_527' title='bbox 2572 1645 2681 1700; x_wconf 87' lang='lat' dir='ltr'>nati</span> <span class='ocrx_word' id='word_1_528' title='bbox 2730 1652 2934 1710; x_wconf 90' lang='lat' dir='ltr'>essent,</span> <span class='ocrx_word' id='word_1_529' title='bbox 2990 1651 3042 1697; x_wconf 93' lang='lat' dir='ltr'>et</span> <span class='ocrx_word' id='word_1_530' title='bbox 3070 1643 3125 1696; x_wconf 90' lang='lat' dir='ltr'>in</span> <span class='ocrx_word' id='word_1_531' title='bbox 3170 1657 3278 1712; x_wconf 89' lang='lat' dir='ltr'>qua</span> <span class='ocrx_word' id='word_1_532' title='bbox 3324 1653 3558 1695; x_wconf 89' lang='lat' dir='ltr'>consue-</span> 
     </span>
    </p>
   </div>
   <div class='ocr_carea' id='block_1_65' title="bbox 1953 1732 3557 1799">
    <p class='ocr_par' dir='ltr' id='par_1_65' title="bbox 1953 1732 3557 1799">
     <span class='ocr_line' id='line_1_65' title="bbox 1953 1732 3557 1799; baseline -0.007 -8"><span class='ocrx_word' id='word_1_533' title='bbox 1953 1735 2177 1791; x_wconf 87' lang='lat' dir='ltr'>vissent.</span> <span class='ocrx_word' id='word_1_534' title='bbox 2218 1736 2286 1788; x_wconf 88' lang='lat' dir='ltr'>Et</span> <span class='ocrx_word' id='word_1_535' title='bbox 2314 1734 2438 1789; x_wconf 92' lang='lat' dir='ltr'>ideo</span> <span class='ocrx_word' id='word_1_536' title='bbox 2470 1749 2657 1788; x_wconf 92' lang='lat' dir='ltr'>amore</span> <span class='ocrx_word' id='word_1_537' title='bbox 2689 1732 2923 1788; x_wconf 91' lang='lat' dir='ltr'>ﬁliorum</span> <span class='ocrx_word' id='word_1_538' title='bbox 2955 1732 3155 1786; x_wconf 90' lang='lat' dir='ltr'>bonum</span> <span class='ocrx_word' id='word_1_539' title='bbox 3188 1737 3270 1784; x_wconf 89' lang='lat' dir='ltr'>est</span> <span class='ocrx_word' id='word_1_540' title='bbox 3297 1735 3557 1799; x_wconf 87' lang='lat' dir='ltr'>parentes</span> 
     </span>
    </p>
   </div>
   <div class='ocr_carea' id='block_1_66' title="bbox 1953 1814 3562 1892">
    <p class='ocr_par' dir='ltr' id='par_1_66' title="bbox 1953 1814 3562 1892">
     <span class='ocr_line' id='line_1_66' title="bbox 1953 1814 3562 1892; baseline -0.006 -14"><span class='ocrx_word' id='word_1_541' title='bbox 1953 1824 2113 1878; x_wconf 92' lang='lat' dir='ltr'>simul</span> <span class='ocrx_word' id='word_1_542' title='bbox 2162 1839 2408 1878; x_wconf 88' lang='lat' dir='ltr'>manere.</span> <span class='ocrx_word' id='word_1_543' title='bbox 2468 1823 2585 1877; x_wconf 90' lang='lat' dir='ltr'>Filii</span> <span class='ocrx_word' id='word_1_544' title='bbox 2641 1821 2825 1892; x_wconf 88' lang='lat' dir='ltr'>utique</span> <span class='ocrx_word' id='word_1_545' title='bbox 2870 1821 3034 1876; x_wconf 80' lang='lat' dir='ltr'>vestri</span> <span class='ocrx_word' id='word_1_546' title='bbox 3065 1826 3248 1874; x_wconf 88' lang='lat' dir='ltr'>essent</span> <span class='ocrx_word' id='word_1_547' title='bbox 3294 1814 3562 1871; x_wconf 87' lang='lat' dir='ltr'>immundi</span> 
     </span>
    </p>
   </div>
   <div class='ocr_carea' id='block_1_67' title="bbox 1951 1905 3554 1983">
    <p class='ocr_par' dir='ltr' id='par_1_67' title="bbox 1951 1905 3554 1983">
     <span class='ocr_line' id='line_1_67' title="bbox 1951 1905 3554 1983; baseline -0.006 -16"><span class='ocrx_word' id='word_1_548' title='bbox 1951 1929 2050 1983; x_wconf 92' lang='lat' dir='ltr'>per</span> <span class='ocrx_word' id='word_1_549' title='bbox 2079 1910 2474 1966; x_wconf 90' lang='lat' dir='ltr'>inﬁdelitatem.</span> <span class='ocrx_word' id='word_1_550' title='bbox 2515 1911 2623 1966; x_wconf 89' lang='lat' dir='ltr'>Sed</span> <span class='ocrx_word' id='word_1_551' title='bbox 2654 1926 2798 1965; x_wconf 92' lang='lat' dir='ltr'>nunc</span> <span class='ocrx_word' id='word_1_552' title='bbox 2828 1909 2872 1964; x_wconf 91' lang='lat' dir='ltr'>si</span> <span class='ocrx_word' id='word_1_553' title='bbox 2920 1908 3081 1962; x_wconf 90' lang='lat' dir='ltr'>simul</span> <span class='ocrx_word' id='word_1_554' title='bbox 3123 1905 3421 1961; x_wconf 89' lang='lat' dir='ltr'>manserint</span> <span class='ocrx_word' id='word_1_555' title='bbox 3450 1919 3554 1975; x_wconf 87' lang='lat' dir='ltr'>pa-</span> 
     </span>
    </p>
   </div>
   <div class='ocr_carea' id='block_1_68' title="bbox 1951 1994 3553 2069">
    <p class='ocr_par' dir='ltr' id='par_1_68' title="bbox 1951 1994 3553 2069">
     <span class='ocr_line' id='line_1_68' title="bbox 1951 1994 3553 2069; baseline -0.004 -15"><span class='ocrx_word' id='word_1_556' title='bbox 1951 2008 2151 2067; x_wconf 89' lang='lat' dir='ltr'>rentes,</span> <span class='ocrx_word' id='word_1_557' title='bbox 2185 2008 2308 2054; x_wconf 90' lang='lat' dir='ltr'>sunt</span> <span class='ocrx_word' id='word_1_558' title='bbox 2337 2000 2532 2065; x_wconf 86' lang='lat' dir='ltr'>sancti,</span> <span class='ocrx_word' id='word_1_559' title='bbox 2568 1999 2624 2053; x_wconf 90' lang='lat' dir='ltr'>id</span> <span class='ocrx_word' id='word_1_560' title='bbox 2657 2007 2739 2054; x_wconf 91' lang='lat' dir='ltr'>est</span> <span class='ocrx_word' id='word_1_561' title='bbox 2767 2014 2870 2069; x_wconf 91' lang='lat' dir='ltr'>per</span> <span class='ocrx_word' id='word_1_562' title='bbox 2898 1996 3062 2053; x_wconf 88' lang='lat' dir='ltr'>ﬁdem</span> <span class='ocrx_word' id='word_1_563' title='bbox 3088 1994 3372 2068; x_wconf 89' lang='lat' dir='ltr'>puriﬁcati.</span> <span class='ocrx_word' id='word_1_564' title='bbox 3404 1994 3553 2048; x_wconf 64' lang='lat' dir='ltr'>Prte-</span> 
     </span>
    </p>
   </div>
   <div class='ocr_carea' id='block_1_69' title="bbox 1949 2082 3552 2160">
    <p class='ocr_par' dir='ltr' id='par_1_69' title="bbox 1949 2082 3552 2160">
     <span class='ocr_line' id='line_1_69' title="bbox 1949 2082 3552 2160; baseline -0.005 -16"><span class='ocrx_word' id='word_1_565' title='bbox 1949 2089 2090 2160; x_wconf 91' lang='lat' dir='ltr'>cipio</span> <span class='ocrx_word' id='word_1_566' title='bbox 2120 2105 2188 2144; x_wconf 92' lang='lat' dir='ltr'>ne</span> <span class='ocrx_word' id='word_1_567' title='bbox 2219 2087 2416 2154; x_wconf 89' lang='lat' dir='ltr'>ﬁdelis,</span> <span class='ocrx_word' id='word_1_568' title='bbox 2459 2089 2574 2143; x_wconf 90' lang='lat' dir='ltr'>sive</span> <span class='ocrx_word' id='word_1_569' title='bbox 2603 2087 2703 2157; x_wconf 93' lang='lat' dir='ltr'>vir,</span> <span class='ocrx_word' id='word_1_570' title='bbox 2757 2088 2872 2143; x_wconf 86' lang='lat' dir='ltr'>sive</span> <span class='ocrx_word' id='word_1_571' title='bbox 2914 2087 3127 2152; x_wconf 90' lang='lat' dir='ltr'>mulier,</span> <span class='ocrx_word' id='word_1_572' title='bbox 3171 2091 3460 2156; x_wconf 88' lang='lat' dir='ltr'>separetur</span> <span class='ocrx_word' id='word_1_573' title='bbox 3485 2082 3552 2136; x_wconf 91' lang='lat' dir='ltr'>ab</span> 
     </span>
    </p>
   </div>
   <div class='ocr_carea' id='block_1_70' title="bbox 1948 2171 3550 2246">
    <p class='ocr_par' dir='ltr' id='par_1_70' title="bbox 1948 2171 3550 2246">
     <span class='ocr_line' id='line_1_70' title="bbox 1948 2171 3550 2246; baseline -0.004 -14"><span class='ocrx_word' id='word_1_574' title='bbox 1948 2177 2171 2233; x_wconf 90' lang='lat' dir='ltr'>inﬁdeli.</span> <span class='ocrx_word' id='word_1_575' title='bbox 2207 2177 2358 2245; x_wconf 85' lang='lat' dir='ltr'>Quod</span> <span class='ocrx_word' id='word_1_576' title='bbox 2378 2179 2427 2234; x_wconf 89' lang='lat' dir='ltr'>si</span> <span class='ocrx_word' id='word_1_577' title='bbox 2441 2177 2713 2246; x_wconf 80' lang='lat' dir='ltr'>inﬁdelis,</span> <span class='ocrx_word' id='word_1_578' title='bbox 2736 2177 2824 2231; x_wconf 86' lang='lat' dir='ltr'>vel</span> <span class='ocrx_word' id='word_1_579' title='bbox 2853 2177 2954 2243; x_wconf 88' lang='lat' dir='ltr'>vir,</span> <span class='ocrx_word' id='word_1_580' title='bbox 2989 2175 3077 2231; x_wconf 91' lang='lat' dir='ltr'>vel</span> <span class='ocrx_word' id='word_1_581' title='bbox 3104 2189 3259 2239; x_wconf 87' lang='lat' dir='ltr'>uxor,</span> <span class='ocrx_word' id='word_1_582' title='bbox 3293 2171 3550 2238; x_wconf 88' lang='lat' dir='ltr'>discedit,</span> 
     </span>
    </p>
   </div>
   <div class='ocr_carea' id='block_1_71' title="bbox 1947 2262 3553 2329">
    <p class='ocr_par' dir='ltr' id='par_1_71' title="bbox 1947 2262 3553 2329">
     <span class='ocr_line' id='line_1_71' title="bbox 1947 2262 3553 2329; baseline -0.005 -7"><span class='ocrx_word' id='word_1_583' title='bbox 1947 2275 2000 2323; x_wconf 91' lang='lat' dir='ltr'>et</span> <span class='ocrx_word' id='word_1_584' title='bbox 2029 2283 2138 2323; x_wconf 90' lang='lat' dir='ltr'>non</span> <span class='ocrx_word' id='word_1_585' title='bbox 2168 2267 2437 2324; x_wconf 90' lang='lat' dir='ltr'>consentit</span> <span class='ocrx_word' id='word_1_586' title='bbox 2467 2267 2708 2321; x_wconf 87' lang='lat' dir='ltr'>habitare</span> <span class='ocrx_word' id='word_1_587' title='bbox 2740 2281 2861 2322; x_wconf 90' lang='lat' dir='ltr'>cum</span> <span class='ocrx_word' id='word_1_588' title='bbox 2909 2263 3075 2329; x_wconf 92' lang='lat' dir='ltr'>ﬁdeli,</span> <span class='ocrx_word' id='word_1_589' title='bbox 3111 2262 3361 2319; x_wconf 86' lang='lat' dir='ltr'>discedat</span> <span class='ocrx_word' id='word_1_590' title='bbox 3387 2281 3405 2317; x_wconf 92' lang='lat'><strong><em>:</em></strong></span> <span class='ocrx_word' id='word_1_591' title='bbox 3443 2275 3553 2315; x_wconf 89' lang='lat' dir='ltr'>non</span> 
     </span>
    </p>
   </div>
   <div class='ocr_carea' id='block_1_72' title="bbox 1948 2350 3551 2429">
    <p class='ocr_par' dir='ltr' id='par_1_72' title="bbox 1948 2350 3551 2429">
     <span class='ocr_line' id='line_1_72' title="bbox 1948 2350 3551 2429; baseline -0.006 -17"><span class='ocrx_word' id='word_1_592' title='bbox 1948 2364 2208 2429; x_wconf 90' lang='lat' dir='ltr'>sequatur</span> <span class='ocrx_word' id='word_1_593' title='bbox 2238 2373 2358 2411; x_wconf 88' lang='lat' dir='ltr'>eum</span> <span class='ocrx_word' id='word_1_594' title='bbox 2389 2355 2482 2427; x_wconf 87' lang='lat' dir='ltr'>qui</span> <span class='ocrx_word' id='word_1_595' title='bbox 2512 2354 2687 2409; x_wconf 91' lang='lat' dir='ltr'>ﬁdelis</span> <span class='ocrx_word' id='word_1_596' title='bbox 2733 2362 2832 2409; x_wconf 90' lang='lat' dir='ltr'>est.</span> <span class='ocrx_word' id='word_1_597' title='bbox 2867 2353 2995 2409; x_wconf 92' lang='lat' dir='ltr'>Ideo</span> <span class='ocrx_word' id='word_1_598' title='bbox 3044 2353 3166 2408; x_wconf 91' lang='lat' dir='ltr'>dico</span> <span class='ocrx_word' id='word_1_599' title='bbox 3210 2350 3551 2422; x_wconf 87' lang='lat' dir='ltr'>permittatur</span> 
     </span>
    </p>
   </div>
   <div class='ocr_carea' id='block_1_73' title="bbox 1945 2441 3542 2511">
    <p class='ocr_par' dir='ltr' id='par_1_73' title="bbox 1945 2441 3542 2511">
     <span class='ocr_line' id='line_1_73' title="bbox 1945 2441 3542 2511; baseline -0.004 -12"><span class='ocrx_word' id='word_1_600' title='bbox 1945 2445 2177 2500; x_wconf 91' lang='lat' dir='ltr'>inﬁdelis</span> <span class='ocrx_word' id='word_1_601' title='bbox 2207 2445 2515 2509; x_wconf 90' lang='lat' dir='ltr'>discedere,</span> <span class='ocrx_word' id='word_1_602' title='bbox 2565 2451 2880 2499; x_wconf 88' lang='lat' dir='ltr'>remanente</span> <span class='ocrx_word' id='word_1_603' title='bbox 2927 2441 3115 2498; x_wconf 89' lang='lat' dir='ltr'>ﬁdeli:</span> <span class='ocrx_word' id='word_1_604' title='bbox 3166 2442 3308 2497; x_wconf 88' lang='lat' dir='ltr'>Nam</span> <span class='ocrx_word' id='word_1_605' title='bbox 3335 2442 3542 2511; x_wconf 80' lang='lat' dir='ltr'>frater,</span> 
     </span>
    </p>
   </div>
   <div class='ocr_carea' id='block_1_74' title="bbox 1945 2528 3548 2603">
    <p class='ocr_par' dir='ltr' id='par_1_74' title="bbox 1945 2528 3548 2603">
     <span class='ocr_line' id='line_1_74' title="bbox 1945 2528 3548 2603; baseline -0.005 -15"><span class='ocrx_word' id='word_1_606' title='bbox 1945 2543 2034 2589; x_wconf 88' lang='lat' dir='ltr'>aut</span> <span class='ocrx_word' id='word_1_607' title='bbox 2063 2550 2222 2589; x_wconf 91' lang='lat' dir='ltr'>soror</span> <span class='ocrx_word' id='word_1_608' title='bbox 2251 2532 2447 2597; x_wconf 84' lang='lat' dir='ltr'>ﬁdelis,</span> <span class='ocrx_word' id='word_1_609' title='bbox 2470 2550 2585 2588; x_wconf 90' lang='lat' dir='ltr'>non</span> <span class='ocrx_word' id='word_1_610' title='bbox 2607 2536 2693 2588; x_wconf 90' lang='lat' dir='ltr'>est</span> <span class='ocrx_word' id='word_1_611' title='bbox 2713 2533 2995 2603; x_wconf 87' lang='lat' dir='ltr'>subjectus</span> <span class='ocrx_word' id='word_1_612' title='bbox 3015 2529 3278 2586; x_wconf 84' lang='lat' dir='ltr'>servituti</span> <span class='ocrx_word' id='word_1_613' title='bbox 3307 2528 3364 2582; x_wconf 89' lang='lat' dir='ltr'>in</span> <span class='ocrx_word' id='word_1_614' title='bbox 3383 2528 3548 2582; x_wconf 89' lang='lat' dir='ltr'>rebus</span> 
     </span>
    </p>
   </div>
   <div class='ocr_carea' id='block_1_75' title="bbox 1945 2615 3549 2694">
    <p class='ocr_par' dir='ltr' id='par_1_75' title="bbox 1945 2615 3549 2694">
     <span class='ocr_line' id='line_1_75' title="bbox 1945 2615 3549 2694; baseline -0.006 -15"><span class='ocrx_word' id='word_1_615' title='bbox 1945 2623 2234 2691; x_wconf 88' lang='lat' dir='ltr'>ejusmodi,</span> <span class='ocrx_word' id='word_1_616' title='bbox 2269 2639 2390 2694; x_wconf 59' lang='lat' dir='ltr'>quae</span> <span class='ocrx_word' id='word_1_617' title='bbox 2420 2621 2583 2676; x_wconf 88' lang='lat' dir='ltr'>ﬁdem</span> <span class='ocrx_word' id='word_1_618' title='bbox 2625 2622 2738 2690; x_wconf 87' lang='lat' dir='ltr'>ejus</span> <span class='ocrx_word' id='word_1_619' title='bbox 2777 2621 3073 2676; x_wconf 85' lang='lat' dir='ltr'>destruant.</span> <span class='ocrx_word' id='word_1_620' title='bbox 3123 2618 3336 2672; x_wconf 90' lang='lat' dir='ltr'>Debent</span> <span class='ocrx_word' id='word_1_621' title='bbox 3363 2615 3549 2688; x_wconf 90' lang='lat' dir='ltr'>utique</span> 
     </span>
    </p>
   </div>
   <div class='ocr_carea' id='block_1_76' title="bbox 1942 2708 3551 2782">
    <p class='ocr_par' dir='ltr' id='par_1_76' title="bbox 1942 2708 3551 2782">
     <span class='ocr_line' id='line_1_76' title="bbox 1942 2708 3551 2782; baseline -0.004 -15"><span class='ocrx_word' id='word_1_622' title='bbox 1942 2714 2078 2768; x_wconf 90' lang='lat' dir='ltr'>alter</span> <span class='ocrx_word' id='word_1_623' title='bbox 2107 2712 2260 2768; x_wconf 88' lang='lat' dir='ltr'>alteri</span> <span class='ocrx_word' id='word_1_624' title='bbox 2287 2711 2602 2766; x_wconf 83' lang='lat' dir='ltr'>subservire</span> <span class='ocrx_word' id='word_1_625' title='bbox 2630 2711 2754 2782; x_wconf 89' lang='lat' dir='ltr'>lege</span> <span class='ocrx_word' id='word_1_626' title='bbox 2783 2709 3042 2782; x_wconf 87' lang='lat' dir='ltr'>conjugii,</span> <span class='ocrx_word' id='word_1_627' title='bbox 3092 2708 3190 2762; x_wconf 92' lang='lat' dir='ltr'>sed</span> <span class='ocrx_word' id='word_1_628' title='bbox 3219 2723 3328 2762; x_wconf 90' lang='lat' dir='ltr'>non</span> <span class='ocrx_word' id='word_1_629' title='bbox 3360 2713 3551 2762; x_wconf 88' lang='lat' dir='ltr'>contra</span> 
     </span>
    </p>
   </div>
   <div class='ocr_carea' id='block_1_77' title="bbox 1942 2795 3549 2857">
    <p class='ocr_par' dir='ltr' id='par_1_77' title="bbox 1942 2795 3549 2857">
     <span class='ocr_line' id='line_1_77' title="bbox 1942 2795 3549 2857; baseline -0.005 -1"><span class='ocrx_word' id='word_1_630' title='bbox 1942 2801 2123 2857; x_wconf 89' lang='lat' dir='ltr'>ﬁdem.</span> <span class='ocrx_word' id='word_1_631' title='bbox 2157 2801 2292 2856; x_wconf 90' lang='lat' dir='ltr'>Dico</span> <span class='ocrx_word' id='word_1_632' title='bbox 2322 2801 2367 2854; x_wconf 93' lang='lat' dir='ltr'>si</span> <span class='ocrx_word' id='word_1_633' title='bbox 2396 2800 2627 2856; x_wconf 88' lang='lat' dir='ltr'>discedit</span> <span class='ocrx_word' id='word_1_634' title='bbox 2657 2799 2904 2855; x_wconf 89' lang='lat' dir='ltr'>discedat</span> <span class='ocrx_word' id='word_1_635' title='bbox 2939 2813 2950 2851; x_wconf 94' lang='lat'><strong>:</strong></span> <span class='ocrx_word' id='word_1_636' title='bbox 2984 2797 3083 2852; x_wconf 89' lang='lat' dir='ltr'>sed</span> <span class='ocrx_word' id='word_1_637' title='bbox 3114 2805 3292 2850; x_wconf 89' lang='lat' dir='ltr'>tamen</span> <span class='ocrx_word' id='word_1_638' title='bbox 3330 2795 3549 2849; x_wconf 91' lang='lat' dir='ltr'>mallem</span> 
     </span>
    </p>
   </div>
   <div class='ocr_carea' id='block_1_78' title="bbox 1941 2883 3546 2961">
    <p class='ocr_par' dir='ltr' id='par_1_78' title="bbox 1941 2883 3546 2961">
     <span class='ocr_line' id='line_1_78' title="bbox 1941 2883 3546 2961; baseline -0.006 -15"><span class='ocrx_word' id='word_1_639' title='bbox 1941 2907 2040 2946; x_wconf 87' lang='lat' dir='ltr'>vos</span> <span class='ocrx_word' id='word_1_640' title='bbox 2070 2892 2125 2945; x_wconf 89' lang='lat' dir='ltr'>in</span> <span class='ocrx_word' id='word_1_641' title='bbox 2154 2906 2289 2961; x_wconf 91' lang='lat' dir='ltr'>pace</span> <span class='ocrx_word' id='word_1_642' title='bbox 2327 2889 2653 2945; x_wconf 89' lang='lat' dir='ltr'>cohabitare.</span> <span class='ocrx_word' id='word_1_643' title='bbox 2707 2890 2847 2944; x_wconf 89' lang='lat' dir='ltr'>Nam</span> <span class='ocrx_word' id='word_1_644' title='bbox 2887 2888 3022 2942; x_wconf 86' lang='lat' dir='ltr'>deus</span> <span class='ocrx_word' id='word_1_645' title='bbox 3067 2885 3282 2942; x_wconf 87' lang='lat' dir='ltr'>vocavit</span> <span class='ocrx_word' id='word_1_646' title='bbox 3319 2900 3420 2939; x_wconf 91' lang='lat' dir='ltr'>nos</span> <span class='ocrx_word' id='word_1_647' title='bbox 3475 2883 3546 2938; x_wconf 91' lang='lat' dir='ltr'>ad</span> 
     </span>
    </p>
   </div>
   <div class='ocr_carea' id='block_1_79' title="bbox 1943 2974 3548 3051">
    <p class='ocr_par' dir='ltr' id='par_1_79' title="bbox 1943 2974 3548 3051">
     <span class='ocr_line' id='line_1_79' title="bbox 1943 2974 3548 3051; baseline -0.006 -16"><span class='ocrx_word' id='word_1_648' title='bbox 1943 2979 2104 3035; x_wconf 91' lang='lat' dir='ltr'>ﬁdem</span> <span class='ocrx_word' id='word_1_649' title='bbox 2135 2981 2197 3034; x_wconf 89' lang='lat' dir='ltr'>in</span> <span class='ocrx_word' id='word_1_650' title='bbox 2223 2995 2384 3051; x_wconf 81' lang='lat' dir='ltr'>pace,</span> <span class='ocrx_word' id='word_1_651' title='bbox 2417 2979 2468 3032; x_wconf 91' lang='lat' dir='ltr'>id</span> <span class='ocrx_word' id='word_1_652' title='bbox 2503 2985 2602 3043; x_wconf 90' lang='lat' dir='ltr'>est,</span> <span class='ocrx_word' id='word_1_653' title='bbox 2638 2985 2694 3032; x_wconf 89' lang='lat' dir='ltr'>ut</span> <span class='ocrx_word' id='word_1_654' title='bbox 2711 2975 2950 3048; x_wconf 89' lang='lat' dir='ltr'>conjugii</span> <span class='ocrx_word' id='word_1_655' title='bbox 2979 2974 3231 3044; x_wconf 89' lang='lat' dir='ltr'>copulam</span> <span class='ocrx_word' id='word_1_656' title='bbox 3261 2988 3371 3027; x_wconf 88' lang='lat' dir='ltr'>non</span> <span class='ocrx_word' id='word_1_657' title='bbox 3400 2989 3548 3027; x_wconf 88' lang='lat' dir='ltr'>rum-</span> 
     </span>
    </p>
   </div>
   <div class='ocr_carea' id='block_1_80' title="bbox 1938 3061 3536 3140">
    <p class='ocr_par' dir='ltr' id='par_1_80' title="bbox 1938 3061 3536 3140">
     <span class='ocr_line' id='line_1_80' title="bbox 1938 3061 3536 3140; baseline -0.006 -16"><span class='ocrx_word' id='word_1_658' title='bbox 1938 3085 2210 3140; x_wconf 90' lang='lat' dir='ltr'>peremus.</span> <span class='ocrx_word' id='word_1_659' title='bbox 2242 3068 2297 3123; x_wconf 92' lang='lat' dir='ltr'>Si</span> <span class='ocrx_word' id='word_1_660' title='bbox 2332 3067 2476 3122; x_wconf 91' lang='lat' dir='ltr'>enim</span> <span class='ocrx_word' id='word_1_661' title='bbox 2507 3067 2676 3122; x_wconf 90' lang='lat' dir='ltr'>nollet</span> <span class='ocrx_word' id='word_1_662' title='bbox 2703 3081 2804 3120; x_wconf 91' lang='lat' dir='ltr'>nos</span> <span class='ocrx_word' id='word_1_663' title='bbox 2844 3079 3122 3119; x_wconf 88' lang='lat' dir='ltr'>remanere</span> <span class='ocrx_word' id='word_1_664' title='bbox 3165 3062 3217 3116; x_wconf 92' lang='lat' dir='ltr'>in</span> <span class='ocrx_word' id='word_1_665' title='bbox 3262 3061 3536 3132; x_wconf 89' lang='lat' dir='ltr'>conjugio,</span> 
     </span>
    </p>
   </div>
   <div class='ocr_carea' id='block_1_81' title="bbox 1933 3150 3540 3230">
    <p class='ocr_par' dir='ltr' id='par_1_81' title="bbox 1933 3150 3540 3230">
     <span class='ocr_line' id='line_1_81' title="bbox 1933 3150 3540 3230; baseline -0.003 -18"><span class='ocrx_word' id='word_1_666' title='bbox 1933 3159 2082 3228; x_wconf 91' lang='lat' dir='ltr'>prius</span> <span class='ocrx_word' id='word_1_667' title='bbox 2112 3158 2294 3230; x_wconf 89' lang='lat' dir='ltr'>utique</span> <span class='ocrx_word' id='word_1_668' title='bbox 2327 3156 2617 3212; x_wconf 88' lang='lat' dir='ltr'>amovendi</span> <span class='ocrx_word' id='word_1_669' title='bbox 2648 3171 2859 3210; x_wconf 90' lang='lat' dir='ltr'>eramus</span> <span class='ocrx_word' id='word_1_670' title='bbox 2891 3169 2923 3208; x_wconf 89' lang='lat' dir='ltr'>a</span> <span class='ocrx_word' id='word_1_671' title='bbox 2953 3152 3228 3226; x_wconf 88' lang='lat' dir='ltr'>conjugio,</span> <span class='ocrx_word' id='word_1_672' title='bbox 3263 3159 3316 3207; x_wconf 91' lang='lat' dir='ltr'>et</span> <span class='ocrx_word' id='word_1_673' title='bbox 3343 3150 3540 3207; x_wconf 89' lang='lat' dir='ltr'>deinde</span> 
     </span>
    </p>
   </div>
   <div class='ocr_carea' id='block_1_82' title="bbox 1932 3245 2484 3303">
    <p class='ocr_par' dir='ltr' id='par_1_82' title="bbox 1932 3245 2484 3303">
     <span class='ocr_line' id='line_1_82' title="bbox 1932 3245 2484 3303; baseline -0.002 0"><span class='ocrx_word' id='word_1_674' title='bbox 1932 3247 2161 3303; x_wconf 89' lang='lat' dir='ltr'>vocandi</span> <span class='ocrx_word' id='word_1_675' title='bbox 2193 3247 2261 3300; x_wconf 90' lang='lat' dir='ltr'>ad</span> <span class='ocrx_word' id='word_1_676' title='bbox 2301 3245 2484 3302; x_wconf 91' lang='lat' dir='ltr'>ﬁdem.</span> 
     </span>
    </p>
   </div>
   <div class='ocr_carea' id='block_1_83' title="bbox 2001 3333 3544 3406">
    <p class='ocr_par' dir='ltr' id='par_1_83' title="bbox 2001 3333 3544 3406">
     <span class='ocr_line' id='line_1_83' title="bbox 2001 3333 3544 3406; baseline -0.003 -16"><span class='ocrx_word' id='word_1_677' title='bbox 2001 3336 2326 3405; x_wconf 90' lang='lat' dir='ltr'>Notandum,</span> <span class='ocrx_word' id='word_1_678' title='bbox 2376 3335 2626 3406; x_wconf 68' lang='lat' dir='ltr'>quzcdam</span> <span class='ocrx_word' id='word_1_679' title='bbox 2670 3349 2792 3388; x_wconf 90' lang='lat' dir='ltr'>esse</span> <span class='ocrx_word' id='word_1_680' title='bbox 2839 3333 2894 3386; x_wconf 91' lang='lat' dir='ltr'>in</span> <span class='ocrx_word' id='word_1_681' title='bbox 2940 3333 3136 3404; x_wconf 90' lang='lat' dir='ltr'>quibus</span> <span class='ocrx_word' id='word_1_682' title='bbox 3187 3333 3335 3387; x_wconf 88' lang='lat' dir='ltr'>Deus</span> <span class='ocrx_word' id='word_1_683' title='bbox 3385 3338 3544 3386; x_wconf 84' lang='lat' dir='ltr'>vocat</span> 
     </span>
    </p>
   </div>
   <div class='ocr_carea' id='block_1_84' title="bbox 1931 3422 3541 3493">
    <p class='ocr_par' dir='ltr' id='par_1_84' title="bbox 1931 3422 3541 3493">
     <span class='ocr_line' id='line_1_84' title="bbox 1931 3422 3541 3493; baseline -0.004 -15"><span class='ocrx_word' id='word_1_684' title='bbox 1931 3425 2205 3480; x_wconf 89' lang='lat' dir='ltr'>hominem</span> <span class='ocrx_word' id='word_1_685' title='bbox 2241 3439 2253 3478; x_wconf 89' lang='lat'><strong>:</strong></span> <span class='ocrx_word' id='word_1_686' title='bbox 2289 3424 2341 3477; x_wconf 91' lang='lat' dir='ltr'>in</span> <span class='ocrx_word' id='word_1_687' title='bbox 2373 3424 2500 3486; x_wconf 90' lang='lat' dir='ltr'>illis,</span> <span class='ocrx_word' id='word_1_688' title='bbox 2553 3422 2759 3478; x_wconf 91' lang='lat' dir='ltr'>scilicet</span> <span class='ocrx_word' id='word_1_689' title='bbox 2800 3438 2936 3492; x_wconf 88' lang='lat' dir='ltr'>opus</span> <span class='ocrx_word' id='word_1_690' title='bbox 2983 3437 3216 3493; x_wconf 92' lang='lat' dir='ltr'>quorum</span> <span class='ocrx_word' id='word_1_691' title='bbox 3265 3436 3375 3475; x_wconf 91' lang='lat' dir='ltr'>non</span> <span class='ocrx_word' id='word_1_692' title='bbox 3404 3435 3541 3475; x_wconf 88' lang='lat' dir='ltr'>con-</span> 
     </span>
    </p>
   </div>
   <div class='ocr_carea' id='block_1_85' title="bbox 1938 3508 3541 3581">
    <p class='ocr_par' dir='ltr' id='par_1_85' title="bbox 1938 3508 3541 3581">
     <span class='ocr_line' id='line_1_85' title="bbox 1938 3508 3541 3581; baseline -0.003 -13"><span class='ocrx_word' id='word_1_693' title='bbox 1938 3513 2156 3569; x_wconf 89' lang='lat' dir='ltr'>tradicit</span> <span class='ocrx_word' id='word_1_694' title='bbox 2185 3512 2309 3568; x_wconf 88' lang='lat' dir='ltr'>ﬁdei</span> <span class='ocrx_word' id='word_1_695' title='bbox 2346 3531 2357 3566; x_wconf 96' lang='lat'><strong>:</strong></span> <span class='ocrx_word' id='word_1_696' title='bbox 2393 3520 2451 3566; x_wconf 93' lang='lat' dir='ltr'>ut</span> <span class='ocrx_word' id='word_1_697' title='bbox 2482 3513 2699 3566; x_wconf 89' lang='lat' dir='ltr'>Petrum</span> <span class='ocrx_word' id='word_1_698' title='bbox 2731 3510 2784 3564; x_wconf 91' lang='lat' dir='ltr'>in</span> <span class='ocrx_word' id='word_1_699' title='bbox 2823 3511 3142 3581; x_wconf 88' lang='lat' dir='ltr'>piscatione,</span> <span class='ocrx_word' id='word_1_700' title='bbox 3175 3508 3260 3563; x_wconf 89' lang='lat' dir='ltr'>cui</span> <span class='ocrx_word' id='word_1_701' title='bbox 3298 3516 3421 3579; x_wconf 91' lang='lat' dir='ltr'>post</span> <span class='ocrx_word' id='word_1_702' title='bbox 3449 3524 3541 3563; x_wconf 90' lang='lat' dir='ltr'>vo-</span> 
     </span>
    </p>
   </div>
   <div class='ocr_carea' id='block_1_86' title="bbox 1931 3598 3534 3672">
    <p class='ocr_par' dir='ltr' id='par_1_86' title="bbox 1931 3598 3534 3672">
     <span class='ocr_line' id='line_1_86' title="bbox 1931 3598 3534 3672; baseline -0.004 -13"><span class='ocrx_word' id='word_1_703' title='bbox 1931 3603 2205 3659; x_wconf 89' lang='lat' dir='ltr'>cationem</span> <span class='ocrx_word' id='word_1_704' title='bbox 2274 3603 2343 3656; x_wconf 91' lang='lat' dir='ltr'>ad</span> <span class='ocrx_word' id='word_1_705' title='bbox 2398 3601 2718 3672; x_wconf 90' lang='lat' dir='ltr'>piscandum</span> <span class='ocrx_word' id='word_1_706' title='bbox 2772 3599 2974 3655; x_wconf 89' lang='lat' dir='ltr'>reverti</span> <span class='ocrx_word' id='word_1_707' title='bbox 3021 3598 3189 3653; x_wconf 90' lang='lat' dir='ltr'>licuit.</span> <span class='ocrx_word' id='word_1_708' title='bbox 3240 3598 3362 3652; x_wconf 82' lang='lat' dir='ltr'>Alia</span> <span class='ocrx_word' id='word_1_709' title='bbox 3410 3604 3534 3652; x_wconf 88' lang='lat' dir='ltr'>sunt</span> 
     </span>
    </p>
   </div>
   <div class='ocr_carea' id='block_1_87' title="bbox 1931 3687 3538 3765">
    <p class='ocr_par' dir='ltr' id='par_1_87' title="bbox 1931 3687 3538 3765">
     <span class='ocr_line' id='line_1_87' title="bbox 1931 3687 3538 3765; baseline -0.005 -17"><span class='ocrx_word' id='word_1_710' title='bbox 1931 3708 1963 3748; x_wconf 89' lang='lat' dir='ltr'>a</span> <span class='ocrx_word' id='word_1_711' title='bbox 1992 3693 2190 3765; x_wconf 89' lang='lat' dir='ltr'>quibus</span> <span class='ocrx_word' id='word_1_712' title='bbox 2237 3699 2410 3759; x_wconf 87' lang='lat' dir='ltr'>vocat,</span> <span class='ocrx_word' id='word_1_713' title='bbox 2471 3691 2540 3744; x_wconf 89' lang='lat' dir='ltr'>ad</span> <span class='ocrx_word' id='word_1_714' title='bbox 2603 3706 2726 3760; x_wconf 65' lang='lat' dir='ltr'>quae</span> <span class='ocrx_word' id='word_1_715' title='bbox 2779 3697 2904 3759; x_wconf 89' lang='lat' dir='ltr'>post</span> <span class='ocrx_word' id='word_1_716' title='bbox 2959 3687 3123 3743; x_wconf 89' lang='lat' dir='ltr'>ﬁdem</span> <span class='ocrx_word' id='word_1_717' title='bbox 3176 3687 3376 3742; x_wconf 87' lang='lat' dir='ltr'>reverti</span> <span class='ocrx_word' id='word_1_718' title='bbox 3427 3701 3538 3741; x_wconf 91' lang='lat' dir='ltr'>non</span> 
     </span>
    </p>
   </div>
   <div class='ocr_carea' id='block_1_88' title="bbox 1930 3777 3536 3850">
    <p class='ocr_par' dir='ltr' id='par_1_88' title="bbox 1930 3777 3536 3850">
     <span class='ocr_line' id='line_1_88' title="bbox 1930 3777 3536 3850; baseline -0.004 -14"><span class='ocrx_word' id='word_1_719' title='bbox 1930 3782 2073 3850; x_wconf 85' lang='lat' dir='ltr'>licet,</span> <span class='ocrx_word' id='word_1_720' title='bbox 2106 3789 2162 3836; x_wconf 90' lang='lat' dir='ltr'>ut</span> <span class='ocrx_word' id='word_1_721' title='bbox 2193 3782 2506 3836; x_wconf 85' lang='lat' dir='ltr'>Matthaeum</span> <span class='ocrx_word' id='word_1_722' title='bbox 2537 3795 2567 3833; x_wconf 94' lang='lat' dir='ltr'>a</span> <span class='ocrx_word' id='word_1_723' title='bbox 2599 3778 2815 3834; x_wconf 91' lang='lat' dir='ltr'>teloneo</span> <span class='ocrx_word' id='word_1_724' title='bbox 2862 3785 3130 3844; x_wconf 89' lang='lat' dir='ltr'>vocatum,</span> <span class='ocrx_word' id='word_1_725' title='bbox 3168 3792 3271 3832; x_wconf 89' lang='lat' dir='ltr'>nec</span> <span class='ocrx_word' id='word_1_726' title='bbox 3300 3777 3370 3830; x_wconf 90' lang='lat' dir='ltr'>ad</span> <span class='ocrx_word' id='word_1_727' title='bbox 3399 3791 3536 3847; x_wconf 84' lang='lat' dir='ltr'>Opus</span> 
     </span>
    </p>
   </div>
   <div class='ocr_carea' id='block_1_89' title="bbox 1931 3865 3537 3941">
    <p class='ocr_par' dir='ltr' id='par_1_89' title="bbox 1931 3865 3537 3941">
     <span class='ocr_line' id='line_1_89' title="bbox 1931 3865 3537 3941; baseline -0.004 -16"><span class='ocrx_word' id='word_1_728' title='bbox 1931 3870 2128 3926; x_wconf 90' lang='lat' dir='ltr'>telonei</span> <span class='ocrx_word' id='word_1_729' title='bbox 2173 3878 2360 3941; x_wconf 88' lang='lat' dir='ltr'>postea</span> <span class='ocrx_word' id='word_1_730' title='bbox 2406 3885 2706 3924; x_wconf 88' lang='lat' dir='ltr'>reversum.</span> <span class='ocrx_word' id='word_1_731' title='bbox 2757 3867 2888 3922; x_wconf 91' lang='lat' dir='ltr'>Inde</span> <span class='ocrx_word' id='word_1_732' title='bbox 2938 3873 3183 3939; x_wconf 89' lang='lat' dir='ltr'>apparet,</span> <span class='ocrx_word' id='word_1_733' title='bbox 3234 3866 3358 3936; x_wconf 88' lang='lat' dir='ltr'>quia</span> <span class='ocrx_word' id='word_1_734' title='bbox 3403 3865 3537 3920; x_wconf 88' lang='lat' dir='ltr'>ﬁdes</span> 
     </span>
    </p>
   </div>
   <div class='ocr_carea' id='block_1_90' title="bbox 1930 3955 3534 4027">
    <p class='ocr_par' dir='ltr' id='par_1_90' title="bbox 1930 3955 3534 4027">
     <span class='ocr_line' id='line_1_90' title="bbox 1930 3955 3534 4027; baseline -0.003 -14"><span class='ocrx_word' id='word_1_735' title='bbox 1930 3959 2130 4014; x_wconf 89' lang='lat' dir='ltr'>Christi</span> <span class='ocrx_word' id='word_1_736' title='bbox 2159 3959 2362 4014; x_wconf 89' lang='lat' dir='ltr'>nemini</span> <span class='ocrx_word' id='word_1_737' title='bbox 2409 3966 2606 4012; x_wconf 71' lang='lat' dir='ltr'>statum</span> <span class='ocrx_word' id='word_1_738' title='bbox 2651 3957 2890 4027; x_wconf 90' lang='lat' dir='ltr'>priorem</span> <span class='ocrx_word' id='word_1_739' title='bbox 2943 3955 3138 4021; x_wconf 83' lang='lat' dir='ltr'>aufert,</span> <span class='ocrx_word' id='word_1_740' title='bbox 3190 3955 3534 4010; x_wconf 89' lang='lat' dir='ltr'>solummodo</span> 
     </span>
    </p>
   </div>
   <div class='ocr_carea' id='block_1_91' title="bbox 1929 4043 3533 4117">
    <p class='ocr_par' dir='ltr' id='par_1_91' title="bbox 1929 4043 3533 4117">
     <span class='ocr_line' id='line_1_91' title="bbox 1929 4043 3533 4117; baseline -0.003 -14"><span class='ocrx_word' id='word_1_741' title='bbox 1929 4047 2091 4103; x_wconf 89' lang='lat' dir='ltr'>ﬁdem</span> <span class='ocrx_word' id='word_1_742' title='bbox 2122 4064 2230 4102; x_wconf 91' lang='lat' dir='ltr'>non</span> <span class='ocrx_word' id='word_1_743' title='bbox 2261 4049 2524 4102; x_wconf 88' lang='lat' dir='ltr'>destruat.</span> <span class='ocrx_word' id='word_1_744' title='bbox 2559 4048 2618 4100; x_wconf 88' lang='lat' dir='ltr'>In</span> <span class='ocrx_word' id='word_1_745' title='bbox 2651 4062 2787 4117; x_wconf 88' lang='lat' dir='ltr'>pace</span> <span class='ocrx_word' id='word_1_746' title='bbox 2818 4053 3111 4116; x_wconf 85' lang='lat' dir='ltr'>prOpterea</span> <span class='ocrx_word' id='word_1_747' title='bbox 3133 4044 3287 4099; x_wconf 88' lang='lat' dir='ltr'>vobis</span> <span class='ocrx_word' id='word_1_748' title='bbox 3315 4043 3533 4099; x_wconf 89' lang='lat' dir='ltr'>cohabi-</span> 
     </span>
    </p>
   </div>
   <div class='ocr_carea' id='block_1_92' title="bbox 1928 4132 3531 4208">
    <p class='ocr_par' dir='ltr' id='par_1_92' title="bbox 1928 4132 3531 4208">
     <span class='ocr_line' id='line_1_92' title="bbox 1928 4132 3531 4208; baseline -0.002 -17"><span class='ocrx_word' id='word_1_749' title='bbox 1928 4138 2154 4191; x_wconf 89' lang='lat' dir='ltr'>tandum</span> <span class='ocrx_word' id='word_1_750' title='bbox 2186 4145 2286 4204; x_wconf 89' lang='lat' dir='ltr'>est,</span> <span class='ocrx_word' id='word_1_751' title='bbox 2322 4136 2444 4208; x_wconf 89' lang='lat' dir='ltr'>quia</span> <span class='ocrx_word' id='word_1_752' title='bbox 2468 4137 2616 4191; x_wconf 87' lang='lat' dir='ltr'>unde</span> <span class='ocrx_word' id='word_1_753' title='bbox 2633 4136 2764 4199; x_wconf 89' lang='lat' dir='ltr'>scis,</span> <span class='ocrx_word' id='word_1_754' title='bbox 2788 4143 2860 4201; x_wconf 87' lang='lat' dir='ltr'>tu,</span> <span class='ocrx_word' id='word_1_755' title='bbox 2880 4136 3090 4189; x_wconf 85' lang='lat' dir='ltr'>mulier</span> <span class='ocrx_word' id='word_1_756' title='bbox 3116 4132 3313 4199; x_wconf 86' lang='lat' dir='ltr'>ﬁdelis,</span> <span class='ocrx_word' id='word_1_757' title='bbox 3345 4134 3394 4188; x_wconf 88' lang='lat' dir='ltr'>si</span> <span class='ocrx_word' id='word_1_758' title='bbox 3411 4133 3531 4188; x_wconf 84' lang='lat' dir='ltr'>sal-</span> 
     </span>
    </p>
   </div>
   <div class='ocr_carea' id='block_1_93' title="bbox 1927 4222 3532 4297">
    <p class='ocr_par' dir='ltr' id='par_1_93' title="bbox 1927 4222 3532 4297">
     <span class='ocr_line' id='line_1_93' title="bbox 1927 4222 3532 4297; baseline -0.003 -15"><span class='ocrx_word' id='word_1_759' title='bbox 1927 4244 2058 4282; x_wconf 87' lang='lat' dir='ltr'>vum</span> <span class='ocrx_word' id='word_1_760' title='bbox 2088 4227 2268 4297; x_wconf 76' lang='lat' dir='ltr'>facies</span> <span class='ocrx_word' id='word_1_761' title='bbox 2299 4226 2483 4280; x_wconf 87' lang='lat' dir='ltr'>virum</span> <span class='ocrx_word' id='word_1_762' title='bbox 2516 4223 2786 4278; x_wconf 91' lang='lat' dir='ltr'>inﬁdelem</span> <span class='ocrx_word' id='word_1_763' title='bbox 2805 4225 2833 4278; x_wconf 81' lang='lat' dir='ltr'>‘l</span> <span class='ocrx_word' id='word_1_764' title='bbox 2863 4224 2976 4278; x_wconf 87' lang='lat' dir='ltr'>Aut</span> <span class='ocrx_word' id='word_1_765' title='bbox 2998 4222 3148 4278; x_wconf 87' lang='lat' dir='ltr'>unde</span> <span class='ocrx_word' id='word_1_766' title='bbox 3168 4224 3300 4289; x_wconf 90' lang='lat' dir='ltr'>scis,</span> <span class='ocrx_word' id='word_1_767' title='bbox 3333 4229 3410 4286; x_wconf 88' lang='lat' dir='ltr'>tu,</span> <span class='ocrx_word' id='word_1_768' title='bbox 3445 4222 3532 4277; x_wconf 85' lang='lat' dir='ltr'>vir</span> 
     </span>
    </p>
   </div>
   <div class='ocr_carea' id='block_1_94' title="bbox 1930 4309 3533 4384">
    <p class='ocr_par' dir='ltr' id='par_1_94' title="bbox 1930 4309 3533 4384">
     <span class='ocr_line' id='line_1_94' title="bbox 1930 4309 3533 4384; baseline -0.001 -16"><span class='ocrx_word' id='word_1_769' title='bbox 1930 4314 2127 4379; x_wconf 89' lang='lat' dir='ltr'>ﬁdelis,</span> <span class='ocrx_word' id='word_1_770' title='bbox 2160 4316 2210 4370; x_wconf 89' lang='lat' dir='ltr'>si</span> <span class='ocrx_word' id='word_1_771' title='bbox 2226 4315 2441 4369; x_wconf 86' lang='lat' dir='ltr'>salvam</span> <span class='ocrx_word' id='word_1_772' title='bbox 2460 4314 2638 4384; x_wconf 81' lang='lat' dir='ltr'>facies</span> <span class='ocrx_word' id='word_1_773' title='bbox 2655 4314 2953 4368; x_wconf 85' lang='lat' dir='ltr'>mulierem</span> <span class='ocrx_word' id='word_1_774' title='bbox 2975 4309 3290 4383; x_wconf 56' lang='lat' dir='ltr'>inﬁdelem}?</span> <span class='ocrx_word' id='word_1_775' title='bbox 3315 4311 3432 4366; x_wconf 83' lang='lat' dir='ltr'>nisi</span> <span class='ocrx_word' id='word_1_776' title='bbox 3453 4310 3533 4366; x_wconf 92' lang='lat' dir='ltr'>sic</span> 
     </span>
    </p>
   </div>
   <div class='ocr_carea' id='block_1_95' title="bbox 220 4391 3527 4474">
    <p class='ocr_par' dir='ltr' id='par_1_95' title="bbox 220 4391 3527 4474">
     <span class='ocr_line' id='line_1_95' title="bbox 220 4391 3527 4474; baseline 0.002 -24"><span class='ocrx_word' id='word_1_777' title='bbox 220 4396 517 4462; x_wconf 85' lang='lat' dir='ltr'>inﬁdelem,</span> <span class='ocrx_word' id='word_1_778' title='bbox 553 4405 604 4451; x_wconf 91' lang='lat' dir='ltr'>et</span> <span class='ocrx_word' id='word_1_779' title='bbox 634 4413 956 4451; x_wconf 86' lang='lat' dir='ltr'>econverso.</span> <span class='ocrx_word' id='word_1_780' title='bbox 992 4399 1050 4453; x_wconf 89' lang='lat' dir='ltr'>Si</span> <span class='ocrx_word' id='word_1_781' title='bbox 1082 4415 1188 4469; x_wconf 89' lang='lat' dir='ltr'>qua</span> <span class='ocrx_word' id='word_1_782' title='bbox 1211 4399 1418 4453; x_wconf 86' lang='lat' dir='ltr'>mulier</span> <span class='ocrx_word' id='word_1_783' title='bbox 1433 4399 1615 4466; x_wconf 85' lang='lat' dir='ltr'>ﬁdelis</span> <span class='ocrx_word' id='word_1_784' title='bbox 1657 4391 1892 4455; x_wconf 84' lang='lat' dir='ltr'>habetD</span> <span class='ocrx_word' id='word_1_785' title='bbox 1925 4403 2164 4458; x_wconf 89' lang='lat' dir='ltr'>ambulet</span> <span class='ocrx_word' id='word_1_786' title='bbox 2195 4403 2424 4474; x_wconf 87' lang='lat' dir='ltr'>quisque</span> <span class='ocrx_word' id='word_1_787' title='bbox 2449 4409 2706 4466; x_wconf 89' lang='lat' dir='ltr'>vestrum,</span> <span class='ocrx_word' id='word_1_788' title='bbox 2742 4401 2892 4457; x_wconf 85' lang='lat' dir='ltr'>sicut</span> <span class='ocrx_word' id='word_1_789' title='bbox 2939 4403 3083 4456; x_wconf 86' lang='lat' dir='ltr'>Deus</span> <span class='ocrx_word' id='word_1_790' title='bbox 3131 4400 3348 4456; x_wconf 91' lang='lat' dir='ltr'>divisim</span> <span class='ocrx_word' id='word_1_791' title='bbox 3397 4417 3527 4472; x_wconf 86' lang='lat' dir='ltr'>pro-</span> 
     </span>
    </p>
   </div>
   <div class='ocr_carea' id='block_1_96' title="bbox 221 4485 1820 4553">
    <p class='ocr_par' dir='ltr' id='par_1_96' title="bbox 221 4485 1820 4553">
     <span class='ocr_line' id='line_1_96' title="bbox 221 4485 1820 4553; baseline 0.002 -12"><span class='ocrx_word' id='word_1_792' title='bbox 221 4487 406 4541; x_wconf 77' lang='lat' dir='ltr'>virum</span> <span class='ocrx_word' id='word_1_793' title='bbox 439 4487 744 4553; x_wconf 83' lang='lat' dir='ltr'>inﬁdelem,</span> <span class='ocrx_word' id='word_1_794' title='bbox 777 4490 830 4540; x_wconf 87' lang='lat' dir='ltr'>et</span> <span class='ocrx_word' id='word_1_795' title='bbox 865 4485 954 4541; x_wconf 87' lang='lat' dir='ltr'>hic</span> <span class='ocrx_word' id='word_1_796' title='bbox 981 4485 1214 4540; x_wconf 87' lang='lat' dir='ltr'>inﬁdelis</span> <span class='ocrx_word' id='word_1_797' title='bbox 1244 4490 1530 4543; x_wconf 87' lang='lat' dir='ltr'>consentit</span> <span class='ocrx_word' id='word_1_798' title='bbox 1566 4488 1820 4545; x_wconf 86' lang='lat' dir='ltr'>habitare</span> 
     </span>
    </p>
   </div>
   <div class='ocr_carea' id='block_1_97' title="bbox 220 4574 1821 4638">
    <p class='ocr_par' dir='ltr' id='par_1_97' title="bbox 220 4574 1821 4638">
     <span class='ocr_line' id='line_1_97' title="bbox 220 4574 1821 4638; baseline 0.001 -9"><span class='ocrx_word' id='word_1_799' title='bbox 220 4592 345 4629; x_wconf 87' lang='lat' dir='ltr'>cum.</span> <span class='ocrx_word' id='word_1_800' title='bbox 371 4576 476 4629; x_wconf 87' lang='lat' dir='ltr'>illa</span> <span class='ocrx_word' id='word_1_801' title='bbox 499 4574 664 4638; x_wconf 88' lang='lat' dir='ltr'>ﬁdeli,</span> <span class='ocrx_word' id='word_1_802' title='bbox 686 4591 800 4629; x_wconf 89' lang='lat' dir='ltr'>non</span> <span class='ocrx_word' id='word_1_803' title='bbox 822 4575 1082 4630; x_wconf 84' lang='lat' dir='ltr'>dimittat</span> <span class='ocrx_word' id='word_1_804' title='bbox 1105 4577 1307 4630; x_wconf 84' lang='lat' dir='ltr'>virum.</span> <span class='ocrx_word' id='word_1_805' title='bbox 1334 4577 1473 4630; x_wconf 88' lang='lat' dir='ltr'>Vere</span> <span class='ocrx_word' id='word_1_806' title='bbox 1501 4575 1676 4631; x_wconf 89' lang='lat' dir='ltr'>ﬁdelis</span> <span class='ocrx_word' id='word_1_807' title='bbox 1696 4589 1821 4632; x_wconf 90' lang='lat' dir='ltr'>mu-</span> 
     </span>
    </p>
   </div>
   <div class='ocr_carea' id='block_1_98' title="bbox 217 4662 1821 4722">
    <p class='ocr_par' dir='ltr' id='par_1_98' title="bbox 217 4662 1821 4722">
     <span class='ocr_line' id='line_1_98' title="bbox 217 4662 1821 4722; baseline 0.004 -6"><span class='ocrx_word' id='word_1_808' title='bbox 217 4664 318 4718; x_wconf 89' lang='lat' dir='ltr'>lier</span> <span class='ocrx_word' id='word_1_809' title='bbox 362 4680 473 4716; x_wconf 91' lang='lat' dir='ltr'>non</span> <span class='ocrx_word' id='word_1_810' title='bbox 537 4663 699 4716; x_wconf 88' lang='lat' dir='ltr'>debet</span> <span class='ocrx_word' id='word_1_811' title='bbox 757 4663 1024 4718; x_wconf 89' lang='lat' dir='ltr'>dimittere</span> <span class='ocrx_word' id='word_1_812' title='bbox 1092 4665 1263 4718; x_wconf 90' lang='lat' dir='ltr'>virum</span> <span class='ocrx_word' id='word_1_813' title='bbox 1331 4662 1625 4720; x_wconf 89' lang='lat' dir='ltr'>inﬁdelem.</span> <span class='ocrx_word' id='word_1_814' title='bbox 1681 4668 1821 4722; x_wconf 86' lang='lat' dir='ltr'>Nam</span> 
     </span>
    </p>
   </div>
   <div class='ocr_carea' id='block_1_99' title="bbox 219 4752 1819 4823">
    <p class='ocr_par' dir='ltr' id='par_1_99' title="bbox 219 4752 1819 4823">
     <span class='ocr_line' id='line_1_99' title="bbox 219 4752 1819 4823; baseline 0.003 -18"><span class='ocrx_word' id='word_1_815' title='bbox 219 4753 542 4823; x_wconf 86' lang='lat' dir='ltr'>plerumque</span> <span class='ocrx_word' id='word_1_816' title='bbox 575 4753 657 4806; x_wconf 87' lang='lat' dir='ltr'>vir</span> <span class='ocrx_word' id='word_1_817' title='bbox 685 4752 932 4820; x_wconf 84' lang='lat' dir='ltr'>inﬁdelis</span> <span class='ocrx_word' id='word_1_818' title='bbox 982 4754 1399 4823; x_wconf 78' lang='lat' dir='ltr'>sanctiﬁcatus,</span> <span class='ocrx_word' id='word_1_819' title='bbox 1435 4754 1488 4807; x_wconf 92' lang='lat' dir='ltr'>id</span> <span class='ocrx_word' id='word_1_820' title='bbox 1533 4762 1616 4809; x_wconf 87' lang='lat' dir='ltr'>est</span> <span class='ocrx_word' id='word_1_821' title='bbox 1645 4753 1819 4810; x_wconf 88' lang='lat' dir='ltr'>ﬁdelis</span> 
     </span>
    </p>
   </div>
   <div class='ocr_carea' id='block_1_100' title="bbox 220 4839 1814 4912">
    <p class='ocr_par' dir='ltr' id='par_1_100' title="bbox 220 4839 1814 4912">
     <span class='ocr_line' id='line_1_100' title="bbox 220 4839 1814 4912; baseline 0.003 -19"><span class='ocrx_word' id='word_1_822' title='bbox 220 4839 392 4895; x_wconf 84' lang='lat' dir='ltr'>factus</span> <span class='ocrx_word' id='word_1_823' title='bbox 423 4849 524 4907; x_wconf 85' lang='lat' dir='ltr'>est,</span> <span class='ocrx_word' id='word_1_824' title='bbox 555 4857 656 4912; x_wconf 81' lang='lat' dir='ltr'>per</span> <span class='ocrx_word' id='word_1_825' title='bbox 682 4843 982 4896; x_wconf 87' lang='lat' dir='ltr'>mulierem</span> <span class='ocrx_word' id='word_1_826' title='bbox 1029 4841 1270 4910; x_wconf 83' lang='lat' dir='ltr'>ﬁdelem,</span> <span class='ocrx_word' id='word_1_827' title='bbox 1317 4843 1716 4898; x_wconf 88' lang='lat' dir='ltr'>cohabitantem</span> <span class='ocrx_word' id='word_1_828' title='bbox 1747 4845 1814 4910; x_wconf 92' lang='lat' dir='ltr'>ei,</span> 
     </span>
    </p>
   </div>
   <div class='ocr_carea' id='block_1_101' title="bbox 224 4929 1812 5000">
    <p class='ocr_par' dir='ltr' id='par_1_101' title="bbox 224 4929 1812 5000">
     <span class='ocr_line' id='line_1_101' title="bbox 224 4929 1812 5000; baseline 0.003 -17"><span class='ocrx_word' id='word_1_829' title='bbox 224 4939 272 4984; x_wconf 91' lang='lat' dir='ltr'>et</span> <span class='ocrx_word' id='word_1_830' title='bbox 303 4929 502 5000; x_wconf 64' lang='lat' dir='ltr'>saepius</span> <span class='ocrx_word' id='word_1_831' title='bbox 532 4938 967 4986; x_wconf 86' lang='lat' dir='ltr'>commonentem</span> <span class='ocrx_word' id='word_1_832' title='bbox 998 4947 1119 4984; x_wconf 89' lang='lat' dir='ltr'>eum</span> <span class='ocrx_word' id='word_1_833' title='bbox 1152 4931 1219 4985; x_wconf 89' lang='lat' dir='ltr'>ad</span> <span class='ocrx_word' id='word_1_834' title='bbox 1265 4931 1447 4988; x_wconf 89' lang='lat' dir='ltr'>ﬁdem.</span> <span class='ocrx_word' id='word_1_835' title='bbox 1484 4933 1581 4988; x_wconf 84' lang='lat' dir='ltr'>Vel</span> <span class='ocrx_word' id='word_1_836' title='bbox 1611 4933 1768 4988; x_wconf 88' lang='lat' dir='ltr'>aliter</span> <span class='ocrx_word' id='word_1_837' title='bbox 1800 4953 1812 4988; x_wconf 93' lang='lat'><strong>:</strong></span> 
     </span>
    </p>
   </div>
   <div class='ocr_carea' id='block_1_102' title="bbox 226 5018 1814 5088">
    <p class='ocr_par' dir='ltr' id='par_1_102' title="bbox 226 5018 1814 5088">
     <span class='ocr_line' id='line_1_102' title="bbox 226 5018 1814 5088; baseline 0.003 -16"><span class='ocrx_word' id='word_1_838' title='bbox 226 5018 426 5072; x_wconf 89' lang='lat' dir='ltr'>Fidelis</span> <span class='ocrx_word' id='word_1_839' title='bbox 461 5018 656 5073; x_wconf 89' lang='lat' dir='ltr'>mulier</span> <span class='ocrx_word' id='word_1_840' title='bbox 698 5034 808 5073; x_wconf 91' lang='lat' dir='ltr'>non</span> <span class='ocrx_word' id='word_1_841' title='bbox 856 5019 1082 5073; x_wconf 88' lang='lat' dir='ltr'>dimittat</span> <span class='ocrx_word' id='word_1_842' title='bbox 1133 5020 1301 5075; x_wconf 80' lang='lat' dir='ltr'>virum</span> <span class='ocrx_word' id='word_1_843' title='bbox 1348 5019 1643 5088; x_wconf 88' lang='lat' dir='ltr'>inﬁdelem,</span> <span class='ocrx_word' id='word_1_844' title='bbox 1689 5038 1814 5076; x_wconf 89' lang='lat' dir='ltr'>nam</span> 
     </span>
    </p>
   </div>
   <div class='ocr_carea' id='block_1_103' title="bbox 221 5102 1814 5176">
    <p class='ocr_par' dir='ltr' id='par_1_103' title="bbox 221 5102 1814 5176">
     <span class='ocr_line' id='line_1_103' title="bbox 221 5102 1814 5176; baseline 0.003 -19"><span class='ocrx_word' id='word_1_845' title='bbox 221 5103 304 5157; x_wconf 87' lang='lat' dir='ltr'>vir</span> <span class='ocrx_word' id='word_1_846' title='bbox 333 5102 567 5156; x_wconf 86' lang='lat' dir='ltr'>inﬁdelis</span> <span class='ocrx_word' id='word_1_847' title='bbox 595 5103 649 5155; x_wconf 93' lang='lat' dir='ltr'>in</span> <span class='ocrx_word' id='word_1_848' title='bbox 682 5103 800 5172; x_wconf 90' lang='lat' dir='ltr'>ipso</span> <span class='ocrx_word' id='word_1_849' title='bbox 829 5118 995 5172; x_wconf 90' lang='lat' dir='ltr'>opere</span> <span class='ocrx_word' id='word_1_850' title='bbox 1045 5105 1283 5176; x_wconf 85' lang='lat' dir='ltr'>conjugii</span> <span class='ocrx_word' id='word_1_851' title='bbox 1330 5105 1713 5169; x_wconf 88' lang='lat' dir='ltr'>sanctiﬁcatus,</span> <span class='ocrx_word' id='word_1_852' title='bbox 1761 5108 1814 5162; x_wconf 92' lang='lat' dir='ltr'>id</span> 
     </span>
    </p>
   </div>
   <div class='ocr_carea' id='block_1_104' title="bbox 219 5191 1815 5262">
    <p class='ocr_par' dir='ltr' id='par_1_104' title="bbox 219 5191 1815 5262">
     <span class='ocr_line' id='line_1_104' title="bbox 219 5191 1815 5262; baseline 0.003 -17"><span class='ocrx_word' id='word_1_853' title='bbox 219 5200 298 5245; x_wconf 83' lang='lat' dir='ltr'>est</span> <span class='ocrx_word' id='word_1_854' title='bbox 327 5191 582 5258; x_wconf 87' lang='lat' dir='ltr'>mundus,</span> <span class='ocrx_word' id='word_1_855' title='bbox 618 5200 717 5255; x_wconf 88' lang='lat' dir='ltr'>est,</span> <span class='ocrx_word' id='word_1_856' title='bbox 753 5200 804 5246; x_wconf 90' lang='lat' dir='ltr'>et</span> <span class='ocrx_word' id='word_1_857' title='bbox 833 5193 936 5246; x_wconf 86' lang='lat' dir='ltr'>hoc</span> <span class='ocrx_word' id='word_1_858' title='bbox 958 5209 1056 5262; x_wconf 90' lang='lat' dir='ltr'>per</span> <span class='ocrx_word' id='word_1_859' title='bbox 1077 5193 1360 5248; x_wconf 81' lang='lat' dir='ltr'>mulierem</span> <span class='ocrx_word' id='word_1_860' title='bbox 1380 5193 1615 5262; x_wconf 90' lang='lat' dir='ltr'>ﬁdelem,</span> <span class='ocrx_word' id='word_1_861' title='bbox 1648 5196 1702 5249; x_wconf 91' lang='lat' dir='ltr'>id</span> <span class='ocrx_word' id='word_1_862' title='bbox 1733 5205 1815 5251; x_wconf 88' lang='lat' dir='ltr'>est</span> 
     </span>
    </p>
   </div>
   <div class='ocr_carea' id='block_1_105' title="bbox 214 5279 1808 5352">
    <p class='ocr_par' dir='ltr' id='par_1_105' title="bbox 214 5279 1808 5352">
     <span class='ocr_line' id='line_1_105' title="bbox 214 5279 1808 5352; baseline 0.004 -19"><span class='ocrx_word' id='word_1_863' title='bbox 214 5297 308 5350; x_wconf 91' lang='lat' dir='ltr'>per</span> <span class='ocrx_word' id='word_1_864' title='bbox 341 5280 612 5346; x_wconf 88' lang='lat' dir='ltr'>virtutem,</span> <span class='ocrx_word' id='word_1_865' title='bbox 648 5279 770 5334; x_wconf 87' lang='lat' dir='ltr'>ﬁdei</span> <span class='ocrx_word' id='word_1_866' title='bbox 801 5296 964 5352; x_wconf 90' lang='lat' dir='ltr'>quam</span> <span class='ocrx_word' id='word_1_867' title='bbox 1022 5282 1180 5336; x_wconf 86' lang='lat' dir='ltr'>habet</span> <span class='ocrx_word' id='word_1_868' title='bbox 1226 5284 1438 5338; x_wconf 89' lang='lat' dir='ltr'>mulier.</span> <span class='ocrx_word' id='word_1_869' title='bbox 1470 5285 1534 5337; x_wconf 85' lang='lat' dir='ltr'>Et</span> <span class='ocrx_word' id='word_1_870' title='bbox 1567 5284 1761 5338; x_wconf 85' lang='lat' dir='ltr'>iterum</span> <span class='ocrx_word' id='word_1_871' title='bbox 1796 5304 1808 5339; x_wconf 93' lang='lat'><strong>:</strong></span> 
     </span>
    </p>
   </div>
   <div class='ocr_carea' id='block_1_106' title="bbox 215 5366 1810 5444">
    <p class='ocr_par' dir='ltr' id='par_1_106' title="bbox 215 5366 1810 5444">
     <span class='ocr_line' id='line_1_106' title="bbox 215 5366 1810 5444; baseline 0.004 -23"><span class='ocrx_word' id='word_1_872' title='bbox 215 5369 307 5422; x_wconf 68' lang='lat' dir='ltr'>Vir</span> <span class='ocrx_word' id='word_1_873' title='bbox 335 5366 510 5423; x_wconf 89' lang='lat' dir='ltr'>ﬁdelis</span> <span class='ocrx_word' id='word_1_874' title='bbox 542 5385 651 5423; x_wconf 91' lang='lat' dir='ltr'>non</span> <span class='ocrx_word' id='word_1_875' title='bbox 680 5369 910 5424; x_wconf 90' lang='lat' dir='ltr'>dimittat</span> <span class='ocrx_word' id='word_1_876' title='bbox 942 5385 1166 5426; x_wconf 76' lang='lat' dir='ltr'>uxorem</span> <span class='ocrx_word' id='word_1_877' title='bbox 1196 5371 1490 5427; x_wconf 86' lang='lat' dir='ltr'>inﬁdelem.</span> <span class='ocrx_word' id='word_1_878' title='bbox 1523 5375 1659 5426; x_wconf 89' lang='lat' dir='ltr'>Nam</span> <span class='ocrx_word' id='word_1_879' title='bbox 1690 5373 1810 5444; x_wconf 90' lang='lat' dir='ltr'>ple-</span> 
     </span>
    </p>
   </div>
   <div class='ocr_carea' id='block_1_107' title="bbox 215 5457 1811 5535">
    <p class='ocr_par' dir='ltr' id='par_1_107' title="bbox 215 5457 1811 5535">
     <span class='ocr_line' id='line_1_107' title="bbox 215 5457 1811 5535; baseline 0.005 -23"><span class='ocrx_word' id='word_1_880' title='bbox 215 5474 434 5531; x_wconf 88' lang='lat' dir='ltr'>rumque</span> <span class='ocrx_word' id='word_1_881' title='bbox 464 5458 660 5515; x_wconf 88' lang='lat' dir='ltr'>mulier</span> <span class='ocrx_word' id='word_1_882' title='bbox 689 5457 921 5514; x_wconf 87' lang='lat' dir='ltr'>inﬁdelis</span> <span class='ocrx_word' id='word_1_883' title='bbox 953 5460 1284 5518; x_wconf 87' lang='lat' dir='ltr'>sanctiﬁcata</span> <span class='ocrx_word' id='word_1_884' title='bbox 1333 5470 1415 5519; x_wconf 88' lang='lat' dir='ltr'>est</span> <span class='ocrx_word' id='word_1_885' title='bbox 1456 5472 1675 5535; x_wconf 87' lang='lat' dir='ltr'>accepta</span> <span class='ocrx_word' id='word_1_886' title='bbox 1705 5463 1811 5520; x_wconf 89' lang='lat' dir='ltr'>ﬁde</span> 
     </span>
    </p>
   </div>
   <div class='ocr_carea' id='block_1_108' title="bbox 1921 4489 3523 4566">
    <p class='ocr_par' dir='ltr' id='par_1_108' title="bbox 1921 4489 3523 4566">
     <span class='ocr_line' id='line_1_108' title="bbox 1921 4489 3523 4566; baseline -0.002 -19"><span class='ocrx_word' id='word_1_887' title='bbox 1921 4495 2113 4566; x_wconf 82' lang='lat' dir='ltr'>posuit</span> <span class='ocrx_word' id='word_1_888' title='bbox 2141 4492 2448 4563; x_wconf 87' lang='lat' dir='ltr'>unicuique</span> <span class='ocrx_word' id='word_1_889' title='bbox 2495 4495 2764 4546; x_wconf 85' lang='lat' dir='ltr'>vestrum.</span> <span class='ocrx_word' id='word_1_890' title='bbox 2819 4490 2946 4544; x_wconf 87' lang='lat' dir='ltr'>Viro</span> <span class='ocrx_word' id='word_1_891' title='bbox 2988 4489 3215 4559; x_wconf 91' lang='lat' dir='ltr'>scilicet,</span> <span class='ocrx_word' id='word_1_892' title='bbox 3264 4497 3322 4544; x_wconf 90' lang='lat' dir='ltr'>ut</span> <span class='ocrx_word' id='word_1_893' title='bbox 3369 4497 3523 4563; x_wconf 88' lang='lat' dir='ltr'>regat</span> 
     </span>
    </p>
   </div>
   <div class='ocr_carea' id='block_1_109' title="bbox 1921 4578 3521 4655">
    <p class='ocr_par' dir='ltr' id='par_1_109' title="bbox 1921 4578 3521 4655">
     <span class='ocr_line' id='line_1_109' title="bbox 1921 4578 3521 4655; baseline -0.001 -19"><span class='ocrx_word' id='word_1_894' title='bbox 1921 4580 2358 4655; x_wconf 83' lang='lat' dir='ltr'>uxorem,uxori</span> <span class='ocrx_word' id='word_1_895' title='bbox 2403 4588 2460 4634; x_wconf 90' lang='lat' dir='ltr'>ut</span> <span class='ocrx_word' id='word_1_896' title='bbox 2506 4578 2810 4634; x_wconf 87' lang='lat' dir='ltr'>subserviat</span> <span class='ocrx_word' id='word_1_897' title='bbox 2856 4579 3018 4635; x_wconf 90' lang='lat' dir='ltr'>viro:</span> <span class='ocrx_word' id='word_1_898' title='bbox 3052 4587 3104 4634; x_wconf 90' lang='lat' dir='ltr'>et</span> <span class='ocrx_word' id='word_1_899' title='bbox 3153 4580 3297 4635; x_wconf 91' lang='lat' dir='ltr'>unde</span> <span class='ocrx_word' id='word_1_900' title='bbox 3341 4579 3521 4634; x_wconf 88' lang='lat' dir='ltr'>adhuc</span> 
     </span>
    </p>
   </div>
   <div class='ocr_carea' id='block_1_110' title="bbox 1921 4668 3529 4740">
    <p class='ocr_par' dir='ltr' id='par_1_110' title="bbox 1921 4668 3529 4740">
     <span class='ocr_line' id='line_1_110' title="bbox 1921 4668 3529 4740; baseline -0.002 -16"><span class='ocrx_word' id='word_1_901' title='bbox 1921 4671 2024 4725; x_wconf 92' lang='lat' dir='ltr'>hoc</span> <span class='ocrx_word' id='word_1_902' title='bbox 2077 4670 2226 4726; x_wconf 91' lang='lat' dir='ltr'>scitis</span> <span class='ocrx_word' id='word_1_903' title='bbox 2273 4669 2376 4724; x_wconf 90' lang='lat' dir='ltr'>nisi</span> <span class='ocrx_word' id='word_1_904' title='bbox 2429 4668 2669 4723; x_wconf 91' lang='lat' dir='ltr'>ambulet</span> <span class='ocrx_word' id='word_1_905' title='bbox 2716 4669 2943 4740; x_wconf 80' lang='lat' dir='ltr'>quisque</span> <span class='ocrx_word' id='word_1_906' title='bbox 2991 4676 3230 4724; x_wconf 86' lang='lat' dir='ltr'>vestrum</span> <span class='ocrx_word' id='word_1_907' title='bbox 3278 4669 3344 4722; x_wconf 90' lang='lat' dir='ltr'>ita</span> <span class='ocrx_word' id='word_1_908' title='bbox 3391 4668 3529 4723; x_wconf 90' lang='lat' dir='ltr'>sicut</span> 
     </span>
    </p>
   </div>
   <div class='ocr_carea' id='block_1_111' title="bbox 1922 4751 3526 4825">
    <p class='ocr_par' dir='ltr' id='par_1_111' title="bbox 1922 4751 3526 4825">
     <span class='ocr_line' id='line_1_111' title="bbox 1922 4751 3526 4825; baseline -0.001 -17"><span class='ocrx_word' id='word_1_909' title='bbox 1922 4755 2070 4809; x_wconf 91' lang='lat' dir='ltr'>Deus</span> <span class='ocrx_word' id='word_1_910' title='bbox 2099 4753 2317 4809; x_wconf 89' lang='lat' dir='ltr'>vocavit</span> <span class='ocrx_word' id='word_1_911' title='bbox 2347 4769 2807 4824; x_wconf 89' lang='lat' dir='ltr'>unumquemque,</span> <span class='ocrx_word' id='word_1_912' title='bbox 2831 4759 2888 4806; x_wconf 93' lang='lat' dir='ltr'>ut</span> <span class='ocrx_word' id='word_1_913' title='bbox 2917 4752 2962 4806; x_wconf 91' lang='lat' dir='ltr'>si</span> <span class='ocrx_word' id='word_1_914' title='bbox 2992 4752 3047 4806; x_wconf 91' lang='lat' dir='ltr'>in</span> <span class='ocrx_word' id='word_1_915' title='bbox 3077 4751 3331 4825; x_wconf 87' lang='lat' dir='ltr'>conjugio</span> <span class='ocrx_word' id='word_1_916' title='bbox 3362 4767 3526 4807; x_wconf 85' lang='lat' dir='ltr'>voca-</span> 
     </span>
    </p>
   </div>
   <div class='ocr_carea' id='block_1_112' title="bbox 1919 4840 3526 4914">
    <p class='ocr_par' dir='ltr' id='par_1_112' title="bbox 1919 4840 3526 4914">
     <span class='ocr_line' id='line_1_112' title="bbox 1919 4840 3526 4914; baseline -0.002 -18"><span class='ocrx_word' id='word_1_917' title='bbox 1919 4850 2005 4896; x_wconf 92' lang='lat' dir='ltr'>tus</span> <span class='ocrx_word' id='word_1_918' title='bbox 2034 4842 2151 4909; x_wconf 88' lang='lat' dir='ltr'>fuit,</span> <span class='ocrx_word' id='word_1_919' title='bbox 2185 4849 2401 4898; x_wconf 89' lang='lat' dir='ltr'>maneat</span> <span class='ocrx_word' id='word_1_920' title='bbox 2432 4842 2484 4895; x_wconf 92' lang='lat' dir='ltr'>in</span> <span class='ocrx_word' id='word_1_921' title='bbox 2516 4841 2772 4914; x_wconf 88' lang='lat' dir='ltr'>conjugio</span> <span class='ocrx_word' id='word_1_922' title='bbox 2791 4841 2819 4894; x_wconf 83' lang='lat' dir='ltr'>‘l</span> <span class='ocrx_word' id='word_1_923' title='bbox 2849 4841 2905 4896; x_wconf 93' lang='lat' dir='ltr'>Si</span> <span class='ocrx_word' id='word_1_924' title='bbox 2950 4840 3108 4894; x_wconf 87' lang='lat' dir='ltr'>simul</span> <span class='ocrx_word' id='word_1_925' title='bbox 3155 4840 3526 4896; x_wconf 90' lang='lat' dir='ltr'>habitaveritis</span> 
     </span>
    </p>
   </div>
   <div class='ocr_carea' id='block_1_113' title="bbox 1919 4928 3524 5001">
    <p class='ocr_par' dir='ltr' id='par_1_113' title="bbox 1919 4928 3524 5001">
     <span class='ocr_line' id='line_1_113' title="bbox 1919 4928 3524 5001; baseline -0.001 -15"><span class='ocrx_word' id='word_1_926' title='bbox 1919 4939 2047 4987; x_wconf 92' lang='lat' dir='ltr'>tunc</span> <span class='ocrx_word' id='word_1_927' title='bbox 2078 4932 2204 4987; x_wconf 89' lang='lat' dir='ltr'>sciri</span> <span class='ocrx_word' id='word_1_928' title='bbox 2249 4931 2466 5001; x_wconf 91' lang='lat' dir='ltr'>poterit,</span> <span class='ocrx_word' id='word_1_929' title='bbox 2511 4946 2582 4985; x_wconf 89' lang='lat' dir='ltr'>an</span> <span class='ocrx_word' id='word_1_930' title='bbox 2631 4930 2808 4985; x_wconf 87' lang='lat' dir='ltr'>ﬁdelis</span> <span class='ocrx_word' id='word_1_931' title='bbox 2852 4928 3124 4985; x_wconf 88' lang='lat' dir='ltr'>inﬁdelem</span> <span class='ocrx_word' id='word_1_932' title='bbox 3181 4929 3524 4986; x_wconf 85' lang='lat' dir='ltr'>lucrabitur:</span> 
     </span>
    </p>
   </div>
   <div class='ocr_carea' id='block_1_114' title="bbox 1919 5019 3524 5091">
    <p class='ocr_par' dir='ltr' id='par_1_114' title="bbox 1919 5019 3524 5091">
     <span class='ocr_line' id='line_1_114' title="bbox 1919 5019 3524 5091; baseline -0.001 -16"><span class='ocrx_word' id='word_1_933' title='bbox 1919 5021 2015 5075; x_wconf 90' lang='lat' dir='ltr'>sed</span> <span class='ocrx_word' id='word_1_934' title='bbox 2059 5021 2105 5075; x_wconf 92' lang='lat' dir='ltr'>si</span> <span class='ocrx_word' id='word_1_935' title='bbox 2135 5020 2487 5091; x_wconf 88' lang='lat' dir='ltr'>separamini,</span> <span class='ocrx_word' id='word_1_936' title='bbox 2539 5019 2813 5091; x_wconf 90' lang='lat' dir='ltr'>quomodo</span> <span class='ocrx_word' id='word_1_937' title='bbox 2861 5020 2964 5075; x_wconf 90' lang='lat' dir='ltr'>hoc</span> <span class='ocrx_word' id='word_1_938' title='bbox 3005 5019 3260 5075; x_wconf 85' lang='lat' dir='ltr'>scietur?</span> <span class='ocrx_word' id='word_1_939' title='bbox 3307 5021 3374 5074; x_wconf 90' lang='lat' dir='ltr'>Et</span> <span class='ocrx_word' id='word_1_940' title='bbox 3418 5020 3524 5074; x_wconf 85' lang='lat' dir='ltr'>hoc</span> 
     </span>
    </p>
   </div>
   <div class='ocr_carea' id='block_1_115' title="bbox 1916 5109 3520 5182">
    <p class='ocr_par' dir='ltr' id='par_1_115' title="bbox 1916 5109 3520 5182">
     <span class='ocr_line' id='line_1_115' title="bbox 1916 5109 3520 5182; baseline -0.001 -17"><span class='ocrx_word' id='word_1_941' title='bbox 1916 5111 2042 5167; x_wconf 90' lang='lat' dir='ltr'>dico</span> <span class='ocrx_word' id='word_1_942' title='bbox 2073 5111 2229 5166; x_wconf 87' lang='lat' dir='ltr'>vobis</span> <span class='ocrx_word' id='word_1_943' title='bbox 2262 5110 2315 5164; x_wconf 91' lang='lat' dir='ltr'>in</span> <span class='ocrx_word' id='word_1_944' title='bbox 2346 5109 2601 5182; x_wconf 88' lang='lat' dir='ltr'>conjugio</span> <span class='ocrx_word' id='word_1_945' title='bbox 2632 5109 2792 5163; x_wconf 80' lang='lat' dir='ltr'>simul</span> <span class='ocrx_word' id='word_1_946' title='bbox 2814 5123 3051 5174; x_wconf 89' lang='lat' dir='ltr'>manere,</span> <span class='ocrx_word' id='word_1_947' title='bbox 3076 5109 3226 5164; x_wconf 88' lang='lat' dir='ltr'>sicut</span> <span class='ocrx_word' id='word_1_948' title='bbox 3247 5109 3310 5164; x_wconf 92' lang='lat' dir='ltr'>in</span> <span class='ocrx_word' id='word_1_949' title='bbox 3330 5111 3520 5164; x_wconf 89' lang='lat' dir='ltr'>omni-</span> 
     </span>
    </p>
   </div>
   <div class='ocr_carea' id='block_1_116' title="bbox 1915 5198 3518 5268">
    <p class='ocr_par' dir='ltr' id='par_1_116' title="bbox 1915 5198 3518 5268">
     <span class='ocr_line' id='line_1_116' title="bbox 1915 5198 3518 5268; baseline -0.004 -13"><span class='ocrx_word' id='word_1_950' title='bbox 1915 5201 2012 5256; x_wconf 90' lang='lat' dir='ltr'>bus</span> <span class='ocrx_word' id='word_1_951' title='bbox 2044 5200 2306 5256; x_wconf 87' lang='lat' dir='ltr'>Ecclesiis</span> <span class='ocrx_word' id='word_1_952' title='bbox 2337 5199 2520 5255; x_wconf 90' lang='lat' dir='ltr'>doceo.</span> <span class='ocrx_word' id='word_1_953' title='bbox 2569 5200 2682 5254; x_wconf 87' lang='lat' dir='ltr'>Hoc</span> <span class='ocrx_word' id='word_1_954' title='bbox 2727 5199 2853 5253; x_wconf 87' lang='lat' dir='ltr'>ideo</span> <span class='ocrx_word' id='word_1_955' title='bbox 2901 5198 3063 5264; x_wconf 91' lang='lat' dir='ltr'>dicit,</span> <span class='ocrx_word' id='word_1_956' title='bbox 3115 5198 3237 5268; x_wconf 89' lang='lat' dir='ltr'>quia</span> <span class='ocrx_word' id='word_1_957' title='bbox 3267 5198 3518 5266; x_wconf 90' lang='lat' dir='ltr'>impone-</span> 
     </span>
    </p>
   </div>
   <div class='ocr_carea' id='block_1_117' title="bbox 1915 5284 3518 5360">
    <p class='ocr_par' dir='ltr' id='par_1_117' title="bbox 1915 5284 3518 5360">
     <span class='ocr_line' id='line_1_117' title="bbox 1915 5284 3518 5360; baseline -0.002 -17"><span class='ocrx_word' id='word_1_958' title='bbox 1915 5290 2043 5343; x_wconf 85' lang='lat' dir='ltr'>bant</span> <span class='ocrx_word' id='word_1_959' title='bbox 2073 5290 2121 5344; x_wconf 90' lang='lat' dir='ltr'>ei</span> <span class='ocrx_word' id='word_1_960' title='bbox 2154 5289 2374 5360; x_wconf 89' lang='lat' dir='ltr'>quidam</span> <span class='ocrx_word' id='word_1_961' title='bbox 2407 5289 2552 5360; x_wconf 88' lang='lat' dir='ltr'>quod</span> <span class='ocrx_word' id='word_1_962' title='bbox 2580 5288 2872 5343; x_wconf 87' lang='lat' dir='ltr'>Corinthiis</span> <span class='ocrx_word' id='word_1_963' title='bbox 2902 5287 3050 5359; x_wconf 86' lang='lat' dir='ltr'>(quia</span> <span class='ocrx_word' id='word_1_964' title='bbox 3082 5287 3240 5341; x_wconf 89' lang='lat' dir='ltr'>nimis</span> <span class='ocrx_word' id='word_1_965' title='bbox 3271 5284 3518 5339; x_wconf 87' lang='lat' dir='ltr'>carnales</span> 
     </span>
    </p>
   </div>
   <div class='ocr_carea' id='block_1_118' title="bbox 1913 5373 3518 5451">
    <p class='ocr_par' dir='ltr' id='par_1_118' title="bbox 1913 5373 3518 5451">
     <span class='ocr_line' id='line_1_118' title="bbox 1913 5373 3518 5451; baseline -0.004 -17"><span class='ocrx_word' id='word_1_966' title='bbox 1913 5384 2090 5450; x_wconf 89' lang='lat' dir='ltr'>erant)</span> <span class='ocrx_word' id='word_1_967' title='bbox 2134 5379 2388 5451; x_wconf 88' lang='lat' dir='ltr'>conjugia</span> <span class='ocrx_word' id='word_1_968' title='bbox 2435 5378 2772 5451; x_wconf 89' lang='lat' dir='ltr'>indulgebat,</span> <span class='ocrx_word' id='word_1_969' title='bbox 2823 5394 2942 5448; x_wconf 68' lang='lat' dir='ltr'>quas</span> <span class='ocrx_word' id='word_1_970' title='bbox 2982 5377 3046 5430; x_wconf 89' lang='lat' dir='ltr'>ab</span> <span class='ocrx_word' id='word_1_971' title='bbox 3094 5375 3212 5429; x_wconf 89' lang='lat' dir='ltr'>aliis</span> <span class='ocrx_word' id='word_1_972' title='bbox 3255 5373 3518 5428; x_wconf 88' lang='lat' dir='ltr'>Ecclesiis</span> 
     </span>
    </p>
   </div>
   <div class='ocr_carea' id='block_1_119' title="bbox 1908 5463 3515 5543">
    <p class='ocr_par' dir='ltr' id='par_1_119' title="bbox 1908 5463 3515 5543">
     <span class='ocr_line' id='line_1_119' title="bbox 1908 5463 3515 5543; baseline -0.001 -20"><span class='ocrx_word' id='word_1_973' title='bbox 1908 5468 2121 5543; x_wconf 85' lang='lat' dir='ltr'>penitus</span> <span class='ocrx_word' id='word_1_974' title='bbox 2183 5467 2559 5526; x_wconf 86' lang='lat' dir='ltr'>interdicebat.</span> <span class='ocrx_word' id='word_1_975' title='bbox 2624 5467 2774 5526; x_wconf 89' lang='lat' dir='ltr'>Sicut</span> <span class='ocrx_word' id='word_1_976' title='bbox 2819 5465 2982 5520; x_wconf 91' lang='lat' dir='ltr'>modo</span> <span class='ocrx_word' id='word_1_977' title='bbox 3038 5463 3171 5519; x_wconf 86' lang='lat' dir='ltr'>dixit</span> <span class='ocrx_word' id='word_1_978' title='bbox 3217 5479 3324 5520; x_wconf 91' lang='lat' dir='ltr'>non</span> <span class='ocrx_word' id='word_1_979' title='bbox 3391 5479 3515 5528; x_wconf 84' lang='lat' dir='ltr'>esse</span> 
     </span>
    </p>
   </div>
  </div>
