3960 6036
470 179 572 233 159

967 179 1024 237 S.
1086 179 1445 237 BRUNONIS
1503 176 2151 238 CARTHUSIANORUM
2207 156 2697 237 INSTITUTORIS
2753 180 2904 239 OPP.
2965 181 3140 237 PARS
3197 182 3266 237 II.

3670 180 3779 235 160

469 301 791 358 mutandum
820 309 1017 358 statum
1054 304 1294 376 conjugii
1341 313 1568 376 propter
1616 304 1798 372 ﬁdem,
1850 303 1930 359 sic
1974 317 2074 373 per
2107 303 2356 362 Ameum
2388 306 2677 362 tenendum
2711 313 2809 362 est.
2843 307 2959 363 Hoc
2987 305 3131 362 enim
3159 305 3315 374 dico,
3352 309 3621 379 tanquam
3648 305 3767 360 mi-

474 389 653 445 simile
682 390 818 446 alios
840 399 1027 461 status,
1061 392 1117 447 in
1147 394 1341 466 quibus
1387 394 1559 450 vocati
1590 401 1734 460 sunt,
1784 391 2069 457 concedit;

470 479 619 534 salva
685 488 865 536 tamen
940 481 1248 553 integritate
1311 481 1457 539 ﬁdei.
1517 484 1588 538 Et
1648 483 1781 537 illud
1833 500 1846 536 :
1924 481 2074 536 Sicut

471 566 528 621 in
576 568 845 623 .omnibus
910 570 1177 626 Ecclesiis
1250 572 1457 638 doceo,
1553 571 1800 643 sequenti
1880 569 2074 624 litterae

478 654 541 711 1
562 654 623 712 1
646 655 707 712 1
738 658 1036 731 conjungit,
1063 659 1137 714 ita
1161 677 1173 715 :
1199 658 1303 728 Qui
1324 668 1550 716 vocatus
1580 668 1663 715 est
1694 659 1751 713 in
1778 657 2032 732 conjugio
2056 700 2070 727 ,

468 753 788 814 permaneat
815 746 871 800 in
902 762 988 802 eo.
1020 747 1088 802 Et
1117 747 1255 803 sicut
1292 764 1398 821 ego
1427 748 1482 804 in
1529 748 1781 804 omnibus
1809 747 2075 803 Ecclesiis

468 832 641 889 doceo
676 849 689 887 :
721 835 782 890 Si
810 836 1017 908 aliquis
1046 835 1399 893 circumcisus
1420 842 1647 894 vocatus
1664 841 1767 906 est,
1798 836 1854 892 id
1884 843 1985 902 est,
2018 836 2072 889 in

473 920 665 977 ritibus
709 923 1014 980 Iudaeorum
1046 925 1137 996 qui
1184 924 1349 981 ﬁdem
1394 942 1503 981 non
1552 926 1775 990 violant,
1824 925 1915 980 ille
1955 941 2072 980 non

472 1018 702 1083 cogatur
730 1011 1007 1070 adducere
1035 1017 1398 1086 praeputium,
1425 1015 1481 1070 id
1503 1023 1587 1070 est
1615 1031 1826 1070 morem
1866 1013 2075 1087 gentili-

474 1099 620 1168 tatis,
653 1108 712 1155 ut
744 1109 972 1174 cogatur
999 1102 1075 1157 uti
1114 1103 1269 1171 cibis,
1318 1119 1454 1174 quos
1503 1119 1613 1159 non
1657 1110 2069 1170 consueverunt,

476 1188 571 1259 qui
597 1204 700 1245 nec
745 1198 960 1257 nocent,
1012 1207 1116 1247 nec
1156 1192 1411 1260 adjuvant
1454 1192 1680 1260 comesi,
1712 1193 1797 1246 vel
1824 1208 1932 1247 non
1971 1207 2071 1248 co-

470 1277 627 1332 mesi.
661 1278 859 1333 Iterum
890 1278 934 1333 si
966 1279 1161 1351 aliquis
1191 1285 1416 1337 vocatus
1446 1285 1530 1337 est
1576 1282 1639 1336 in
1670 1281 1965 1353 praeputio,
2018 1280 2071 1335 id

471 1373 553 1421 est
584 1366 639 1421 in
670 1367 991 1439 gentilitate,
1014 1386 1129 1425 non
1149 1370 1614 1436 circumcidatur,
1643 1369 1698 1425 id
1727 1378 1808 1425 est
1834 1385 1945 1425 non
1980 1386 2071 1425 co-

471 1462 629 1526 gatur
657 1455 812 1527 sequi
840 1457 973 1511 ritus
996 1457 1187 1513 Judaei.
1211 1459 1418 1514 Neuter
1444 1459 1627 1530 utique
1657 1459 1937 1530 cogendus
1967 1467 2067 1520 est,

472 1545 605 1614 quia
633 1561 737 1600 nec
757 1545 1113 1602 circumcisio
1135 1547 1348 1618 aliquid
1368 1552 1471 1615 est,
1500 1564 1603 1603 nec
1619 1550 1962 1620 prwputium
1982 1547 2074 1602 ali-

2173 395 2540 450 sericordiam
2582 399 2918 451 consecutus
2947 412 2983 450 a
3032 395 3286 451 Domino.
3340 392 3763 450 Misericordiam

2173 490 2331 539 vocat
2358 484 2445 538 hic
2483 491 2536 538 et
2580 483 2957 539 remissionem
3012 492 3378 555 peccatorum,
3439 490 3491 537 et
3536 482 3775 537 maxime

2174 572 2536 642 apostolatum
2594 589 2765 638 suum,
2846 573 2992 644 quod
3037 580 3328 644 utrumque
3392 588 3490 643 per
3533 571 3769 644 gratiam

2174 661 2386 732 accepit
2435 677 2465 715 a
2507 661 2759 717 Domino.
2827 662 2905 715 Ita
2968 660 3393 717 misericordiam
3439 666 3770 715 consecutus

2174 766 2312 818 sum,
2338 753 2404 805 ut
2434 751 2541 805 sim
2561 751 2743 820 ﬁdelis
2774 750 2830 804 in
2857 749 3151 805 commisso
3180 749 3482 820 apostolatu
3501 764 3513 803 :
3531 746 3770 804 ﬁdeliter

2174 839 2317 895 enim
2348 838 2607 910 dispenso
2635 838 2893 911 mysteria
2920 837 3048 894 ﬁdei
3087 838 3293 894 credita
3318 837 3451 892 mihi
3480 853 3511 892 a
3538 838 3676 902 Deo,
3711 836 3769 890 in

2173 943 2282 1000 quo
2309 927 2433 1000 quia
2460 926 2636 983 ﬁdelis
2691 944 2831 995 sum,
2880 943 2989 983 non
3048 934 3131 982 est
3175 926 3580 998 ambigendum,
3639 925 3773 997 quin

2173 1017 2302 1073 utile
2332 1017 2400 1071 sit
2428 1016 2713 1072 consilium
2751 1032 2952 1072 meum.
2992 1017 3055 1071 Et
3103 1016 3225 1088 quia
3255 1014 3429 1071 ﬁdelis
3459 1031 3598 1081 sum,
3631 1030 3771 1087 ergo

2174 1106 2471 1164 secundum
2502 1105 2666 1161 ﬁdem
2693 1106 2958 1161 existimo
3010 1105 3109 1162 hoc
3136 1104 3453 1175 praedictum
3484 1102 3773 1159 consilium

2172 1211 2289 1251 esse
2332 1197 2556 1262 bonum,
2608 1194 2815 1250 scilicet
2875 1208 3199 1265 permanere
3241 1192 3295 1246 in
3339 1191 3672 1264 virginitate,
3723 1190 3773 1245 si

2171 1292 2417 1355 possunt,
2450 1291 2506 1338 ut
2536 1298 2659 1354 ego.
2690 1284 2898 1337 Bonum
2940 1282 3142 1353 utique,
3189 1289 3270 1337 est
3313 1285 3544 1353 propter
3587 1280 3774 1335 vitan-

2172 1373 2295 1427 dam
2327 1373 2726 1428 necessitatem
2754 1371 3095 1435 instantem,
3128 1369 3182 1424 id
3204 1377 3304 1433 est,
3355 1385 3477 1440 quae
3524 1367 3771 1440 quotidie

2172 1462 2336 1517 instat
2381 1460 2687 1533 conjugatis
2743 1460 2799 1513 in
2854 1457 3153 1514 nutriendis
3213 1457 3371 1526 ﬁliis,
3405 1457 3539 1512 etin
3588 1473 3647 1512 se
3690 1457 3773 1510 al-

2171 1559 2435 1606 terutrum
2466 1548 2851 1613 sustentandis,
2884 1555 2987 1603 etc.
3019 1548 3186 1616 Majus
3235 1547 3435 1602 bonum
3483 1553 3564 1601 est
3595 1545 3773 1619 virgi-

471 1631 597 1703 quid
630 1640 733 1700 est,
766 1632 820 1687 id
846 1642 927 1688 est
959 1651 1060 1691 nec
1089 1635 1362 1690 abstinere
1392 1652 1495 1692 nec
1540 1637 1827 1692 comedere
1853 1637 1955 1691 hos
1984 1636 2066 1692 ci-
2096 1658 2150 1718 B
2171 1640 2351 1695 uitatis
2381 1638 2657 1693 beatitudo
2688 1652 3036 1708 permanens,
3086 1652 3205 1707 quae
3251 1635 3445 1690 merito
3485 1634 3775 1707 virginita-

473 1719 576 1775 bos
606 1721 850 1791 prodest,
885 1722 971 1778 vel
1000 1731 1159 1779 nocet
1188 1724 1256 1778 ad
1286 1724 1693 1792 beatitudinem,
1728 1725 1823 1781 sed
1854 1725 2064 1779 solum-

470 1810 635 1864 modo
679 1811 989 1867 observatio
1049 1811 1454 1869 mandatorum
1510 1815 1610 1870 Dei
1651 1814 1721 1868 ad
1760 1814 2065 1869 habendam

473 1897 861 1955 beatitudinem
891 1899 1104 1956 suﬁicit.
1136 1902 1206 1955 Et
1236 1902 1375 1958 sicut
1405 1902 1473 1957 de
1499 1902 1822 1959 circumciso
1852 1911 1905 1958 et
1934 1919 2065 1974 pre-

469 1987 678 2058 putiato
724 1988 829 2045 hoc
878 1989 1258 2046 universaliter
1304 1991 1447 2058 dico,
1496 1991 1643 2063 quod
1693 1992 2066 2064 unusquisque

470 2076 696 2131 veniens
726 2076 797 2132 ad
827 2076 1009 2145 ﬁdem,
1042 2087 1355 2149 permaneat
1385 2079 1438 2133 in
1470 2095 1536 2134 eo
1566 2087 1709 2135 statu
1739 2080 1795 2134 in
1834 2096 1941 2152 quo
1971 2097 2067 2136 vo—

474 2173 626 2220 catus
674 2174 795 2232 est;
849 2175 903 2231 et
950 2167 1086 2223 sciat
1133 2168 1279 2224 hunc
1321 2176 1517 2223 statum
1560 2169 1901 2225 vocationem
1943 2169 2063 2234 Dei,

473 2252 602 2324 quia
632 2253 795 2322 (sicut
825 2271 987 2326 supra
1013 2255 1146 2325 dixi)
1173 2256 1217 2311 si
1249 2257 1396 2312 Deus
1420 2258 1565 2312 hunc
1595 2266 1790 2312 statum
1818 2258 2069 2331 neglige-

473 2349 575 2409 ret,
608 2358 885 2415 nunquam
918 2353 1166 2400 vocasset
1214 2361 1335 2399 eum
1368 2345 1438 2400 ad
1493 2345 1677 2412 ﬁdem,
1735 2346 1968 2418 quandiu
2012 2346 2066 2400 in

474 2446 541 2486 eo
570 2430 783 2497 fuisset,
817 2440 869 2489 et
917 2431 1040 2488 ideo
1080 2433 1128 2488 si
1165 2441 1217 2487 tu
1252 2439 1481 2490 vocatus
1512 2451 1569 2490 es
1595 2451 1807 2501 servus,
1849 2451 1968 2490 non
1991 2436 2067 2491 sit

474 2519 578 2575 tibi
607 2535 760 2575 cura:
788 2536 1010 2576 manere
1040 2520 1094 2575 in
1125 2522 1387 2578 servitute
1419 2540 1433 2588 ;
1466 2523 1561 2578 sed
1581 2527 1638 2579 et
1668 2525 1716 2579 si
1737 2527 1897 2595 potes
1930 2524 2069 2580 liber

469 2609 598 2679 ﬁeri
634 2608 811 2680 aliquo
843 2610 1024 2678 modo,
1057 2612 1238 2682 magis
1260 2615 1422 2668 utere
1450 2611 1570 2682 ipsa
1618 2612 1896 2679 servitute,
1942 2613 2068 2684 quia

469 2705 672 2768 quanto
701 2697 825 2768 plus
855 2714 999 2755 nunc
1044 2699 1385 2770 deprimeris,
1437 2707 1583 2755 tanto
1620 2701 1742 2772 plus
1783 2701 1840 2755 in
1886 2700 2067 2755 futuro

470 2785 822 2842 exaltaberis.
858 2787 987 2842 Ideo
1018 2788 1140 2843 dico
1188 2789 1366 2861 magis
1406 2797 1557 2845 utere
1603 2790 1902 2856 servitute;
1936 2792 2068 2862 quia

470 2873 561 2929 ille
591 2875 689 2948 qui
706 2878 937 2931 vocatus
957 2881 1043 2932 est
1062 2893 1254 2933 servus
1270 2894 1495 2933 manens
1510 2879 1574 2933 in
1596 2879 1849 2947 Domino,
1877 2879 1966 2935 hic
1985 2883 2069 2934 est

472 2963 726 3031 libertus,
760 2963 817 3019 id
845 2973 927 3020 est
975 2981 1168 3021 servus
1194 2966 1451 3033 Domini;
1483 2974 1536 3021 et
1583 2966 1831 3022 similiter
1878 2983 2067 3023 servus

470 3060 555 3109 est
582 3053 785 3108 Christi
816 3053 926 3119 ille,
962 3054 1054 3126 qui
1100 3055 1238 3111 liber
1284 3063 1507 3111 vocatus
1535 3064 1638 3111 est.
1687 3056 1887 3112 Servus
1916 3064 1970 3111 et
1997 3056 2067 3110 li-

467 3141 656 3197 bertus
686 3142 775 3198 hic
802 3142 947 3198 idem
976 3142 1305 3215 signiﬁcant,
1357 3145 1455 3200 sed
1503 3144 1781 3200 honestius
1825 3146 2068 3201 vocabu-

470 3229 584 3285 lum
614 3246 773 3286 servo
802 3232 970 3298 dedit,
1001 3240 1058 3287 ut
1086 3233 1260 3304 magis
1291 3233 1535 3289 alliceret
1581 3250 1705 3288 eum
1738 3233 1860 3288 sibi.
1909 3233 2068 3304 Quod

470 3318 597 3390 quia
635 3327 862 3391 uterque
918 3321 1062 3377 servi
1120 3322 1248 3376 estis
1307 3321 1524 3388 Christi,
1574 3330 1865 3393 pr0pterea
1903 3323 2068 3378 nolite

468 3405 586 3463 ﬁeri
615 3408 759 3465 servi
788 3409 1108 3475 hominum;
1151 3410 1218 3463 ita
1250 3411 1396 3482 quod
1429 3411 1484 3465 in
1529 3410 1686 3466 vobis
1732 3419 1917 3482 pereat
1946 3428 2070 3467 ser-

464 3495 607 3553 vitus
636 3497 865 3565 Christi;
898 3506 951 3554 et
998 3505 1082 3555 est
1126 3499 1413 3570 praemissa
1458 3516 1624 3555 causa
1658 3518 1670 3555 :
1721 3501 1896 3573 empti
1927 3500 2071 3555 enim

465 3588 602 3643 estis
630 3588 812 3659 pretio
844 3587 1126 3661 sanguinis
1160 3588 1375 3644 Christi.
1410 3588 1478 3642 Et
1503 3589 1627 3644 licet
1655 3588 1832 3644 dicam
1858 3632 1872 3656 ,
1905 3589 2071 3644 nolite

467 3673 588 3731 fieri
614 3675 761 3731 servi
788 3676 1105 3742 hominum;
1138 3685 1319 3732 tamen
1367 3680 1750 3750 unusquisque
1779 3680 1984 3749 frater,
2017 3677 2071 3732 id

469 3772 552 3818 est
580 3761 758 3818 ﬁdelis
789 3768 1017 3820 vocatus
1046 3769 1133 3820 est
1175 3765 1231 3818 in
1271 3765 1529 3820 servitute
1573 3765 1662 3821 vel
1708 3766 1764 3820 in
1800 3766 2069 3829 libertate,

466 3853 531 3908 in
561 3853 662 3907 hoc
690 3857 942 3919 maneat,
977 3861 1031 3907 et
1060 3852 1133 3907 ita
1163 3853 1307 3925 quod
1328 3854 1479 3925 apud
1496 3855 1693 3910 Deum.
1744 3856 1971 3926 Propter
2000 3855 2077 3911 vi-

469 3940 688 3995 tandam
739 3939 1156 3997 fornicationem
1190 3985 1205 4009 ,
1255 3942 1530 3998 concessit
1576 3943 1828 4014 superius
1870 3960 2072 3998 unum-

397 4070 401 4075 .
469 4044 743 4103 quemque
799 4029 1131 4085 voluntatem
1182 4031 1383 4086 habere
1457 4047 1632 4087 suam.
1694 4033 1853 4088 Dedit
1908 4033 2072 4089 etiam

467 4126 801 4189 praeceptum
825 4118 1042 4175 Domini
1085 4119 1152 4174 de
1200 4119 1520 4191 conjugatis,
1573 4136 1641 4176 ne
1671 4136 1703 4175 a
1734 4137 1793 4176 se
1839 4121 2071 4177 invicem

467 4207 835 4264 discederent.
872 4207 1033 4263 Dedit
1064 4218 1398 4279 praeceptum
1431 4226 1588 4264 suum
1635 4210 1703 4265 de
1731 4210 1816 4265 his
1843 4227 2070 4283 quorum

466 4295 604 4352 alter
631 4304 777 4352 esset
806 4295 1002 4364 ﬁdelis,
1035 4313 1102 4352 ne
1127 4297 1195 4352 ab
1226 4296 1430 4353 inﬁdeli
1459 4298 1784 4354 discederet.

2166 1731 2235 1789 tis
2284 1727 2600 1801 acquiritur,
2660 1741 2823 1797 quam
2878 1725 3047 1780 vitare
3100 1724 3358 1795 penurias
3400 1723 3621 1787 mundi,
3670 1723 3770 1778 sed

2164 1819 2396 1877 inﬁrmis
2452 1814 2783 1872 auditoribus
2841 1813 3137 1885 temporale
3190 1814 3387 1869 bonum
3447 1811 3773 1885 virginitatis

2166 1906 2471 1982 praetendit.
2505 1904 2645 1975 Quia
2675 1904 2821 1959 enim
2876 1903 3147 1967 carnales,
3199 1910 3366 1970 erant,
3416 1901 3625 1957 sciebat
3669 1915 3769 1956 eos

2168 1997 2348 2070 magis
2376 1994 2603 2051 utilitate
2631 1992 2812 2049 carnis
2839 2007 3002 2064 posse
3022 1992 3091 2046 ad
3120 1992 3318 2046 bonum
3349 1989 3531 2045 induci
3555 2032 3568 2055 ,
3602 2004 3769 2062 quam

2166 2087 2394 2142 utilitate
2417 2082 2641 2155 spiritus
2664 2100 2677 2147 ;
2702 2081 2829 2153 quia
2849 2080 3154 2151 spirituales
3176 2095 3284 2135 non
3306 2086 3476 2137 erant.
3500 2079 3613 2134 Hoc
3643 2077 3769 2133 ideo

2168 2174 2420 2232 existimo
2466 2172 2665 2227 bonum
2687 2186 2830 2237 esse,
2856 2169 3114 2241 quoniam
3132 2168 3205 2223 ita
3226 2176 3308 2223 est
3329 2167 3383 2222 in
3412 2166 3487 2223 rei
3515 2166 3764 2223 veritate.

2169 2263 2328 2333 Quod
2373 2262 2455 2318 sic
2479 2260 2554 2316 ait
2579 2276 2592 2314 :
2617 2260 2833 2314 Bonum
2856 2262 2940 2314 est
2963 2258 3181 2315 homini
3202 2256 3485 2327 utriusque
3505 2272 3669 2311 sexus
3689 2257 3774 2310 sic

2167 2369 2287 2411 esse
2311 2364 2649 2423 permanere,
2664 2347 2871 2403 scilicet
2900 2346 2953 2399 in
2968 2345 3278 2419 virginitate
3303 2345 3390 2400 vel
3414 2343 3766 2399 continentia.

2249 2440 2311 2497 1
2334 2439 2395 2496 1
2411 2438 2486 2495 2
2506 2436 2647 2506 Quia
2668 2436 2805 2490 adeo
2834 2435 3036 2489 bonum
3067 2433 3411 2490 continentiae
3430 2432 3769 2504 praetulerat,

2167 2545 2237 2585 ne
2265 2529 2389 2583 ideo
2419 2533 2673 2599 putarent
2729 2523 3000 2595 conjugati
3055 2523 3259 2578 debere
3314 2521 3450 2577 solvi
3490 2520 3771 2575 matrimo-

2167 2618 2278 2687 nia,
2312 2624 2365 2672 et
2394 2615 2695 2681 continere,
2728 2621 2910 2669 contra
2939 2613 3043 2668 hoc
3089 2611 3288 2666 Paulus
3335 2626 3619 2681 opponens
3644 2609 3721 2663 ait
3755 2626 3769 2663 :

2168 2707 2316 2763 Licet
2342 2704 2572 2761 dixerim
2615 2703 2818 2758 bonum
2848 2717 2971 2757 esse
3002 2701 3196 2757 sectari
3236 2700 3556 2767 castitatem,
3586 2706 3770 2752 tamen

2169 2795 2215 2850 si
2245 2795 2517 2866 alligatus
2539 2808 2595 2848 es
2615 2791 2805 2857 uxori,
2826 2791 2946 2846 noli
2967 2806 3213 2863 quaerere
3241 2789 3597 2853 solutionem,
3622 2786 3769 2842 bona

2167 2884 2312 2939 enim
2367 2890 2450 2938 est
2505 2880 2726 2936 castitas
2782 2877 3105 2951 conjugalis.
3160 2877 3425 2948 Opposita
3476 2875 3766 2931 sententia.

2169 2972 2277 3027 Sed
2308 2971 2435 3042 quia
2445 2969 2638 3025 melior
2655 2977 2734 3025 est
2757 2966 3086 3023 continentia
3107 2966 3356 3032 vidualis,
3380 2968 3429 3021 si
3447 2966 3664 3021 solutus
3713 2980 3771 3020 es

2170 3059 2238 3116 ab
2260 3077 2459 3128 uxore,
2478 3060 2601 3115 noli
2619 3058 2810 3113 iterum
2831 3073 3079 3129 quaerere
3116 3074 3185 3111 ita
3202 3072 3374 3122 orem,
3400 3054 3498 3109 sed
3525 3053 3767 3110 contine.

2170 3151 2371 3205 Iterum
2416 3164 2486 3203 ne
2548 3146 2757 3218 innupti
2803 3146 3091 3202 dicerent:
3149 3145 3351 3199 Verum
3400 3143 3618 3214 quidem
3685 3150 3773 3197 est

2172 3238 2316 3310 quod
2351 3236 2624 3308 eonjugati
2656 3251 2765 3291 non
2790 3234 2992 3289 debent
3022 3232 3264 3301 dissolvi,
3300 3231 3398 3287 sed
3430 3247 3532 3286 nos
3587 3230 3681 3303 qui
3711 3230 3769 3284 in

2170 3327 2294 3399 lege
2346 3324 2586 3397 conjugii
2642 3339 2750 3378 non
2808 3330 3076 3390 tenemur,
3130 3330 3412 3392 peccatum
3442 3319 3673 3375 facimus
3720 3319 3771 3373 si

2171 3414 2562 3486 nupserimus?
2593 3421 2780 3469 contra
2828 3412 2931 3467 hoc
2987 3410 3181 3466 Paulus
3214 3429 3227 3466 :
3261 3410 3409 3466 Licet
3462 3409 3665 3464 bonum
3699 3407 3769 3462 sit

2171 3503 2377 3560 homini
2408 3518 2532 3559 esse
2561 3502 2615 3557 in
2647 3501 2913 3571 castitate,
2975 3508 3155 3555 tamen
3185 3501 3235 3555 si
3284 3508 3340 3554 tu
3368 3498 3452 3553 vir
3482 3499 3769 3570 acceperis

2172 3610 2433 3657 uxorem,
2456 3607 2573 3647 non
2590 3590 2870 3663 peccasti;
2889 3594 2947 3645 et
2964 3592 3017 3646 si
3035 3592 3188 3661 virgo
3209 3589 3489 3660 nupserit,
3506 3604 3621 3642 non
3636 3602 3770 3658 pec-

2172 3683 2339 3739 cavit.
2371 3680 2478 3737 Sed
2511 3680 2635 3736 licet
2651 3679 2954 3749 virginibus
2976 3678 3091 3733 sine
3113 3686 3335 3748 peccato
3357 3677 3560 3730 nubere
3582 3675 3765 3743 liceat,

2174 3776 2369 3827 tamen
2400 3770 2447 3824 si
2476 3769 2783 3840 nupserint,
2807 3768 3085 3823 habebunt
3112 3766 3541 3822 tribulationem
3571 3764 3767 3820 carnis

2175 3858 2519 3932 hujusmodi,
2553 3858 2609 3912 id
2638 3865 2739 3923 est,
2791 3872 2912 3928 quae
2962 3855 3205 3927 sequitur
3252 3854 3472 3909 modum
3503 3851 3764 3923 conjugii,

2174 3948 2381 4004 scilicet
2411 3946 2644 4018 gemitus
2691 3944 2914 4008 ventris,
2964 3944 3291 3999 nutrimenta
3320 3942 3570 4007 ﬁliorum,
3603 3948 3656 3996 et
3683 3940 3769 3994 si-

2171 4032 2344 4087 milia.
2397 4031 2713 4102 Conjugatae
2770 4029 3047 4084 habebunt
3095 4027 3310 4099 quidem
3360 4025 3767 4081 tribulationem

2173 4120 2376 4189 carnis,
2408 4120 2505 4175 sed
2535 4136 2636 4191 ego
2669 4116 2817 4174 vobis
2846 4116 3208 4187 virginitatem
3252 4114 3528 4170 custodire
3575 4113 3768 4168 volen-

2173 4210 2315 4265 tibus
2343 4225 2536 4283 parco,
2568 4208 2699 4263 dum
2737 4208 2803 4262 ad
2843 4223 2905 4262 ea
2949 4222 3048 4262 vos
3090 4220 3352 4276 provoco,
3385 4221 3507 4276 quae
3532 4202 3768 4257 tribula-

2173 4300 2347 4355 tiones
2376 4297 2557 4354 carnis
2585 4304 2639 4352 et
2666 4304 2995 4351 memoratas
3037 4294 3423 4350 sollicitudines
3452 4291 3764 4347 excludunt.

539 4385 648 4440 Sed
699 4385 826 4457 quia
872 4393 1200 4457 praceptum
1260 4386 1617 4457 permanendi
1661 4388 1718 4442 in
1764 4375 2142 4459 virginitateD
2174 4388 2465 4459 Postquam
2496 4385 2783 4454 concessit,
2828 4393 2885 4439 ut
2931 4400 3053 4455 quae
3099 4384 3287 4438 nolunt
3325 4382 3605 4437 continere
3654 4397 3766 4434 nu-

465 4489 576 4528 non
606 4473 850 4538 dederat,
883 4490 1126 4545 quan-ere
1173 4483 1397 4546 possent
1454 4476 1736 4542 Corinthii,
1768 4493 1934 4548 quare
1962 4478 2067 4534 hoc

463 4563 816 4635 praeterisset.
880 4564 961 4618 Ad
1003 4564 1106 4619 hoc
1150 4564 1446 4635 respondet
1474 4565 1693 4619 Paulus.
1740 4565 1941 4621 Littera
1987 4567 2067 4622 sic

460 4651 710 4725 jungitur
742 4669 756 4706 :
790 4653 869 4708 De
899 4652 1205 4723 conjugatis
1238 4660 1564 4723 praeceptum
1598 4652 1851 4720 Domini;
1883 4654 1952 4709 de
1984 4654 2068 4709 his

465 4748 645 4796 autem
675 4756 905 4812 quorum
951 4739 1090 4796 alter
1134 4739 1310 4796 ﬁdelis
1356 4749 1459 4806 est,
1509 4758 1690 4796 meum
1736 4750 2066 4813 praeceptum

466 4829 613 4885 dedi.
649 4829 757 4885 Sed
786 4830 853 4886 de
882 4830 1192 4900 virginibus
1218 4833 1567 4902 praeceptum
1596 4830 1719 4886 ideo
1749 4846 1859 4885 non
1886 4831 2067 4886 deter-

463 4917 613 4974 mino
637 4937 651 4984 ;
685 4918 811 4990 quia
828 4918 953 4973 inde
983 4925 1316 4989 praeceptum
1342 4918 1556 4973 Domini
1586 4934 1701 4973 non
1733 4918 1919 4975 habeo.
1944 4921 2067 4975 Non

467 5006 613 5062 enim
660 5007 877 5061 invenio
934 5007 987 5061 in
1046 5006 1282 5078 scriptis,
1335 5006 1623 5061 Dominum
1651 5008 1981 5078 prmcepisse
2010 5016 2066 5064 ut

465 5111 659 5151 omnes
691 5104 1042 5166 perseverent
1070 5095 1125 5149 in
1147 5095 1451 5167 virginitate
1483 5103 1566 5149 :et
1589 5095 1715 5167 quia
1732 5106 2065 5167 praeceptum

465 5183 683 5242 Domini
723 5200 889 5254 super
914 5185 1018 5240 hoc
1049 5200 1158 5240 non
1189 5183 1386 5246 habeo,
1431 5192 1717 5254 propterea
1763 5185 1830 5240 do
1876 5187 2065 5242 consi—

469 5274 611 5329 lium
640 5272 773 5329 illud
804 5272 1176 5343 supradictum
1212 5286 1224 5325 :
1276 5273 1481 5326 Bonum
1512 5280 1594 5327 est
1648 5272 1970 5344 virginibus,
2018 5275 2063 5328 si

465 5361 545 5417 sic
573 5368 931 5433 permaneant
962 5367 1019 5414 ut
1048 5375 1173 5431 ego,
1207 5368 1349 5426 etc.;
1383 5376 1528 5417 nunc
1567 5369 1743 5417 autem
1775 5362 2063 5418 consilium

461 5448 608 5511 istud
662 5448 948 5525 approbat,
1025 5447 1262 5508 dicens:
1318 5450 1435 5509 Hoc
1515 5450 1698 5527 utique
1779 5440 2066 5511 consilium

2170 4477 2319 4542 bant,
2356 4474 2679 4530 determinat
2699 4473 2972 4545 quomodo
2994 4472 3291 4528 secundum
3321 4471 3549 4525 salutem
3570 4469 3767 4524 anima:

2170 4564 2224 4619 in
2253 4563 2509 4634 conjugio
2547 4578 2606 4617 se
2652 4562 2886 4617 debeant
2930 4561 3150 4627 habere,
3204 4560 3393 4615 dicens
3427 4574 3439 4613 :
3473 4558 3614 4628 Quia
3642 4557 3762 4612 sine

2167 4661 2391 4725 peccato
2421 4651 2673 4722 accipere
2702 4666 2928 4706 uxorem
2967 4649 3233 4715 concessi,
3258 4648 3456 4720 itaque,
3490 4648 3543 4702 id
3564 4654 3666 4711 est,
3704 4653 3765 4701 ut

2169 4742 2286 4796 sine
2314 4748 2539 4812 peccato
2571 4739 2835 4794 maneatis
2865 4739 2920 4793 in
2949 4738 3224 4810 conjugio,
3257 4736 3560 4792 determino
3583 4734 3759 4800 vobis,

2167 4835 2232 4886 ut
2254 4830 2349 4903 qui
2366 4830 2571 4885 habent
2591 4844 2819 4891 uxores,
2844 4830 3251 4900 sinttanquum
3265 4841 3378 4881 non
3394 4823 3680 4891 habentes,
3703 4822 3759 4877 id

2167 4926 2266 4984 est,
2301 4934 2409 4973 non
2438 4915 2615 4987 magis
2658 4915 2916 4985 voluptati
2949 4931 3106 4987 quam
3137 4916 3252 4970 Deo
3281 4913 3660 4969 inservientes.
3695 4913 3766 4965 Et

2165 5009 2261 5079 qui
2289 5007 2432 5075 ﬂent
2470 5005 2539 5059 de
2583 5004 2799 5059 damnis
2842 5004 3209 5070 saecularibus,
3242 5003 3322 5058 sic
3351 5001 3487 5057 foris
3516 5000 3679 5055 ﬁeant
3708 5006 3767 5052 ut

2163 5093 2392 5149 interius
2418 5109 2518 5163 per
2547 5108 2702 5163 spem
2733 5092 3029 5163 gaudeant;
3063 5096 3121 5147 et
3148 5092 3243 5164 qui
3270 5091 3522 5162 gaudent
3544 5105 3610 5145 ex
3630 5102 3760 5160 pro-

2166 5182 2425 5254 speritate
2473 5180 2776 5253 temporali,
2816 5188 2874 5235 ut
2921 5180 3065 5235 intus
3114 5178 3465 5248 spiritualiter
3514 5178 3758 5246 timeant,

2164 5288 2267 5328 nec
2297 5270 2481 5326 dolent
2512 5286 2570 5325 se
2619 5270 3050 5339 corrumpendos
3081 5268 3340 5334 felicitati,
3373 5284 3475 5323 nec
3508 5268 3758 5322 adversi-

2163 5360 2257 5415 tati
2284 5358 2634 5431 frangendos.
2686 5357 2843 5426 Quod
2872 5366 3051 5412 autem
3093 5358 3170 5412 sic
3200 5374 3259 5412 se
3290 5357 3491 5411 habere
3522 5356 3759 5410 debeant

2163 5450 2268 5507 hoc
2295 5448 2439 5518 dico,
2472 5447 2690 5515 fratres,
2722 5447 2846 5522 quia
2878 5451 3097 5521 tempus
3126 5446 3269 5504 istud
3299 5448 3456 5506 breve
3478 5449 3583 5515 cst,
3618 5444 3751 5501 etin
