3960 6036
132 173 225 224 161

755 170 1134 229 EXPOSITIO
1175 172 1249 226 IN
1287 169 1663 227 EPISTOLAS
1701 167 1926 224 PAULI.
1969 196 2040 210 —
2078 167 2153 223 IN
2189 167 2408 224 EPIST.
2451 169 2475 223 I
2509 169 2605 224 AD
2645 167 2805 225 COR.

3331 169 3436 225 162

134 294 387 365 proximo
419 302 500 351 est
527 294 671 350 ﬁnis.
705 298 862 352 Unde
893 298 1019 368 quia
1050 305 1262 368 tempus
1290 297 1458 354 breve
1495 303 1596 362 est,
1628 296 1732 350 hoc
1761 297 1815 354 A
1840 293 2136 348 observare
2179 293 2499 348 munditiam
2551 301 2806 358 vestram,
2863 307 2989 349 cum
3051 291 3120 346 ad
3160 291 3267 347 hoc
3321 307 3434 346 non

140 387 227 439 est
262 386 565 457 reliquum,
599 386 776 451 idest,
825 388 928 441 hoc
967 387 1140 441 solum
1189 386 1347 440 saluti
1397 385 1736 457 relinquitur,

136 487 204 535 ut
235 484 334 554 qui
367 484 574 538 habent
605 501 831 550 umores,
860 486 982 540 sint
1013 489 1285 557 tanquam
1314 501 1428 540 non
1451 484 1738 551 habentes;

136 573 314 642 etqui
343 572 509 639 ﬂent,
557 576 830 644 tanquam
861 590 974 629 non
1005 574 1206 642 ﬂentes
1233 594 1250 640 ;
1273 575 1438 646 etqui
1466 573 1736 643 gaudent,

139 663 422 731 tanquam
444 677 558 715 non
577 662 910 730 gaudentes,
945 671 1002 716 ut
1029 662 1289 733 quidquid
1310 662 1364 715 in
1388 662 1490 716 hoc
1537 660 1741 714 mundo

133 751 219 796 est
252 760 354 813 pro
377 745 642 814 parvitate
684 746 944 816 temporis
979 746 1156 816 potius
1187 761 1296 800 non
1344 762 1465 800 esse
1497 745 1743 800 videatur

135 847 308 902 quam
340 849 462 887 esse
489 852 502 898 ;
537 838 592 888 et
623 835 718 906 qui
751 839 966 898 emunt,
995 834 1101 888 sint
1130 839 1400 907 tanquam
1431 852 1545 891 non
1565 836 1743 906 possi-

135 921 360 988 dentes,
381 920 436 974 id
463 930 545 975 est
575 929 797 976 utantur
816 923 962 978 velut
985 923 1101 977 sine
1133 923 1329 993 quibus
1351 939 1460 977 non
1489 929 1737 993 possunt,

138 1009 238 1063 sed
271 1025 382 1063 non
413 1009 752 1065 delectentur
783 1015 875 1075 ;et
901 1015 1000 1083 qui
1019 1016 1269 1067 utuntur
1291 1011 1388 1067 hoc
1410 1012 1640 1077 mundo,
1659 1010 1742 1064 fa-

135 1099 281 1152 ciant
315 1102 588 1169 tanquam
627 1117 739 1154 ηοη
772 1103 1034 1166 utantur,
1060 1100 1114 1153 id
1146 1108 1227 1154 est
1265 1108 1433 1154 totum
1466 1117 1531 1154 ex
1553 1115 1744 1154 neces-

139 1187 320 1248 sitate,
352 1186 571 1240 nihilex
621 1186 1012 1242 delectatione:
1044 1196 1335 1259 propterea
1366 1188 1444 1243 sic
1473 1204 1743 1258 respuen-

140 1274 242 1327 dus
276 1283 363 1328 est
393 1275 644 1340 mundus,
681 1279 812 1347 quia
832 1277 1017 1347 ﬁgura
1048 1277 1214 1337 huius
1236 1277 1438 1332 mundi
1459 1277 1740 1348 praeterit.

139 1363 379 1415 Mundus
411 1363 630 1434 quidem
661 1379 770 1418 non
801 1365 1117 1434 praeteribit,
1154 1366 1248 1420 sed
1280 1365 1466 1420 forma:
1499 1365 1746 1419 substan-

137 1453 337 1504 tiarum
368 1451 484 1519 ejus
514 1452 882 1516 destruentur,
929 1461 986 1507 ut
1030 1470 1218 1507 aurum
1273 1454 1474 1509 rubore
1531 1454 1745 1524 perdito

142 1539 342 1593 redibit
377 1541 430 1593 in
465 1548 684 1606 terram,
721 1549 984 1597 etcaatera
1006 1542 1271 1597 similiter.
1290 1543 1571 1597 Damnatis
1602 1543 1742 1598 enim

143 1629 348 1698 impiis,
384 1628 560 1701 figura
617 1630 776 1698 hujus
835 1631 1023 1684 mundi
1077 1632 1479 1686 mundanorum
1537 1631 1824 1712 igniumB

143 1717 577 1789 conflagratione
597 1719 812 1788 peribit,
847 1719 986 1774 sicut
1016 1718 1216 1774 factum
1245 1729 1322 1774 est
1344 1721 1744 1775 mundanarum

139 1823 402 1877 aquarum
437 1807 786 1862 inundatione
817 1808 1096 1863 diluvium.
1129 1810 1198 1862 Et
1227 1809 1354 1880 quia
1385 1809 1561 1879 figura
1591 1826 1748 1863 mun—

143 1895 192 1947 di
226 1895 498 1964 praeterit,
534 1895 655 1950 ideo
687 1897 806 1951 volo
835 1913 925 1952 vos
957 1914 1074 1953 esse
1102 1897 1226 1952 sine
1246 1898 1652 1963 sollicitudine,
1678 1914 1746 1952 ne

140 1983 352 2052 gravati
385 1983 618 2038 terrenis
647 1985 901 2039 damnum
932 1985 1235 2041 cmlestium
1274 1985 1583 2040 incurratis.
1620 1985 1746 2041 Sine

141 2072 514 2127 sollicitudine
570 2071 717 2137 dicit,
768 2081 825 2127 ut
882 2075 1151 2145 conjugati
1207 2082 1467 2145 quantum
1519 2083 1750 2145 possunt

140 2169 447 2214 exonerent
487 2177 546 2215 se
591 2161 901 2217 mundanis.
961 2162 1310 2218 Continentes
1341 2165 1448 2217 sint
1504 2171 1750 2235 expertes

140 2249 301 2302 totius
333 2249 629 2304 mundana:
658 2251 1055 2305 sollicitudinis.

209 2339 278 2391 Et
311 2337 391 2391 ita
413 2339 730 2409 exsequitur
758 2340 944 2395 dicens
969 2357 981 2393 :
1007 2339 1138 2395 Volo
1169 2341 1387 2412 quidem
1409 2357 1600 2396 omnes
1628 2357 1750 2396 esse

148 2426 259 2479 sine
296 2425 689 2490 sollicitudine,
734 2429 829 2482 sed
860 2435 1041 2483 tamen
1072 2429 1207 2484 alter
1238 2429 1538 2499 expeditior
1569 2438 1649 2484 est
1681 2429 1750 2484 ad

147 2514 263 2579 hoc,
291 2515 440 2568 alter
462 2514 788 2585 impeditior.
816 2518 921 2583 Qui
940 2517 1081 2571 enim
1102 2519 1225 2573 sine
1247 2535 1426 2574 uxore
1446 2524 1549 2583 est,
1575 2518 1746 2588 virgo,

149 2603 228 2657 vel
261 2604 559 2658 continens
591 2606 872 2660 sollicitus
901 2609 1003 2671 est,
1025 2606 1080 2660 id
1109 2615 1193 2661 est
1223 2607 1484 2662 sollicitus
1509 2623 1631 2662 esse
1660 2624 1754 2677 po-

152 2700 248 2746 test
265 2692 322 2746 in
357 2693 445 2746 his
496 2709 618 2765 quae
644 2698 780 2748 sunt
828 2695 1071 2760 Domi-ni,
1105 2695 1157 2748 id
1190 2703 1272 2750 est
1301 2713 1421 2766 qua:
1450 2696 1518 2749 ad
1578 2697 1753 2750 Deum

150 2783 442 2849 pertinent.
479 2782 626 2836 Licet
656 2782 816 2836 etiam
845 2799 967 2837 esse
999 2783 1306 2851 sollicitum,
1340 2785 1607 2856 quo-modo
1635 2786 1754 2855 pla-

151 2875 267 2924 ceat
289 2870 553 2924 Domino.
576 2870 675 2924 Ubi
706 2870 780 2925 ait
814 2887 825 2924 :
851 2873 1140 2928 Sollicitus
1160 2877 1242 2927 est
1271 2890 1391 2945 qua:
1412 2877 1548 2927 sunt
1569 2874 1754 2927 Domi-

155 2961 228 3022 ni,
263 2958 529 3029 intelligit
581 2959 650 3013 de
691 2960 777 3013 his
834 2977 955 3031 quae
1003 2960 1158 3015 saluti
1214 2960 1504 3030 sufﬁciunt,
1539 2971 1592 3016 et
1636 2963 1752 3016 sine

153 3046 349 3114 quibus
402 3064 565 3102 nemo
607 3048 858 3103 salvatur.
906 3049 1009 3104 Ubi
1032 3049 1102 3103 ait
1149 3050 1471 3117 :Quomodo
1525 3053 1751 3122 placeat

159 3134 286 3202 Deo,
354 3135 611 3207 intelligit
683 3137 829 3191 illam
880 3154 1148 3192 summam
1193 3138 1605 3209 perfectionem,
1666 3139 1753 3195 cui

155 3239 258 3276 non
315 3222 524 3279 sufﬁcit
590 3226 694 3280 hoc
768 3225 962 3293 solum,
1038 3227 1180 3297 quod
1245 3228 1616 3282 necessarium
1673 3237 1756 3282 est

161 3312 339 3377 saluti,
432 3312 537 3366 nisi
595 3313 739 3368 bona
809 3331 907 3368 sua
993 3316 1325 3386 pauperibus
1409 3316 1751 3386 disperserit,

156 3401 423 3455 mundum
497 3401 818 3472 deseruerit,
898 3404 1075 3457 nudus
1140 3404 1338 3458 nudam
1394 3420 1611 3460 crucem
1661 3422 1753 3461 se-

159 3497 311 3543 cutus
346 3489 439 3544 sit.
491 3489 594 3558 Qui
650 3491 767 3545 sine
822 3507 991 3546 uxore
1059 3500 1160 3560 est,
1224 3492 1301 3547 sic
1357 3493 1409 3548 ei
1463 3493 1626 3548 licet:
1661 3497 1756 3567 qui

159 3582 355 3632 autem
387 3596 520 3633 cum
543 3597 722 3635 uxore
743 3585 847 3646 est,
880 3589 1111 3651 cogente
1128 3581 1450 3637 necessitate
1473 3583 1754 3638 sollicitus

158 3673 236 3721 est
268 3668 339 3722 de
371 3667 459 3721 his
482 3685 602 3740 qua:
630 3673 766 3724 sunt
795 3669 1014 3736 mundi,
1066 3677 1123 3724 ut
1165 3669 1434 3724 ministret
1490 3671 1646 3724 uxori
1705 3680 1758 3726 et

155 3756 358 3824 pueris,
431 3756 548 3812 sine
625 3758 819 3829 quibus
875 3759 1072 3813 durare
1130 3766 1422 3829 nequeunt.
1483 3759 1757 3815 Sollicitus

156 3845 318 3898 etiam
341 3851 430 3898 est
455 3847 719 3917 quomodo
767 3849 992 3918 placeat
1039 3848 1228 3917 uxori,
1279 3848 1462 3902 dando
1515 3848 1753 3917 monilia,

167 3932 223 3988 1
246 3933 308 3988 1
330 3934 406 3988 3
468 3936 822 4004 praeparando
841 3944 1178 4000 ornamenta,
1213 3945 1262 3990 et
1303 3936 1381 3992 sic
1408 3938 1619 3992 divisus
1648 3941 1755 4003 est,

159 4021 284 4091 quia
317 4038 395 4076 ex
421 4022 653 4076 maxima
683 4031 833 4093 parte
867 4024 1184 4078 distrahitur
1229 4025 1283 4078 in
1315 4025 1459 4080 cultu
1482 4026 1682 4096 uxoris,
1707 4035 1760 4081 et

159 4110 376 4164 cultura
410 4109 664 4166 familiai:
700 4112 898 4166 etsatis
943 4113 1159 4168 modica
1187 4129 1315 4184 pars
1345 4115 1463 4183 ejus
1493 4115 1759 4186 obsequio

160 4198 255 4252 Dei
287 4198 635 4268 relinquitur.
666 4199 814 4255 Sicut
867 4201 948 4255 vir
967 4201 1250 4256 continens
1305 4202 1505 4273 cogitat
1534 4218 1598 4257 ea
1639 4219 1760 4273 quae

160 4295 282 4340 sunt
315 4287 540 4341 Domini
574 4305 586 4340 :
616 4288 694 4343 sic
725 4289 885 4343 etiam
933 4292 1142 4346 mulier
1187 4307 1309 4362 quae
1358 4293 1608 4363 innupta
1638 4299 1756 4356 est,

1838 381 2097 452 impediat
2153 397 2251 436 vos
2310 382 2582 437 tribulatio
2651 382 2864 447 carnis,
2926 397 3046 452 qum
3122 380 3438 452 conjugatas

1839 469 2052 540 premit.
2133 470 2398 524 Fortassis
2473 470 2718 525 dicerent
2777 477 3034 540 parentes
3075 484 3087 523 :
3124 468 3438 539 Virginibus

1842 558 2058 628 quidem
2107 559 2308 614 nubere
2357 558 2512 624 licet,
2567 559 2664 613 sed
2720 566 2902 614 nostra
2959 557 3117 628 culpa
3162 565 3244 612 est
3292 555 3438 628 quod

1843 645 1982 700 filias
2008 655 2239 713 nostras,
2265 657 2320 701 ut
2341 647 2394 701 in
2449 646 2753 718 virginitate
2798 653 3072 712 maneant,
3121 661 3231 701 non
3279 644 3436 716 cogi-

1840 751 1982 790 mus.
2009 735 2209 791 Contra
2229 737 2330 791 hoc
2352 735 2546 790 Paulus
2564 736 2636 790 ait
2656 752 2668 790 :
2688 735 2836 791 Licet
2852 735 3191 791 continentes
3207 733 3435 788 dixerim

1842 823 2044 879 habere
2076 823 2380 879 facultatem
2411 831 2467 878 ut
2497 823 2613 878 sine
2643 824 3033 894 impedimento
3055 822 3293 878 serviant
3319 823 3435 877 Do-

1841 911 2006 976 mino,
2034 912 2179 982 quod
2195 928 2305 966 non
2323 913 2520 966 habent
2540 913 2867 982 conjugatae,
2890 920 3070 966 tamen
3085 914 3134 967 si
3155 913 3277 983 quis
3287 919 3439 982 pater

1843 1002 2142 1056 existimat
2171 1018 2228 1055 se
2259 1001 2434 1056 videri
2461 1005 2706 1072 turpem,
2727 1001 2782 1055 id
2812 1009 2894 1056 est
2914 1002 3066 1055 timet
3099 1017 3157 1056 se
3187 999 3436 1054 infamari

1843 1105 2028 1159 super,
2053 1089 2106 1143 id
2129 1097 2229 1156 est,
2245 1090 2313 1144 de
2336 1090 2554 1160 virgine
2571 1106 2674 1145 sua
2695 1089 2910 1144 volente
2923 1089 3129 1143 nubere
3147 1109 3164 1144 :
3183 1089 3325 1161 quod
3345 1088 3437 1142 illa

1845 1177 1918 1232 sit
1941 1193 2050 1230 non
2091 1177 2269 1232 solum
2302 1177 2626 1232 adulta:sed
2663 1185 2716 1232 et
2747 1177 3120 1248 superadutta
3143 1196 3161 1231 :
3183 1180 3240 1232 et
3274 1179 3324 1232 si
3353 1179 3440 1231 ita

1845 1269 2066 1336 oportet
2083 1266 2228 1333 ﬁeri,
2251 1265 2379 1336 quia
2408 1265 2512 1319 nisi
2533 1265 2830 1331 maritetur,
2850 1265 2905 1319 in
2936 1265 3184 1335 proximo
3205 1273 3286 1320 est
3309 1264 3441 1319 infa-

1844 1354 1970 1419 mia,
2004 1356 2188 1424 faciat
2207 1362 2365 1424 pater
2397 1355 2541 1426 quod
2568 1356 2693 1410 vult
2722 1353 2851 1408 filia.
2887 1355 2947 1407 In
2983 1356 3087 1409 hoc
3135 1354 3277 1408 enim
3323 1370 3440 1410 non

1842 1447 2040 1513 peccat
2061 1449 2238 1511 pater,
2263 1443 2313 1497 si
2342 1444 2520 1498 nubat
2553 1440 2682 1506 filia,
2711 1459 2830 1513 qua:
2866 1442 3070 1497 mavult
3126 1442 3440 1514 conjugium

1847 1545 2009 1600 quam
2032 1531 2351 1586 castitatem.
2403 1533 2622 1594 Iterum,
2661 1531 2788 1601 quia
2818 1531 3036 1601 quidam
3066 1539 3249 1602 patres
3305 1530 3444 1585 filias

1845 1622 1898 1670 in
1923 1618 2204 1689 proposito
2235 1618 2563 1691 virginitatis
2598 1635 2820 1674 manere
2851 1619 3115 1687 volentes,
3149 1618 3444 1690 cupiditate

1847 1707 2008 1772 dotis,
2062 1715 2115 1761 et
2164 1716 2223 1761 ut
2255 1707 2490 1762 habeant
2546 1707 2940 1763 incrementum
2989 1708 3231 1778 generis,
3268 1715 3322 1762 et
3347 1723 3444 1778 pro

1846 1794 2152 1862 hujusmodi
2219 1803 2419 1867 cogunt
2522 1795 2790 1850 violenter
2861 1796 3090 1861 nubere,
3172 1794 3445 1853 interdicit

1848 1883 2064 1948 Paulus,
2091 1899 2157 1938 ne
2199 1883 2303 1938 hoc
2357 1881 2466 1938 fiat.
2516 1884 2717 1938 Littera
2755 1883 2835 1938 sic
2860 1883 3244 1954 jungiturzDe
3286 1885 3445 1938 Patre

1850 1971 1940 2041 qui
1988 1970 2154 2025 ﬁliam
2196 1972 2468 2027 volentem
2515 1972 2776 2042 permittit
2832 1972 3088 2040 nubere,
3119 1972 3242 2028 dico
3298 1972 3445 2043 quod

1849 2075 1958 2113 non
1985 2067 2174 2130 peccat
2210 2077 2222 2114 :
2253 2076 2380 2115 nam
2423 2061 2492 2115 de
2523 2061 2616 2115 illo
2649 2061 2740 2132 qui
2795 2059 2958 2114 ﬁliam
3009 2061 3279 2116 volentem
3308 2076 3446 2116 con-

1849 2147 1992 2202 cedit
2021 2163 2245 2204 manere
2265 2149 2321 2202 in
2367 2148 2700 2219 virginitate,
2733 2149 2861 2220 quid
2909 2148 3057 2202 aliud
3087 2148 3282 2214 dicam,
3342 2148 3448 2202 nisi

1850 2236 1996 2308 quod
2027 2237 2298 2292 benefacit
2328 2237 2355 2290 ?
2387 2237 2482 2291 Ille
2516 2237 2702 2309 utique
2732 2238 2826 2309 qui
2853 2238 3062 2292 statuit
3089 2240 3152 2292 in
3173 2238 3333 2293 corde
3349 2254 3448 2294 suo

1850 2324 1905 2379 id
1934 2333 2018 2380 est
2061 2326 2153 2397 qui
2211 2325 2522 2380 rationabili
2588 2325 2828 2396 disponit
2885 2326 3122 2381 concilio
3157 2326 3285 2380 :ille
3327 2327 3450 2382 dico

1850 2414 2071 2482 ﬁrmus,
2107 2421 2159 2468 et
2207 2414 2533 2485 perdurans,
2583 2415 2638 2468 in
2686 2416 2791 2470 hoc
2845 2432 2959 2470 non
3007 2414 3191 2486 utique
3240 2414 3447 2470 habens

1851 2505 2252 2557 necessitatem
2274 2503 2590 2572 praedictam
2618 2517 2629 2556 :
2661 2502 2785 2574 quia
2814 2502 2882 2556 de
2915 2501 3023 2556 filia
3053 2518 3161 2557 non
3193 2502 3346 2557 timet
3365 2503 3448 2556 in-

1851 2589 2076 2645 famiam
2111 2609 2124 2645 :
2156 2591 2254 2646 sed
2285 2591 2491 2646 habens
2520 2595 2862 2663 potestatem
2883 2608 2998 2647 sua:
3013 2592 3325 2646 voluntatis
3339 2590 3451 2646 efﬁ-

1853 2679 2080 2744 ciendae,
2101 2678 2226 2750 quia
2255 2677 2361 2733 ﬁlia
2383 2680 2651 2735 consentit
2687 2695 2698 2732 :
2733 2683 2788 2736 et
2819 2679 2912 2751 qui
2962 2678 3061 2736 hoc
3116 2695 3225 2734 non
3275 2679 3449 2735 solum

1855 2767 2076 2821 statuit:
2112 2767 2209 2822 sed
2265 2768 2424 2823 etiam
2461 2769 2763 2840 judicavit,
2803 2768 2858 2822 id
2905 2775 2988 2824 est
3033 2767 3452 2824 deliberationes

1854 2857 1917 2911 in
1947 2856 2108 2911 corde
2133 2872 2231 2912 suo
2266 2856 2392 2912 fecit
2431 2874 2444 2910 ε
2479 2857 2882 2912 considerando
2939 2857 3152 2928 pondus
3188 2857 3447 2929 conjugii,

1855 2944 2172 2999 admirando
2197 2945 2366 3000 decus
2396 2944 2742 3016 virginitatis.
2777 2945 2876 3000 Hic
2905 2945 3090 3016 utique
3121 2944 3167 2999 si
3190 2945 3452 3013 judicavit

1853 3049 2077 3089 servare
2105 3034 2384 3104 virginem
2415 3051 2597 3104 suam,
2624 3034 2927 3105 benefacit,
2951 3034 3078 3088 dum
3108 3049 3231 3088 eam
3261 3033 3450 3090 volen-

1855 3131 1963 3177 tem
2030 3122 2083 3176 in
2132 3122 2439 3193 virginitate
2525 3122 2778 3178 custodit.
2850 3122 3302 3194 Quandoquidem
3359 3125 3454 3194 qui

1854 3211 2128 3266 volentem
2195 3211 2455 3280 permittit
2523 3212 2750 3278 nubere,
2810 3227 2920 3265 non
2979 3219 3216 3283 peccat:
3259 3219 3310 3266 et
3361 3213 3456 3284 qui

1855 3299 2130 3354 nolentem
2159 3299 2365 3355 nubere
2406 3299 2545 3354 bene
2569 3299 2711 3366 facit,
2748 3300 2793 3353 si
2824 3309 3110 3355 conservat
3138 3301 3191 3354 in
3219 3301 3454 3375 virgini-

1855 3395 1982 3442 tate.
1999 3389 2179 3458 Igitur
2197 3392 2254 3442 et
2269 3389 2363 3460 qui
2383 3389 2950 3459 matrimoniojungit
2973 3391 3251 3460 virginem
3263 3408 3450 3458 suam,

1855 3475 1930 3529 ita
1946 3475 2217 3530 volentem
2235 3477 2368 3532 bene
2388 3479 2531 3547 facit
2555 3493 2567 3529 :
2603 3480 2657 3531 et
2681 3478 2776 3549 qui
2808 3493 2922 3532 non
2957 3479 3157 3548 jungit
3175 3479 3454 3534 nolentem

1851 3564 2029 3637 jungi,
2063 3564 2202 3619 bene
2234 3572 2286 3619 et
2314 3566 2518 3620 melius
2533 3567 2700 3636 facit.
2727 3564 2874 3620 Sicut
2893 3565 2960 3620 de
2991 3566 3296 3638 virginibus
3317 3568 3451 3634 dixi,

1858 3668 1965 3708 non
1995 3661 2183 3723 peccat
2212 3669 2330 3725 quae
2388 3653 2648 3708 nubitzet
2703 3670 2824 3724 qua:
2853 3669 2963 3709 non
3021 3655 3195 3722 nubit,
3256 3656 3454 3711 melius

1858 3740 1988 3797 facit
2024 3741 2138 3796 :sic
2169 3742 2236 3796 de
2264 3741 2604 3807 mulieribus,
2631 3743 2777 3812 quod
2818 3741 2908 3796 illa
2936 3759 3056 3814 quae
3109 3744 3228 3799 viro
3270 3744 3456 3813 juncta

1861 3836 1942 3884 est
1973 3845 2080 3884 non
2111 3838 2303 3901 peccat
2335 3847 2348 3884 :
2382 3830 2479 3884 sed
2509 3847 2629 3901 quae
2659 3830 2715 3884 in
2747 3831 2998 3886 castitate
3019 3831 3301 3902 manserit,
3335 3833 3457 3889 bea-

1862 3918 1961 3972 tior
1983 3917 2109 3972 erit.
2142 3917 2298 3987 Quod
2353 3917 2428 3973 ita
2480 3918 2552 3973 ait
2588 3936 2601 3972 :
2635 3920 2836 3975 Mulier
2889 3921 3127 3992 alligata
3175 3926 3260 3977 est
3315 3922 3454 3989 viro,

1861 4010 2071 4078 quanto
2105 4011 2351 4078 tempore
2379 4007 2515 4061 vivit
2582 4009 2668 4063 vir
2699 4011 2840 4080 ejus.
2879 4009 3029 4076 Quod
3058 4011 3108 4065 si
3163 4011 3462 4066 dormierit

1861 4095 1948 4150 vir
1976 4098 2117 4166 ejus,
2145 4097 2383 4151 liberata
2400 4099 2487 4150 est
2514 4113 2549 4151 a
2569 4096 2686 4166 lege
2716 4098 2846 4152 viri.
2865 4099 2934 4154 Et
2969 4101 3100 4155 licet
3129 4103 3337 4158 nubere
3366 4102 3462 4156 cui

1860 4185 2001 4250 vult,
2034 4184 2406 4239 tantummodo
2443 4187 2505 4240 in
2546 4185 2802 4253 Domino,
2860 4187 2916 4242 id
2948 4196 3031 4242 est
3090 4188 3254 4260 legali
3307 4205 3460 4245 more

1864 4272 2125 4344 conjugii.
2167 4273 2273 4328 Sed
2305 4273 2552 4344 quamvis
2581 4273 2742 4329 liceat
2773 4275 2822 4330 ei
2865 4277 3074 4332 nubere
3102 4295 3115 4332 :
3146 4285 3327 4333 tamen
3347 4279 3460 4334 erit

162 4375 210 4427 id
244 4383 332 4429 est
361 4376 527 4447 virgo
557 4383 608 4430 et
637 4376 819 4442 vidua,
846 4380 1055 4449 cogitat
1085 4395 1151 4434 ea
1182 4359 1302 4450 qum
1328 4384 1466 4434 sunt
1501 4359 1752 4436 Domini:

1858 4364 2167 4434 perfectior
2193 4366 2246 4417 si
2270 4364 2658 4432 permanserit
2686 4363 2787 4429 sic,
2812 4363 2868 4419 id
2894 4373 2978 4420 est
3006 4365 3249 4437 innupta,
3284 4382 3458 4439 agens

165 4468 227 4517 ut
258 4465 338 4518 sit
390 4468 594 4519 saneta
649 4469 705 4520 et
764 4482 994 4538 corpore
1049 4471 1108 4521 et
1155 4469 1386 4538 spiritu,
1412 4467 1471 4521 id
1535 4475 1617 4522 est
1664 4483 1764 4537 per

162 4561 449 4624 utramque
512 4553 878 4626 integritatem
935 4555 1182 4626 corporis
1250 4563 1301 4611 et
1367 4555 1612 4626 spiritus.
1683 4557 1764 4610 Ea

164 4657 297 4695 vero
328 4659 455 4713 qua:
469 4646 650 4713 nupta
669 4646 773 4707 est,
798 4644 1008 4714 cogitat
1036 4660 1101 4699 ea
1143 4661 1264 4716 quae
1291 4649 1429 4699 sunt
1457 4644 1676 4713 mundi,
1709 4643 1764 4697 id

167 4738 248 4783 est
278 4729 598 4785 necessaria
635 4730 838 4800 domui,
885 4736 940 4786 et
987 4732 1256 4804 quo-modo
1281 4733 1507 4804 placeat
1565 4733 1680 4788 viro
1710 4731 1767 4785 in

168 4818 506 4889 superfluis;
538 4826 731 4874 etcum
761 4819 837 4873 ita
856 4821 1234 4876 commendem
1275 4821 1428 4875 vobis
1476 4820 1764 4876 continen-

164 4906 309 4961 tibus
339 4906 688 4963 continentim
719 4908 938 4975 bonum,
970 4926 1152 4981 porro,
1188 4908 1243 4963 id
1291 4917 1370 4964 est
1425 4925 1534 4963 non
1591 4909 1765 4976 aliter,

169 4995 270 5051 hoc
302 4995 449 5060 dico,
485 5011 649 5066 quam
679 4997 751 5051 ad
781 4998 1095 5053 utilitatem
1117 5001 1382 5064 vestram,
1413 4997 1619 5053 scilicet
1650 5015 1767 5056 non

169 5089 228 5138 ut
261 5100 364 5154 per
403 5084 509 5138 hoc
557 5085 817 5154 injiciam
865 5085 1011 5141 vobis
1061 5087 1361 5158 laqueum,
1413 5101 1615 5156 cogens
1663 5102 1766 5145 vos

171 5184 372 5222 vovere
410 5166 802 5239 virginitatem,
838 5169 984 5240 quod
1030 5179 1212 5225 votum
1242 5177 1430 5240 postea
1460 5169 1715 5242 frangetis
1750 5187 1762 5226 :

170 5258 265 5312 sed
290 5258 400 5311 hoc
426 5255 570 5322 dico,
605 5257 874 5312 hortando
905 5274 1002 5313 vos
1029 5259 1101 5313 ad
1142 5259 1218 5324 id,
1281 5258 1423 5331 quod
1454 5263 1538 5314 est
1590 5260 1766 5314 hone-

168 5351 343 5410 stum,
379 5344 438 5400 id
494 5353 575 5399 est
623 5360 655 5400 a
700 5347 1027 5419 contagione
1075 5347 1332 5416 alienum,
1378 5347 1593 5418 etquod
1622 5363 1766 5417 prae-

172 5434 293 5490 beat
336 5433 652 5491 facultatem
680 5435 1008 5491 obsecrandi
1038 5450 1137 5491 vos
1175 5436 1408 5492 Domino
1439 5437 1561 5491 sine
1590 5437 1768 5506 impe-

173 5524 427 5581 dimento
457 5522 823 5580 tribulationis
852 5522 1059 5580 carnis.
1090 5523 1192 5579 Per
1218 5524 1325 5581 hoc
1353 5523 1497 5579 enim
1543 5522 1770 5595 potestis

1862 4449 2172 4506 secundum
2202 4452 2507 4506 consilium
2528 4467 2736 4507 meum.
2771 4451 2914 4520 Quid
2936 4453 3063 4509 inde
3083 4454 3332 4512 dicerent
3359 4455 3460 4523 illi,

1863 4537 1910 4591 si
1939 4545 1996 4592 tu
2025 4538 2098 4592 ita
2129 4537 2369 4594 consulis
2399 4538 2426 4592 ?
2460 4539 2544 4594 Ad
2574 4540 2679 4596 hoc
2723 4540 2916 4596 Paulus
2953 4556 2965 4595 :
2995 4541 3119 4598 Non
3164 4552 3247 4599 est
3296 4561 3460 4616 sper-

1863 4626 2101 4681 nendum
2151 4627 2435 4682 consilium
2484 4643 2666 4683 meum
2703 4643 2714 4682 :
2749 4629 2875 4701 quia
2926 4635 3066 4703 puto
3123 4633 3266 4704 quod
3320 4635 3462 4690 sicut

1863 4713 1954 4768 alii
1985 4715 2217 4786 apostoli
2242 4734 2254 4770 :
2291 4716 2369 4772 sic
2400 4720 2459 4772 et
2487 4733 2582 4789 ego
2595 4718 2826 4774 habeam
2855 4720 3122 4792 spiritum
3138 4723 3258 4789 Dei,
3291 4729 3344 4776 et
3364 4737 3465 4794 per

1864 4802 2129 4873 spiritum,
2154 4804 2384 4877 gratiam
2421 4805 2672 4861 consiliii.

2459 5019 2686 5078 CAPUT
2707 5022 2852 5079 VIII.

1942 5210 1963 5234 α
1999 5188 2079 5243 De
2099 5186 2184 5243 his
2215 5197 2417 5260 autem,
2450 5208 2569 5262 quae
2600 5191 2760 5247 idolis
2807 5193 3200 5266 sacrificantur,
3254 5199 3459 5255 scimus

1872 5298 1892 5321 α
1938 5276 2066 5346 quia
2118 5293 2309 5354 omnes
2348 5279 2630 5335 scientiam
2668 5281 2933 5338 habemus
2971 5300 2985 5338 :
3019 5285 3247 5341 scientia
3289 5288 3458 5354 inﬂat,

1873 5383 1895 5413 α
1938 5364 2172 5419 charitas
2228 5382 2357 5422 vero
2377 5367 2626 5423 aedificat.
2679 5368 2741 5425 1
2764 5369 2918 5427 14
2950 5371 3007 5428 Si
3039 5373 3160 5444 quis
3189 5383 3368 5429 autem
3400 5391 3461 5431 se

1873 5472 1895 5502 ι
1940 5453 2212 5509 existimat
2240 5454 2378 5511 scire
2417 5455 2635 5528 aliquid,
2695 5459 2936 5514 nondum
2986 5461 3242 5534 cognovit
3271 5479 3462 5534 quem-

1872 5564 1894 5589 α
1939 5541 2228 5599 admodum
2251 5551 2498 5615 oporteat
2527 5561 2653 5600 eum
2681 5546 2840 5602 scire.
2858 5547 3053 5620 Siquis
3072 5557 3253 5605 autem
3283 5551 3464 5626 diligit
