3960 6036
484 138 583 190 163

1034 138 1090 192 S.
1132 134 1489 192 BRUNONIS
1526 131 2175 191 CARTHUSIANORUM
2212 131 2698 201 INSTITUTORIS
2738 132 2890 189 OPP.
2933 135 3110 191 PARS
3148 136 3216 189 II.

3675 137 3777 190 164

485 278 508 307 α
541 259 735 327 Deum,
769 258 859 315 hic
886 259 1138 331 cognitus
1169 268 1250 315 est
1279 261 1443 316 abeo.
1489 261 1569 316 De
1586 260 1727 316 escis
1756 268 1935 315 autem
1951 275 2071 331 qua}
2093 262 2146 319 Α
2175 256 2366 311 Modus
2396 256 2539 312 enim
2569 258 2656 314 hic
2678 267 2780 324 est,
2823 260 3104 314 scientiam
3162 258 3555 330 contemperari
3583 258 3771 314 chari-

484 372 505 398 α
543 350 701 404 idolis
744 349 1109 416 immolantur,
1154 350 1354 405 scimus
1396 350 1523 420 quia
1578 349 1710 403 nihil
1766 357 1848 405 est
1874 349 2076 404 idolum

484 461 505 487 α
541 439 598 492 in
624 438 827 492 mundo
864 453 876 491 :
909 446 963 492 et
1000 439 1145 509 quod
1177 440 1356 493 nullus
1386 440 1532 494 Deus
1586 439 1689 492 nisi
1720 456 1878 493 unus.
1938 440 2075 493 Nam

483 549 504 577 α
541 536 593 582 et
623 527 667 581 si
700 534 823 580 sunt
851 526 943 597 qui
1000 528 1248 582 dicantur
1276 529 1371 593 dii,
1432 528 1547 582 sive
1576 527 1631 580 in
1688 527 1847 593 coelo,
1886 526 2001 582 sive
2022 527 2077 580 in

482 637 504 668 ι
542 624 685 670 terra
716 615 785 686 (si
830 615 1047 687 quidem
1082 625 1204 670 sunt
1236 617 1310 671 dii
1360 616 1532 683 multi,
1568 624 1620 670 et
1648 615 1851 670 domini
1898 616 2073 685 multi)

484 732 506 754 ι
538 704 696 759 nobis
727 712 907 758 tamen
935 721 1073 759 unus
1095 706 1261 771 Deus,
1277 706 1441 760 Pater
1462 721 1525 759 ex
1551 721 1658 775 quo
1679 704 1881 771 omnia,
1905 713 1958 759 et
1973 719 2072 759 nos

478 815 500 845 α
536 794 593 847 in
620 794 711 848 illo
746 809 757 846 :
792 802 842 848 et
873 810 1012 847 unus
1035 794 1297 848 Dominus
1312 794 1471 848 Jesus
1489 794 1749 862 Christus,
1782 810 1882 863 per
1910 810 2071 864 quem

478 904 500 933 ι
536 883 719 937 omnia
749 890 801 937 et
832 898 931 936 nos
960 900 1059 952 per
1089 882 1285 953 ipsum,
1350 883 1446 937 sed
1477 898 1584 937 non
1616 882 1670 936 in
1708 881 1959 937 omnibus
1989 888 2072 935 est

480 992 503 1023 ι
540 971 784 1027 scientia.
823 971 1059 1040 Quidam
1118 979 1296 1026 autem
1354 988 1475 1025 cum
1508 970 1843 1026 conscientia
1898 986 2070 1040 usque

481 1084 502 1107 α
539 1076 681 1115 nunc
711 1060 861 1130 idoli,
896 1061 1051 1131 quasi
1079 1059 1436 1131 idolothytum
1467 1060 1793 1115 manducant
1825 1078 1839 1125 ;
1871 1066 1923 1113 et
1948 1074 2071 1113 con-

482 1173 503 1195 ιι
542 1148 770 1204 scientia
800 1149 1040 1219 ipsorum
1070 1164 1195 1204 cum
1224 1148 1293 1202 sit
1340 1146 1571 1214 infirma,
1615 1148 1870 1218 polluitur
1897 1167 1911 1213 ;
1944 1163 2069 1202 esca

477 1260 497 1284 α
534 1244 715 1292 autem
762 1254 862 1291 nos
921 1253 1031 1292 non
1081 1237 1424 1292 commendat
1472 1238 1607 1290 Deo.
1666 1237 1857 1307 Neque
1923 1236 2068 1290 enim

477 1348 499 1376 ι
536 1326 582 1379 si
627 1342 735 1381 non
781 1325 1306 1389 manducaverimus,
1365 1324 1733 1391 deficiemus;
1777 1341 1955 1395 neque
2023 1324 2069 1377 si

476 1438 496 1462 u
533 1415 1060 1479 manducaverimus,
1110 1414 1525 1468 abundabimus.
1563 1414 1751 1467 Videte
1798 1421 1974 1467 autem
1999 1429 2067 1468 ne

474 1527 495 1551 u
532 1503 669 1558 forte
692 1504 807 1558 haec
836 1503 1053 1558 licentia
1082 1511 1262 1557 vestra
1303 1499 1689 1558 of'fendiculum
1712 1501 1802 1556 fiat
1819 1500 2063 1555 inﬁmis.

471 1614 493 1643 ι
529 1592 584 1646 Si
615 1591 735 1662 quis
765 1592 909 1645 enim
941 1592 1133 1646 viderit
1163 1608 1306 1657 eum,
1340 1591 1429 1662 qui
1461 1591 1621 1646 habet
1678 1590 1961 1645 scientiam
2008 1590 2063 1643 in
2083 1619 2135 1678 B

471 1712 492 1738 α
530 1689 696 1745 idolio
726 1689 1132 1743 recumbentem
1160 1704 1171 1741 :
1204 1703 1385 1742 nonne
1417 1688 1749 1743 conscientia
1771 1688 1906 1755 ejus,
1941 1703 2063 1743 cum

472 1800 493 1829 ι
531 1778 599 1832 sit
631 1776 865 1846 infirma,
906 1776 1262 1832 azdificabitur
1291 1777 1361 1831 ad
1401 1777 1840 1832 manducandum
1882 1776 2062 1831 idolo-

469 1888 491 1918 α
528 1868 673 1938 thyla
702 1868 729 1921 ‘l
759 1866 825 1920 Et
853 1866 1051 1936 peribit
1077 1864 1323 1919 infirmus
1345 1866 1399 1919 in
1429 1874 1517 1919 tua
1542 1864 1875 1922 conscientia
1896 1865 2063 1919 frater

468 1975 489 2007 ι
527 1963 749 2026 propter
782 1971 944 2026 quem
987 1955 1235 2008 Christus
1292 1962 1535 2009 mortuus
1565 1962 1648 2009 est
1676 1954 1704 2007 Ὺ
1733 1954 1823 2009 Sic
1880 1961 2061 2007 autem

468 2066 491 2094 α
526 2052 819 2115 peccantes
850 2044 905 2097 in
934 2043 1147 2106 fratres,
1183 2051 1233 2097 et
1278 2043 1645 2113 percutientes
1672 2042 2061 2098 conscientiam

467 2157 487 2180 α
525 2148 714 2187 eorum
770 2131 1053 2197 infirmam,
1128 2132 1183 2185 in
1233 2132 1509 2186 Christum
1581 2131 1837 2201 peccatis.
1904 2130 2059 2198 Qua-

469 2229 745 2291 «propter
791 2221 836 2275 si
869 2236 996 2276 esca
1052 2220 1381 2275 scandalizat
1432 2220 1657 2274 fratrem
1713 2236 1914 2288 meum,
1949 2235 2057 2274 non

465 2333 486 2357 «ι
524 2310 868 2365 manducabo
944 2325 1168 2364 carnem
1223 2308 1279 2362 in
1359 2317 1642 2376 azternum,
1716 2324 1785 2364 ne
1840 2307 2056 2364 fratrem

460 2422 481 2446 ιι
521 2415 703 2454 meum
735 2397 1121 2453 scandalizem.
1160 2418 1183 2447 ι

1098 2555 1392 2594 EXPOSITIO
1401 2580 1413 2593 .

525 2649 698 2703 Error
728 2656 839 2703 erat
863 2646 919 2701 in
947 2646 1240 2702 Corinthiis
1271 2646 1339 2701 de
1370 2662 1471 2700 usu
1520 2646 1784 2701 ciborum.
1818 2645 2055 2715 Quidam

454 2738 601 2793 enim
628 2736 864 2792 scientes
908 2736 1091 2790 omnia
1120 2751 1243 2790 esse
1300 2734 1525 2800 munda,
1576 2751 1707 2789 sana
1728 2734 1834 2789 fide
1864 2751 2051 2790 come-

454 2826 657 2881 debant
685 2825 884 2880 omnia.
916 2823 981 2877 Hi
1012 2831 1190 2878 autem
1221 2822 1313 2893 qui
1344 2821 1448 2876 fide
1495 2822 1695 2877 infirmi
1725 2831 1895 2893 erant,
1928 2840 2049 2879 cum

450 2914 699 2970 viderent
729 2912 1108 2984 prudentiores
1157 2928 1215 2967 se
1245 2911 1541 2981 idolothyta
1581 2913 1890 2978 comedere,
1923 2930 2049 2967 cre-

2180 352 2305 401 tate.
2342 345 2605 417 Opposita
2638 349 2901 402 sententia
2935 365 2946 402 :
2982 348 3085 416 Qui
3118 348 3348 415 inﬂatur,
3385 348 3623 404 scientiae
3654 364 3771 401 mo-

2175 434 2303 487 dum
2338 451 2444 489 non
2490 436 2744 507 cognovit
2779 454 2791 489 :
2827 438 2920 491 sed
2954 438 2999 490 si
3039 437 3159 508 quis
3189 437 3363 509 diligit
3420 438 3611 503 Deum,
3647 436 3771 506 quia

2174 521 2339 577 habet
2386 523 2708 579 charitatem
2763 525 3010 595 proximi,
3048 526 3133 580 hic
3188 526 3371 596 utique
3420 525 3670 601 cognitus
3719 532 3772 577 et

2174 612 2505 681 approbatus
2536 621 2669 667 esta
2720 614 2854 668 Deo.
2915 615 3070 669 Nunc
3127 615 3443 669 determinat
3493 613 3770 671 scientiam

2173 715 2382 766 eorum,
2414 700 2469 753 in
2499 717 2606 771 quo
2639 701 2905 756 laudanda
2947 704 3032 770 sit,
3069 711 3121 757 et
3166 704 3220 756 in
3264 720 3369 775 quo
3422 703 3767 774 reprobanda

2171 788 2361 843 dicens
2394 806 2406 842 :
2442 792 2659 845 Scimus
2687 792 2829 862 quod
2855 792 3093 863 diligens
3123 794 3318 858 Deum,
3352 811 3387 847 a
3417 794 3525 847 Deo
3557 808 3763 863 cogno-

2170 878 2370 931 scitur.
2393 878 2467 932 De
2496 878 2636 933 escis
2654 883 2843 933 autem
2874 898 2995 952 qua:
3024 882 3402 935 immolantur
3433 880 3617 945 idolis,
3642 882 3760 935 sci-

2169 982 2315 1030 mus,
2346 965 2401 1019 id
2433 974 2532 1033 est,
2568 982 2666 1020 vos
2689 965 2792 1021 fide
2814 966 3179 1024 firmimecum
3202 969 3531 1041 seitis,quod
3550 968 3767 1024 idolum

2168 1054 2318 1108 nihil
2341 1058 2426 1108 est
2459 1056 2768 1120 inmundo,
2800 1056 2855 1109 id
2885 1065 2967 1110 est
2997 1057 3049 1110 in
3090 1058 3363 1113 creatione
3386 1057 3592 1111 mundi.
3617 1058 3766 1111 Deus

2170 1142 2393 1211 quidem
2424 1142 2656 1212 lapidem
2697 1143 2782 1197 vel
2814 1145 3020 1217 lignum
3043 1147 3185 1201 unde
3244 1146 3507 1201 formatur
3537 1145 3763 1213 idolum,

2169 1230 2391 1297 creavit,
2438 1231 2533 1285 sed
2588 1231 2847 1286 facturam
2898 1234 3027 1289 idoli
3084 1252 3193 1289 non
3242 1235 3386 1291 fecit.
3441 1236 3563 1289 Non
3618 1236 3767 1289 enim

2168 1327 2429 1374 creaturae
2456 1318 2533 1372 illi
2559 1336 2623 1373 ex
2646 1321 2760 1375 Deo
2779 1322 2880 1377 hoc
2906 1324 3177 1393 provenit,
3211 1332 3267 1377 ut
3295 1324 3505 1378 dicatur
3534 1323 3760 1391 idolum,

2167 1408 2265 1462 sed
2292 1408 2357 1461 ab
2390 1405 2613 1475 artjfice.
2665 1409 2733 1462 Et
2762 1410 2863 1465 hoc
2920 1412 3084 1466 etiam
3142 1412 3308 1479 scitis,
3335 1413 3476 1485 quod
3505 1430 3619 1467 non
3676 1418 3765 1468 cst

2166 1498 2320 1551 ullus
2352 1498 2497 1550 Deus
2516 1496 2630 1550 nisi
2650 1514 2799 1553 unus
2820 1501 2990 1566 solus,
3027 1502 3170 1555 unde
3193 1510 3405 1556 constat
3425 1501 3626 1555 idolum
3650 1518 3763 1556 non

2166 1602 2288 1640 esse
2318 1586 2510 1639 Deum.
2541 1585 2681 1639 Vere
2728 1603 2868 1641 unus
2910 1597 3113 1643 tantum
3145 1598 3227 1644 est
3264 1591 3429 1644 Deus.
3464 1591 3606 1645 Nam
3636 1592 3760 1646 etsi

2164 1679 2300 1729 sunt
2333 1674 2427 1744 qui
2441 1673 2712 1729 dicantur
2739 1676 2819 1731 dii
2850 1697 2867 1731 :
2900 1678 3091 1733 sivein
3117 1680 3270 1745 creto,
3307 1686 3369 1731 ut
3394 1678 3576 1750 angeli
3605 1681 3758 1743 ;siue

2164 1765 2226 1817 in
2250 1766 2425 1827 terra,
2459 1768 2515 1814 ut
2553 1764 2783 1830 apostoli
2816 1784 2829 1830 ;
2857 1766 3010 1834 juxta
3055 1767 3186 1820 illud
3219 1784 3231 1820 :
3270 1791 3290 1813 ιι
3328 1767 3445 1838 Ego
3477 1767 3587 1820 dixi
3621 1785 3634 1820 :
3669 1767 3756 1821 Dii

2163 1852 2296 1906 estis
2328 1850 2501 1920 (Psal.
2530 1864 2733 1919 xxxvr,
2760 1856 2831 1923 1).
2872 1876 2893 1903 ν
2931 1856 3072 1909 Bene
3104 1855 3226 1910 dico
3243 1855 3489 1910 dicantur
3518 1855 3610 1921 dii,
3640 1856 3752 1927 qui,

2162 1940 2431 2010 siquidem
2464 1942 2518 1996 in
2543 1940 2768 1997 veritate
2813 1951 2937 1996 sunt
2973 1943 3124 1996 multi
3153 1943 3260 1997 dii:
3284 1952 3335 1998 et
3364 1943 3418 1997 in
3451 1943 3553 1997 diis
3600 1942 3756 1997 multi

2161 2028 2387 2096 domini,
2431 2030 2490 2086 1
2514 2030 2663 2087 15
2698 2039 2755 2084 ut
2784 2030 2839 2084 in
2862 2031 3002 2086 coelo
3042 2032 3355 2104 archangeli
3405 2033 3754 2086 dominantur

2159 2118 2390 2189 angelis,
2409 2118 2462 2172 in
2486 2127 2628 2173 terra
2650 2120 2880 2190 apostoli
2896 2120 3237 2191 martyribus.
3257 2122 3409 2176 Licet
3430 2120 3613 2191 utique
3629 2122 3751 2175 sint

2158 2208 2330 2261 multi
2350 2208 2448 2272 dii,
2471 2210 2628 2263 nobis
2654 2212 2841 2263 tamen
2860 2213 2943 2263 est
2962 2226 3110 2263 unus
3130 2210 3272 2264 Deus
3286 2211 3473 2275 Pater,
3489 2226 3561 2263 ex
3574 2225 3677 2281 quo
3696 2208 3752 2261 in

2156 2294 2425 2365 principio
2465 2304 2643 2351 creata
2675 2305 2797 2350 sunt
2827 2298 3037 2361 omnia,
3082 2301 3137 2352 et
3166 2314 3265 2352 nos
3296 2298 3461 2353 creati
3503 2297 3754 2351 subsisti-

2155 2395 2277 2432 mus
2313 2381 2373 2433 in
2406 2381 2504 2435 illo
2530 2397 2630 2450 per
2657 2381 3104 2452 gubernationem
3140 2383 3254 2451 ejus
3288 2401 3302 2448 ;
3334 2387 3389 2437 et
3421 2399 3570 2437 unus
3602 2383 3749 2436 Deus

2156 2472 2243 2522 est
2260 2469 2527 2524 Dominus
2548 2471 2706 2525 Jesus
2729 2470 3002 2525 Christus.
3028 2471 3095 2523 Et
3116 2471 3254 2525 bene
3274 2471 3341 2525 de
3368 2471 3568 2525 unitate
3591 2470 3748 2525 Chri-

2156 2556 2375 2611 sticum
2409 2558 2563 2612 Patre
2612 2557 2869 2612 subdidit.
2928 2560 3008 2613 De
3065 2560 3169 2614 hoc
3225 2559 3367 2613 enim
3420 2558 3742 2613 hmsitabant

2155 2644 2437 2711 Corinthii,
2468 2662 2569 2717 per
2596 2663 2757 2717 quem
2773 2646 2958 2700 Jesum
3002 2647 3273 2701 Christum
3296 2647 3436 2703 facta
3478 2654 3599 2702 sunt
3630 2664 3748 2701 om-

2152 2735 2271 2787 nia.
2305 2733 2461 2787 Pater
2486 2734 2630 2789 enim
2660 2734 2840 2789 omnia
2870 2736 3109 2790 condidit
3140 2737 3195 2789 in
3232 2736 3386 2801 Filio,
3438 2744 3490 2791 et
3520 2752 3619 2791 nos
3641 2753 3744 2807 per

2153 2822 2340 2893 ipsum
2370 2822 2641 2876 Christum
2670 2824 2999 2878 mediantem
3032 2842 3217 2879 sumus
3238 2824 3292 2878 in
3314 2826 3446 2879 Deo.
3480 2825 3585 2879 Sed
3615 2824 3745 2879 licet

2149 2910 2205 2962 in
2224 2910 2307 2963 his
2324 2926 2515 2965 sanam
2537 2912 2832 2966 habeamus
2854 2913 3157 2978 scientiam,
3199 2918 3390 2969 tamen
3415 2929 3525 2968 non
3550 2914 3609 2967 in
3634 2930 3749 2966 om-

452 3005 649 3059 debant
679 3018 772 3057 eos
799 3002 897 3056 sub
929 3001 1277 3056 veneratione
1306 3000 1435 3054 idoli
1468 3000 1547 3055 sic
1596 3017 1786 3071 agere,
1820 3010 1871 3055 et
1900 3001 2050 3056 dice—
2081 3000 2127 3037 ’ἀ
2148 3000 2313 3053 nibus
2350 3000 2592 3054 scientia
2628 3005 2826 3055 nostra
2871 3019 3025 3072 teque
3056 3001 3315 3072 perfecta.
3370 3004 3504 3056 Vere
3532 3018 3647 3056 non
3678 3002 3741 3055 in

450 3094 580 3147 bant
606 3109 618 3145 :
651 3093 858 3146 Bonum
889 3098 971 3144 est
1000 3098 1057 3143 ut
1098 3097 1435 3144 revertamur
1463 3089 1533 3143 ad
1554 3088 1873 3160 idolothyta.
1929 3090 2046 3144 Nisi

451 3182 596 3235 enim
619 3179 981 3251 intelligerent
1040 3178 1243 3248 aliquid
1291 3194 1413 3232 esse
1442 3177 1666 3245 idolum,
1726 3194 1835 3233 non
1863 3194 2045 3234 come-

451 3270 641 3323 derent
670 3267 947 3321 immolata
977 3267 1082 3320 iliis
1126 3266 1202 3332 hi,
1230 3266 1319 3337 qui
1349 3266 1488 3321 inter
1516 3283 1617 3321 nos
1662 3267 2042 3337 prudentiores

448 3366 592 3412 sunt.
627 3357 761 3411 Cum
792 3363 970 3409 autem
997 3354 1076 3410 sic
1130 3354 1348 3425 quidam
1378 3370 1567 3410 eorum
1618 3364 1854 3409 errarent
1884 3356 2041 3410 nole-

447 3448 574 3501 bant
602 3454 782 3500 tamen
811 3444 1076 3499 desistere
1106 3444 1484 3513 prudentiores
1515 3460 1546 3498 a
1566 3444 1702 3499 cibis
1732 3444 1856 3509 illis,
1892 3453 1943 3499 et
1964 3446 2042 3499 sic

444 3534 822 3607 percutiebant
845 3531 1207 3588 conscientias
1258 3532 1612 3588 inﬁrmorum.
1651 3534 1715 3586 Et
1743 3533 2039 3601 dehujus—

444 3624 590 3679 modi
620 3622 806 3692 incipit
863 3621 952 3676 hic
991 3621 1191 3675 Paulus
1219 3621 1409 3676 dicens
1444 3636 1455 3674 :
1490 3622 1570 3675 De
1628 3620 1897 3691 conjugiis
1940 3638 2040 3690 per

443 3712 729 3783 epistolam
752 3710 1127 3781 iuterrogastis
1156 3725 1281 3775 me;
1315 3710 1412 3764 sed
1443 3710 1508 3764 de
1540 3709 1625 3763 his
1646 3726 1767 3779 qua:
1813 3710 2038 3778 sacri/i-

440 3805 650 3856 cantur
666 3799 861 3864 idolis,
905 3797 1036 3851 nihil
1086 3797 1385 3868 requisistis
1415 3812 1449 3851 a
1476 3813 1596 3850 me:
1629 3813 1731 3852 nec
1776 3798 2033 3866 oportuit,

442 3889 565 3961 quia
600 3889 830 3949 scimus,
864 3886 919 3939 id
949 3893 1033 3940 est
1070 3893 1123 3939 et
1141 3902 1239 3940 vos
1262 3885 1412 3940 scitis
1429 3893 1480 3939 et
1511 3901 1616 3956 ego
1647 3886 1793 3949 scio;
1829 3893 1882 3939 et
1912 3902 2037 3941 cum

441 3976 720 4049 azqualiter
749 3974 1005 4040 sciamus,
1031 3990 1138 4028 non
1167 3974 1402 4044 oportuit
1432 3990 1528 4028 vos
1560 3990 1807 4044 quaerere
1835 3990 1867 4029 a
1896 3991 1984 4029 me
2022 3991 2034 4030 :

442 4067 627 4121 ethoc
666 4063 795 4119 dicit
829 4062 1060 4117 ironice.
1127 4062 1337 4116 Scimus
1394 4062 1578 4132 utique
1634 4063 1704 4117 de
1741 4062 1845 4130 his,
1908 4064 2035 4134 quia

440 4170 630 4210 omnes
659 4167 768 4207 non
798 4152 937 4206 hanc
983 4150 1175 4217 solam,
1219 4151 1316 4205 sed
1347 4150 1613 4205 habemus
1653 4167 2032 4223 quamcunque

443 4241 746 4298 scientiam.
807 4239 967 4294 Modo
1032 4238 1301 4310 improbat
1384 4239 1525 4295 hanc
1581 4240 1879 4307 scientiam,
1935 4257 2034 4311 per

2146 3088 2437 3155 omnibus;
2470 3088 2700 3161 quidam
2730 3089 2873 3144 enim
2905 3106 3011 3144 non
3034 3091 3259 3161 integrae
3282 3090 3428 3157 fidei,
3454 3092 3741 3146 conscien-

2145 3177 2226 3230 tia
2244 3176 2381 3230 idoli
2394 3185 2645 3232 manente
2664 3194 2834 3249 usque
2851 3196 3012 3245 nunc,
3030 3196 3131 3251 qua
3147 3180 3350 3234 idolum
3372 3182 3740 3235 venerandum

2143 3280 2266 3318 esse
2305 3266 2555 3331 credunt,
2589 3267 3117 3339 manducantquasi
3139 3271 3532 3340 idolothytum,
3567 3270 3619 3323 id
3653 3278 3737 3323 est

2141 3351 2415 3408 immolata
2448 3354 2590 3408 idolo
2621 3355 2722 3408 sub
2771 3357 3121 3411 veneratione
3178 3359 3327 3411 idoli.
3376 3359 3439 3411 Et
3497 3358 3600 3413 hoc
3652 3359 3736 3412 fa-

2140 3441 2332 3496 ciendo
2360 3444 3283 3517 polluiturconscientiaipsorum,
3320 3464 3447 3502 cum
3467 3450 3545 3502 sit
3571 3448 3734 3517 inﬁr-

2138 3547 2233 3584 ma
2251 3546 2350 3600 pro
2378 3530 2783 3601 imperfectione
2804 3530 2930 3587 fidei
2960 3552 2971 3586 :
2993 3534 3115 3589 illos
3147 3536 3365 3606 quidem
3386 3536 3729 3606 polluitesca,

2140 3634 2242 3689 qua
2272 3627 2514 3684 utuntur,
2544 3620 2666 3690 quia
2698 3636 2798 3674 nos
2828 3622 3011 3676 vident
3047 3624 3139 3689 uti,
3168 3624 3263 3679 sed
3291 3624 3383 3678 illa
3431 3641 3555 3680 esca
3611 3642 3730 3679 non

2139 3708 2493 3762 commendat
2523 3724 2623 3762 nos
2655 3709 2781 3764 Deo.
2829 3711 3121 3783 Nunquam
3165 3712 3312 3767 enim
3342 3722 3563 3783 prepter
3594 3714 3732 3769 hanc

2138 3810 2321 3849 escam
2342 3795 2621 3850 chariores
2652 3797 2851 3851 erimus
2890 3800 3025 3854 Deo.
3062 3800 3241 3868 Quare
3287 3818 3395 3855 non
3423 3802 3477 3855 in
3498 3804 3601 3857 hoc
3621 3801 3724 3855 de-

2137 3883 2393 3938 beremus
2421 3882 2718 3940 offendere.
2754 3888 2895 3941 Vere
2933 3889 3049 3944 haec
3072 3907 3196 3945 esca
3226 3908 3341 3945 non
3368 3891 3727 3946 commendat

2135 3989 2237 4027 nos
2258 3975 2367 4027 Deo
2393 3988 2405 4027 :
2430 3990 2566 4027 nam
2597 3975 2646 4028 si
2673 3991 2787 4029 non
2808 3977 3345 4034 manducaverimus
3376 3981 3521 4035 hanc
3541 3994 3726 4034 escam

2134 4076 2311 4132 neque
2335 4061 2456 4115 ideo
2488 4062 2801 4117 deficiemus
2830 4082 2860 4118 a
2888 4066 3022 4135 Deo,
3057 4083 3233 4139 neque
3284 4069 3328 4121 si
3352 4070 3726 4123 manducave-

2134 4149 2323 4219 rimus,
2358 4158 2649 4220 propterea
2678 4153 3082 4210 abundabimus
3114 4156 3168 4209 in
3199 4157 3361 4211 bono.
3388 4158 3454 4210 Et
3477 4157 3724 4228 quando-

2134 4246 2352 4317 quidem
2381 4246 2456 4300 nil
2485 4247 3016 4317 impeditabstinere,
3051 4252 3125 4306 nil
3141 4253 3359 4321 adjuvat
3393 4254 3681 4309 comedere
3708 4273 3723 4311 :

438 4330 643 4385 malum
709 4328 855 4399 quod
919 4328 1044 4383 inde
1101 4328 1362 4399 sequitur,
1432 4328 1621 4384 dicens
1679 4346 1780 4385 nos
1844 4330 2028 4400 utique
2050 4335 2102 4395 D
2139 4336 2321 4391 Videte
2352 4351 2504 4407 ergo,
2530 4352 2600 4391 ne
2621 4339 2770 4407 forte
2792 4338 2907 4394 hwc
2941 4341 3173 4397 licentia
3195 4347 3381 4398 vestra
3409 4352 3617 4398 noceat.
3644 4344 3729 4398 Li-

440 4418 639 4474 scimus
670 4436 688 4472 :
711 4417 807 4472 sed
839 4417 1080 4472 scientia
1108 4416 1212 4471 ista
1246 4432 1354 4472 non
1403 4417 1532 4471 satis
1562 4418 1832 4473 laudanda
1898 4428 1979 4473 est
2015 4437 2028 4473 :

438 4506 563 4579 quia
591 4506 781 4574 inﬂat,
819 4504 872 4559 id
890 4513 971 4559 est
992 4504 1119 4561 facit
1138 4520 1235 4559 vos
1259 4505 1546 4576 superbire
1567 4514 1755 4562 contra
1786 4506 2030 4562 infirmos

437 4594 652 4660 fratres,
686 4593 741 4647 in
776 4593 966 4665 quibus
996 4608 1104 4649 non
1134 4610 1200 4649 ex
1231 4594 1483 4649 charitate
1513 4595 1693 4665 agitis,
1720 4596 1817 4651 sed
1847 4596 2025 4651 male:

438 4683 563 4755 quia
592 4684 843 4739 charitas
898 4682 1160 4751 aediﬁcat,
1185 4683 1428 4737 nutriens
1482 4683 1704 4737 virtutes
1736 4684 1790 4737 in
1848 4684 2030 4755 perfe-

437 4771 631 4827 ctionis
691 4770 1241 4839 consummationem,
1276 4779 1329 4825 et
1380 4770 1504 4826 ideo
1563 4771 1789 4827 scientia
1843 4781 2029 4827 vestra

436 4860 603 4926 inﬂat,
652 4859 779 4931 quia
819 4875 929 4913 non
984 4868 1424 4929 contemperatur
1471 4860 1750 4915 charitate.
1810 4862 2027 4931 Impro-

434 4948 580 5004 bavit
611 4947 890 5003 scientiam
921 4965 1111 5003 eorum
1130 4964 1231 5018 per
1249 4948 1454 5001 malum
1505 4948 1791 5019 superbiae,
1825 4965 2025 5005 conse-

434 5053 607 5109 quens
637 5036 814 5103 illam;
843 5052 988 5092 nunc
1027 5037 1197 5106 ipsam
1246 5036 1524 5091 scientiam
1558 5052 1569 5090 :
1603 5039 1900 5093 ostendens
1930 5054 2024 5093 eos

431 5125 745 5191 inscientes,
791 5126 844 5178 in
876 5142 983 5195 quo
1015 5142 1074 5180 se
1100 5125 1409 5180 existimant
1436 5141 1558 5180 esse
1588 5127 1841 5181 scientes.
1877 5128 2024 5181 Licet

432 5214 656 5269 dixerim
680 5230 776 5268 vos
800 5214 1052 5282 scientes,
1070 5221 1249 5268 tamen
1272 5216 1322 5269 si
1343 5216 1466 5285 quis
1483 5215 1780 5270 existimat
1803 5232 1861 5270 se
1878 5216 2022 5271 seire

430 5302 666 5375 aliquid,
695 5302 772 5355 uti
803 5317 919 5370 vos,
954 5302 1070 5356 sine
1100 5302 1361 5356 charitate
1393 5302 1677 5372 ;profecto
1734 5303 1822 5358 hic
1872 5320 2020 5359 non-

427 5393 563 5448 dum
587 5391 841 5464 cognovit
869 5391 942 5447 ad
972 5406 1135 5463 quem
1163 5391 1392 5447 modum
1412 5395 1667 5463 oporteat
1694 5408 1824 5449 eum
1853 5394 2016 5459 scire,

2134 4432 2219 4478 cet
2250 4424 2429 4494 utique
2460 4425 2757 4479 secundum
2790 4443 2977 4481 sanam
3011 4427 3171 4483 fidem
3194 4440 3448 4501 vestram,
3482 4434 3579 4486 sed
3614 4449 3727 4487 non

2131 4511 2207 4566 ita
2235 4512 2364 4567 licet
2393 4520 2450 4565 ut
2477 4530 2574 4582 per
2588 4514 3225 4586 hocﬁato/fendiculum
3256 4521 3502 4588 inﬁrmis
3518 4524 3724 4591 fratri-

2132 4602 2247 4665 bus,
2282 4599 2425 4670 quod
2472 4602 2713 4656 contuitu
2769 4614 2952 4659 nostro
3004 4608 3384 4663 manducando
3422 4609 3722 4680 idolothyta

2128 4696 2376 4759 peccent,
2419 4688 2542 4759 quia
2573 4691 2673 4743 sub
2695 4694 3045 4749 veneratione
3082 4696 3231 4750 idoli.
3272 4698 3556 4767 Propterea
3595 4699 3719 4753 dico

2128 4794 2197 4832 ne
2228 4778 2333 4845 ﬁat
2360 4778 2792 4847 offcndiculum;
2827 4781 2948 4853 quia
2968 4785 3021 4837 si
3050 4785 3174 4855 quis
3189 4800 3297 4839 non
3313 4802 3459 4841 sanas
3480 4785 3605 4841 fidei
3628 4788 3716 4842 vi-

2129 4867 2275 4922 derit
2304 4881 2432 4920 eum
2462 4869 2877 4924 recumbentem
2910 4872 2969 4927 in
2993 4872 3157 4941 idolo,
3194 4874 3248 4928 id
3279 4883 3360 4929 est
3390 4874 3600 4947 inloco
3621 4876 3716 4930 ubi

2127 4956 2435 5010 immolatur
2464 4952 2609 5009 idolo
2629 4974 2642 5021 ;
2676 4973 2804 5012 eum
2819 4959 2941 5015 dico
2957 4962 3051 5033 qui
3073 4961 3235 5018 habet
3254 4964 3555 5019 scientiam
3569 4966 3718 5036 quod

2126 5044 2303 5099 omnis
2351 5049 2601 5099 creatura
2647 5045 2746 5099 Dei
2792 5050 2991 5103 munda
3038 5050 3124 5114 sit,
3176 5068 3277 5106 nec
3319 5053 3717 5107 contaminetur

2124 5141 2349 5204 propter
2376 5129 2579 5185 idolum
2611 5133 2656 5185 si
2706 5150 2841 5191 sana
2886 5137 3020 5193 fides
3067 5139 3163 5209 sit,
3196 5140 3385 5195 videns
3418 5142 3520 5197 hoc
3550 5140 3709 5196 infir-

2123 5239 2263 5288 mus,
2280 5240 2469 5281 nonne
2499 5222 2848 5280 conscientia
2866 5228 2985 5295 ejus
3000 5245 3129 5283 cum
3146 5230 3464 5298 sitinﬁrma
3491 5231 3715 5286 anima-

2123 5312 2275 5367 bitur
2296 5315 2545 5386 exemplo
2567 5323 2656 5370 tuo
2679 5315 2750 5370 ad
2770 5317 3229 5373 manducandum
3255 5318 3587 5391 idolothyta,
3609 5321 3711 5374 sub

2121 5402 2469 5461 veneratione
2516 5404 2690 5461 idoli?
2730 5406 2801 5461 Et
2842 5406 2920 5461 sic
2959 5422 3061 5477 per
3107 5407 3377 5464 infirmam
3428 5408 3714 5465 conscien-
