3960 6036
202 232 305 283 165

851 227 1230 283 EXPOSITIO
1271 230 1345 283 IN
1381 227 1763 285 EPISTOLAS
1802 228 2024 285 PAULI.
2056 258 2125 267 —
2156 227 2231 282 IN
2259 226 2474 282 EPIST.
2510 228 2531 281 Ι
2570 227 2663 282 ΑΙ)
2704 226 2863 283 COR.

3411 230 3514 283 166

210 354 335 407 tiam
372 352 578 424 peribit
610 353 875 421 inﬁrmus
906 356 1090 425 frater
1120 356 1179 409 in
1217 360 1314 411 tua
1343 356 1617 421 scientia,
1653 354 1806 423 cujus
1835 356 1889 414 A
1915 376 1936 399 κ
1974 351 2310 423 dispensatio
2341 353 2472 407 mihi
2506 353 2714 409 credita
2744 361 2846 408 est.
2876 351 3009 420 Quae
3037 360 3117 407 est
3148 367 3283 425 ergo
3312 368 3522 408 merces

207 442 457 512 exemplo
489 442 749 497 comedit.

272 532 389 586 Nec
421 532 524 586 hoc
571 531 691 586 leve
742 540 899 601 putes
923 574 935 597 ,
986 532 1113 603 quia
1143 532 1230 587 hic
1262 540 1343 587 est
1374 532 1555 597 frater,
1588 536 1818 605 propter

204 637 369 691 quem
403 620 659 675 Christus
689 626 949 676 mortuus
972 626 1055 676 est
1082 664 1093 687 ,
1123 630 1173 676 et
1204 630 1429 692 propter
1454 638 1614 693 quem
1637 622 1816 675 modi-

208 724 334 763 cum
367 708 549 763 cibum
592 725 701 763 non
747 709 829 763 vis
878 710 1168 775 dimittere,
1223 710 1355 763 nihil
1398 711 1492 763 tibi
1522 709 1815 765 conferen-

204 798 361 851 tem?
394 799 458 851 Et
512 798 633 868 quia
684 798 737 851 in
780 806 869 851 tua
918 798 1146 853 scientia
1175 800 1368 869 peribit
1400 798 1583 864 frater,
1618 816 1814 870 peccas

202 888 265 940 in
298 888 564 955 fratrem.
600 886 689 941 Sic
711 893 889 941 autem
918 892 1217 958 peccantes
1245 889 1309 941 in
1336 891 1568 959 fratres,
1601 893 1656 941 et
1678 905 1811 958 per-

203 976 494 1028 cutieutes
516 974 638 1028 cibo
656 982 837 1029 vestro
858 976 1145 1043 inﬁrmam
1163 977 1423 1031 conscien
1436 978 1577 1031 tiam
1597 993 1809 1041 eorum,

205 1062 453 1131 peccatis
498 1070 683 1117 contra
729 1063 997 1117 Christum
1044 1064 1136 1135 qui
1176 1072 1421 1118 mortuus
1470 1072 1551 1119 est
1590 1074 1813 1135 propter

203 1149 499 1204 inﬁrmum.
534 1152 899 1223 Quapropter,
945 1152 999 1205 id
1051 1160 1152 1221 est,
1188 1153 1315 1224 quia
1363 1169 1595 1224 peccare
1623 1153 1677 1206 in
1709 1155 1814 1207 fra-

217 1247 377 1306 trem,
414 1254 643 1309 peccare
675 1247 757 1293 est
788 1240 839 1293 in
870 1240 1161 1306 Christum,
1197 1244 1246 1295 si
1278 1259 1403 1297 esca
1432 1258 1555 1296 mea
1582 1243 1812 1297 scanda-

213 1329 353 1381 lizat
392 1330 641 1397 fratrem
677 1346 899 1393 meum,
943 1346 1057 1383 non
1094 1330 1442 1385 manducabo
1480 1347 1709 1385 carnem
1747 1332 1808 1384 in

202 1421 509 1470 wternum.
526 1417 727 1471 Verum
750 1418 968 1487 quidem
986 1426 1087 1483 est,
1107 1419 1231 1489 quia
1253 1420 1305 1471 in
1328 1420 1627 1473 aeternitate
1649 1435 1808 1473 nemo

202 1511 389 1557 utetur
418 1504 542 1558 cibo
572 1506 765 1570 carnis,
822 1506 917 1559 sed
966 1506 1088 1561 ideo
1119 1507 1195 1561 sic
1226 1507 1295 1559 ait
1324 1516 1381 1561 ut
1411 1507 1586 1577 magis
1621 1508 1807 1562 deter-

204 1601 325 1646 reat
361 1609 389 1645 a
421 1593 679 1647 seandalo
712 1593 906 1662 fratris,
942 1611 1065 1649 cum
1097 1595 1226 1650 dicit
1260 1614 1273 1650 :
1306 1596 1447 1663 Quia
1484 1598 1528 1650 si
1561 1597 1615 1649 in
1644 1605 1805 1651 teter-

1922 464 1943 493 «
1978 458 2099 495 mea
2128 442 2155 495 ξ)
2188 443 2255 497 Ut
2286 443 2645 513 Evangelium
2677 442 2994 513 praedicans,
3028 441 3144 496 sine
3177 450 3388 512 sumptu
3412 457 3517 512 p0-

1920 552 1943 580 «
1977 545 2103 584 nam
2133 531 2508 603 Evangelium,
2542 540 2596 585 ut
2626 547 2732 585 non
2782 532 2971 585 abutar
3016 537 3283 601 potestate
3313 546 3435 585 mea
3463 531 3519 584 in

1920 642 1941 665 ‹‹
1978 619 2299 691 Evangelio.
2362 620 2498 673 Nam
2556 636 2679 675 cum
2728 620 2866 674 liber
2920 636 3099 674 essem
3147 636 3209 673 ex
3241 619 3513 689 omnibus,

1920 729 1941 757 α
1978 708 2217 763 omnium
2246 725 2332 762 me
2383 725 2601 762 servum
2634 708 2755 773 ieci,
2790 716 2848 762 ut
2894 708 3080 778 plures
3109 708 3506 763 lucrifacerem.

1918 818 1939 846 α
1976 797 2042 850 Et
2073 796 2245 852 factus
2278 814 2397 851 sum
2426 798 2627 851 Iudaeis
2661 806 2911 869 tanquam
2942 797 3181 864 Judaeus,
3215 806 3269 850 ut
3297 798 3516 852 Judaeos

1919 908 1939 933 α
1974 885 2258 952 lucrarer;
2290 886 2355 939 iis
2387 886 2476 957 qui
2508 886 2609 940 sub
2664 886 2787 957 lege
2846 893 2986 950 sunt,
3022 887 3179 957 quasi
3235 885 3335 939 sub
3390 885 3515 958 lege

1918 996 1939 1023 α
1976 990 2155 1029 essem
2185 976 2332 1043 (cum
2362 974 2478 1044 ipse
2511 991 2616 1029 non
2651 991 2830 1029 essem
2863 975 2961 1029 sub
3012 974 3178 1047 lege),
3211 982 3266 1028 ut
3294 990 3390 1029 eos
3420 973 3512 1045 qui

1916 1085 1937 1109 η
1975 1063 2077 1116 sub
2099 1062 2221 1133 lege
2252 1072 2403 1117 erant
2419 1062 2786 1118 lucrifacerem
2820 1082 2834 1128 ;
2860 1064 2927 1117 iis
2944 1064 3034 1134 qui
3056 1064 3172 1117 sine
3190 1063 3311 1133 lege
3333 1070 3508 1132 erant,

1916 1173 1937 1201 α
1976 1160 2229 1221 tanquam
2260 1151 2376 1206 sine
2406 1152 2530 1223 lege
2568 1168 2746 1207 essem
2780 1155 2926 1221 (cum
2966 1152 3081 1206 sine
3123 1151 3246 1222 lege
3277 1151 3376 1205 Dei
3406 1167 3513 1206 non

1914 1263 1934 1285 u
1973 1257 2171 1305 essem,
2207 1240 2301 1294 sed
2342 1240 2395 1293 in
2445 1240 2567 1312 lege
2616 1258 2793 1295 essem
2843 1240 3079 1309 Christi),
3131 1248 3185 1293 ut
3230 1239 3513 1295 lucriface-

1916 1352 1936 1375 α
1973 1346 2087 1383 rem
2121 1345 2236 1395 eos,
2263 1330 2353 1400 qui
2386 1329 2503 1383 sine
2533 1330 2656 1401 lege
2685 1338 2856 1384 erant.
2908 1330 3105 1383 Factus
3136 1345 3256 1382 sum
3283 1327 3513 1384 infirmis

1915 1440 1936 1467 α
1972 1416 2240 1483 infirmus,
2276 1426 2332 1471 ut
2360 1417 2601 1472 infirmos
2648 1417 3040 1473 lucrifacerem.
3100 1416 3364 1471 Omnibus
3394 1434 3513 1472 om-

1913 1530 1933 1554 α
1971 1507 2062 1560 nia
2100 1506 2274 1562 factus
2305 1524 2443 1575 sum,
2478 1516 2535 1560 ut
2563 1523 2753 1562 omnes
2803 1507 3041 1562 facerem
3070 1505 3277 1561 salvos.
3318 1506 3511 1561 Omnia

1913 1619 1933 1641 ιι
1972 1604 2151 1649 autem
2182 1595 2322 1650 facio
2355 1604 2575 1666 propter
2595 1596 2979 1667 Evangelium,
3014 1604 3071 1649 ut
3092 1596 3361 1666 particeps
3392 1596 3508 1664 ejus

206 1698 342 1734 num
375 1682 530 1737 cibus
562 1682 745 1737 carnis
777 1684 1159 1738 comederetur
1208 1685 1329 1751 sibi,
1370 1694 1651 1755 respueret
1683 1702 1802 1739 eum
1827 1719 1879 1778 B
1913 1707 1933 1729 ‹‹
1975 1683 2197 1739 eﬂiciar.
2230 1685 2484 1749 Nescitis,
2546 1685 2691 1755 quod
2722 1685 2775 1738 hi
2804 1685 2895 1756 qui
2943 1685 2997 1738 in
3029 1685 3205 1740 stadio
3262 1692 3506 1753 currunt,

202 1787 269 1824 ne
302 1779 537 1841 poneret
563 1770 948 1826 offendiculum
981 1772 1150 1841 fratri,
1186 1774 1308 1827 ideo
1338 1774 1538 1829 nollem
1567 1774 1621 1827 in
1655 1784 1809 1829 teter-

202 1876 337 1912 num
369 1860 702 1914 manducare
742 1876 982 1915 carnem.
1034 1863 1155 1916 Non
1203 1862 1327 1917 ideo
1376 1863 1550 1917 solum
1600 1880 1667 1917 ne
1698 1863 1810 1917 fra-

203 1956 345 2002 trem
377 1964 560 2002 meum
592 1964 820 2018 peccare
851 1952 1108 2016 tacerem,
1141 1951 1238 2005 sed
1270 1968 1340 2006 ne
1370 1968 1498 2007 eum
1527 1952 1813 2008 scandali-

203 2053 353 2103 λείη,
387 2036 442 2090 id
475 2045 556 2091 est
587 2037 779 2091 saltem
809 2038 991 2093 animo
1040 2039 1378 2095 contristem.

821 2180 1045 2237 CAPUT
1092 2182 1186 2235 1X.

282 2326 303 2347 ιι
342 2303 471 2357 Non
502 2319 621 2357 sum
662 2303 802 2358 liber
828 2304 854 2357 ?
900 2305 1023 2358 Non
1083 2322 1203 2359 sum
1250 2306 1579 2376 apostolus?
1617 2308 1812 2362 Nonne

210 2416 229 2438 ιι
268 2391 550 2445 Christum
579 2393 763 2447 Jesum
794 2393 1085 2447 Dominum
1142 2402 1384 2448 nostrum
1434 2396 1590 2450 vidi?
1617 2398 1812 2451 Nonne

210 2502 231 2529 ε
266 2496 414 2550 opus
445 2497 625 2535 meum
656 2498 754 2535 vos
784 2482 914 2536 estis
955 2482 1011 2535 in
1047 2483 1281 2538 Domino
1302 2484 1328 2537 ?
1365 2484 1433 2537 Et
1463 2484 1508 2538 si
1555 2485 1673 2538 aliis
1703 2502 1813 2540 non

210 2590 232 2617 (
268 2585 397 2623 sum
425 2569 725 2639 apostolus,
785 2571 880 2625 sed
930 2554 1110 2626 tamen
1140 2572 1295 2626 vobis
1341 2589 1507 2626 sum:
1558 2589 1684 2628 nam
1734 2574 1811 2628 si-

211 2682 231 2702 α
266 2658 565 2726 gnaculum
595 2658 930 2729 apostolatus
972 2660 1081 2715 mei
1127 2676 1224 2715 vos
1271 2661 1404 2715 estis
1454 2662 1509 2715 in
1559 2662 1809 2718 Domino.

208 2768 229 2795 ι
268 2747 397 2800 Mea
427 2746 673 2801 defensio
704 2749 849 2817 apud
887 2765 984 2803 eos
1026 2749 1117 2820 qui
1166 2766 1251 2803 me
1282 2754 1636 2823 interrogant,
1698 2752 1814 2807 hinc

208 2856 230 2883 ε
266 2844 373 2889 est.
430 2836 686 2906 Nunquid
734 2854 843 2891 non
902 2837 1167 2891 habemus
1220 2847 1546 2909 potestatem
1573 2841 1813 2895 mandu-

208 2946 229 2971 ε
268 2923 435 2978 candi
468 2932 522 2977 et
552 2925 818 2979 bibendi?
841 2927 1097 2997 Nunquid
1126 2943 1238 2981 non
1282 2929 1547 2983 habemus
1578 2938 1813 2999 potesta-

205 3033 228 3059 ι
267 3020 384 3066 tem
429 3012 714 3067 mulierem
788 3030 1032 3069 sororem
1062 3015 1527 3084 circumducendi,
1590 3018 1730 3073 sicut
1761 3026 1814 3073 et

205 3124 226 3144 α
266 3100 455 3155 caeteri
502 3102 754 3170 apostoli,
800 3111 851 3156 et
909 3102 1105 3157 fratres
1162 3105 1408 3170 Domini,
1442 3113 1495 3159 et
1549 3107 1811 3176 Cephas‘?

206 3212 227 3233 ιι
268 3192 380 3243 Aut
409 3188 559 3243 solus
590 3206 693 3260 ego
725 3199 777 3245 et
804 3192 1096 3260 Barnabas,
1131 3209 1239 3247 non
1272 3194 1537 3249 habemus
1567 3204 1809 3265 potesta-

205 3300 227 3326 ‹
266 3286 382 3332 tem
429 3279 535 3332 hoc
582 3280 890 3348 operandi?
934 3281 1067 3349 Quis
1112 3282 1305 3335 militat
1352 3283 1465 3337 suis
1527 3283 1810 3354 stipendiis

208 3389 231 3416 ι
270 3383 519 3437 unquam
540 3368 567 3421 ?
618 3367 751 3435 Quis
780 3369 985 3439 plantat
1023 3369 1257 3436 vineam,
1312 3380 1363 3425 et
1391 3372 1459 3426 de
1488 3372 1663 3427 fructu
1692 3375 1809 3441 ejus

207 3480 228 3501 α
270 3472 386 3509 non
418 3456 573 3509 edit?
607 3455 741 3523 Quis
771 3458 944 3526 pascit
975 3475 1223 3530 gregem,
1258 3467 1308 3514 et
1339 3460 1405 3513 de
1436 3460 1576 3515 lacte
1621 3463 1809 3533 gregis

204 3566 226 3593 ι
268 3560 385 3598 non
436 3545 775 3599 manducat?
854 3547 1115 3617 Nunquid
1179 3549 1481 3603 secundum
1533 3550 1811 3605 hominem

203 3653 227 3681 ι
268 3632 700 3687 hecdico?An
756 3642 808 3687 et
836 3634 922 3688 lex
976 3636 1095 3691 haec
1149 3652 1258 3691 non
1307 3637 1483 3693 dicit?
1541 3639 1809 3710 Scriptum

202 3742 224 3768 ι
264 3730 352 3775 est
384 3721 529 3774 enim
559 3721 610 3774 in
640 3722 764 3793 lege
796 3723 969 3793 Moysi
1002 3742 1015 3777 :
1052 3747 1073 3771 α
1120 3726 1242 3779 Non
1290 3726 1543 3794 alligabis
1594 3744 1655 3782 os
1687 3729 1812 3783 bovi

201 3830 223 3857 ι
267 3809 546 3863 trituranti
574 3812 759 3877 (Deut.
793 3826 930 3880 xxv,
967 3813 1033 3877 4;
1067 3813 1091 3866 Ι
1118 3815 1253 3868 Tim.
1278 3815 1459 3885 v,18).
1501 3836 1523 3865 »
1558 3817 1813 3888 Nunquid

206 3920 227 3946 ι
268 3898 339 3952 de
376 3898 551 3951 bobus
574 3915 701 3953 cura
732 3908 813 3953 est
843 3901 958 3954 Deo
986 3900 1014 3953 ξ)
1070 3904 1153 3955 Au
1204 3911 1429 3973 pr0pter
1472 3920 1573 3959 nos
1629 3906 1813 3976 utique

208 4011 228 4032 υ
270 3987 380 4041 hoc
428 3986 613 4042 dicit?
646 3989 788 4041 Nam
819 3998 1039 4059 propter
1088 4006 1189 4045 nos
1237 3992 1438 4061 scripta
1479 4001 1622 4061 sunt,
1672 4010 1812 4065 quo-

206 4098 225 4120 ει
256 4075 415 4128 niam
454 4074 513 4130 1
540 4075 689 4130 16
722 4076 883 4131 debet
913 4078 966 4131 iu
1000 4095 1097 4149 spe
1125 4078 1216 4149 qui
1244 4089 1357 4134 arat
1405 4096 1604 4147 arare;
1640 4092 1693 4136 et
1721 4082 1814 4154 qui

208 4185 231 4212 ι
270 4164 509 4227 triturat,
543 4164 595 4217 iu
632 4182 729 4235 spe
787 4165 991 4222 fructus
1030 4168 1386 4238 percipiendi.
1440 4171 1496 4224 Si
1525 4187 1626 4225 nos
1656 4172 1812 4227 vobis

205 4270 226 4302 ι
266 4251 578 4320 spiritualia
608 4253 1010 4320 seminavimus,
1069 4272 1329 4328 magnum
1377 4266 1458 4312 est
1489 4259 1535 4313 si
1564 4274 1665 4313 nos
1694 4276 1814 4315 car-

207 4361 229 4389 ι
268 4339 422 4394 nalia
472 4348 650 4395 vestra
697 4344 1011 4397 metamus?
1059 4345 1114 4399 Si
1142 4345 1233 4399 alii
1292 4347 1571 4417 potestatis
1617 4357 1815 4404 vestra:

209 4449 231 4477 ι
269 4428 572 4499 participes
604 4439 746 4498 sunt,
782 4448 946 4502 quare
995 4448 1102 4488 non
1133 4434 1309 4503 potius
1339 4451 1440 4490 nos
1470 4436 1497 4489 ‘2
1552 4437 1651 4491 sed
1708 4453 1816 4492 non
1838 4429 1891 4487 D

214 4538 235 4567 ιι
275 4518 365 4571 usi
408 4534 593 4572 sumus
623 4520 726 4574 hac
753 4528 1040 4589 potestate.
1104 4522 1210 4577 Sed
1240 4524 1419 4577 omnia
1464 4525 1812 4594 sustinemus,

213 4626 235 4656 ι
272 4622 344 4660 ne
392 4606 541 4676 quod
590 4606 975 4663 oftendiculum
1018 4610 1210 4664 demus
1256 4612 1557 4685 Evangelio
1597 4614 1812 4669 Christi.

209 4718 229 4740 ε
270 4694 529 4763 Nescitis,
564 4696 821 4767 quoniam
852 4697 944 4768 qui
973 4697 1026 4751 in
1073 4700 1313 4754 sacrario
1344 4710 1661 4771 Operantur,
1696 4720 1818 4773 qua:

210 4806 230 4829 ιι
271 4783 342 4836 de
376 4784 615 4838 sacrario
646 4793 796 4850 sunt,
832 4786 1045 4841 edunt?
1074 4788 1142 4841 Et
1174 4788 1265 4859 qui
1292 4789 1449 4843 altari
1475 4791 1813 4855 deserviunt,

215 4892 236 4919 ι
272 4886 401 4925 curn
432 4871 589 4925 altari
618 4873 992 4943 participant?
1022 4877 1097 4929 Ita
1136 4885 1187 4930 et
1238 4878 1503 4932 Dominus
1550 4879 1820 4934 ordinavit

210 4982 232 5004 ιι
271 4959 359 5012 his
393 4960 483 5030 qui
530 4960 889 5032 Evangelium
936 4964 1271 5033 annuntiant,
1303 4965 1371 5020 de
1402 4967 1702 5039 Evangelia
1731 4968 1818 5023 vi-

214 5072 235 5093 α
276 5063 430 5103 vere.
490 5048 608 5119 Ego
663 5057 839 5104 autem
900 5052 1046 5106 nullo
1090 5054 1282 5107 horum
1334 5071 1465 5109 usus
1524 5073 1663 5110 sum.
1697 5058 1821 5112 Non

212 5159 233 5181 α
274 5144 462 5189 autem
492 5137 683 5204 scripsi
714 5140 848 5205 haec,
880 5148 933 5192 ut
965 5140 1038 5194 ita
1089 5140 1217 5195 fiant
1248 5142 1302 5195 in
1330 5160 1437 5197 me.
1500 5146 1705 5198 Bonum
1738 5152 1822 5200 est

214 5249 235 5269 ις
274 5225 427 5278 enim
456 5225 588 5277 mihi
646 5228 823 5297 magis
880 5228 1047 5297 mori,
1084 5247 1241 5300 quam
1273 5238 1329 5284 ut
1360 5231 1593 5303 gloriam
1638 5249 1819 5288 meam

210 5334 233 5361 ι
270 5312 397 5383 quis
430 5321 675 5368 evacuet.
699 5315 839 5369 Nam
862 5315 907 5369 si
938 5318 1409 5389 evangelizavero,
1435 5336 1544 5374 non
1576 5330 1658 5376 est
1690 5322 1821 5375 mihi

213 5422 236 5446 ο
272 5401 453 5471 gloria
486 5418 498 5455 :
532 5404 832 5458 necessitas
866 5404 1009 5459 enim
1038 5406 1169 5460 mihi
1218 5407 1485 5463 incumbit
1517 5426 1529 5462 :
1562 5426 1644 5464 vae
1674 5410 1820 5463 enim

214 5512 234 5534 ιι
273 5489 411 5544 mihi
443 5497 544 5556 est,
581 5490 627 5545 si
673 5507 782 5547 non
831 5494 1295 5565 evangelizavero.
1352 5496 1408 5551 Si
1439 5496 1585 5552 enim
1628 5497 1822 5554 volens

216 5598 239 5629 ι
272 5578 380 5634 hoc
420 5594 547 5649 ago,
610 5581 922 5638 mercedem
978 5584 1199 5651 habeo;
1259 5585 1305 5640 si
1364 5593 1542 5643 autem
1599 5586 1817 5657 invitus,

1919 1796 1939 1819 «
1976 1788 2167 1827 omnes
2200 1773 2419 1843 quidem
2440 1782 2682 1838 currunt,
2708 1774 2804 1827 sed
2828 1790 2964 1827 unus
2993 1773 3187 1843 accipit
3217 1773 3462 1828 bravium
3482 1776 3511 1829 ?

1919 1883 1940 1911 α
1979 1862 2067 1917 Sic
2095 1862 2297 1917 currite
2348 1872 2403 1915 ut
2447 1862 2939 1933 comprehendatis.
2974 1862 3165 1916 Omnis
3208 1870 3386 1916 autem
3418 1862 3510 1933 qui

1919 1973 1940 1997 ιι
1976 1950 2029 2003 in
2061 1966 2239 2023 agone
2287 1952 2579 2017 contendit,
2616 1952 2686 2006 ab
2744 1951 2997 2005 omnibus
3031 1967 3089 2005 se
3148 1951 3382 2005 abstinet
3414 1968 3426 2004 :
3459 1959 3512 2005 et

1920 2062 1941 2085 «ι
1977 2038 2055 2092 illi
2085 2040 2304 2110 quidem
2354 2048 2408 2093 ut
2468 2040 2877 2110 corruptibilem
2928 2055 3187 2094 coronam
3219 2039 3504 2109 accipiant,

1919 2150 1939 2173 «
1976 2143 2078 2181 nos
2110 2136 2287 2181 autem
2312 2127 2706 2197 incorruptam.
2742 2129 2861 2198 Ego
2893 2128 3057 2198 igitur
3084 2128 3163 2182 sic
3191 2142 3368 2193 curro,
3401 2142 3512 2181 non

1920 2240 1940 2262 α
1981 2215 2137 2286 quasi
2168 2216 2222 2268 in
2252 2216 2555 2281 incertum;
2590 2216 2669 2271 sic
2716 2232 2921 2287 pugno,
2980 2232 3089 2270 non
3117 2215 3273 2287 quasi
3330 2230 3510 2270 aerem

1920 2327 1941 2347 σε
1978 2304 2319 2370 verberans;
2354 2305 2451 2359 sed
2482 2305 2689 2376 castigo
2715 2320 2915 2374 corpus
2970 2320 3169 2370 meum,
3221 2312 3275 2359 et
3305 2304 3357 2357 in
3389 2320 3512 2358 ser-

1920 2414 1941 2441 α
1979 2392 2201 2447 vitutem
2233 2393 2443 2465 redigo,
2502 2410 2570 2447 ne
2600 2393 2741 2447 forte
2773 2408 2895 2448 cum
2925 2392 3044 2447 aliis
3074 2392 3508 2463 praedicaverim,

1919 2502 1941 2530 α
1978 2480 2095 2551 ipse
2126 2482 2395 2552 reprobus
2429 2480 2648 2537 efficiar.
2688 2502 2709 2531 ι

2518 2644 2837 2685 EXPOSITIO.

1986 2761 2280 2817 Dissuadet
2319 2763 2513 2817 iterum
2553 2763 2622 2817 ab
2653 2759 2983 2818 offendiculo
3038 2761 3221 2818 fratris
3276 2763 3462 2819 dicens
3497 2779 3509 2819 :

1914 2850 2063 2906 Licet
2095 2867 2225 2904 sana
2257 2852 2324 2905 sit
2355 2851 2489 2906 ﬁdes
2521 2860 2724 2917 vestra,
2748 2851 2960 2906 debetis
2991 2860 3172 2906 tamen
3192 2852 3463 2908 abstinere
3484 2869 3514 2907 a

1915 2940 2050 2994 cibis
2085 2957 2183 3009 pro
2215 2941 2412 3011 quibus
2442 2939 2732 2995 offenditur
2761 2940 3044 2994 infirmitas
3074 2940 3293 3009 fratris;
3326 2958 3514 3013 quem-

1917 3028 2211 3082 admodum
2250 3029 2443 3083 videtis
2476 3045 2581 3095 me,
2642 3029 2733 3100 qui
2764 3046 2885 3084 cum
2932 3029 3161 3084 habeam
3192 3038 3516 3100 potestatem

1913 3117 2214 3187 accipiendi
2246 3118 2559 3188 temporalia
2590 3135 2618 3172 a
2651 3118 2964 3185 Corinthiis,
3014 3118 3209 3189 quibus
3254 3120 3515 3189 praedico,

1912 3206 2039 3260 nolo
2074 3214 2254 3260 tamen
2283 3205 2669 3263 offendiculum
2700 3208 2948 3278 praebere
2978 3207 3271 3262 infirmitati
3301 3225 3513 3265 eorum.

1912 3295 1980 3347 Et
2013 3295 2159 3365 quod
2189 3303 2376 3365 posset
2434 3296 2685 3365 accipere
2750 3296 2818 3349 ab
2869 3297 2948 3351 eis
2971 3297 3089 3365 jure
3113 3297 3518 3367 prazdicationis

1912 3383 2217 3453 praemittit,
2254 3383 2442 3437 dicens
2478 3401 2490 3436 :
2523 3385 2751 3438 Possum
2782 3384 3001 3455 quidem
3032 3402 3062 3438 a
3090 3385 3246 3440 vobis
3277 3387 3516 3441 carnalia

1912 3471 2183 3541 accipere,
2218 3471 2263 3525 si
2314 3472 2539 3526 voluero
2574 3491 2587 3537 ;
2620 3472 2743 3543 quia
2792 3490 2981 3528 nonne
3020 3489 3148 3528 sum
3179 3490 3284 3545 ego
3334 3476 3518 3530 liber?

1913 3560 2107 3614 Nonne
2141 3560 2315 3614 habeo
2347 3558 2654 3614 libertatem
2672 3560 2819 3614 illam
2852 3578 3014 3632 quam
3047 3562 3247 3616 habent
3274 3562 3363 3615 alii
3393 3578 3520 3632 apo-

1915 3648 2057 3716 stoli,
2093 3648 2184 3719 qui
2215 3648 2282 3703 de
2324 3648 2714 3713 praedicatione
2772 3658 3019 3720 sumptus
3078 3649 3396 3720 accipiunt?
3426 3650 3516 3706 Sic

1914 3737 2039 3791 ideo
2070 3737 2144 3791 ait
2173 3737 2299 3807 quia
2330 3737 2533 3791 bonum
2565 3754 2722 3791 suum
2772 3738 2847 3791 illi
2896 3738 3104 3808 pseudo
3161 3746 3429 3793 verterant
3460 3738 3517 3792 in

1915 3826 2119 3880 malum
2152 3826 2395 3881 dicentes
2431 3842 2442 3881 :
2479 3827 2606 3882 Ideo
2636 3843 2746 3881 non
2774 3844 2804 3881 a
2836 3828 2989 3883 vobis
3022 3828 3337 3883 necessaria
3367 3828 3517 3884 acci-

1915 3915 2031 3985 pit;
2068 3914 2193 3985 quia
2226 3916 2326 3970 scit
2354 3931 2411 3970 se
2452 3932 2559 3969 non
2600 3932 2722 3971 esse
2751 3916 3075 3986 apostolum,
3100 3933 3224 3971 cum
3244 3916 3321 3971 illi
3340 3917 3516 3972 solum

1917 4004 2024 4056 sint
2055 4003 2307 4074 apostoli,
2341 4004 2431 4075 qui
2461 4020 2587 4059 cum
2638 4004 2850 4059 Christo
2908 4004 2961 4058 in
3020 4005 3179 4059 terris
3209 4006 3518 4061 conversati

1917 4100 2060 4159 sunt,
2097 4092 2182 4146 hic
2212 4101 2393 4146 autem
2423 4108 2533 4146 non
2562 4092 2695 4146 vidit
2726 4109 2870 4147 eum.
2906 4094 3046 4148 Vere
3098 4094 3235 4149 liber
3281 4110 3427 4159 sum,
3463 4103 3519 4149 ut

1918 4180 2006 4233 alii
2039 4197 2052 4232 :
2089 4181 2283 4235 Nonne
2316 4196 2419 4250 ego
2451 4197 2578 4235 sum
2611 4183 2896 4253 apostolus
2920 4182 3097 4248 ?Non,
3132 4181 3376 4236 dicerent
3398 4182 3475 4236 illi
3503 4200 3517 4249 ;

1919 4268 2047 4338 quia
2076 4284 2185 4322 non
2214 4268 2396 4323 vidisti
2426 4268 2717 4323 Christum.
2745 4270 2942 4323 Contra
2972 4270 3074 4324 hoc
3106 4268 3303 4323 Paulus
3336 4288 3349 4324 :
3388 4270 3520 4325 Sum

1917 4356 2102 4427 utique
2151 4357 2447 4427 apostolus.
2495 4358 2689 4412 Nonne
2737 4358 2846 4413 vidi
2883 4357 3169 4412 Christum
3215 4359 3521 4414 Dominum

1921 4450 2182 4501 nostrum
2208 4450 2230 4501 ?
2258 4446 2401 4500 Vidit
2432 4461 2557 4499 eum
2585 4445 2641 4499 in
2668 4446 2801 4500 hora
2829 4445 3150 4513 vocationis,
3184 4447 3402 4518 quando
3432 4447 3522 4502 di-

1920 4537 2063 4583 ctum
2095 4536 2178 4583 est
2209 4528 2259 4583 ei
2292 4546 2304 4583 :
2334 4552 2354 4576 u
2386 4528 2569 4594 Saule,
2603 4529 2782 4595 Saule,
2808 4528 2938 4601 quid
2968 4545 3055 4583 me
3084 4530 3517 4601 persequeris?»

1920 4619 2066 4688 (Act.
2103 4632 2182 4685 ix,
2220 4618 2295 4687 4.)
2329 4618 2472 4671 Vidit
2500 4618 2697 4673 iterum
2729 4634 2872 4684 eum,
2910 4618 3123 4689 quando
3151 4618 3229 4672 illi
3258 4619 3434 4673 oranti
3466 4618 3523 4675 in

1921 4705 2125 4777 templo
2155 4706 2357 4761 dictum
2386 4714 2504 4761 est:
2530 4730 2550 4755 α
2588 4706 2835 4761 Portabis
2865 4723 3065 4762 nomen
3096 4722 3277 4763 meum
3307 4708 3361 4761 in
3392 4724 3524 4778 gen-

1922 4795 2086 4859 tibus,
2131 4818 2151 4843 ››
2186 4802 2289 4850 etc.
2327 4795 2473 4865 (Aet.
2517 4810 2683 4860 χχιιι,
2738 4795 2851 4867 11.)
2879 4796 3015 4852 Sum
3053 4797 3361 4869 apostolus,
3393 4796 3523 4867 quia

1922 4882 2033 4937 vidi
2065 4883 2358 4938 Christum.
2411 4886 2546 4940 Sum
2577 4884 2740 4939 etiam
2770 4883 2914 4952 ideo,
2974 4884 3102 4956 quia
3144 4900 3335 4940 nonne
3385 4901 3523 4957 opus

1923 4988 2134 5038 meum,
2169 4972 2224 5025 id
2258 4980 2338 5027 est
2370 4973 2482 5027 mei
2512 4975 2866 5045 apostolatus
2897 4990 2989 5029 vos
3037 4975 3171 5029 estis
3200 4993 3218 5028 :
3249 4982 3301 5028 et
3330 4975 3432 5030 hoc
3460 4977 3525 5031 in

1925 5060 2180 5129 Domino,
2233 5061 2385 5129 cujus
2433 5062 2609 5133 gratia
2653 5062 2706 5115 in
2754 5079 2860 5128 me,
2899 5070 2950 5117 et
2980 5061 3035 5116 in
3064 5062 3220 5117 vobis
3269 5070 3526 5134 operatur

1926 5148 2043 5202 sine
2074 5148 2221 5202 omni
2268 5149 2483 5205 merito.
2538 5151 2648 5205 Vos
2674 5150 2859 5222 utique
2910 5150 3039 5205 estis
3072 5167 3254 5206 meum
3302 5169 3439 5223 opus
3470 5152 3525 5205 in

1926 5237 2159 5291 Domino
2189 5239 2321 5310 quia
2350 5240 2477 5305 etsi,
2510 5239 2564 5293 id
2588 5247 2670 5294 est
2700 5240 2845 5307 licet,
2870 5241 3001 5296 aliis
3029 5257 3146 5296 non
3176 5244 3527 5311 sumaposto—

1929 5327 2017 5381 lus
2046 5326 2215 5397 (quod
2244 5327 2429 5399 utique
2463 5336 2626 5393 sum),
2661 5328 2758 5384 sed
2808 5333 3001 5385 tamen
3029 5331 3196 5397 vobis,
3246 5328 3527 5399 apostolus

1926 5432 2071 5471 sum.
2106 5416 2249 5471 Vere
2279 5418 2423 5472 vobis
2454 5417 2746 5488 praecipue.
2782 5419 2925 5474 Nam
2954 5434 3045 5474 vos
3092 5419 3226 5473 estis
3254 5418 3524 5487 signacu-

1930 5505 2049 5560 lum
2080 5506 2431 5576 apostolatus
2452 5508 2585 5573 mei,
2612 5505 2669 5561 id
2690 5514 2773 5562 est
2794 5506 2918 5579 quia
2934 5506 3160 5579 signatae
3178 5514 3231 5561 et
3252 5521 3526 5577 expressae

1928 5600 2051 5648 sunt
2079 5592 2135 5647 in
2166 5593 2321 5649 vobis
2350 5594 2543 5666 gratim
2572 5594 2691 5661 Dei,
2725 5611 2826 5665 per
2866 5594 3221 5650 ministerium
3251 5594 3358 5650 mei
3390 5609 3529 5665 apo-
