3960 6036
205 229 309 281 169

834 229 1216 287 EXPOSITIO
1257 231 1328 286 [Ν
1364 228 1745 286 EPISTOLAS
1787 228 1793 282 l

1895 226 2007 283 JLI.
2039 258 2108 268 -—
2135 227 2207 284 IN
2244 228 2463 285 EPIST.
2506 231 2528 284 Ι
2567 227 2661 285 ΑΙ)
2702 228 2862 286 COR.

3404 231 3506 286 1⁵70

207 362 311 419 est,
346 362 403 408 ut
435 353 581 426 quod
622 353 778 425 prius
834 371 942 410 non
1000 356 1159 426 coepi,
1196 356 1359 411 modo
1389 326 1800 425 multiplicatum
1824 354 1879 413 A
1906 355 2217 409 mercedem
2249 355 2437 410 habeo.
2462 356 2609 428 Ergo
2628 355 2875 411 dicamus
2903 354 3066 410 modo
3098 370 3219 427 qua:
3247 358 3330 410 cst
3359 371 3508 410 mer-

211 443 475 515 recipiam
510 462 522 497 :
555 444 679 499 ideo
709 460 810 500 nec
834 443 957 509 feci,
985 461 1088 500 nec
1109 446 1305 500 amodo
1335 445 1457 500 volo
1480 444 1596 499 fieri
1628 444 1680 497 in
1703 460 1810 509 me,

210 534 343 604 quia
373 535 555 605 magis
587 534 793 589 bonum
826 539 913 589 est
946 535 1084 589 mihi
1114 537 1257 589 mori
1280 534 1479 588 nedum
1512 533 1622 603 pati
1650 548 1814 602 penu-

212 621 369 685 riam,
397 638 563 693 quam
585 626 649 677 ut
670 624 791 695 quis
816 628 1046 678 evacuet
1068 624 1309 694 gloriam
1326 639 1530 686 meam,
1556 622 1609 675 id
1627 620 1709 675 est
1730 637 1814 675 re-

209 711 649 766 munerationem
682 728 840 782 quam
868 719 1126 782 exspecto
1156 711 1226 766 de
1248 710 1567 781 Evangelio.
1593 710 1648 765 Si
1669 710 1813 764 enim

208 814 334 852 cum
366 798 691 854 ofl‘endiculo
724 799 902 854 fratris
950 800 1405 873 evangelizarem,
1441 799 1672 870 gloriam
1703 798 1811 852 uti-

210 903 319 957 que
349 887 529 941 meriti
559 888 665 941 mei
714 904 1054 943 evacuarem.
1118 889 1214 943 Vel
1261 888 1331 942 ita
1391 906 1402 941 :
1465 889 1674 941 Bonum
1731 894 1813 940 est

209 975 343 1029 mihi
378 976 553 1047 magis
596 977 758 1041 mori,
810 993 969 1047 quam
1000 977 1165 1031 modo
1222 976 1446 1031 moriar.
1480 977 1638 1031 Nunc
1668 975 1810 1030 enirn

208 1064 397 1117 multis
415 1064 853 1119 tribulationibus
876 1066 1101 1129 morior,
1128 1066 1227 1120 sed
1248 1065 1468 1119 mallem
1490 1065 1667 1119 adhuc
1689 1079 1809 1117 ma-

198 1148 307 1216 jori
338 1156 585 1221 egestate
645 1150 785 1203 mori
811 1192 823 1215 ,
860 1165 1024 1220 quam
1054 1158 1111 1203 ut
1140 1150 1261 1220 quis
1320 1158 1546 1204 evacuet
1578 1147 1809 1221 gloriam

207 1253 415 1291 meam.
460 1239 601 1292 Vere
642 1238 816 1310 gloria
872 1255 992 1293 mea
1050 1255 1119 1292 ne
1169 1245 1458 1294 evacuetur
1511 1237 1807 1291 timendum

202 1326 339 1379 mihi
370 1335 474 1380 est.
512 1328 649 1382 Nam
672 1329 721 1382 si
753 1343 856 1398 ego
878 1328 1334 1399 euangelizavero
1367 1328 1463 1394 sic,
1488 1327 1543 1381 id
1574 1335 1658 1381 est
1686 1343 1808 1382 cum

204 1413 537 1470 offendicula
566 1415 767 1480 fratris,
800 1416 1096 1486 cupiditate
1144 1416 1450 1486 accipiendi
1497 1423 1742 1485 sumptus
1774 1430 1806 1468 a

204 1504 383 1569 vobis,
412 1503 525 1571 jam
557 1521 669 1559 non
702 1509 785 1560 est
836 1507 981 1559 mihi
1009 1506 1209 1574 gloria,
1247 1504 1344 1558 sed
1377 1504 1513 1574 perit
1544 1519 1804 1558 remune-

201 1593 346 1646 ratio
376 1593 505 1647 mei.
542 1594 682 1648 Vere
703 1609 810 1648 non
832 1594 1057 1647 debetur
1092 1594 1238 1648 mihi
1276 1594 1459 1663 gloria
1492 1608 1503 1646 :
1540 1609 1675 1647 nam
1708 1609 1807 1646 ne-

1914 459 2003 497 ces
2034 460 2177 509 mea,
2213 444 2264 497 id
2300 452 2381 498 est
2414 445 2589 515 qualis
2620 445 2781 499 debet
2812 460 2934 499 esse
2970 443 3238 508 voluntas,
3276 458 3376 513 pro
3402 458 3509 515 qua

1914 531 2046 585 mihi
2074 548 2286 587 merces
2316 533 2530 587 veniat:
2560 533 2680 587 talis
2711 549 2832 587 esse
2845 533 3002 591 debet
3023 532 3287 599 voluntas,
3305 535 3371 587 ut
3403 548 3508 604 ego

1909 621 2232 692 prtedicans
2313 623 2680 691 Evangelium
2738 638 2966 693 ponam,
3000 621 3052 675 id
3110 629 3191 676 est
3246 620 3508 675 collocem

1914 709 2293 779 Evangelium,
2332 717 2385 764 et
2412 709 2818 765 fundamentum
2851 711 2968 779 ejus
2999 710 3343 773 constituam,
3385 711 3508 765 sine

1912 798 2148 865 sumptu
2178 802 2447 864 acceptoa
2473 795 2763 849 Corinthiis
2794 811 2895 865 pro
2943 810 3049 865 quo
3080 794 3504 849 ofl'enderentur.

1913 882 2040 936 Ideo
2059 884 2182 937 sine
2212 888 2464 954 sumptu,
2497 888 2561 937 ut
2592 900 2706 938 non
2739 885 2960 949 abutar,
2985 883 3040 937 id
3056 890 3206 937 estut
3226 898 3335 937 non
3365 882 3507 937 male

1912 978 2035 1024 utar
2045 975 2199 1042 potes
2212 975 2328 1025 tate
2356 989 2501 1036 mea,
2537 987 2797 1027 concessa
2828 972 2958 1025 mihi
2979 974 3041 1027 in
3060 973 3381 1043 Evangelio.
3403 972 3508 1025 Po-

1912 1067 2033 1113 tens
2062 1060 2207 1113 enim
2241 1077 2359 1114 sum
2393 1061 2461 1114 de
2492 1060 2797 1132 Evangelio
2825 1068 3073 1130 sumptus
3104 1060 3375 1130 accipere,
3408 1059 3504 1113 sed

1913 1147 1957 1201 si
1987 1146 2213 1202 fratrem
2242 1149 2297 1202 in
2322 1150 2427 1203 hoc
2458 1148 2759 1214 offendero,
2794 1149 2934 1204 male
2957 1157 3078 1203 utor
3096 1150 3200 1204 hac
3215 1156 3504 1219 potestate.

1909 1236 2253 1291 Credendum
2286 1244 2370 1291 est
2409 1238 2554 1308 quod
2576 1239 2697 1293 sine
2733 1242 2967 1310 sumptu
3010 1254 3219 1309 ponam
3248 1239 3505 1307 Evange-

1911 1325 2071 1391 lium,
2093 1342 2162 1380 ne
2183 1324 2487 1380 offendatur
2508 1325 2793 1380 infirmitas
2812 1326 3116 1381 auditorum
3144 1344 3155 1379 :
3178 1342 3313 1380 nam
3335 1325 3506 1396 (quod

1909 1422 2125 1484 sumptu
2158 1415 2329 1483 majus
2374 1416 2480 1484 est)
2501 1431 2628 1470 cum
2678 1415 2815 1469 liber
2833 1431 3006 1470 essem
3038 1432 3111 1469 ea;
3140 1416 3416 1480 omnibus,
3451 1421 3505 1468 et

1908 1503 2039 1556 nulli
2074 1518 2263 1557 eorum
2294 1503 2496 1573 aliquid
2528 1503 2808 1570 deberem,
2842 1505 2956 1573 feci
2985 1520 3075 1558 me
3112 1520 3337 1558 ser-vum
3378 1519 3502 1557 om-

1905 1594 2089 1657 nium,
2124 1596 2191 1646 ut
2224 1590 2301 1646 sic
2335 1593 2730 1662 lucri/acerem
2750 1593 2963 1663 plures.
2989 1593 3053 1646 Et
3085 1592 3177 1663 qui
3221 1608 3322 1661 pro
3353 1592 3502 1646 utili-

197 1683 454 1745 cessitas,
480 1682 534 1734 id
558 1690 871 1752 cstegestas
898 1682 1179 1737 incumbit
1209 1682 1351 1736 mihi
1371 1698 1490 1752 qua:
1522 1697 1608 1735 me
1631 1696 1799 1736 evan-
1834 1713 1885 1771 B
1907 1687 2013 1734 tate
2035 1696 2220 1735 eorum
2236 1681 2428 1752 jugum
2451 1681 2724 1735 servitutis
2750 1680 2851 1734 sub
2873 1680 3124 1735 omnibus
3137 1680 3299 1735 habui
3332 1697 3345 1735 :
3378 1696 3503 1736 cre-

197 1769 438 1841 gelizare
469 1769 634 1842 cogit,
666 1777 722 1823 ut
743 1770 821 1825 sic
854 1770 1087 1825 habeam
1121 1769 1410 1840 stipendia.
1448 1771 1581 1824 Vere
1613 1785 1803 1825 neces-

196 1861 343 1913 sitas
363 1859 645 1913 incumbit
667 1879 684 1914 :
705 1876 839 1913 nam
861 1861 911 1913 si
932 1876 1047 1915 non
1068 1860 1537 1929 evangeliaavero,
1555 1862 1639 1913 est
1663 1858 1805 1913 mihi

198 1964 298 2013 vce,
326 1947 380 2000 id
412 1956 495 2001 est
523 1947 678 2002 dolor
697 1947 979 2019 egestatis,
1002 1946 1159 2001 famis
1190 1947 1395 2001 scilicet
1430 1955 1483 2001 et
1508 1946 1791 2000 nuditatis.

198 2035 252 2088 Si
284 2052 354 2090 ex
383 2036 709 2091 necessitate
740 2036 1215 2109 evangelizavero,
1259 2052 1367 2091 non
1401 2043 1483 2089 est
1512 2034 1645 2088 mihi
1674 2035 1799 2107 glo-

190 2124 370 2180 ria.Si
390 2129 585 2180 autem
598 2125 697 2181 hoc
726 2141 828 2197 ago
861 2127 1065 2191 volens,
1103 2126 1159 2179 id
1179 2132 1261 2178 est
1290 2140 1355 2179 ex
1385 2124 1659 2179 voluntate
1677 2132 1799 2178 tan-

192 2222 331 2276 tum,
353 2229 465 2267 non
493 2228 592 2283 pro
614 2213 904 2284 cupiditate
928 2221 1236 2284 sumptuum
1271 2231 1283 2267 :
1308 2220 1434 2267 tunc
1466 2212 1632 2268 habeo
1652 2229 1800 2267 mer—

194 2303 389 2357 cedem
410 2302 520 2356 mei
540 2302 840 2372 Evangelii.
893 2302 989 2356 Vel
1019 2303 1190 2367 aliter,
1216 2302 1286 2356 ad
1314 2303 1418 2357 hoc
1451 2302 1596 2372 quod
1644 2316 1798 2371 supe-

190 2391 305 2445 rius
326 2391 467 2444 dixit
498 2391 669 2445 :Malo
697 2390 1023 2461 mori,quam
1058 2390 1289 2461 gloriam
1320 2405 1495 2445 meam
1520 2389 1793 2445 evacuari.

266 2480 493 2534 Diceret
520 2479 714 2550 aliquis
744 2497 756 2532 :
793 2479 847 2533 Si
878 2478 1238 2551 Evangelium
1257 2487 1409 2533 tuum
1440 2494 1528 2533 res
1560 2478 1680 2532 talis
1702 2495 1794 2533 es-

192 2576 293 2633 set,
330 2584 437 2638 pro
467 2584 592 2639 qua,
630 2568 675 2621 si
705 2584 809 2622 non
830 2566 1002 2634 fieret,
1024 2583 1134 2622 non
1154 2566 1512 2623 deficeremus
1538 2586 1550 2631 ;
1584 2567 1671 2621 vel
1692 2583 1792 2637 pro

190 2674 318 2729 qua,
357 2657 402 2710 si
435 2657 523 2721 sit,
556 2673 666 2711 non
695 2656 749 2710 in
779 2657 975 2711 melius
1003 2657 1363 2726 abundemus,
1415 2664 1472 2710 ut
1502 2663 1645 2710 esset
1668 2655 1791 2709 ido-

186 2746 403 2817 lothyta
434 2761 566 2800 sana
596 2744 703 2801 fide
732 2745 1040 2813 comedere,
1075 2746 1226 2801 credi
1255 2752 1444 2816 posset
1491 2744 1635 2815 quod
1665 2744 1789 2814 glo-

188 2836 268 2889 ria
307 2844 399 2889 tua
427 2835 661 2904 periret,
695 2834 740 2888 si
770 2851 889 2889 cum
923 2833 1251 2889 offendiculo
1281 2833 1458 2888 fratris
1507 2832 1787 2903 evangeli-

187 2939 372 2978 zares.
407 2924 513 2978 Sed
545 2923 670 2994 quia
698 2923 1059 2995 Evangelium
1089 2932 1239 2977 tuum
1270 2938 1360 2978 res
1412 2929 1573 2976 tanta:
1602 2922 1786 2994 digni-

186 3014 312 3067 tatis
344 3021 449 3080 est,
483 3028 581 3082 per
608 3028 772 3084 quam
804 3012 1078 3068 salventur
1106 3012 1373 3077 homines,
1409 3027 1516 3065 non
1553 3019 1638 3066 est
1666 3028 1785 3066 cre-

1907 1768 2144 1823 dendum
2176 1778 2255 1824 est
2279 1770 2419 1839 quod
2439 1785 2471 1823 a
2493 1777 2708 1839 sumptu
2727 1768 3053 1834 contineam,
3086 1769 3283 1823 timens
3331 1768 3503 1824 offen-

1906 1857 2112 1911 sionem
2131 1855 2334 1922 fratris,
2365 1873 2468 1927 pro
2490 1872 2597 1927 quo
2621 1857 2881 1912 lucrando
2905 1873 3117 1913 servum
3140 1874 3227 1911 me
3259 1856 3498 1911 exhibui.

1905 1946 2044 2000 Vere
2078 1962 2294 2001 servum
2330 1946 2569 1999 omnium
2590 1962 2674 2000 me
2705 1945 2841 2010 feci;
2872 1961 2999 1999 nam
3031 1946 3364 2009 Judaeorum,
3391 1946 3497 2001 Sa-

1901 2034 2619 2104 maritanoruni,gentilium,
2640 2041 2693 2088 et
2718 2032 3054 2088 infirmorum
3072 2034 3316 2088 fratrum.
3338 2032 3497 2102 Quod

1899 2123 1971 2177 ita
2004 2123 2345 2193 exsequitur:
2366 2125 2569 2178 Factus
2589 2139 2714 2178 sum
2728 2122 2934 2178 Judwis
2966 2128 3237 2195 tanquam
3250 2124 3493 2189 Iudaeus,

1901 2212 2352 2267 condescendens
2380 2212 2575 2266 ritibus
2614 2227 2833 2277 eorum,
2892 2211 3216 2266 abstinendo
3247 2226 3280 2265 a
3308 2210 3495 2265 carni-

1901 2301 2003 2355 bus
2031 2316 2063 2355 a
2097 2300 2291 2372 quibus
2322 2300 2686 2367 abstinebant,
2711 2305 2777 2355 ut
2796 2301 2871 2355 sic
2889 2302 3145 2355 lucrarer
3161 2300 3399 2366 Judaeos,
3423 2299 3493 2353 li-

1898 2389 2113 2444 bentius
2143 2389 2275 2443 mihi
2308 2389 2739 2460 acquiescentes,
2761 2388 2882 2460 quia
2904 2389 3037 2442 ritus
3060 2405 3247 2443 eorum
3271 2404 3379 2443 non
3396 2403 3493 2442 as-

1896 2494 2180 2548 pernarer.
2214 2478 2309 2533 His
2346 2478 2505 2532 etiam
2535 2479 2632 2549 qui
2665 2479 2763 2532 sub
2794 2478 2909 2548 lege
2941 2481 3094 2543 sunt,
3117 2477 3171 2531 id
3188 2485 3271 2532 est
3291 2477 3489 2532 Sama-

1895 2567 2102 2629 ritanis,
2140 2567 2231 2638 qui
2263 2566 2499 2637 quinque
2556 2565 2722 2620 libros
2770 2565 2945 2636 Moysi
3000 2574 3205 2631 tenent,
3236 2565 3334 2620 sed
3364 2581 3489 2637 pro—

1892 2657 2082 2726 phetas
2114 2672 2222 2710 non
2252 2655 2473 2723 habent,
2496 2654 2669 2709 factus
2692 2671 2811 2708 sum
2834 2656 2993 2726 quasi
3028 2656 3129 2710 sub
3147 2656 3260 2725 lege
3272 2671 3483 2710 essem:

1892 2761 2022 2800 cum
2056 2748 2247 2800 tamen
2267 2746 2388 2815 ipse
2415 2761 2529 2800 non
2562 2759 2740 2799 essem
2769 2744 2870 2799 sub
2904 2745 3049 2815 lege;
3082 2743 3180 2797 sed
3210 2742 3335 2797 ideo
3382 2742 3487 2798 feci

1890 2837 1956 2887 ut
1986 2833 2089 2888 hoc
2118 2832 2283 2888 modo
2316 2834 2717 2904 lucri/acerem
2747 2847 2837 2888 eos
2867 2834 2962 2904 qui
2991 2836 3159 2887 erant
3213 2833 3313 2888 sub
3345 2833 3481 2904 lege,

1889 2922 1942 2975 id
1974 2929 2056 2976 est
2078 2922 2462 2975 Samaritanos.
2496 2920 2822 2976 Samaritani
2851 2929 2974 2975 sunt
3004 2936 3140 2991 quos
3171 2936 3264 2975 rex
3308 2922 3484 2991 Assy-

1889 3010 2093 3064 riorum
2125 3010 2446 3081 captivitatis
2476 3008 2599 3064 ﬁliis
2646 3010 2813 3065 Israel
2868 3009 3047 3080 posuit
3076 3010 3143 3063 ad
3198 3009 3484 3064 incolenda

186 3102 362 3156 dibile
418 3070 565 3171 quod
620 3070 721 3171 pro
769 3100 1071 3157 offensione
1126 3100 1325 3154 infirmi
1362 3070 1562 3154 fratris
1604 3108 1790 3171 pereat
1821 3070 1866 3129 Ο
1888 3099 2003 3153 loca
2037 3070 2320 3165 Samarize,
2355 3107 2408 3154 et
2438 3106 2560 3152 sunt
2590 3116 2653 3153 ex
2683 3070 2895 3171 origine
2927 3100 3208 3153 Persarum
3239 3098 3330 3169 (IV
3354 3100 3480 3170 Reg.

184 3186 371 3258 gloria
400 3194 489 3239 tua
520 3186 588 3239 de
610 3186 927 3257 Evangelio.
971 3185 1336 3241 Evacuabitur
1382 3201 1483 3255 pro
1514 3194 1683 3253 certo,
1718 3185 1789 3239 ait

189 3275 392 3328 Paulus
426 3289 439 3327 :
474 3275 613 3328 Nam
634 3275 680 3328 si
701 3275 1147 3345 evangelizavero
1169 3282 1393 3338 tantum,
1428 3282 1480 3327 et
1510 3274 1578 3327 ab
1611 3272 1787 3328 offen-

188 3363 379 3419 diculo
409 3362 594 3416 fratris
622 3378 731 3417 non
760 3363 1138 3428 declinavero,
1173 3378 1282 3417 non
1310 3361 1410 3417 erit
1454 3362 1585 3415 mihi
1614 3361 1788 3434 gloria

186 3469 284 3522 pro
345 3452 467 3506 solo
541 3451 936 3521 evangelizare.
1011 3451 1226 3505 Nullius
1285 3451 1431 3505 enim
1496 3450 1676 3505 meriti
1706 3458 1788 3505 est

184 3542 263 3596 sic
293 3540 698 3612 evangelizare,
732 3548 789 3594 ut
817 3538 1174 3594 offensionem
1206 3539 1387 3593 fratris
1425 3554 1533 3593 non
1589 3554 1786 3594 cavea-

184 3648 328 3684 mus.
354 3631 497 3685 Vere
519 3645 627 3684 non
656 3636 738 3683 est
766 3629 991 3683 multum
1017 3628 1399 3701 evangelizare
1422 3627 1782 3683 solummodo.

185 3720 327 3773 Nam
376 3718 674 3773 necessitas
732 3717 1143 3790 evangelizandi
1202 3717 1463 3772 incumbit
1529 3717 1687 3783 mihi,
1721 3732 1786 3771 ex

188 3807 435 3875 injuncto
510 3806 705 3862 ofﬁcio.
791 3807 858 3860 Et
913 3822 1042 3861 vere
1114 3806 1423 3861 necessitas
1465 3805 1623 3861 officii
1679 3805 1787 3860 mei

186 3895 573 3966 evangelizare
602 3911 689 3949 me
718 3896 886 3966 cogit.
954 3896 1089 3948 Nam
1139 3911 1238 3961 vae,
1274 3894 1328 3947 id
1377 3903 1474 3959 est,
1510 3895 1786 3950 damnatio

184 3986 321 4038 mihi
353 3992 437 4038 est
477 3985 523 4037 si
552 4001 658 4038 non
690 3984 1154 4057 evangelizavero.
1218 3986 1286 4038 Et
1311 3984 1436 4037 inde
1492 3984 1674 4053 palam
1704 3990 1787 4038 est

187 4074 337 4145 quod
364 4089 477 4128 non
524 4082 607 4128 est
661 4074 793 4127 tanti
840 4073 1232 4143 evangelizare,
1266 4075 1421 4141 cujus
1452 4072 1625 4141 gloria
1655 4087 1785 4142 pro-

184 4170 308 4232 pter
327 4160 718 4217 of’fendiculum
743 4161 924 4216 fratris
946 4177 1056 4215 non
1076 4170 1275 4232 pereat.
1300 4162 1356 4215 Si
1379 4178 1444 4215 ex
1462 4160 1785 4215 necessitate

194 4251 254 4305 1
280 4250 339 4307 1
359 4250 439 4305 9
474 4250 758 4306 ministerii
793 4251 898 4306 mei
931 4258 1141 4305 tantum
1172 4251 1639 4321 evangelizavero,
1675 4265 1784 4303 non

187 4349 267 4394 est
290 4340 426 4393 mihi
458 4339 663 4412 gloria:
690 4340 786 4395 sed
816 4341 865 4395 si
884 4340 984 4395 hoc
1016 4357 1114 4412 ago
1144 4340 1478 4407 volens,non
1507 4346 1565 4392 ut
1586 4338 1787 4408 cupidi-

1890 3202 2026 3255 xvn,
2060 3189 2150 3257 24)
2176 3207 2189 3252 ;
2233 3188 2323 3258 qui
2351 3187 2587 3258 quinque
2608 3187 2773 3242 libros
2801 3187 2973 3257 Moysi
2993 3194 3337 3258 receperunt,
3361 3202 3484 3242 cum

1888 3276 2069 3331 multis
2096 3276 2537 3330 tribulationibus
2564 3284 2785 3331 vexaret
2813 3292 2908 3331 eos
2940 3278 3104 3342 Deus,
3132 3276 3257 3347 quia
3276 3284 3481 3331 terram

1887 3365 2074 3436 populi
2104 3364 2184 3418 sui
2210 3364 2374 3419 Israel
2407 3364 2510 3418 sibi
2540 3364 2724 3420 illicite
2763 3372 3141 3436 usurpassent.
3194 3366 3287 3420 llis
3317 3365 3481 3420 etiam

1887 3455 1982 3525 qui
2013 3456 2181 3508 erant
2207 3454 2331 3507 sine
2394 3454 2527 3523 lege,
2564 3453 2616 3507 id
2648 3462 2727 3508 est
2788 3453 3105 3523 gentilibus,
3156 3453 3328 3509 factus
3359 3470 3479 3508 sum

1890 3546 2160 3614 tanquam
2189 3558 2365 3597 essem
2387 3542 2509 3597 sine
2543 3544 2675 3613 lege,
2711 3551 2933 3597 coutens
2964 3542 3067 3595 sibi
3089 3558 3281 3597 eorum
3312 3550 3364 3596 et
3392 3558 3479 3597 as-

1888 3646 2078 3686 serens
2118 3632 2293 3686 Deum
2329 3630 2563 3701 elegisse
2598 3646 2712 3697 eos,
2752 3647 2882 3687 cum
2918 3634 3109 3686 tamen
3137 3647 3253 3685 non
3303 3647 3478 3686 essem

1887 3722 2010 3775 sine
2043 3726 2153 3791 lege
2185 3721 2302 3784 Dei,
2336 3720 2430 3774 sed
2476 3736 2652 3775 essem
2698 3722 2757 3775 in
2792 3721 2908 3791 lege
2970 3719 3212 3785 Christi;
3246 3719 3325 3775 sic
3353 3719 3479 3775 ideo

1888 3808 2060 3864 factus
2091 3825 2211 3862 sum
2234 3812 2298 3862 ut
2324 3809 2721 3879 lucri/acerem
2761 3807 2995 3880 gentiles
3033 3809 3128 3879 qui
3158 3812 3325 3863 erant
3354 3808 3479 3863 sine

1890 3898 2023 3967 lege.
2058 3898 2263 3952 Factus
2286 3914 2412 3951 sum
2434 3896 2596 3951 etiam
2626 3897 2874 3965 inﬁrmis
2896 3896 3151 3951 fratribus
3171 3897 3438 3965 inﬁrmus
3463 3911 3474 3949 :

1885 3986 2162 4040 abstinens
2194 4001 2226 4039 a
2256 3984 2415 4040 licitis
2444 3985 2600 4049 cibis,
2637 4002 2706 4041 ne
2727 4001 3050 4056 generarem
3091 3983 3477 4041 ofl‘endiculum

1886 4091 2072 4129 eorum
2104 4074 2422 4139 infirmitati,
2457 4079 2521 4129 ut
2551 4074 2629 4128 sic
2677 4076 3073 4145 lucri/acerem
3103 4075 3377 4143 inﬁrmos.
3410 4074 3480 4128 Et

1885 4163 2015 4235 quid
2046 4179 2359 4217 enumerem
2391 4162 2653 4234 singula?
2688 4164 2952 4219 Omnibus
2988 4166 3177 4233 factus
3197 4179 3323 4217 sum
3353 4179 3476 4218 om-

1884 4254 1984 4307 nia
2018 4269 2031 4305 :
2064 4251 2338 4321 perfectus
2370 4251 2654 4321 perfectis;
2689 4259 2742 4305 et
2772 4251 2851 4306 sic
2882 4251 2937 4304 in
2983 4251 3230 4323 singulis,
3255 4255 3320 4306 ut
3348 4269 3474 4307 om-

1886 4357 1987 4396 nes
2015 4342 2197 4395 salvos
2217 4343 2485 4410 facerem.
2510 4340 2639 4395 Haec
2662 4347 2841 4393 autem
2861 4340 3054 4395 omnia
3082 4342 3230 4411 facio
3244 4344 3477 4412 propter

187 4437 294 4483 tate
325 4437 576 4499 sumptus
602 4428 823 4484 fratrem
880 4428 1172 4493 offendam,
1225 4436 1347 4483 tunc
1398 4429 1564 4483 habeo
1596 4443 1701 4499 ego
1718 4427 1784 4480 de
1806 4426 1859 4484 D
1889 4428 2271 4484 collocandum
2314 4428 2721 4497 Evangelium;
2754 4428 2899 4498 quod
2926 4428 3030 4482 nisi
3077 4427 3155 4483 sic
3214 4428 3470 4491 facerem,

190 4518 498 4590 Evangelio
513 4534 635 4574 meo
657 4518 995 4573 mercedem.
1027 4518 1133 4572 Sed
1155 4519 1206 4572 si
1234 4517 1338 4573 hoc
1368 4517 1516 4587 facio
1544 4517 1780 4581 invitus,

188 4607 239 4661 id
258 4616 341 4661 est
358 4608 683 4663 necessitate
705 4615 943 4671 coactus,
964 4606 1368 4678 parvipendens
1390 4603 1669 4660 offendere
1685 4604 1785 4658 fra-

188 4704 347 4759 trem,
375 4698 480 4752 hoc
501 4696 718 4767 quidem
736 4712 922 4751 verum
963 4705 1042 4751 est
1060 4696 1204 4766 quod
1245 4695 1588 4767 dispensatio
1606 4694 1784 4747 dono-

188 4801 310 4838 rum
327 4785 430 4839 Dei
447 4786 663 4841 credita
680 4790 760 4840 est
786 4786 946 4851 mihi,
964 4785 1017 4839 id
1045 4792 1127 4839 est
1148 4784 1293 4855 quod
1314 4799 1422 4838 non
1444 4782 1623 4837 minus
1652 4798 1783 4852 pro-

182 4881 306 4943 pter
322 4881 609 4945 peccatum
629 4890 810 4929 meum
822 4875 1104 4945 dispensat
1124 4875 1270 4928 Deus
1301 4872 1506 4945 gratias
1524 4887 1670 4937 suas,
1687 4870 1783 4925 sed

185 4972 368 5017 tamen
390 4962 510 5017 sine
526 4963 780 5019 mercede
795 4978 937 5017 mea.
984 4964 1043 5017 In
1086 4963 1188 5017 hoc
1227 4962 1395 5016 verbo
1440 4960 1584 5015 mihi
1616 4958 1783 5015 invito

184 5058 235 5105 et
266 5051 518 5121 peccanti
550 5068 649 5122 per
678 5050 1065 5107 oﬁ‘endiculum
1087 5050 1274 5105 fratris
1310 5050 1527 5106 credita
1547 5054 1631 5105 est
1662 5049 1782 5103 dis-

185 5142 449 5210 pensatio
480 5140 782 5210 gratiarum
812 5141 933 5205 Dei,
967 5140 1239 5210 accipiunt
1269 5138 1441 5193 sancti
1484 5136 1783 5193 auctorita-

186 5238 295 5283 tem
330 5247 343 5282 :
380 5229 527 5299 quod
558 5229 681 5284 licet
708 5229 953 5283 minister
982 5229 1154 5282 malus
1186 5228 1272 5296 sit,
1308 5228 1450 5282 dona
1475 5235 1656 5281 tamen
1682 5224 1783 5280 Dei

182 5335 281 5387 per
303 5333 430 5371 eum
465 5317 780 5387 dispensata
809 5333 918 5372 non
946 5318 1278 5384 minuuntur,
1319 5323 1542 5387 prOpter
1580 5329 1781 5385 pecca-

185 5415 297 5460 tum
328 5405 493 5471 illius,
526 5406 665 5461 sicut
696 5422 796 5461 nec
827 5414 1100 5477 augentur
1131 5404 1619 5477 propterjustitiam
1641 5402 1778 5470 ejus.

187 5494 251 5548 Et
279 5494 409 5566 quia
430 5494 542 5549 dixi
588 5497 640 5550 si
694 5496 883 5552 volens
915 5497 1014 5552 hoc
1044 5512 1165 5567 ago,
1226 5502 1355 5550 tunc
1384 5509 1449 5549 ex
1505 5491 1783 5549 voluntate

330 5610 572 5665 PATIIOL.
615 5610 795 5666 CLIII.

1885 4524 2242 4572 evacuaretur
2289 4523 2510 4586 pr0pter
2564 4514 2894 4571 offendicula
2942 4516 3189 4571 fratrum.
3242 4518 3473 4588 Propter

1882 4605 2244 4677 Evangelium
2273 4604 2416 4670 ideo,
2450 4608 2516 4659 ut
2548 4605 2762 4675 e/ﬁciar
2796 4607 3082 4677 particeps
3132 4608 3273 4677 ejus,
3306 4606 3360 4659 id
3392 4613 3476 4659 est

1885 4701 1941 4747 ut
1958 4702 2168 4764 partem
2186 4692 2395 4763 capiam
2428 4693 2894 4759 remunerationis,
2930 4710 3088 4764 quam
3111 4693 3473 4763 Evangelium

1884 4789 2181 4849 attestatur,
2214 4790 2267 4836 et
2300 4781 2550 4836 fidelibus
2579 4782 2861 4851 promittit.
2895 4782 2994 4837 Hic
3023 4789 3191 4836 totum
3225 4782 3370 4853 quod
3402 4782 3470 4838 de

1884 4887 1942 4925 se
1960 4870 2170 4925 induxit
2200 4870 2492 4940 adaptavit.
2534 4868 2700 4938 Quasi
2715 4870 2921 4925 diceret
2953 4889 2965 4924 :
2999 4869 3469 4938 Quemadmodum

1883 4960 2137 5015 omnibus
2165 4961 2357 5015 omnia
2378 4962 2569 5029 factus
2591 4975 2715 5013 sum
2738 4964 2963 5030 propter
2983 4961 3367 5031 Evangelium,
3396 4960 3476 5017 sic

1884 5056 1934 5102 et
1963 5047 2336 5119 compatimini
2369 5046 2668 5101 infirmitati
2698 5047 2926 5102 fratrum
2964 5055 3020 5101 ut
3042 5048 3335 5120 participes
3359 5049 3475 5103 sitis

1881 5135 2164 5206 promissae
2196 5135 2563 5190 beatitudinis.
2588 5135 2709 5189 Dixi
2744 5136 3125 5191 abstinendum
3157 5153 3280 5192 esse
3319 5138 3475 5193 vobis

1883 5240 1914 5279 a
1944 5224 2123 5292 licitis,
2160 5239 2323 5280 causa
2353 5222 2691 5278 infirmorum
2736 5224 2995 5289 fratrum,
3029 5225 3168 5280 sicut
3199 5242 3304 5298 ego
3334 5241 3472 5296 apo-

1884 5314 2056 5369 stolus
2085 5322 2266 5367 vester
2295 5328 2328 5367 a
2358 5312 2518 5367 licitis
2546 5312 2815 5377 abstineo,
2848 5329 2915 5367 ne
2946 5313 3071 5367 dem
3088 5312 3471 5369 offendiculum

1882 5402 2180 5472 Evangelia
2210 5401 2441 5467 Christi;
2473 5400 2620 5473 quod
2664 5409 2832 5456 totum
2865 5402 2987 5456 ideo
3018 5402 3159 5457 facio
3191 5418 3203 5456 :
3238 5410 3295 5455 ut
3322 5402 3473 5457 acci-

1883 5507 2011 5563 pere
2040 5506 2254 5547 merear
2295 5490 2440 5562 quod
2481 5499 2755 5561 exspecto.
2792 5491 3044 5546 Inductus
3093 5490 3343 5561 exemplo
3375 5505 3473 5547 eo-

3303 5607 3334 5657 6
