3946 6034
424 208 520 261 171

958 205 1014 260 S.
1066 201 1418 260 BRUNONIS
1463 198 2109 258 CARTHUSIANORUM
2153 196 2636 253 INSTITUTORIS
2675 196 2833 253 OPP.
2880 197 3057 254 PARS
3107 199 3172 252 II.

3608 200 3714 255 172

417 346 537 384 rum
558 329 670 401 qui,
702 336 759 382 ut
780 328 1134 399 temporalem
1155 343 1415 383 coronam
1437 326 1721 397 accipiant,
1748 324 2020 379 abstinent
2046 328 2099 387 Α
2130 344 2151 372 (ι
2188 338 2366 393 neque
2394 320 2696 376 idololatria
2730 319 3033 376 eﬂiciamini
3063 320 3201 376 sicut
3230 321 3447 393 quidam
3468 337 3533 377 ex
3550 320 3708 392 ipsis,

420 420 490 473 ab
546 417 795 474 omnibus
826 435 945 489 quae
975 418 1045 471 ad
1074 417 1447 487 accipiendam
1486 431 1737 471 coronam
1776 412 2011 470 120

422 523 518 563 eos
539 507 855 578 impediant.
882 506 1017 575 Quia
1040 522 1110 560 an
1134 507 1367 562 nescitis
1387 505 1528 578 quod
1552 506 1612 560 hi
1632 506 1725 576 qui
1749 505 1808 558 in
1830 503 2013 558 stadio

422 602 687 663 currunt,
722 612 912 653 omnes
943 596 1165 666 quidem
1197 599 1462 660 currunt,
1496 593 1593 649 sed
1622 610 1773 649 unus
1802 593 2011 663 accipit

421 686 695 753 brevium,
717 684 773 740 id
801 693 885 739 est
915 700 1175 740 coronam
1206 684 1291 740 vel
1322 684 1603 755 prmmium
1625 682 1861 738 cursus?
1888 682 2012 736 Sta-

421 775 568 829 dium
597 774 792 831 dicitur
815 774 1051 846 spatium
1080 775 1431 829 ducentorum
1466 780 1519 828 et
1547 772 1736 844 viginti
1777 771 2014 842 quinque

418 881 699 935 passuum,
743 872 1003 936 quantum
1042 863 1302 919 Hercules
1332 879 1439 917 uno
1488 861 1725 916 anhelitu
1754 860 2010 928 cucurrit,

422 961 475 1009 et
498 970 608 1008 non
640 953 962 1024 respiravit;
995 961 1047 1007 et
1069 952 1268 1008 dicitur
1316 951 1545 1006 stadium
1578 966 1611 1006 a
1641 950 1855 1016 stando,
1890 949 2014 1019 quia

421 1050 593 1097 statur
637 1043 691 1097 in
743 1041 848 1097 fine
879 1059 1090 1097 cursus.
1136 1041 1585 1113 Quandoquidem
1635 1046 1921 1095 currentes
1960 1038 2014 1091 in

422 1132 596 1187 stadio
624 1131 853 1186 sollicite
910 1131 1191 1185 intendunt
1220 1131 1287 1184 ad
1329 1129 1707 1201 accipiendum
1746 1129 2009 1197 bravium,

421 1220 501 1275 sic
529 1236 664 1293 ergo
695 1220 893 1275 currite
922 1219 1247 1274 abstinendo
1279 1219 1344 1272 ab
1404 1218 1655 1272 omnibus
1683 1234 1803 1290 quae
1834 1217 2011 1287 impe-

420 1309 538 1363 dire
598 1325 696 1364 vos
749 1317 994 1380 possunt,
1031 1316 1088 1362 ut
1130 1324 1321 1362 omnes
1377 1307 1854 1378 comprehendatis
1887 1308 2013 1360 bra-

422 1398 570 1453 vium
600 1406 817 1452 mternae
846 1397 1135 1452 felicitatis.
1167 1396 1223 1450 Si
1252 1396 1393 1450 enim
1425 1413 1615 1452 omnes
1649 1396 1735 1452 hic
1766 1402 2013 1452 currunt

422 1486 516 1542 ubi
546 1504 695 1541 unus
727 1494 929 1539 tantum
961 1486 1169 1554 accipit
1201 1485 1477 1551 brevium,
1512 1485 1681 1540 multo
1729 1486 2013 1540 sollicitius

425 1592 649 1631 currere
677 1574 908 1639 debetis,
943 1575 1034 1629 ubi
1066 1591 1259 1629 omnes
1289 1583 1552 1629 internum
1584 1575 1833 1629 bravium
1863 1575 2013 1629 acci—

424 1664 605 1735 pietis.
665 1665 754 1719 Sic
803 1665 987 1735 utique
1044 1680 1265 1719 currere
1318 1664 1524 1719 debetis
1583 1664 1902 1719 abstinendo
1945 1665 2016 1718 ab

423 1753 569 1808 omni
600 1754 743 1825 quod
772 1770 869 1807 vos
900 1753 1164 1824 impedire
1192 1753 1385 1823 possit.
1423 1754 1558 1807 Nam
1591 1756 1775 1808 omnis
1804 1753 1892 1807 ille
1923 1755 2017 1825 qui

428 1843 722 1898 contendit
754 1845 817 1897 in
849 1859 1043 1915 agone,
1087 1842 1141 1896 id
1173 1852 1253 1896 est
1284 1843 1339 1895 in
1371 1843 1668 1897 certamine
1700 1859 1912 1909 cursus,
1933 1844 2021 1897 ab-

427 1933 603 1987 stinet
634 1948 689 1987 se
720 1933 786 1986 ab
818 1933 1074 1986 omnibus
1101 1931 1523 2001 impedientibus
1554 1948 1797 1986 cursum.
1832 1935 1899 1987 Et
1927 1933 2021 1986 illi

424 2022 647 2093 quidem
675 2029 953 2075 currentes
985 2020 1038 2074 in
1069 2021 1243 2075 stadio
1272 2020 1351 2075 sic
1380 2037 1438 2074 se
1470 2021 1761 2085 abstinent,
1788 2024 1853 2075 ut
1874 2023 2022 2076 acci-

419 2111 589 2181 piant
611 2110 1035 2181 corruptibilem
1060 2125 1327 2164 coronam
1358 2129 1375 2163 :
1408 2126 1508 2164 nos
1536 2110 1808 2180 accepturi
1834 2110 2021 2165 incor-

423 2198 771 2268 ruptibilem,
806 2198 971 2269 longe
1000 2197 1230 2267 amplius
1276 2198 1549 2253 abstinere
1588 2214 1687 2252 nos
1735 2198 2016 2263 debemus,

424 2294 626 2357 quanto
653 2285 890 2357 digniori
920 2302 1124 2341 corona
1155 2286 1647 2341 remunerabimur.
1680 2288 1747 2341 Et
1779 2287 1903 2358 quia
1934 2287 2020 2340 in-

410 2383 732 2451 corruptam
762 2391 1023 2430 coronam
1056 2384 1331 2445 exspecto,
1384 2375 1552 2447 igitur
1583 2392 1688 2447 ego
1718 2378 1801 2431 sic
1830 2392 2017 2443 curro,

428 2481 544 2520 non
561 2466 722 2536 quasi
742 2465 805 2519 in
836 2466 1146 2519 incertum.
1183 2465 1276 2519 Ille
1307 2464 1476 2519 currit
1504 2466 1567 2519 in
1614 2466 1899 2521 incertum
1930 2465 2021 2536 qui

426 2553 591 2608 modo
619 2552 782 2618 male,
817 2553 978 2607 modo
1011 2554 1150 2608 bene
1179 2555 1310 2626 agit.
1348 2554 1478 2609 Cum
1511 2554 1653 2608 enim
1713 2555 1851 2608 bene
1884 2555 2018 2624 agit,

426 2650 610 2712 sperat
633 2658 692 2697 se
739 2650 1123 2712 accepturum;
1161 2644 1377 2714 quando
1422 2660 1554 2698 vero
1585 2644 1746 2709 male,
1803 2642 2018 2697 diffidit.

426 2732 662 2786 Currere
692 2731 820 2786 dicit
853 2731 990 2785 bene
1019 2732 1253 2802 operari,
1288 2732 1404 2787 sine
1436 2732 1827 2802 impedimento
1860 2732 2023 2786 illatze

425 2819 789 2874 tribulationis
840 2834 851 2872 :
900 2821 1148 2893 Pugnare
1194 2821 1319 2876 dicit
1366 2822 1580 2892 quando
1634 2820 1864 2875 infertur
1923 2821 2022 2874 tri-

428 2907 653 2977 bulatio,
679 2917 731 2962 et
760 2909 971 2964 fortiter
994 2910 1210 2963 resistit.
1231 2912 1322 2965 Sic
1340 2911 1503 2964 etiam
1528 2927 1711 2981 pugno
1732 2926 1844 2964 non
1865 2911 2025 2982 quasi

428 2998 728 3053 verberans
758 3014 967 3064 aerem,
1002 3006 1058 3052 ut
1089 2999 1232 3069 quod
1265 3000 1402 3054 bene
1433 3000 1630 3067 dicam,
1664 3015 1830 3069 opere
1861 2999 1914 3051 in
1937 3015 2023 3052 me

2119 438 2138 461 α
2180 411 2642 485 quemadmodum
2675 410 2935 481 scriptum
2969 419 3051 465 est
3080 430 3093 465 :
3128 411 3278 465 Sedit
3298 412 3532 481 populus
3554 426 3711 465 man-

2118 527 2138 552 ‹‹
2175 504 2371 559 ducare
2413 510 2465 556 et
2495 500 2700 566 bibere,
2765 508 2817 555 et
2867 509 3220 556 surrexerunt
3270 501 3460 555 ludere
3492 500 3700 569 (Exod.

2118 617 2139 640 ‹‹
2175 606 2359 646 xxxu.
2420 592 2495 660 6).
2557 590 2746 661 Neque
2804 589 3151 657 fornicemur,
3208 591 3345 645 sicut
3390 590 3713 661 quidamex

2118 704 2140 732 α
2174 681 2307 752 ipsis
2340 679 2587 735 fornicati
2619 687 2740 733 sunt
2773 680 2967 748 (Num.
3022 695 3157 733 xxv.
3194 682 3265 750 1),
3300 688 3353 735 et
3394 679 3715 735 ceciderunt

2119 793 2140 821 α
2177 786 2281 825 una
2312 770 2399 824 die
2430 769 2620 841 viginti
2653 770 2753 823 tria
2784 769 2967 823 millia.
3000 769 3191 840 Neque
3239 776 3504 823 tentemus
3550 769 3714 823 Chri-

2117 881 2139 907 u
2178 868 2338 925 stum,
2383 858 2518 913 sicut
2574 858 2794 929 quidam
2824 874 3012 912 eorum
3070 866 3428 925 tentaverunt,
3455 866 3506 914 et
3535 874 3565 912 a
3595 875 3718 913 ser-

2118 971 2139 995 ‹‹
2176 948 2430 1019 pentibus
2460 946 2739 1017 perierunt
2769 948 2958 1017 (Num.
2992 963 3088 1001 xxx
3117 948 3190 1018 6).
3239 949 3429 1020 Neque
3458 964 3713 1003 murmu-

2119 1058 2141 1087 «
2179 1037 2439 1103 raveritis,
2475 1036 2612 1090 sicut
2664 1036 2882 1107 quidam
2914 1052 3103 1091 eorum
3135 1046 3623 1104 murmuraverunt,
3658 1044 3715 1092 et

2120 1150 2140 1172 «
2184 1126 2462 1197 perierunt
2519 1125 2586 1180 ab
2636 1126 3080 1181 exterminatore.
3127 1126 3255 1181 Haec
3302 1134 3480 1181 autem
3527 1126 3717 1181 omnia

2120 1237 2142 1267 ι
2189 1215 2244 1269 in
2304 1214 2479 1288 figura
2529 1214 2918 1286 contingebant
2959 1214 3099 1281 illis;
3133 1215 3331 1287 scripta
3377 1224 3501 1270 sunt
3530 1224 3716 1271 autem

2120 1328 2141 1351 α
2179 1304 2249 1358 ad
2278 1304 2675 1373 correptionem
2732 1312 2993 1371 nostram,
3028 1304 3084 1357 in
3114 1320 3251 1375 quos
3310 1303 3446 1359 fines
3478 1304 3715 1360 sazculo-

2120 1416 2141 1440 α
2178 1410 2299 1447 rum
2321 1393 2679 1448 devenerunt.
2714 1393 2897 1464 Itaque
2928 1393 3020 1464 qui
3053 1409 3112 1448 se
3143 1393 3411 1448 existimat
3433 1402 3599 1460 stare,
3635 1395 3717 1449 vi-

2121 1506 2141 1529 ‹‹
2178 1482 2302 1536 deat
2334 1498 2402 1536 ne
2432 1482 2611 1537 cadat.
2647 1482 2890 1536 Tentatio
2921 1498 3019 1537 vos
3047 1499 3154 1537 non
3186 1484 3575 1553 apprehendat,
3609 1484 3719 1537 nisi

2125 1592 2147 1621 α
2181 1572 2435 1625 humana.
2478 1570 2674 1625 Fidelis
2705 1579 2887 1625 autem
2918 1571 3064 1625 Deus
3095 1579 3196 1638 est,
3223 1572 3315 1643 qui
3347 1588 3456 1626 non
3486 1572 3720 1643 patietur

2050 1684 2146 1753 Ba
2183 1676 2281 1715 vos
2341 1660 2535 1714 tentari
2590 1675 2757 1729 supra
2790 1660 2841 1713 id
2912 1660 3057 1730 quod
3105 1661 3350 1730 potestis,
3404 1661 3501 1715 sed
3556 1660 3719 1717 faciet

2126 1771 2148 1800 α
2184 1748 2341 1804 etiam
2374 1763 2495 1803 cum
2530 1749 2824 1803 tentatione
2856 1756 3201 1819 proventum,
3235 1758 3289 1803 ut
3320 1750 3541 1820 possitis
3590 1767 3715 1804 sus-

2129 1858 2149 1889 «
2190 1838 2381 1891 linere.
2433 1839 2664 1907 PrOpter
2718 1838 2882 1908 quod,
2928 1838 3230 1893 charissimi
3277 1840 3425 1907 mihi,
3458 1840 3628 1910 fugite
3647 1840 3717 1893 ab

2124 1948 2144 1973 ιι
2183 1926 2447 1980 idolorum
2468 1926 2697 1981 cultura.
2726 1926 2793 1980 Ut
2816 1927 3175 1996 prudentibus
3205 1927 3398 1998 loquor
3430 1946 3441 1981 :
3478 1929 3584 1982 Vos
3613 1927 3718 1997 ipsi

2126 2036 2146 2063 α
2177 2014 2413 2083 judicate
2443 2032 2563 2085 quae
2604 2014 2747 2070 dico.
2813 2015 2963 2069 Calix
2997 2016 3389 2071 benedictionis
3412 2016 3498 2071 cui
3543 2017 3709 2071 bene-

2126 2104 2435 2169 «dicimus,
2470 2120 2651 2159 nonne
2707 2105 3128 2160 communicatio
3189 2106 3473 2177 sanguinis
3521 2106 3720 2160 Christi

2128 2215 2149 2239 α
2186 2201 2269 2248 est
2293 2198 2314 2248 ?
2341 2194 2409 2246 Et
2439 2193 2596 2263 panis
2656 2210 2817 2264 quem
2862 2192 3165 2266 frangimus
3212 2211 3392 2249 nonne
3422 2195 3719 2265 participa-

2128 2305 2148 2327 ‹‹
2185 2282 2259 2336 tio
2301 2281 2553 2352 corporis
2583 2282 2799 2336 Domini
2828 2282 2955 2337 est?
2988 2282 3258 2350 Quoniam
3288 2300 3426 2338 unus
3456 2284 3633 2354 panis,
3665 2292 3720 2339 et

2130 2392 2149 2421 ι
2185 2387 2350 2424 unum
2381 2386 2580 2440 corpus
2601 2371 2752 2425 multi
2771 2388 2958 2425 sumus
2986 2387 3211 2426 :omnes
3249 2370 3450 2427 121
3500 2372 3719 2443 quidem

2129 2480 2151 2510 ι
2186 2459 2254 2513 de
2284 2475 2391 2514 uno
2423 2474 2587 2529 pane,
2620 2467 2672 2514 et
2718 2460 2785 2514 de
2820 2476 2927 2515 uno
2957 2461 3127 2516 calice
3183 2461 3588 2532 participamus.
3626 2462 3721 2515 Vi—

2129 2570 2151 2598 ι
2188 2549 2313 2603 dete
2354 2549 2519 2603 Israel
2571 2550 2868 2603 secundum
2912 2565 3133 2605 carnem
3164 2568 3176 2603 :
3210 2566 3389 2604 nonne
3435 2551 3526 2621 qui
3555 2550 3721 2605 edunt

2129 2660 2150 2687 α
2186 2637 2409 2702 hostias,
2442 2638 2734 2708 participes
2766 2646 2890 2692 sunt
2929 2639 3165 2693 altaris?
3200 2638 3340 2707 Quid
3371 2656 3506 2711 ergo
3528 2639 3556 2692 ἱ)
3585 2641 3721 2695 Dico

2130 2748 2151 2776 ai
2186 2726 2333 2797 quod
2364 2726 2523 2781 idolis
2554 2726 2889 2781 immolatum
2920 2727 2988 2781 sit
3017 2727 3242 2797 aliquid,
3293 2737 3384 2781 aut
3415 2728 3559 2799 quod
3603 2729 3722 2783 ido-

2130 2836 2152 2865 ι
2187 2815 2298 2869 lum
2330 2815 2395 2870 sit
2426 2816 2629 2886 aliquid
2650 2816 2680 2871 Ἰ
2711 2816 2817 2871 Sed
2850 2832 2970 2887 qua:
2993 2817 3274 2871 immolant
3295 2825 3508 2889 gentes,
3544 2841 3565 2865 α
3606 2818 3725 2873 dae-

2131 2927 2151 2951 «
2187 2904 2384 2959 moniis
2416 2904 2712 2970 immolant,
2749 2913 2803 2959 et
2834 2921 2940 2959 non
2974 2906 3089 2960 Deo
3121 2906 3308 2976 (Deut.
3342 2921 3519 2967 xxxn.
3557 2909 3664 2976 l7).
3697 2928 3719 2956 ι

2133 3012 2153 3045 ι
2188 2992 2327 3047 Nolo
2357 3001 2536 3047 autem
2568 3009 2664 3049 vos
2695 2993 2873 3049 socios
2904 2992 3449 3049 tieridzemoniorum.
3480 2995 3605 3049 Non
3634 3011 3728 3066 po-

424 3102 536 3140 non
594 3089 892 3156 compleam
923 3105 935 3140 ε
973 3087 1062 3158 qui
1117 3087 1260 3142 enim
1318 3088 1371 3141 in
1412 3104 1610 3144 vanum
1658 3088 1825 3142 verba
1872 3087 2020 3153 dicit,
2047 3055 2092 3113 Ο
2130 3102 2152 3131 α
2186 3083 2339 3136 testis
2370 3082 2592 3137 calicem
2642 3083 2858 3137 Domini
2916 3083 3137 3151 bibere,
3174 3091 3226 3137 et
3257 3083 3484 3139 calicem
3513 3085 3727 3139 dromo-

424 3189 611 3229 aerem
641 3175 817 3230 solum
852 3176 1142 3231 verberare
1176 3176 1388 3232 dicitur.
1424 3177 1522 3231 Vel
1553 3178 1627 3231 ita
1659 3195 1671 3231 :
1707 3178 1827 3232 Non
1865 3178 2025 3249 quasi

427 3278 616 3318 aerem
638 3265 953 3329 verberans,
989 3264 1040 3318 id
1074 3274 1156 3319 est
1193 3282 1301 3320 non
1337 3266 1532 3321 frustra
1562 3265 1697 3321 ictus
1729 3282 1881 3320 meos
1902 3282 2027 3335 pro-

416 3349 634 3421 jiciens,
670 3352 808 3407 sicut
840 3353 932 3407 ille
972 3354 1063 3425 qui
1090 3363 1295 3425 pugnat
1335 3371 1478 3411 ~cum
1535 3357 1711 3422 hoste,
1773 3356 2023 3427 quando,

424 3439 672 3511 projecto
702 3441 832 3508 ictu,
866 3459 976 3497 non
1008 3444 1177 3514 tangit
1208 3445 1438 3511 hostem,
1492 3445 1687 3499 dicitur
1734 3445 2027 3500 verberare

424 3543 643 3596 aerem;
681 3532 779 3584 sed
838 3547 942 3603 ego
991 3540 1282 3587 conterens
1331 3534 1574 3599 hostem,
1628 3550 1735 3588 non
1795 3535 2027 3589 verbero

428 3633 612 3673 aerem
637 3660 648 3687 ,
675 3621 769 3675 sed
790 3623 1004 3692 castigo
1035 3638 1236 3694 corpus
1268 3640 1473 3692 meum,
1496 3623 1549 3677 id
1575 3631 1655 3677 est
1684 3623 1866 3678 carnis
1898 3639 2028 3678 con-

435 3707 801 3777 cupiscentias
840 3710 1141 3779 comprimo
1176 3728 1187 3763 :
1224 3716 1279 3765 et
1308 3712 1379 3765 ita
1436 3712 1581 3781 quod
1614 3727 1813 3781 corpus
1843 3713 2029 3783 redigo

428 3794 492 3850 in
514 3798 871 3863 servitutem,
903 3798 959 3851 id
994 3806 1076 3852 est
1104 3806 1159 3851 ut
1191 3814 1317 3853 caro
1347 3815 1455 3853 non
1515 3800 1688 3855 solum
1720 3816 1829 3854 non
1862 3818 2028 3872 repu-

432 3891 583 3953 gnet,
612 3883 711 3938 sed
741 3884 901 3938 etiam
934 3886 1135 3940 serviat
1186 3887 1416 3957 spiritui.
1456 3888 1581 3941 Ideo
1631 3888 1710 3943 sic
1740 3888 1948 3961 castigo
1978 3897 2031 3944 et

430 3971 646 4043 redigo,
680 3988 753 4026 ne
778 3974 929 4043 forte
960 3974 1235 4045 contingat
1283 3976 1428 4046 quod
1469 3976 1789 4047 contingere
1820 3987 2025 4047 posset,

433 4067 510 4125 ut,
545 4076 675 4114 cum
706 4062 842 4116 aliis
870 4063 1320 4133 prwdicaverim,
1356 4067 1473 4136 ipse
1505 4066 1718 4135 eﬂiciar
1766 4066 2029 4137 reprobus

433 4155 486 4202 et
515 4147 857 4204 damnabilis.
894 4151 996 4207 Ubi
1027 4151 1100 4205 ait
1128 4168 1198 4206 ne
1229 4155 1397 4223 forte,
1434 4154 1570 4208 bene
1592 4154 1827 4209 ostendit
1856 4156 2030 4209 Deum

435 4237 515 4292 sic
545 4238 753 4309 eligere
784 4256 912 4295 suos
949 4248 1007 4295 ut
1038 4257 1144 4295 non
1203 4250 1363 4314 cogat
1394 4258 1489 4297 eos
1538 4260 1550 4296 :
1602 4259 1670 4297 ne
1728 4242 2029 4298 libertatem

438 4325 650 4379 arbitrii
680 4328 736 4380 in
767 4329 845 4384 eis
877 4329 1137 4397 destruat,
1170 4331 1299 4402 quin
1330 4331 1375 4385 si
1405 4330 1571 4387 velint
1592 4332 1785 4387 iterum
1808 4333 2027 4402 cadere,

438 4414 672 4484 possint.

995 4490 1219 4545 CAPUT
1270 4491 1347 4545 X.

519 4612 541 4642 α
576 4592 715 4647 Nolo
744 4594 889 4649 enim
918 4611 1017 4651 vos
1060 4596 1336 4667 ignorare,
1398 4596 1616 4666 fratres,
1653 4597 1907 4669 quoniam
1936 4614 2040 4669 pa-

448 4702 469 4727 α
502 4687 613 4734 tres
644 4683 811 4737 nostri
867 4700 1057 4739 omnes
1088 4686 1189 4739 sub
1244 4686 1389 4740 nube
1446 4686 1679 4753 fuerunt,
1742 4695 1795 4741 et
1852 4703 2041 4742 omnes

449 4792 470 4815 α
509 4785 661 4824 mare
680 4772 1030 4840 transierunt,
1060 4782 1113 4828 et
1134 4790 1325 4829 omnes
1354 4775 1408 4828 in
1431 4777 1616 4845 Moyse
1639 4775 1889 4845 baptizati
1920 4784 2045 4830 sunt

452 4880 473 4903 α
512 4857 565 4911 in
613 4860 757 4914 nube
801 4870 853 4916 et
904 4862 957 4916 in
998 4864 1136 4917 mari
1168 4864 1368 4932 (Exod.
1400 4879 1526 4926 xm,
1560 4865 1671 4933 21).
1725 4865 1794 4918 Et
1852 4881 2043 4920 omnes

455 4968 475 4990 ιι
512 4948 758 5002 eamdem
793 4966 969 5005 escam
999 4950 1296 5022 spiritalem
1328 4953 1810 5017 manducaverunt,
1836 4962 1887 5007 et
1926 4970 2044 5008 om-

458 5054 479 5083 «
507 5050 605 5088 nes
636 5039 887 5094 eumdem
918 5049 1102 5110 potum
1136 5040 1428 5110 spiritalem
1480 5041 1750 5096 biberunt.
1785 5042 2045 5097 Bibebant

457 5142 481 5172 α
519 5132 695 5179 autem
727 5128 795 5182 de
827 5128 1074 5198 spiritali,
1126 5137 1496 5201 consequente
1551 5147 1646 5185 eos
1683 5140 1853 5201 petra.
1886 5133 2047 5187 Petra

459 5240 480 5268 α
528 5226 707 5272 autem
741 5225 857 5271 erat
888 5217 1152 5272 Christus.
1188 5219 1295 5272 Sed
1329 5234 1434 5272 non
1465 5219 1520 5272 in
1548 5219 1799 5289 pluribus
1855 5236 2046 5274 eorum

460 5328 483 5358 α
520 5306 917 5376 beneplacitum
977 5314 1059 5361 est
1130 5308 1265 5361 Deo.
1325 5308 1465 5361 Nam
1506 5308 1760 5378 prostrati
1814 5316 1937 5362 sunt
1992 5309 2046 5363 in

461 5417 483 5442 α
519 5395 732 5449 deserto
790 5395 979 5463 (Num.
1032 5410 1190 5461 xxw,
1228 5394 1337 5465 65).
1398 5397 1526 5452 Haec
1554 5404 1732 5451 autem
1762 5396 1818 5449 in
1872 5396 2049 5469 figura

462 5506 485 5531 α
518 5482 658 5538 facta
703 5494 824 5537 sunt
883 5483 1073 5547 nostri,
1119 5492 1173 5537 ut
1229 5499 1337 5538 non
1379 5484 1544 5538 simus
1603 5485 2049 5556 concupiscentes

464 5594 486 5618 α
522 5572 817 5637 malorum,
847 5572 984 5627 sicut
1014 5580 1066 5628 et
1093 5571 1171 5626 illi
1217 5573 1606 5644 concupierunt
1634 5574 1809 5644 (Psat.
1843 5591 1931 5643 cv,
1960 5577 2048 5646 14)

2132 3192 2153 3221 ι
2186 3170 2401 3225 niorum
2453 3187 2463 3225 :
2499 3187 2606 3225 non
2636 3171 2861 3241 potestis
2905 3188 3108 3226 mensae
3158 3172 3370 3227 Domini
3431 3172 3725 3243 participes

2130 3284 2150 3305 α
2188 3276 2328 3325 esse,
2363 3268 2417 3314 et
2448 3276 2651 3315 mensae
2681 3261 3098 3315 daemoniorum.
3135 3263 3217 3314 An
3245 3262 3559 3316 remulamur
3605 3263 3723 3316 Do-

2129 3372 2150 3394 ‹‹
2187 3348 2392 3402 minum
2409 3348 2436 3401 ?
2475 3349 2734 3419 Nunquid
2755 3348 3001 3403 fortiores
3018 3349 3111 3403 illo
3132 3366 3319 3403 sumus
3340 3351 3367 3404 ξ)
3389 3350 3727 3404 Omniamihi

2134 3461 2154 3483 u
2188 3437 2372 3503 licent,
2397 3439 2493 3492 sed
2515 3453 2621 3492 non
2645 3437 2824 3493 omnia
2846 3438 3153 3508 expediunt.
3171 3438 3366 3493 Omnia
3386 3440 3517 3492 mihi
3538 3439 3723 3505 licent,

2133 3547 2155 3576 α
2192 3526 2290 3580 sed
2319 3542 2426 3581 non
2466 3528 2648 3581 omnia
2693 3525 2977 3582 aedificant.
3032 3527 3206 3582 Nemo
3247 3528 3391 3598 quod
3440 3544 3597 3581 suum
3644 3535 3728 3583 est

2134 3635 2157 3665 ι
2193 3623 2414 3685 quaerat,
2451 3616 2546 3669 sed
2577 3616 2725 3687 quod
2751 3616 2993 3670 alterius.
3030 3615 3204 3670 Omne
3236 3617 3380 3687 quod
3410 3616 3466 3669 in
3491 3617 3728 3672 macello

2134 3726 2155 3751 α
2190 3704 2355 3770 venit,
2391 3704 2734 3770 manducate,
2771 3704 2903 3758 nihil
2934 3705 3338 3777 interrogantes
3352 3715 3576 3776 propter
3596 3723 3727 3761 cou-

2135 3815 2156 3843 α
2193 3792 2497 3849 scientiam.
2534 3814 2557 3843 ιι
2594 3793 2812 3849 Domini
2870 3801 2952 3847 est
3003 3800 3166 3860 terra,
3200 3802 3254 3848 et
3302 3795 3579 3864 plenitudo
3612 3796 3729 3864 ejus

2134 3904 2154 3928 α
2194 3882 2366 3950 (Psal.
2400 3897 2540 3948 xxv,
2578 3884 2657 3953 l).
2713 3904 2733 3932 »
2787 3882 2842 3937 Si
2865 3883 2985 3954 quis
3013 3891 3173 3938 vocat
3205 3900 3302 3937 vos
3330 3883 3626 3938 infidelium
3657 3886 3726 3939 ad

2135 3993 2155 4015 α
2193 3986 2423 4037 cmnam,
2457 3980 2509 4025 et
2537 3970 2695 4026 vultis
2728 3972 2805 4025 ire
2840 3986 2851 4025 :
2886 3988 3049 4025 omne
3077 3973 3221 4042 quod
3240 3972 3397 4026 vobis
3415 3973 3725 4043 apponitur,

2138 4083 2158 4105 α
2194 4060 2534 4125 manducate,
2570 4060 2700 4113 nihil
2737 4060 3139 4133 interrogantes
3169 4070 3391 4132 propter
3439 4062 3731 4117 conscien-

2136 4170 2157 4198 ι
2194 4148 2341 4204 tiam.
2378 4148 2434 4204 Si
2464 4148 2585 4220 quis
2615 4156 2796 4203 autem
2828 4149 3021 4203 dixerit
3056 4165 3067 4201 :
3098 4150 3213 4205 Hoc
3270 4150 3601 4205 immolatum
3646 4160 3731 4205 est

2136 4259 2157 4282 α
2193 4236 2354 4291 idolis
2387 4252 2398 4290 :
2433 4237 2601 4291 nolite
2631 4238 2956 4292 manducare
3000 4247 3224 4308 propter
3249 4238 3419 4305 illum,
3463 4239 3553 4310 qui
3583 4239 3731 4294 indi—

2140 4349 2161 4372 ιι
2195 4327 2364 4390 cavit,
2401 4334 2453 4380 et
2498 4334 2720 4397 propter
2748 4326 3157 4381 conscientiam.
3191 4328 3592 4383 Conscientiam
3634 4344 3733 4383 au-

2056 4413 2109 4473 D
2143 4436 2164 4465 α
2200 4423 2305 4469 tem
2331 4415 2473 4483 dico,
2505 4431 2613 4469 non
2639 4422 2786 4469 tuam
2818 4415 2917 4469 sed
2949 4415 3191 4469 alterius.
3227 4418 3292 4470 Ut
3323 4416 3455 4487 quid
3485 4418 3629 4471 enim
3660 4417 3734 4471 li-

2146 4526 2166 4549 «
2206 4503 2385 4557 bertas
2415 4520 2539 4558 mea
2562 4504 2833 4572 judicatur
2864 4504 2930 4557 ab
2953 4504 3128 4559 aliena
3147 4505 3478 4561 conscientia
3499 4505 3526 4559 ?
3556 4506 3610 4560 Si
3628 4522 3734 4577 ego

2148 4615 2168 4639 α
2195 4608 2317 4647 cum
2373 4592 2548 4663 gratia
2602 4592 2881 4663 participe,
2944 4593 3073 4665 quid
3122 4593 3475 4665 blasphemor
3510 4610 3609 4666 pro
3641 4612 3732 4658 eo.

2146 4704 2167 4727 α
2207 4681 2351 4751 quod
2390 4681 2591 4753 gratias
2639 4682 2787 4753 ago?
2813 4706 2833 4729 ‹‹
2872 4682 2997 4737 Sive
3043 4699 3179 4755 ergo
3218 4684 3573 4749 manducetis,
3617 4684 3735 4740 sive

2149 4792 2168 4817 α
2207 4769 2405 4835 bibitis,
2441 4770 2526 4825 vel
2585 4770 2730 4825 aliud
2776 4770 2904 4842 quid
2958 4772 3154 4838 facitis,
3207 4772 3470 4827 omniain
3497 4772 3734 4843 gloriam

2148 4882 2169 4905 «
2207 4858 2305 4912 Dei
2336 4858 2495 4914 facite
2530 4858 2758 4927 (Coloss.
2792 4874 2870 4924 ιιι,
2900 4862 3005 4928 17).
3036 4880 3057 4909 ι
3084 4861 3211 4916 Sine
3229 4858 3529 4915 offensione
3560 4870 3734 4916 estote

2147 4972 2168 4996 α
2207 4948 2408 5002 Judaeis
2439 4957 2491 5003 et
2519 4949 2772 5021 gentibus
2802 4957 2855 5003 et
2894 4949 3157 5005 Ecclesiae
3200 4950 3301 5003 Dei
3333 4967 3346 5002 :
3383 4950 3520 5005 sicut
3548 4958 3600 5004 et
3628 4966 3736 5022 ego

2154 5060 2170 5083 ι
2197 5054 2297 5108 per
2338 5038 2522 5092 omnia
2576 5039 2830 5093 omnibus
2859 5038 3073 5109 placeo,
3133 5050 3240 5094 non
3285 5055 3535 5109 quaerens
3590 5039 3736 5109 quod

2152 5150 2171 5173 «ι
2206 5126 2338 5181 mihi
2391 5127 2520 5182 utile
2559 5136 2660 5194 est,
2702 5128 2798 5183 sed
2856 5128 3003 5198 quod
3032 5127 3238 5195 multis,
3270 5137 3325 5182 ut
3355 5128 3494 5183 salvi
3523 5126 3676 5183 ﬁant.
3710 5152 3732 5175 »

2831 5286 3136 5327 EXPOSITIO.

2220 5396 2358 5466 Quia
2379 5397 2579 5453 Paulus
2602 5398 2813 5455 dixerat
2844 5417 2857 5453 :
2894 5400 3114 5471 Castigo
3136 5416 3336 5473 corpus
3356 5416 3565 5465 meum,
3598 5408 3730 5468 etc.,

2147 5502 2218 5541 ne
2247 5489 2366 5558 ipse
2421 5490 2688 5559 reprobus
2716 5490 2938 5556 e/ﬁciar,
2999 5489 3068 5543 ad
3100 5490 3204 5544 hoc
3260 5489 3463 5544 diceret
3489 5489 3684 5560 aliquis
3722 5503 3735 5542 :

2149 5574 2325 5644 Quare
2355 5583 2637 5646 tantopere
2667 5576 2904 5646 laboras,
2939 5593 3007 5632 ne
3054 5578 3407 5648 reproberis?
3434 5578 3559 5634 Non
3585 5577 3733 5634 enim
