3960 6036
217 210 321 261 173

838 201 1217 259 EXPOSITIO
1265 202 1339 256 IN
1383 197 1764 256 EPlSTOLAS
1810 196 2035 255 PAULI.
2077 229 2146 241 —
2188 201 2262 256 IN
2297 201 2513 257 EPIST.
2552 202 2574 256 Ι
2612 201 2704 257 ΑΙ)
2743 200 2903 258 COR.

3414 205 3516 259 174

217 331 558 387 credendum
587 338 669 385 est
699 331 872 385 Deum
902 328 1091 385 leviter
1134 327 1433 398 reprobare
1462 342 1583 391 nos,
1619 323 1814 395 quibus
1842 324 1898 383 Α
1920 339 2113 381 eorum
2143 324 2557 399 beneplacitum
2588 332 2673 382 est
2708 330 2813 382 Deo
2845 347 2862 393 ;
2896 325 3020 398 quia
3048 325 3343 397 peccando,
3379 326 3519 382 datis

222 420 574 490 baptismum,
622 418 781 474 ﬁdem
829 427 882 474 et
929 426 1131 474 caetera
1170 424 1512 472 sacramenta
1561 412 1819 468 Ecclesia?

222 509 470 577 contulit,
534 508 743 563 etiamsi
796 508 995 576 injuste
1040 506 1330 577 aliquando
1362 505 1531 559 simus
1579 500 1812 573 operati.

1921 416 2273 470 sacramentis
2305 416 2559 486 indignos
2591 433 2648 471 se
2668 416 2934 471 fecerunt.
2961 418 3101 471 Vere
3123 415 3308 486 plures
3331 430 3519 469 eorum

1924 519 2031 558 non
2062 505 2378 574 placuerunt
2409 506 2553 571 Deo;
2574 523 2709 560 nam
2730 507 3009 577 prostrati
3031 508 3166 559 sunt
3189 504 3252 559 in
3272 504 3513 563 deserto.

222 599 429 653 Contra
458 598 563 652 hoc
613 596 807 651 Paulus
855 596 1049 666 probat
1094 595 1226 649 nihil
1274 593 1456 648 valere
1499 592 1566 646 ad
1596 591 1822 645 salutem
1922 603 2283 663 provocantes
2313 610 2473 665 super
2503 611 2561 649 se
2594 594 2729 648 iram
2762 594 2861 648 Dei
2884 594 3024 648 male
3054 594 3372 665 agendo.Et
3404 594 3519 647 hate

221 695 586 752 sacramenta,
621 686 666 739 si
697 686 873 739 desint
904 685 1047 739 bona
1077 700 1260 754 opera.
1296 684 1477 736 Patres
1526 680 1669 735 enim
1713 680 1823 733 Ve-

221 775 358 830 teris
386 774 713 829 Testamenti
757 773 953 827 eadem
1001 789 1120 843 quae
1168 772 1433 825 habemus
1475 769 1531 823 in
1574 768 1820 831 veritate,

226 864 537 918 habuerunt
569 864 624 916 in
668 861 842 933 figura
874 880 888 926 ;
920 861 1018 915 sed
1065 860 1190 931 quia
1237 860 1379 913 male
1424 857 1630 928 operati
1662 864 1824 921 sunt,

221 968 338 1007 non
382 952 709 1023 profuerunt
738 950 846 1004 illis
874 957 1253 1013 sacramenta;
1278 948 1355 1002 sic
1383 962 1484 1002 nec
1506 945 1664 1000 nobis
1692 960 1827 1015 pro-

226 1042 451 1106 derunt,
486 1041 533 1095 si
582 1040 730 1094 mala
780 1038 983 1093 fuerint
1026 1053 1195 1108 opera
1240 1044 1446 1091 nostra.
1496 1036 1694 1089 Littera
1752 1032 1830 1087 sic

222 1130 476 1199 jungitur
508 1145 520 1182 :
556 1131 854 1199 Pr0pterea
899 1135 1181 1197 tantopere
1218 1126 1427 1193 laboro,
1460 1140 1529 1179 ne
1569 1122 1830 1193 reprobus

228 1217 462 1275 efﬁciar.
498 1218 670 1272 Video
700 1216 846 1271 enim
877 1232 986 1270 non
1016 1215 1145 1268 mihi
1192 1212 1443 1268 sufﬁcere
1475 1219 1699 1281 accepta
1738 1225 1832 1264 sa-

227 1315 532 1372 cramenta,
555 1308 600 1360 si
622 1305 893 1362 defuerint
911 1320 1079 1375 opera
1102 1322 1116 1369 ;
1137 1302 1597 1375 quemadmodum
1618 1316 1719 1354 nec
1737 1314 1834 1369 pa-

226 1398 409 1451 tribus
440 1396 645 1451 nostris
668 1396 769 1449 sub
803 1395 981 1449 Veteri
1012 1409 1119 1448 non
1153 1390 1500 1455 suffecerunt,
1536 1390 1662 1460 quia
1692 1388 1835 1442 male

231 1486 450 1556 operati
482 1494 626 1538 sunt.
660 1483 819 1551 Quod
841 1491 896 1536 ut
926 1481 1175 1548 videatis,
1208 1481 1338 1535 nolo
1369 1496 1460 1533 vos
1492 1481 1771 1549 ignorare,
1806 1492 1835 1532 ο

230 1578 473 1645 fratres,
500 1574 767 1646 quoniam
783 1575 977 1643 patres
999 1570 1226 1637 nostri”
1248 1569 1301 1623 id
1316 1577 1397 1622 est
1411 1567 1605 1633 Judaei,
1625 1566 1715 1636 qui
1737 1580 1836 1619 nos

231 1665 285 1717 in
320 1663 477 1719 cultu
510 1662 609 1716 Dei
639 1668 1058 1731 praecesserunt,
1094 1667 1145 1713 et
1173 1658 1490 1720 docuerunt,
1523 1664 1575 1710 et
1602 1670 1834 1725 quorum

232 1751 430 1824 ﬁgura:
484 1750 767 1805 veritatem
816 1756 1057 1802 nostram
1114 1762 1377 1819 genuere.
1433 1745 1533 1813 llli,
1591 1744 1831 1814 inquam,

227 1850 427 1912 patres
448 1856 663 1905 omnes,
690 1838 838 1892 nullo
860 1844 1132 1908 separato,
1157 1839 1394 1906 fuerunt
1415 1835 1514 1888 sub
1534 1833 1697 1888 nube.
1722 1831 1834 1885 Nu-

229 1931 331 1985 bes
362 1929 461 1983 illa
493 1944 614 1999 quae
661 1928 804 1981 inter
849 1925 1131 1996 .ngyptios
1180 1932 1232 1979 et
1274 1924 1491 1977 Judaeos
1520 1921 1695 1992 posita
1738 1919 1837 1973 fuit

233 2034 414 2089 usque
444 2017 514 2071 ad
545 2031 697 2071 mare
728 2015 989 2081 Rubrum,
1043 2012 1369 2084 signiﬁcavit
1399 2011 1640 2087 divinam
1666 2008 1835 2063 mise-

235 2106 555 2171 ricordiam,
589 2121 711 2175 qum
763 2104 1182 2159 catechumenos
1222 2100 1478 2172 protegit,
1520 2100 1694 2153 donec
1738 2113 1835 2152 ve-

230 2196 384 2249 niant
413 2195 482 2248 ad
516 2193 864 2263 baptismum.
898 2193 967 2245 Et
1008 2207 1199 2247 omnes
1228 2197 1411 2259 patres
1437 2187 1609 2242 nostri
1642 2191 1836 2241 trans-

229 2287 433 2340 ierunt
454 2299 612 2337 mare
635 2282 903 2349 Rubrum,
918 2281 988 2334 ita
1011 2287 1064 2335 et
1080 2295 1181 2334 nos
1201 2294 1390 2334 omnes
1403 2293 1500 2348 per
1511 2275 1837 2347 baptismum

232 2373 533 2428 transimus
566 2391 580 2437 ;
610 2376 665 2427 et
680 2387 875 2425 omnes
904 2377 1089 2440 patres
1136 2367 1307 2422 nostri
1341 2368 1404 2421 in
1448 2367 1642 2437 Moyse,
1673 2364 1727 2417 id
1757 2371 1839 2419 est

228 2462 283 2517 in
316 2462 588 2532 regimine
619 2459 788 2529 Moysi
809 2458 1084 2530 baptimti
1103 2462 1258 2523 sunt,
1285 2456 1338 2509 id
1361 2463 1443 2509 est
1466 2454 1693 2525 profecti
1714 2460 1838 2507 sunt

233 2553 287 2606 in
335 2552 505 2615 nube,
557 2556 843 2619 separante
891 2563 987 2601 eos
1030 2546 1097 2600 ab
1144 2544 1430 2617 Egyptiis,
1482 2551 1534 2598 et
1572 2543 1628 2596 in
1671 2542 1838 2595 maris

229 2640 487 2695 transitu.
523 2638 806 2710 Baptizati
836 2635 983 2703 dicit,
1034 2651 1156 2690 cum
1206 2649 1309 2688 nec
1352 2633 1456 2686 ista
1504 2647 1606 2686 vox
1634 2631 1701 2684 de
1732 2630 1838 2683 illis

236 2738 366 2784 tunc
395 2728 543 2783 dicta
571 2727 659 2792 sit,
692 2742 796 2780 nec
825 2740 974 2778 mare
1003 2724 1137 2777 illud
1154 2722 1355 2778 veritas
1376 2720 1625 2790 baptismi
1656 2718 1835 2785 fuerit,

233 2819 373 2890 quia
394 2815 574 2888 ﬁgura
604 2823 830 2878 tantum,
864 2813 961 2868 sed
1008 2828 1208 2867 nomen
1252 2808 1573 2881 signiﬁcata;
1604 2808 1706 2873 rei,
1737 2822 1839 2877 pro

236 2907 360 2977 ipso
387 2902 731 2976 signiﬁcante
762 2901 913 2972 ponit
945 2920 959 2968 ;
992 2900 1116 2972 quia
1164 2898 1619 2969 quemadmodum
1662 2896 1738 2949 illi
1786 2895 1841 2949 in

234 2997 440 3051 ducatu
472 2992 645 3063 Moysi
680 2991 910 3062 protecti
938 2998 1082 3055 sunt,
1115 2989 1278 3060 longe
1323 2987 1518 3041 melius
1563 3001 1664 3041 nos
1702 2985 1840 3039 duce

238 3084 459 3140 Christo
486 3080 823 3151 protegimur
860 3079 917 3132 in
965 3078 1252 3148 baptismo,
1284 3076 1339 3129 in
1388 3090 1493 3146 quo
1522 3074 1678 3129 nobis
1706 3089 1841 3144 pec-

236 3180 359 3226 cata
393 3170 638 3235 remittit,
671 3177 723 3223 et
750 3168 981 3222 liberum
1025 3166 1304 3221 arbitrium
1354 3172 1599 3217 nostrum
1627 3162 1843 3217 confor-

238 3270 315 3315 tat
344 3268 407 3314 ut
434 3258 610 3329 possit
655 3257 908 3311 resistere
953 3255 1170 3309 diabolo
1212 3255 1351 3308 male
1395 3252 1664 3307 suadenti.
1715 3250 1842 3305 Ideo

238 3350 407 3404 etiam
437 3348 529 3413 ait,
564 3347 838 3417 baptizati
868 3349 1005 3400 sunt
1038 3364 1057 3411 ;
1089 3344 1214 3415 quia
1258 3359 1419 3414 quam
1448 3340 1640 3397 efﬁcax
1686 3338 1843 3393 nobis

239 3446 324 3492 est
371 3435 675 3506 baptismus
719 3433 788 3487 ad
838 3433 1087 3497 salutem,
1134 3432 1212 3486 sic
1257 3438 1404 3486 esset
1461 3431 1539 3485 eis
1587 3428 1844 3482 transitus

238 3525 433 3589 maris,
461 3525 507 3578 si
528 3523 814 3579 credentes
834 3521 1101 3576 mandatis
1116 3520 1215 3575 Dei
1230 3519 1536 3575 obedirent.
1565 3521 1632 3573 Et
1652 3532 1843 3573 omnes

238 3624 427 3685 patres
456 3612 629 3667 nostri
658 3611 1151 3665 manducaverunt
1181 3609 1434 3664 eamdem
1456 3622 1661 3671 escam,
1687 3604 1742 3658 id
1762 3611 1845 3658 est

240 3718 467 3757 manna.
502 3702 701 3756 Escam
732 3699 855 3755 dico
882 3700 1268 3771 spirituale-m,
1320 3697 1375 3750 id
1420 3705 1501 3751 est
1551 3692 1846 3765 spiritualis

244 3808 390 3848 esca:
441 3789 689 3860 corporis
740 3797 793 3842 et
833 3787 1116 3860 sanguinis
1156 3785 1355 3841 Christi
1393 3782 1835 3857 signiﬁcativam.

242 3882 376 3936 Ideo
409 3878 573 3933 etiam
604 3876 938 3947 spiritualem
972 3895 986 3939 ;
1018 3876 1144 3947 quia
1176 3876 1321 3947 quod
1364 3889 1488 3929 esca
1518 3870 1763 3942 corporis
1794 3878 1848 3924 et

244 3967 533 4041 sanguinis
564 3966 759 4021 Christi
792 3965 916 4021 facit
964 3965 1019 4018 in
1064 3965 1242 4029 nobis,
1276 3964 1419 4017 idem
1449 3962 1739 4033 prodesset
1768 3958 1847 4013 eis

244 4060 316 4113 ad
347 4056 579 4111 salutem
610 4070 813 4109 manna
858 4053 1009 4118 illud,
1064 4053 1110 4106 si
1155 4053 1211 4106 in
1258 4053 1402 4106 bono
1452 4049 1836 4121 perstitissent.

243 4149 371 4202 Non
401 4145 550 4216 quod
578 4143 726 4198 aliud
758 4142 920 4197 fuerit
950 4158 1113 4213 quam
1142 4156 1360 4195 manna.
1395 4141 1463 4193 Et
1487 4154 1677 4195 omnes
1698 4137 1846 4192 bibe-

242 4239 385 4290 runt
399 4234 657 4289 eumdem
677 4231 956 4303 potum,id
974 4240 1056 4285 est
1077 4246 1275 4301 aquam
1292 4230 1545 4283 ﬂuentem
1567 4227 1635 4281 de
1659 4233 1845 4296 petra:

244 4329 449 4393 potum
478 4322 601 4375 dico
629 4322 1032 4390 spiritualem;
1064 4319 1187 4390 quia
1217 4326 1404 4389 potum
1444 4314 1678 4372 122
1715 4329 1843 4367 san-

1924 682 2181 752 przedicta
2220 699 2330 736 non
2374 682 2547 737 solum
2596 698 2764 738 causa
2802 698 2988 737 eorum
3020 686 3179 753 facta
3224 687 3381 751 sunt,
3425 680 3522 735 sed

1927 771 2089 825 etiam
2120 773 2182 826 in
2210 773 2391 843 ﬁgura
2420 774 2623 828 nostri.
2673 773 2733 826 In
2782 772 3032 827 omnibus
3064 772 3207 825 enim
3250 770 3523 841 praedictis

1928 858 2155 931 ﬁgurata
2210 869 2292 915 est
2320 860 2518 915 veritas
2578 868 3060 929 sacramentorum,
3114 876 3233 931 quae
3263 860 3392 914 data
3439 865 3523 914 est

1928 950 2087 1005 nobis
2116 966 2215 1020 per
2246 950 2535 1004 Christum.
2572 951 2699 1004 Ideo
2729 950 2782 1003 in
2816 948 2990 1021 ﬁgura
3018 949 3192 1004 nostri
3214 950 3357 1003 facta
3377 955 3519 1014 sunt,

1928 1043 1995 1093 ut
2024 1056 2138 1093 non
2160 1040 2336 1094 simus
2368 1040 2827 1109 concupiscentes
2858 1040 3164 1105 milorum,
3189 1040 3341 1094 sicut
3362 1038 3525 1093 etilli

1930 1127 2208 1182 multoties
2240 1127 2381 1181 mala
2411 1129 2846 1199 concupierunt.

2002 1217 2102 1273 Hic
2131 1216 2326 1271 Paulus
2358 1233 2417 1271 se
2446 1216 2635 1271 inserit
2667 1216 2765 1285 eis,
2799 1224 2856 1270 ut
2902 1216 3096 1272 melius
3126 1233 3221 1272 eos
3264 1216 3525 1283 retrahat,

1932 1313 2153 1375 peccata
2185 1320 2416 1376 quorum
2447 1303 2826 1375 compatiendo
2866 1322 2963 1359 sua
2994 1305 3135 1360 facit.
3169 1306 3327 1360 Nunc
3376 1321 3529 1375 quaa-

1934 1391 2058 1444 dam
2086 1397 2313 1460 peccata
2343 1389 2654 1444 Judaeorum
2703 1389 2933 1460 reponit,
2968 1406 3087 1460 quae
3134 1390 3268 1445 vidit
3314 1390 3367 1443 in
3418 1390 3529 1443 Co-

1936 1479 2143 1533 rinthiis
2171 1495 2313 1545 esse,
2346 1478 2533 1533 dicens
2569 1497 2580 1532 :
2613 1479 2695 1532 Ne
2727 1478 2846 1532 sitis
2879 1478 3329 1549 concupiscentes
3360 1477 3532 1532 malo-

1936 1584 2078 1633 rum,
2108 1568 2330 1635 scilicet,
2366 1584 2542 1638 neque
2589 1566 2897 1622 efﬁciamini
2942 1567 3262 1623 idololatrae.
3297 1566 3397 1622 Hic
3420 1567 3532 1635 jam

1857 1684 1907 1743 Β
1937 1664 2151 1727 separat
2181 1673 2239 1711 se
2261 1657 2330 1710 ab
2360 1656 2466 1709 illis
2496 1656 2692 1727 quibus
2735 1656 2789 1709 in
2821 1656 3124 1712 idololatria
3154 1672 3263 1711 non
3295 1671 3530 1711 consen-

1937 1746 2024 1810 sit,
2047 1762 2135 1809 ne,
2160 1746 2402 1816 inquam,
2426 1746 2551 1800 sitis
2573 1746 2891 1801 idololatch
2916 1746 3063 1800 sicut
3089 1746 3315 1817 quidam
3336 1762 3530 1802 eorum

1936 1835 2172 1889 fuerunt.
2205 1834 2467 1889 Corinthii
2495 1842 2673 1889 autem
2720 1834 3023 1889 idololatrae
3054 1842 3207 1888 erant
3239 1853 3253 1900 ;
3288 1834 3411 1905 quia
3442 1833 3528 1889 vel

1938 1923 2401 1995 subﬂeneratione
2422 1923 2556 1977 idoli
2573 1923 2871 1993 idolothyta
2893 1923 3249 1979 comedebant
3272 1942 3286 1989 ;
3321 1922 3406 1979 vel
3421 1938 3530 1977 non

1936 2021 2188 2070 curantes
2218 1995 2498 2067 offendere
2541 2012 2764 2067 fratrem
2794 2012 3177 2067 manducando
3207 2011 3524 2082 idolothyta,

1936 2117 2103 2157 causa
2132 2109 2283 2155 erant
2315 2118 2478 2173 quare
2526 2100 2770 2155 inﬁrmus
2816 2100 2986 2156 frater
3029 2100 3314 2155 idololatra
3361 2108 3526 2169 esset,

1937 2199 1991 2247 et
2019 2191 2096 2247 sic
2124 2191 2192 2245 de
2222 2190 2526 2245 idololatria
2554 2190 2913 2246 accusabiles.
2966 2189 3268 2245 Idololatrae
3313 2189 3532 2245 fuerunt

1937 2280 2158 2352 quidam
2187 2279 2516 2347 Judaaorum,
2550 2279 3020 2352 quemadmodum
3049 2278 3117 2333 de
3141 2278 3220 2333 eis
3251 2280 3530 2349 scriptum

1938 2374 2021 2424 est
2038 2369 2093 2423 in
2111 2368 2303 2424 Exodo
2323 2386 2334 2421 :
2354 2368 2508 2424 Sedit
2516 2372 2764 2439 populus
2778 2368 3088 2423 Iudaeorum
3110 2367 3456 2422 manducare
3472 2370 3531 2422 et
3555 2428 3568 2444 .

1938 2458 2136 2521 bibere,
2169 2473 2290 2527 quae
2315 2456 2735 2512 immolaverunt
2762 2456 2926 2512 vitulo
2961 2456 3235 2521 conﬁatili,
3260 2460 3317 2511 et
3341 2462 3533 2525 postea

1938 2550 2319 2601 surrexerunt
2352 2544 2542 2600 ludere
2573 2545 2772 2616 (Exod.
2806 2560 2991 2612 xxxu,
3019 2549 3094 2615 6),
3126 2544 3182 2599 id
3203 2552 3285 2598 est
3306 2544 3534 2599 choreas

1940 2635 2163 2703 ducere,
2197 2641 2249 2689 et
2279 2642 2477 2689 caetera
2508 2650 2695 2689 coram
2726 2633 2891 2689 idolo.
2925 2633 3022 2689 Vel
3070 2640 3418 2689 surrexerunt
3446 2631 3532 2687 lu-

1940 2724 2089 2787 dere,
2122 2723 2177 2777 id
2206 2730 2288 2777 est
2317 2722 2521 2777 idolum
2552 2723 2784 2778 adorare
2820 2741 2831 2777 :
2868 2723 3014 2794 quod
3043 2722 3203 2776 ludus
3251 2730 3301 2776 et
3331 2720 3534 2776 derisio

1940 2812 2227 2867 videbatur
2272 2812 2341 2866 de
2382 2812 2487 2876 his,
2548 2811 2639 2882 qui
2684 2827 2782 2882 per
2824 2819 2899 2865 tot
2936 2810 3195 2866 miracula
3246 2818 3399 2865 erant
3446 2809 3534 2863 in-

1942 2901 2151 2956 structi.
2172 2902 2354 2972 Neque
2366 2902 2738 2971 foruicemur,
2757 2900 3146 2972 sicutquidam
3167 2916 3241 2955 ex
3263 2901 3402 2970 ipsis
3418 2901 3535 2969 for-

1942 2990 2123 3045 nicati
2154 2994 2290 3044 sunt
2320 3004 2443 3044 cum
2462 2988 2785 3055 Madianitis,
2810 2994 2865 3044 et
2886 2997 3180 3059 propterea
3202 2988 3533 3043 ceciderunt

1944 3080 2150 3149 viginti
2181 3080 2293 3133 tria
2322 3077 2511 3133 millia
2558 3079 2746 3148 (Num.
2781 3092 2922 3143 xxv,
2958 3082 3031 3147 t).
3064 3076 3374 3132 Fornicatio
3416 3082 3536 3131 erat

1942 3166 1998 3220 in
2030 3166 2341 3233 Corinthiis,
2373 3166 2505 3220 utin
2555 3182 2621 3221 eo
2670 3166 2759 3238 qui
2812 3167 3038 3221 duxerat
3076 3182 3302 3221 uxorem
3349 3162 3534 3235 patris,

1944 3257 2099 3325 cujus
2126 3271 2227 3325 per
2255 3270 2583 3310 consensum
2614 3255 2707 3309 alii
2735 3264 2888 3309 erant
2908 3255 3009 3309 rei.
3036 3256 3219 3325 [teque
3249 3256 3536 3309 tentemus

1948 3344 2253 3409 Christum,
2285 3344 2433 3399 sicut
2456 3345 2683 3415 quidam
2714 3360 2905 3399 eorum
2933 3347 3320 3411 tentaverunt,
3355 3341 3538 3397 dicen-

1946 3441 2053 3488 tes:
2079 3455 2100 3483 ι
2121 3432 2377 3503 Nunquid
2390 3432 2745 3502 poteritDeus
2766 3448 2961 3502 parare
2983 3449 3225 3487 mensam
3249 3431 3302 3484 in
3319 3431 3537 3485 deserto

1945 3523 2119 3592 (Psal.
2153 3536 2369 3587 Lxxvn,
2432 3521 2521 3591 19)
2556 3541 2577 3570 ››
2616 3529 2667 3574 et
2696 3520 2773 3574 illi
2804 3520 3080 3591 perierunt
3102 3536 3134 3574 a
3166 3518 3536 3589 serpentibus,

1945 3611 2332 3666 venenantibus
2364 3626 2479 3675 eos,
2513 3610 2687 3664 donec
2717 3611 2932 3679 Moyses
2976 3615 3288 3679 serpentem
3337 3622 3537 3662 a3reum

1947 3700 2117 3755 erexit
2148 3700 2203 3753 in
2230 3700 2400 3771 ligno,
2432 3715 2592 3770 quem
2622 3699 2710 3769 qui
2739 3699 3050 3753 Iudaeorum
3081 3696 3318 3762 videbat,
3355 3711 3420 3750 ea
3450 3694 3538 3749 die

1945 3805 1973 3843 a
2006 3788 2227 3844 laesione
2257 3797 2574 3859 serpentum
2604 3803 2827 3843 securus
2857 3796 2972 3842 erat
3004 3804 3017 3839 :
3052 3786 3141 3857 qui
3189 3802 3420 3856 serpens
3459 3783 3539 3838 si-

1946 3877 2224 3948 gniﬁcavit
2254 3878 2527 3932 Christum
2559 3877 2858 3932 secundum
2883 3875 3290 3940 humanitatem,
3315 3881 3372 3928 ut
3396 3873 3541 3928 idem

1946 3966 2000 4019 in
2030 3966 2332 4038 Evangelio
2360 3966 2611 4036 perhibet
2645 3980 2656 4019 :
2687 3986 2708 4015 α
2737 3965 2885 4020 Sicut
2907 3963 3165 4019 exaltavit
3190 3965 3406 4034 Moyses
3428 3978 3541 4017 ser-

1947 4062 2166 4125 pentem
2192 4054 2246 4108 in
2276 4055 2514 4123 deserto,
2560 4053 2640 4110 sic
2687 4061 2901 4124 oportet
2947 4052 3169 4108 exaltari
3200 4052 3389 4107 Filium
3434 4051 3538 4105 ho-

1947 4142 2108 4197 minis
2139 4144 2322 4213 (Joan.
2355 4159 2434 4211 tu,
2470 4145 2580 4214 14).
2622 4164 2643 4192 ι
2677 4142 2981 4197 Tentabant
3025 4140 3287 4196 Corinthii
3341 4141 3535 4203 Deum,

1949 4232 2078 4286 dum
2108 4231 2176 4286 de
2206 4231 2601 4286 resurrectione
2648 4231 2983 4298 dubitabant,
3035 4229 3192 4301 quasi
3243 4230 3390 4283 Deus
3432 4242 3542 4282 non

1948 4328 2153 4391 posset,
2188 4320 2449 4391 quidquid
2480 4336 2544 4375 ex
2572 4319 2809 4374 bonitate
2849 4318 3031 4373 vellet.
3070 4320 3251 4390 Neque
3271 4332 3537 4372 murmu-

246 4411 435 4483 guinis
451 4410 651 4464 Christi
674 4408 1019 4481 ﬁgurantem,
1044 4416 1096 4461 et
1117 4407 1260 4462 idem
1280 4407 1336 4460 in
1358 4404 1462 4459 ﬁde
1480 4404 1748 4459 valentem
1769 4401 1848 4456 eis
1875 4400 1928 4459 D
1950 4410 2233 4476 raveritis,
2270 4409 2414 4479 quod
2444 4409 2631 4479 utique
2660 4407 2931 4462 faciebant
2974 4406 3257 4471 Corinthii,
3310 4420 3541 4477 quorum

245 4501 293 4555 si
324 4499 457 4554 boni
479 4505 681 4551 essent.
697 4498 815 4552 Nec
835 4496 1007 4551 semel
1027 4495 1154 4550 inde
1178 4494 1447 4552 biberunt.
1474 4492 1572 4546 sed
1594 4491 1847 4547 bibebant

246 4589 467 4643 assidue
499 4588 565 4641 de
593 4590 776 4658 petra,
808 4586 865 4640 id
894 4593 977 4639 est
1006 4585 1075 4639 de
1106 4600 1243 4655 aqua
1277 4589 1527 4636 manante
1575 4580 1644 4635 de
1692 4588 1848 4650 petra

248 4681 628 4747 consequente
656 4691 763 4741 eos,
798 4674 925 4745 quia
957 4688 1285 4744 quocunque
1334 4671 1480 4724 ibant
1512 4669 1568 4722 in
1606 4668 1842 4734 deserto,

251 4782 393 4837 aqua
425 4764 521 4818 illa
562 4764 885 4834 sequebatur
925 4763 1068 4817 illos.
1123 4763 1293 4816 Petra
1322 4760 1444 4815 dico
1476 4756 1757 4828 spirituali,
1793 4754 1849 4808 id

252 4863 337 4910 est
358 4852 699 4923 spiritualem
731 4859 936 4921 petram
968 4850 1241 4905 Christum
1272 4846 1633 4920 signiﬁcante.
1669 4844 1848 4912 Quare

247 4959 360 4997 non
391 4940 585 5006 semel,
620 4940 717 4995 sed
746 4940 1000 4996 continue
1029 4938 1286 4992 bibebant
1318 4955 1333 5003 ;
1369 4936 1496 5007 quia
1526 4950 1633 4989 non
1656 4931 1849 4987 suﬂicit

246 5031 411 5086 nobis
444 5029 535 5101 qui
566 5029 803 5101 quotidie
841 5028 896 5081 in
928 5034 1211 5098 peccatum
1261 5024 1496 5079 labimur
1542 5022 1713 5077 semel
1757 5038 1846 5075 su-

248 5135 401 5174 mere
434 5117 757 5189 sanguinem
788 5116 1008 5182 Christi,
1052 5115 1173 5186 quia
1223 5114 1364 5170 sicut
1412 5112 1653 5183 quotidie
1693 5111 1849 5166 cadi-

248 5224 391 5273 mus,
428 5206 509 5261 sic
532 5206 651 5277 jugi
679 5205 1037 5260 medicamine
1068 5220 1315 5275 egemus.
1352 5205 1521 5257 Petra
1543 5205 1737 5256 autem
1758 5200 1850 5253 illa

248 5297 395 5351 unde
426 5295 679 5349 manabat
710 5310 872 5366 aqua,
916 5298 1040 5350 erat
1090 5293 1363 5359 Christus,
1396 5291 1465 5345 de
1494 5290 1650 5357 cujus
1681 5289 1850 5343 latere

248 5385 401 5439 ﬂuxit
432 5399 575 5455 aqua
603 5390 806 5438 nostra;
834 5380 1288 5455 regenerationis.
1322 5381 1391 5434 Et
1413 5379 1538 5435 licet
1561 5386 1640 5434 tot
1662 5393 1850 5434 sacra-

246 5482 434 5529 menta
451 5471 932 5543 habuerintpatres
944 5470 1136 5537 nostri,
1158 5474 1352 5526 tamen
1373 5484 1489 5525 non
1509 5469 1571 5523 in
1594 5468 1851 5540 pluribus

1948 4498 2163 4569 quidam
2214 4497 2467 4553 dicebant
2514 4497 2737 4551 Paulum
2788 4512 2897 4551 non
2938 4512 3063 4551 esse
3109 4494 3435 4566 apostolum,
3487 4501 3540 4548 et

1947 4587 2145 4641 similia
2169 4606 2183 4642 :
2205 4589 2353 4643 sicut
2370 4587 2596 4659 quidam
2614 4586 2920 4641 Judaaorum
2946 4586 3536 4648 murmurauerunt,ut

1947 4676 2042 4730 filii
2074 4676 2212 4731 Core
2243 4683 2296 4730 et
2329 4676 2539 4730 Dathan
2568 4682 2619 4729 et
2652 4674 2874 4740 Abiron,
2905 4674 3152 4730 dicentes
3185 4673 3408 4743 Moysen
3423 4686 3534 4725 non

1948 4780 2013 4819 ex
2043 4773 2318 4835 praecepto
2350 4765 2450 4819 Dei
2486 4779 2813 4819 consecrare
2844 4765 3026 4817 Aaron
3074 4763 3129 4815 in
3175 4760 3534 4829 sacerdotem,

1947 4854 2044 4909 sed
2072 4869 2172 4923 pro
2203 4854 2531 4909 exultatione
2563 4853 2647 4907 sui
2677 4852 2899 4925 generis
2931 4870 2944 4918 ;
2981 4856 3037 4907 et
3069 4852 3188 4906 ideo
3238 4851 3538 4920 perierunt

1949 4943 2015 4998 ab
2044 4945 2516 5009 exterminatore,
2546 4942 2601 4996 id
2631 4948 2711 4996 est
2766 4958 2795 4995 a
2825 4939 3161 5011 percutiente
3190 4938 3406 5011 angelo.

2017 5030 2324 5085 Notandum
2355 5040 2437 5086 est
2464 5030 2627 5102 quod,
2663 5030 2788 5101 quia
2814 5029 2985 5084 Judaei
3033 5028 3195 5083 rudes
3233 5035 3406 5093 erant,
3441 5041 3543 5082 nec

1949 5117 2249 5187 spiritualia
2278 5135 2476 5190 capere
2504 5125 2729 5190 possent
2759 5138 2777 5185 ;
2808 5118 2930 5172 ideo
2960 5116 3014 5170 in
3055 5116 3369 5173 carnalibus
3418 5132 3544 5170 ser-

1948 5205 2065 5261 vire
2095 5208 2209 5263 Deo
2239 5208 2580 5279 propositum
2624 5206 2721 5260 fuit
2760 5206 2887 5259 illis.
2939 5206 3007 5259 Et
3058 5206 3194 5261 sicut
3245 5205 3298 5258 in
3341 5202 3546 5259 carnali

1947 5296 2205 5352 servitute
2234 5297 2591 5361 offendentes,
2645 5295 2943 5351 secundum
2980 5310 3204 5351 carnem
3234 5292 3541 5365 punieban-

1951 5391 2039 5439 tur
2068 5404 2082 5449 ;
2116 5386 2194 5442 sic
2225 5395 2277 5442 et
2307 5403 2407 5442 nos
2431 5386 2625 5458 quibus
2656 5384 2955 5456 spiritualia
2986 5385 3108 5439 data
3140 5390 3282 5448 sunt,
3312 5381 3357 5434 si
3387 5380 3442 5436 in
3464 5379 3545 5435 eis

1952 5473 2297 5543 olfendltnus,
2332 5476 2632 5532 secundum
2674 5473 2908 5529 animam
2954 5472 3258 5544 puniemur.
3302 5470 3425 5525 Non
3457 5484 3546 5523 so-
