3960 6036
454 207 557 262 1⁸75

1011 206 1067 262 S.
1108 204 1462 264 BRUNONIS
1499 200 2147 263 CARTHUSIANORUM
2184 203 2666 261 lNSTITUTORIS
2705 204 2858 262 OPP.
2901 203 3077 261 PARS
3113 204 3181 260 II.

3639 203 3744 257 1⁸76

451 332 563 386 lum
586 332 849 403 praedicta
881 340 1223 388 sacramenta
1252 332 1309 387 in
1338 331 1514 404 figura
1541 332 1712 388 nostri
1741 346 2044 402 praecesse—
2063 333 2120 393 A
2149 329 2195 385 si
2222 330 2387 402 digne
2417 330 2703 397 sumimus,
2726 339 2779 386 et
2800 346 2833 385 a
2853 330 3127 402 prioribus
3147 328 3388 401 peccatis
3421 327 3741 392 liberamur,

454 429 596 488 runt,
630 421 726 477 sed
772 421 936 475 etiam
980 420 1096 477 haec
1135 422 1335 489 omnia,
1377 429 1429 477 et
1474 430 1723 493 peccata,
1773 429 1826 476 et
1870 437 2048 491 pinnae

452 518 818 580 peccatorum,
844 511 1245 582 contingebant
1270 512 1389 567 illis
1404 513 1468 566 in
1487 511 1669 582 ﬁgura
1690 508 1862 564 nostri
1884 527 1898 575 ;
1923 509 2051 581 quia

453 599 500 653 si
528 598 604 652 illi
643 597 874 654 123
910 606 1191 654 manentes
1238 599 1294 653 in
1323 600 1533 666 umbra,
1568 614 1667 670 pro
1699 608 2049 670 transgressu

451 686 661 742 umbrae
689 687 930 742 damnati
981 696 1125 755 sunt,
1168 696 1367 759 quanto
1397 688 1576 760 magis
1613 702 1736 756 nos,
1770 686 1817 740 si
1844 686 1899 740 in
1930 686 2050 757 ipsa

451 776 680 831 veritate
720 791 1011 847 peccamus
1032 777 1060 831 εν
1083 776 1207 831 Non
1238 776 1414 831 solum
1464 776 1579 832 haec
1624 776 1733 830 illis
1773 778 1836 831 in
1866 776 2049 847 ﬁgura

452 865 627 921 nostri
657 866 965 938 contigere,
997 865 1094 922 sed
1124 865 1286 921 etiam
1316 867 1529 938 scripta
1552 868 1688 920 sunt
1711 864 1826 920 hare
1843 864 1914 919 ad
1933 872 2057 920 cor-'

451 956 768 1027 reptionem
788 959 1062 1022 nostram,
1097 963 1154 1009 ut
1177 972 1274 1026 per
1303 955 1550 1025 exempla
1572 970 1760 1010 eorum
1781 953 2047 1024 corripia-

452 1059 588 1098 mur.
621 1044 883 1099 Nostram
912 1043 1056 1110 dico,
1090 1044 1152 1098 in
1182 1060 1316 1115 quos
1337 1044 1683 1098 devenerunt
1699 1043 1844 1112 fines
1864 1057 2047 1097 saecu-

454 1133 633 1188 lorum
668 1152 686 1199 ;
719 1131 842 1203 quia
864 1140 1345 1203 quantumcunque
1375 1132 1634 1186 duratura
1662 1132 1770 1185 sint
1800 1133 1916 1186 hinc
1946 1147 2048 1186 8(8-

453 1222 605 1287 cula,
637 1236 738 1276 nos
767 1229 950 1276 tamen
978 1221 1120 1290 ﬁnes
1152 1222 1415 1276 habemus
1447 1240 1461 1286 ;
1495 1221 1623 1293 quia
1659 1220 1715 1274 hi
1744 1221 1900 1286 ritus,
1953 1219 2047 1291 qui

452 1326 549 1380 per
575 1310 935 1381 Evangelium
967 1310 1075 1364 dati
1105 1317 1249 1377 sunt,
1283 1308 1413 1364 fiunt
1440 1310 1615 1364 ultimi
1636 1309 1788 1363 ritus.
1819 1309 1889 1362 Et
1918 1308 2042 1379 ipsi,

454 1398 694 1471 quandiu
724 1399 958 1453 mundus
990 1398 1112 1467 erit,
1148 1414 1257 1454 non
1279 1397 1550 1454 finientur.
1582 1398 1677 1453 Vel
1699 1398 1773 1452 ita
1807 1413 1818 1451 :
1851 1398 1915 1452 In
1944 1413 2045 1452 nos

451 1488 800 1543 devenerunt
826 1487 970 1556 ﬁnes
999 1489 1334 1544 saeculorum
1366 1529 1380 1556 ,
1429 1487 1552 1559 quia
1581 1485 1728 1541 finita
1758 1494 1840 1541 est
1868 1486 2046 1541 omnis

452 1575 805 1642 saecularitas,
862 1576 1070 1632 scilicet
1112 1584 1359 1632 veterum
1399 1576 1599 1631 rituum
1650 1575 1963 1640 carnalitas,
1993 1582 2046 1629 et

454 1664 650 1720 tradita
682 1673 764 1720 est
790 1665 949 1720 nobis
978 1665 1098 1735 ipsa
1127 1665 1344 1720 veritas.
1377 1664 1831 1735 Quandoquidem
1863 1663 2046 1734 priora

449 1761 791 1809 sacramenta
819 1753 1061 1824 patribus
1088 1754 1291 1809 nostris
1312 1754 1443 1808 nihil
1474 1752 1794 1824 profuerunt
1822 1760 2047 1823 propter

453 1851 757 1915 peccatum,
789 1849 840 1898 et
870 1843 986 1898 haec
1006 1843 1077 1898 ad
1098 1851 1339 1898 nostram
1361 1842 1663 1898 doctrinam
1683 1841 1880 1912 scripta
1897 1849 2040 1896 sunt.

522 1933 737 2004 Itaque,
771 1931 826 1986 id
843 1939 923 1985 est
943 1939 1234 2002 propterea
1254 1931 1343 1986 ille
1373 1939 1607 1987 vestrum
1630 1931 1725 2002 qui
1753 1947 1811 1986 se
1840 1930 2044 1986 existi-

450 2025 574 2076 mat
593 2025 764 2090 stare,
798 2019 1003 2076 scilicet
1054 2020 1147 2091 qui
1193 2036 1323 2075 sane
1371 2020 1625 2092 intelligit
1673 2019 1742 2074 de
1778 2017 2044 2075 creaturis

452 2108 572 2176 Dei,
608 2108 821 2179 sibique
851 2108 1019 2164 licere
1047 2108 1250 2177 omnia,
1269 2109 1455 2164 videat
1475 2125 1546 2163 ne
1567 2108 1733 2163 cadat
1753 2124 1852 2177 per
1871 2106 2043 2162 oﬂen-

448 2196 686 2253 diculum
717 2196 914 2251 fratris.
946 2197 1032 2262 Et,
1067 2213 1135 2251 ne
1168 2197 1220 2251 in
1252 2196 1356 2252 hoc
1385 2197 1552 2252 verbo
1583 2196 1710 2268 quia
1730 2196 1942 2251 dixerat
1962 2197 2043 2251 vi-

449 2286 579 2342 deat
602 2301 674 2341 ne
694 2286 881 2352 cadat,
902 2286 1255 2341 turbarentur
1270 2284 1554 2351 Corinthii,
1580 2284 1819 2341 scientes
1834 2284 2041 2353 justum

391 2418 398 2431 .
449 2373 613 2430 etiam
667 2373 869 2445 septies
916 2373 971 2428 in
1000 2374 1088 2429 die
1138 2374 1354 2439 cadere,
1390 2374 1715 2429 determinat
1744 2373 1942 2428 Paulus
1972 2373 2040 2427 de

451 2479 556 2535 quo
586 2478 718 2519 casu
752 2461 1039 2535 intelligat,
1083 2462 1271 2518 dicens
1305 2479 1317 2518 :
1361 2464 1549 2519 Videat
1576 2464 1805 2534 quisque
1836 2480 1907 2518 ne
1945 2478 2039 2518 ca-

446 2552 564 2619 dat,
599 2552 675 2607 sic
697 2559 753 2606 ut
774 2568 889 2608 non
910 2551 1297 2625 apprehendat
1318 2569 1408 2608 vos
1432 2554 1695 2620 tentatio,
1722 2551 1777 2606 id
1798 2558 1880 2606 est
1896 2550 2042 2606 dele-

426 2640 609 2696 ctatio
637 2640 866 2711 peccati,
897 2643 1015 2696 nisi
1043 2657 1162 2712 quae
1191 2640 1259 2694 sit
1287 2641 1558 2706 humana,
1590 2639 1646 2695 id
1677 2648 1760 2695 est
1788 2638 2037 2695 necessi-

444 2736 554 2785 tate
584 2730 764 2785 carnis
801 2729 1045 2795 veniens,
1080 2729 1286 2785 scilicet
1323 2728 1571 2784 venialis.
1622 2727 1778 2796 Quod
1826 2729 1894 2783 ad
1938 2744 2037 2785 vos

444 2818 697 2889 pertinet,
732 2817 912 2872 videte
943 2826 997 2871 ut
1028 2816 1237 2874 faciatis
1271 2837 1286 2885 ;
1315 2817 1440 2889 quia
1479 2820 1614 2873 Deus
1644 2817 1828 2886 ﬁdelis
1863 2820 1948 2872 est
1985 2825 2038 2872 et

444 2922 607 2963 verax
638 2906 691 2960 in
722 2905 1024 2978 promissis,
1059 2906 1150 2977 qui
1180 2905 1371 2961 ﬁdeles
1402 2921 1530 2961 suos
1559 2906 1614 2960 in
1634 2905 1783 2961 nullo
1800 2904 2032 2971 deserit;

441 2994 532 3067 qui
561 2996 708 3050 Deus
729 3012 843 3052 non
860 2998 1123 3067 patietur
1148 3011 1236 3052 vos
1255 2995 1472 3050 tentari
1491 3012 1664 3066 supra
1686 2994 1743 3050 id
1762 2993 1905 3067 quod
1926 2994 2034 3065 pati

439 3084 703 3156 potestis.
744 3084 1052 3139 Secundum
1101 3084 1246 3139 enim
1291 3084 1436 3156 quod
1474 3083 1621 3139 videt
1664 3083 2034 3139 fortitudinem

442 3172 527 3227 vel
557 3173 900 3227 teneritatem
931 3173 1213 3243 cujusque,
1244 3172 1621 3228 tribulationes
1642 3171 1899 3243 disponit.
1918 3172 2035 3228 Nec

442 3260 616 3316 solum
650 3278 765 3317 non
790 3262 1049 3334 patietur
1082 3277 1173 3318 vos
1209 3278 1385 3333 supra
1420 3262 1643 3317 modum
1676 3261 1907 3327 tentari,
1940 3261 2036 3317 sed

439 3349 602 3404 etiam
632 3351 810 3420 faciet
837 3350 989 3406 vobis
1011 3367 1141 3406 cum
1165 3353 1485 3407 tentatione
1502 3354 1859 3423 proventum,
1882 3350 1939 3405 id
1951 3358 2035 3405 est

438 3447 492 3494 et
521 3446 875 3511 augmentum
915 3439 1126 3495 virtutis
1154 3454 1262 3512 qua
1290 3439 1671 3510 perseveretis,
1695 3448 1752 3494 et
1778 3455 2036 3511 augmen-

439 3535 547 3582 tum
565 3527 926 3583 tribulationis
946 3543 958 3581 :
980 3530 1177 3599 faciet,
1201 3527 1344 3595 dico,
1368 3529 1454 3583 ita
1476 3532 1541 3584 ut
1565 3544 1657 3584 vos
1672 3528 1898 3601 possitis
1919 3544 2036 3583 sus-

438 3618 641 3683 tinere,
673 3632 742 3672 ne
780 3617 835 3671 in
874 3615 1217 3671 tribulatione
1247 3614 1533 3671 deficiatis.

508 3708 750 3777 Pr0pter
778 3705 942 3777 quod,
974 3705 1029 3759 id
1058 3713 1141 3759 est
1171 3704 1293 3775 quia
1322 3705 1618 3760 videndum
1649 3712 1732 3760 est
1755 3703 1933 3770 stanti,
1959 3720 2032 3760 ne

440 3793 629 3859 cadat,
661 3800 715 3847 et
743 3793 891 3847 Deus
906 3800 1105 3863 praesto
1135 3800 1217 3846 est
1246 3792 1339 3862 qui
1360 3808 1577 3847 manum
1605 3792 1869 3863 porrigat.
1902 3792 2032 3847 Ideo

435 3883 620 3952 fugite
649 3898 685 3935 a
714 3882 947 3936 cultura
978 3881 1293 3948 idolorum;
1317 3880 1362 3935 si
1382 3882 1489 3937 hoc
1511 3879 1705 3947 facitis,
1732 3889 1857 3936 tunc
1879 3881 2031 3935 eritis

435 3968 580 4024 mihi
607 3969 950 4024 charissimi.
977 3968 1189 4041 Fugere
1210 3986 1243 4023 a
1264 3969 1496 4024 cultura
1516 3970 1793 4025 idolorum
1819 3970 1958 4026 dicit
1978 3977 2033 4025 et

432 4055 659 4111 infirmis
689 4057 783 4128 qui
824 4057 926 4111 sub
973 4057 1326 4113 veneratione
1371 4058 1501 4113 idoli
1546 4058 1925 4125 comedebant,
1978 4067 2031 4114 et

436 4147 522 4201 his
551 4145 662 4218 qui,
694 4145 818 4202 licet
850 4162 995 4201 sanae
1038 4145 1165 4200 fidei
1215 4154 1418 4215 essent,
1470 4155 1647 4202 tamen
1679 4162 1847 4202 causa
1877 4154 2031 4202 erant

437 4252 543 4307 qua
574 4234 801 4290 fratrum
818 4233 1097 4289 inﬁrmitas
1126 4244 1590 4306 corrumperetur.
1614 4237 1681 4290 Et
1710 4244 1767 4290 ut
1790 4236 2029 4308 fugiatis

436 4341 471 4379 a
500 4325 729 4380 cultura
764 4324 1061 4391 idolorum,
1096 4341 1210 4379 rem
1242 4324 1493 4379 subtilem
1524 4325 1770 4381 dicturus
1801 4341 1944 4392 sum,
1976 4324 2031 4378 in

2150 427 2205 474 et
2233 428 2419 475 contra
2458 420 2733 476 venientia
2762 419 3149 485 confortamur;
3174 421 3267 475 cui
3287 418 3441 474 calici
3457 433 3558 473 nos
3578 417 3742 473 bene-

2151 507 2411 577 dicimus,
2444 508 2727 564 laudantes
2756 526 2903 575 eum,
2937 509 3083 580 quod
3110 523 3387 580 nunquam
3432 504 3745 576 hujusmodi

2148 596 2284 653 calix
2315 597 2497 666 fuerit,
2546 598 2638 671 qui
2685 607 2737 653 et
2774 615 2804 653 a
2832 598 3072 669 peccatis
3102 597 3378 665 liberaret,
3411 604 3481 661 et_
3503 611 3573 650 ne
3604 594 3746 650 ultra

2147 702 2504 757 peccaremus
2531 686 2886 743 confortaret.
2919 687 3016 743 Vel
3044 689 3205 743 calix
3236 686 3664 750 benedictionis,
3683 682 3743 738 id

2148 783 2231 831 est
2259 793 2420 848 quem
2450 777 2566 847 ipse
2597 778 2746 832 Deus
2788 776 3063 832 benedicit
3110 784 3163 831 et
3208 782 3510 839 consecrat,
3562 781 3613 828 et
3655 771 3746 828 cui

2146 880 2249 919 nos
2278 865 2652 921 benedicimus
2686 882 2789 937 per
2827 864 3067 920 officium
3095 873 3341 920 nostrum
3374 881 3388 918 :
3418 865 3566 918 Deus
3595 860 3743 917 enim

2149 950 2252 1006 hoc
2280 948 2444 1005 efﬁcit
2463 966 2561 1021 per
2589 950 2927 1006 sacerdotem
2958 950 3286 1005 ministrum.
3322 948 3420 1005 Hic
3436 948 3618 1019 itaque
3639 962 3742 1003 ca-

2145 1037 2220 1092 lix
2250 1055 2439 1095 nonne
2470 1043 2555 1095 est
2583 1041 3026 1095 communicatio
3063 1040 3365 1110 sanguinis
3392 1037 3653 1094 Christi?
3686 1035 3745 1090 id

2146 1135 2229 1182 est
2255 1142 2266 1181 :
2300 1143 2481 1183 nonne
2499 1144 2599 1198 per
2620 1127 2940 1199 sanguinem
2961 1136 3298 1199 assumptum
3322 1126 3541 1181 unimur
3561 1122 3746 1180 Chris-

2146 1225 2220 1283 to,
2237 1216 2446 1288 ipsique
2465 1216 2875 1273 conformamur
2891 1219 2919 1272 ?
2938 1218 3005 1272 Et
3027 1218 3210 1289 panis,
3233 1216 3286 1271 id
3311 1224 3393 1270 est
3411 1230 3600 1271 verum
3615 1228 3741 1270 cor-

2144 1322 2248 1376 pus
2269 1306 2488 1373 Christi,
2508 1305 2600 1378 qui
2629 1307 2729 1360 sub
2747 1306 2929 1377 specie
2950 1305 3064 1361 sola
3083 1305 3243 1376 panis
3265 1304 3543 1375 accipitur.
3562 1303 3741 1359 Panis

2145 1394 2266 1449 dico
2292 1411 2455 1467 quem
2486 1411 2587 1450 nos
2616 1395 2670 1449 in
2699 1395 2853 1450 altari
2899 1395 3238 1467 frangimus,
3270 1401 3328 1448 ut
3375 1392 3519 1465 quod
3567 1407 3738 1447 unum

2144 1490 2225 1539 est
2254 1484 2307 1537 in
2338 1484 2562 1539 veritate
2591 1484 2737 1555 (licet
2766 1484 2836 1538 ita
2867 1483 3160 1554 videatur),
3185 1482 3400 1539 sciendi
3423 1491 3604 1536 tamen
3623 1495 3733 1536 non

2144 1580 2338 1643 potest,
2398 1572 2702 1628 dividentes
2752 1571 3124 1646 significemus
3173 1587 3295 1639 nos,
3352 1571 3442 1643 qui
3499 1570 3735 1626 diversa

2072 1694 2125 1753 B
2145 1677 2395 1732 personae
2425 1678 2628 1728 sumus,
2661 1678 2827 1716 unum
2854 1659 2974 1717 fieri
2999 1662 3054 1715 in
3085 1660 3318 1717 Christo.
3354 1659 3471 1727 Hic,
3491 1659 3731 1731 inquam,

2140 1753 2310 1823 panis
2340 1769 2502 1824 quem
2529 1754 2871 1823 frangimus,
2897 1767 3086 1808 nonne
3113 1754 3198 1806 est
3224 1750 3585 1822 participatio
3614 1763 3736 1804 cor-

2143 1843 2295 1911 poris
2327 1840 2596 1897 Domini?
2624 1840 2678 1895 id
2707 1849 2790 1896 est
2823 1857 2835 1895 :
2868 1855 3049 1895 nonne
3078 1855 3177 1910 per
3195 1839 3298 1894 hoc
3327 1853 3523 1908 corpus
3558 1838 3734 1892 Deum

2143 1929 2199 1982 in
2215 1928 2372 1985 nobis
2400 1929 2664 2000 capimus,
2699 1944 2932 2000 eumque
2952 1926 3110 1983 nobis
3127 1928 3537 1998 incorporamus
3555 1926 3583 1981 ?
3602 1926 3733 1980 Ideo

2144 2017 2200 2071 in
2229 2018 2441 2073 duabus
2480 2017 2816 2085 substantiis,
2849 2016 3094 2089 corporis
3137 2016 3344 2073 scilicet
3374 2024 3428 2071 et
3454 2014 3736 2088 sanguinis

2144 2105 2472 2162 sacrificium
2500 2106 2561 2163 1
2577 2106 2737 2163 24
2750 2108 2854 2163 hoc
2866 2108 3013 2162 Deus
3024 2106 3251 2161 instituit
3270 2124 3285 2173 ;
3315 2112 3373 2160 ut
3393 2120 3493 2176 per
3514 2118 3735 2160 carnem

2140 2194 2195 2249 in
2225 2195 2379 2249 altari
2426 2196 2680 2251 traditam
2727 2196 3038 2252 ostenderet
3085 2212 3145 2251 se
3189 2195 3459 2250 redimere
3508 2208 3730 2249 carnem

2141 2292 2405 2352 nostram,
2462 2301 2562 2356 per
2606 2286 2722 2340 haec
2768 2294 3115 2341 sacramenta
3158 2284 3212 2338 in
3272 2281 3735 2354 incorruptionem

2142 2375 2469 2445 quandoque
2493 2373 2926 2429 transferendam
2957 2393 2970 2441 ;
3004 2382 3057 2430 et
3087 2391 3187 2446 per
3217 2373 3540 2444 sanguinem
3569 2386 3734 2443 quem

2140 2462 2325 2529 tradit,
2358 2462 2661 2518 insinuaret
2689 2479 2748 2518 se
2780 2462 3025 2518 similiter
3051 2463 3336 2518 redimisse
3364 2462 3602 2516 animam
3633 2474 3734 2515 no-

2140 2559 2307 2607 stram
2340 2552 2442 2618 ;ad
2472 2553 2619 2623 quod
2648 2553 2717 2607 de
2746 2552 2925 2608 anima
2955 2552 3339 2607 insinuandum
3364 2569 3377 2606 :
3403 2551 3531 2623 quia
3552 2566 3609 2606 re
3645 2548 3732 2604 in-

2139 2640 2407 2711 corporali
2437 2641 2512 2695 uti
2565 2657 2673 2696 non
2701 2641 2894 2712 potuit,
2927 2641 3094 2713 digne
3122 2657 3224 2712 per
3263 2640 3608 2713 sanguinem,
3639 2637 3735 2710 qui

2137 2729 2300 2784 sedes
2329 2729 2524 2785 animae
2551 2730 2767 2796 dicitur,
2799 2729 3035 2784 animam
3068 2728 3339 2801 figuravit.
3362 2731 3479 2785 Nec
3506 2729 3563 2783 in
3590 2728 3732 2783 duas

2137 2818 2473 2873 substantias
2502 2818 2796 2885 distribuit,
2828 2826 2885 2873 ut
2912 2819 3161 2875 diversas
3197 2826 3385 2890 partes
3412 2819 3531 2888 ejus
3561 2817 3727 2872 intel-

2136 2906 2352 2979 ligeret.
2392 2905 2497 2976 Qui
2525 2907 2671 2962 enim
2696 2907 3023 2979 sanguinem
3054 2915 3279 2975 tantum,
3305 2906 3392 2962 vel
3412 2923 3614 2978 corpus
3634 2921 3727 2962 so-

2136 2994 2267 3061 lum,
2329 3004 2499 3051 totum
2553 2996 2795 3068 accipit:
2844 2996 2936 3069 qui
2990 3004 3277 3067 utrumque
3335 2996 3549 3066 accipit,
3612 3010 3725 3050 non

2138 3084 2313 3157 magis
2359 3101 2457 3155 per
2499 3093 2807 3157 utrumque,
2859 3100 3025 3157 quam
3073 3102 3173 3156 per
3215 3085 3442 3140 alterum
3497 3083 3719 3155 accipit.

2137 3171 2298 3240 Quod
2326 3189 2523 3245 corpus
2553 3173 2689 3230 sicut
2719 3190 2848 3229 vera
2896 3189 3022 3230 caro
3069 3173 3269 3228 Christi
3299 3181 3382 3229 est
3413 3173 3514 3228 sub
3542 3172 3727 3244 specie

2133 3261 2307 3332 panis,
2338 3261 2410 3317 ita
2446 3278 2544 3333 per
2570 3262 2740 3318 solam
2786 3261 3024 3333 speciem
3063 3263 3334 3329 atteritur,
3382 3261 3718 3327 diminuitur,

2133 3350 2189 3405 in
2218 3359 2403 3422 partes
2451 3351 2722 3411 dividitur.
2756 3367 2881 3407 cum
2928 3351 2985 3406 in
3030 3352 3254 3407 veritate
3296 3350 3724 3422 incorruptibile,

2132 3439 2486 3507 indivisibile,
2517 3439 2787 3511 impotens
2817 3440 3043 3495 diminui
3073 3448 3410 3511 permaneat.
3456 3440 3597 3495 Vere
3624 3454 3726 3510 per

2133 3528 2506 3599 acceptionem
2538 3528 2816 3601 sanguinis
2864 3536 2921 3583 et
2962 3529 3212 3600 corporis
3259 3528 3463 3584 Christi
3507 3528 3726 3583 unimur

2133 3617 2378 3685 Christo;
2399 3619 2667 3690 quoniam
2683 3618 2858 3673 multi
2875 3634 3071 3674 sumus
3090 3634 3241 3673 unus
3260 3617 3512 3690 panis,id
3523 3625 3606 3673 est
3625 3617 3729 3673 sic-

2130 3714 2188 3760 ut
2216 3705 2271 3759 in
2298 3722 2438 3776 pane
2479 3706 2692 3762 diversa
2732 3721 2903 3778 grana
2950 3706 3004 3760 in
3042 3706 3301 3762 unitatem
3346 3706 3501 3777 panis
3543 3714 3726 3761 trans-

2100 3817 2102 3819 ’
2133 3803 2280 3863 eunt,
2313 3795 2387 3849 ita
2416 3803 2468 3850 et
2497 3810 2598 3850 nos
2626 3795 2841 3849 unimur
2876 3794 3002 3863 fide,
3051 3811 3148 3866 spe
3198 3803 3252 3850 et
3299 3795 3581 3851 cbaritate.
3614 3797 3727 3852 Su-

2131 3899 2258 3939 mus
2290 3884 2455 3938 etiam
2484 3886 2657 3940 multi
2680 3900 2860 3940 unum
2877 3901 3078 3955 corpus
3101 3884 3399 3939 secundum
3430 3884 3725 3939 diversita—

2132 3975 2242 4022 tem
2270 3968 2638 4023 membrorum
2667 3968 2770 4023 sibi
2800 3968 3032 4025 invicem
3083 3968 3139 4022 in
3165 3968 3370 4023 unitate
3420 3968 3728 4024 dilectionis

2133 4056 2610 4111 subservientium.
2644 4058 2758 4113 Nos
2815 4072 3007 4112 omnes
3054 4072 3241 4111 sumus
3284 4073 3436 4113 unus
3467 4057 3634 4129 panis
3664 4060 3724 4113 et

2133 4161 2312 4200 unum
2341 4162 2542 4218 corpus
2576 4164 2590 4201 :
2623 4147 2719 4218 qui
2731 4147 3143 4218 participamus
3178 4145 3244 4201 de
3274 4153 3387 4201 uno
3401 4161 3552 4217 pane
3571 4149 3627 4201 et
3654 4144 3723 4201 de

2132 4249 2245 4288 uno
2276 4235 2472 4301 calice,
2504 4234 2560 4289 id
2589 4241 2672 4290 est
2699 4234 2767 4289 de
2795 4249 3024 4306 corpore
3040 4242 3091 4289 et
3121 4234 3387 4307 sanguine
3408 4233 3606 4288 Christi
3624 4248 3726 4304 per

2131 4338 2293 4393 quem
2322 4323 2607 4378 connimur
2635 4323 2871 4392 Christo,
2920 4323 3336 4394 incorporantes
3383 4339 3508 4378 eum
3536 4322 3716 4378 nobis.

439 4427 545 4483 qua
577 4413 768 4484 loquor
797 4412 951 4467 vobis
980 4428 1090 4466 non
1119 4421 1173 4467 ut
1195 4413 1551 4483 simplicibus,
1578 4413 1674 4469 sed
1696 4417 1760 4469 ut
1775 4415 2030 4486 pruden—
2058 4404 2110 4464 D
2202 4411 2364 4466 Modo
2396 4412 2697 4467 secundum
2727 4412 3097 4481 Ambrosium,
3122 4411 3266 4482 quod
3299 4411 3542 4484 sequitur
3568 4410 3726 4468 dica-

440 4501 590 4556 tibus
621 4521 639 4569 ,-
670 4507 721 4554 et
741 4500 866 4555 ideo
894 4517 985 4557 vos
1018 4502 1129 4571 ipsi
1148 4501 1424 4570 judicate,
1460 4501 1515 4555 id
1538 4509 1620 4556 est
1642 4509 1843 4572 quanto
1860 4501 2031 4556 subti-

435 4589 540 4644 lius
570 4589 814 4660 potestis,
839 4590 985 4659 apud
1007 4605 1103 4644 vos
1132 4590 1381 4646 discutite
1408 4591 1513 4646 hoc
1542 4591 1683 4663 quod
1708 4590 1866 4646 vobis
1886 4592 2028 4647 dico.

438 4678 714 4734 Summam
744 4678 1022 4733 sententia;
1068 4678 1309 4733 breviter
1330 4686 1487 4733 extra
1513 4678 1870 4750 colligamus:
1903 4679 2030 4734 Ideo

439 4766 634 4839 fugere
660 4766 871 4821 debetis
901 4781 934 4820 a
985 4766 1193 4821 cultura
1239 4766 1510 4821 idolorum
1545 4785 1560 4833 ;
1594 4766 1740 4838 quia,
1774 4766 1913 4822 sicut
1939 4766 2031 4822 ille

440 4855 529 4926 qui
560 4854 778 4926 corpori
808 4862 861 4910 et
890 4854 1143 4925 sanguini
1188 4854 1389 4909 Christi
1432 4855 1811 4925 communicat,
1863 4872 2030 4910 unum

437 4942 841 5014 quodammodo
866 4941 925 4996 ﬁt
955 4958 1075 4998 cum
1106 4942 1342 5009 Christo,
1374 4943 1453 4999 sic
1483 4943 1576 4999 ille
1607 4944 1699 5015 qui
1728 4944 2029 5000 communi-

436 5038 518 5087 cat
549 5030 714 5096 idolo,
748 5031 1044 5102 idolothyta
1074 5031 1413 5087 comedendo
1470 5031 1850 5103 incorporatur
1904 5032 2027 5088 dia-

439 5119 585 5175 bolo.

507 5209 666 5265 Nunc
692 5208 925 5264 litteram
954 5224 1286 5280 exponamus
1320 5226 1333 5263 :
1368 5209 1707 5282 Fugiendum
1735 5209 1891 5266 vobis
1946 5217 2030 5265 est

435 5315 471 5354 a
500 5300 730 5354 cultura
758 5297 1060 5363 idolorum,
1085 5298 1212 5369 quia
1235 5299 1414 5365 calix,
1437 5298 1492 5352 id
1520 5311 1600 5353 est
1630 5298 1852 5371 sanguis
1869 5298 2026 5353 Chri-

436 5386 524 5441 sti.
561 5386 727 5444 Calia:
754 5386 878 5442 dico
895 5386 1422 5459 benedictionis,per
1434 5402 1597 5458 quem
1618 5386 2027 5442 benedictiones

435 5476 729 5547 gratiarum
756 5475 1051 5546 accipimus
1085 5492 1098 5531 :
1131 5475 1258 5547 quia
1283 5492 1384 5547 per
1412 5475 1737 5547 sanguinem
1804 5474 2022 5547 Christi,

2133 4517 2254 4555 mus
2288 4518 2301 4555 :
2338 4501 2377 4556 0
2411 4501 2604 4568 Israel,
2638 4501 2694 4555 id
2723 4508 2806 4555 est
2835 4516 2868 4556 o
2899 4499 3074 4556 ﬁdelis
3115 4499 3317 4565 anima,
3370 4516 3490 4572 quae
3539 4501 3718 4555 Deum

2130 4588 2378 4655 intueris,
2412 4589 2557 4660 quod
2602 4588 2657 4643 in
2686 4589 3049 4659 spiritualibus
3075 4589 3240 4659 modo
3278 4589 3436 4645 vobis
3481 4589 3717 4655 ostendi,

2131 4678 2312 4734 uidete
2331 4678 2473 4732 idem
2496 4676 2615 4733 ﬁeri
2628 4679 2937 4734 secundum
2955 4694 3207 4744 carnem,
3224 4678 3277 4732 id
3295 4685 3379 4733 est
3397 4693 3498 4749 per
3517 4692 3721 4733 carna-

2130 4766 2237 4821 lem
2265 4765 2730 4837 participationem
2747 4766 3030 4838 idolothyti
3051 4766 3269 4822 diabolo
3291 4766 3717 4822 communicare.

2129 4855 2323 4911 Nonne
2381 4855 2522 4910 enim
2553 4857 2649 4927 qui
2684 4855 2863 4911 edunt
2898 4856 3112 4911 hostias
3140 4854 3447 4910 immolatas
3477 4854 3717 4921 diabolo,

2128 4946 2436 5017 participes
2456 4948 2593 5001 sunt
2623 4944 2827 5000 altaris
2856 4943 3105 4999 diaboli?
3133 4943 3190 4998 id
3219 4951 3303 4999 est
3332 4962 3346 4998 :
3370 4958 3551 4998 nonne
3565 4958 3721 4999 com-

2129 5032 2404 5088 municant
2432 5032 2536 5103 ipsi
2565 5032 2782 5088 diabolo
2818 5049 2917 5104 per
2944 5033 3046 5088 hoc
3076 5032 3221 5104 quod
3250 5032 3573 5103 participant
3600 5047 3722 5103 qua

2130 5136 2295 5191 super
2321 5120 2494 5176 altare
2534 5121 2666 5176 idoli
2712 5120 3101 5179 immolantur?
3147 5120 3617 5189 Quemadmodum
3660 5119 3719 5174 in

2130 5209 2517 5280 spiritualibus,
2550 5209 2630 5266 sic
2658 5209 2713 5263 in
2741 5209 3057 5266 carnalibus
3088 5209 3214 5281 quin
3244 5207 3358 5277 ﬁat,
3392 5207 3582 5280 negari
3607 5222 3721 5262 non

2128 5306 2326 5369 potest.
2360 5297 2497 5367 Quia
2527 5298 2649 5355 dico
2678 5299 3030 5356 comedentes
3068 5296 3342 5353 immolata
3370 5296 3517 5352 idolo
3545 5294 3719 5367 parti-

2128 5386 2315 5458 cipare
2345 5387 2584 5458 diabolo,
2608 5404 2736 5461 ergo
2773 5388 2905 5461 quid
2932 5387 3074 5453 dico,
3106 5386 3162 5440 id
3192 5392 3275 5441 est
3302 5401 3370 5441 an
3399 5386 3505 5441 hoc
3533 5384 3719 5441 dicere

2129 5476 2408 5533 existimor
2439 5477 2582 5548 quod
2612 5478 2976 5534 immolatum
3015 5475 3180 5533 idolis
3217 5476 3296 5532 sit
3322 5473 3540 5549 aliquid
3569 5472 3720 5530 aliud
