3960 6036
225 157 335 211 17³1

850 153 1231 212 EXPOSITIO
1271 154 1344 210 IN
1382 153 1758 211 EPISTOLAS
1797 153 2026 209 PAULI.
2076 185 2143 193 —
2186 155 2258 209 IN
2294 154 2511 211 EPIST.
2556 157 2576 210 I
2615 157 2708 212 AD
2749 156 2908 214 COR.

3428 159 3529 214 178

229 296 402 352 quam
451 287 597 336 esset
639 279 957 353 priusquam
1005 280 1380 336 immolaretur
1401 281 1430 334 ?
1458 281 1612 335 Absit
1660 281 1765 335 hoc
1787 288 1843 335 ut
1862 280 1918 340 Α
1948 279 2091 350 quod
2111 280 2172 333 in
2199 281 2433 338 macello
2476 281 2653 348 venit,
2686 281 2738 336 id
2769 289 2852 336 est
2881 281 3153 349 venditur,
3187 281 3530 339 manducate

226 369 426 426 videar
475 371 576 426 hoc
626 369 810 425 dicere
871 369 1017 440 quod
1068 369 1269 424 idolum
1321 369 1389 422 sit
1430 369 1633 441 aliquid
1682 369 1830 423 aliud

225 474 399 529 quam
444 458 578 528 lapis
627 458 711 513 vel
759 458 986 530 lignum,
1021 458 1106 513 vel
1148 458 1278 512 illud
1308 458 1450 512 unde
1508 457 1829 514 fabricatum

226 546 355 602 est!
407 547 535 618 quia
580 563 678 616 per
727 546 1007 602 immolata
1054 547 1157 618 ipsi
1207 547 1330 601 dico
1368 547 1644 623 hominem
1693 546 1832 600 uniri

223 635 529 692 diabolico.
568 636 692 690 Non
719 637 902 707 utique
927 636 1050 691 dico
1085 636 1231 708 quod
1261 637 1619 692 immolatum
1639 636 1826 701 idolis,

222 725 319 780 vel
350 726 562 780 idolum
587 725 802 796 aliquid
821 726 899 780 sit
922 726 1067 797 quod
1088 725 1238 796 prius
1259 741 1367 779 non
1387 723 1547 779 fuerit
1571 744 1584 791 ;
1609 725 1706 779 sed
1727 726 1832 780 hoc

222 814 378 878 dico,
400 814 548 885 quod
569 817 764 884 gentes
795 830 915 886 quae
932 815 1234 869 immolant
1258 815 1392 879 haec,
1422 813 1828 868 immolantilla

222 902 544 969 daemoniis,
569 911 621 957 et
641 918 741 972 per
763 903 866 957 hoc
887 902 1144 956 uniuntur
1173 902 1326 972 ipsis.
1351 918 1460 956 non
1481 918 1582 972 per
1609 917 1830 956 carnem

223 991 589 1060 immolatam,
631 991 777 1063 quod
855 990 999 1044 aliud
1043 991 1110 1044 sit
1157 1007 1322 1061 quam
1351 1006 1493 1053 caro,
1528 1006 1704 1060 neque
1733 1007 1832 1060 per

222 1080 460 1146 idolum,
495 1080 639 1151 quod
669 1080 816 1134 aliud
845 1080 912 1134 sit
943 1096 1104 1152 quam
1133 1080 1284 1150 prius
1313 1079 1493 1134 fuerit.
1531 1081 1831 1134 Daemoniis

223 1169 555 1232 immolant,
589 1173 646 1223 et
674 1185 790 1224 non
811 1171 913 1224 Deo
939 1185 950 1222 :
985 1185 1153 1239 quare
1183 1168 1397 1223 diabolo
1426 1184 1548 1222 sese
1578 1168 1831 1238 incorpo-

222 1265 371 1311 rant.
403 1257 501 1312 Vel
533 1257 688 1310 aliter
727 1258 806 1325 (ut
835 1265 984 1312 extra
1015 1256 1212 1311 librum
1243 1256 1644 1327 adaptationem
1674 1255 1830 1309 simi—

221 1345 477 1400 litudinis
532 1345 904 1416 accipiamus),
967 1345 1040 1400 ita
1094 1361 1105 1399 :
1171 1344 1306 1414 Quia
1371 1344 1830 1401 communicantes

220 1435 450 1504 corpori
482 1444 531 1488 et
562 1434 812 1506 sanguini
851 1433 1050 1489 Christi
1078 1434 1334 1488 uniunmr
1363 1434 1596 1502 Christo,
1632 1435 1702 1488 ita
1733 1451 1832 1504 per

222 1523 408 1592 simile
448 1523 835 1593 participantes
885 1522 1172 1578 immolatis
1221 1523 1366 1577 idolo
1410 1522 1667 1577 uniuntur
1705 1523 1828 1577 dia-

217 1612 378 1666 bolo.
419 1613 487 1666 Et
516 1613 619 1667 hoc
650 1619 801 1667 extra
831 1612 1064 1667 litteram
1099 1611 1450 1682 accipiamus,
1476 1621 1534 1665 ut
1563 1613 1704 1683 quod
1735 1628 1832 1682 per

224 1701 532 1772 spiritualia
581 1701 834 1766 ostendit,
885 1702 938 1754 in
982 1701 1290 1755 carnalibus
1336 1701 1560 1756 videatis
1597 1719 1609 1754 :
1643 1701 1832 1755 Videte

222 1790 394 1845 modo
444 1790 632 1854 Israel,
681 1790 735 1843 id
785 1798 866 1844 est
909 1789 1190 1844 Judaicum
1220 1789 1500 1860 populum,
1535 1790 1835 1844 secundum

223 1895 476 1944 carnem,
524 1879 577 1933 id
622 1887 703 1932 est
748 1879 1048 1934 secundum
1097 1878 1344 1933 carnales
1383 1879 1520 1932 ritus
1547 1886 1822 1948 agentem.

221 1969 423 2023 Nonne
457 1968 602 2022 enim
650 1967 741 2039 qui
769 1968 914 2038 apud
955 1968 1174 2022 Iudaeos
1206 1967 1372 2022 edunt
1401 1967 1607 2021 hostias
1633 1967 1825 2021 immo-

218 2057 366 2111 latas
393 2059 534 2121 Deo,
571 2056 862 2127 participes
906 2064 1030 2110 sunt
1061 2056 1266 2122 altaris,
1300 2056 1353 2110 id
1385 2065 1464 2110 est
1504 2056 1833 2126 participant

224 2147 345 2201 Deo
374 2145 466 2201 cui
497 2145 778 2199 immolant
807 2145 862 2198 in
893 2144 1096 2199 altari?
1126 2146 1332 2200 Eodem
1363 2145 1528 2198 modo
1560 2145 1651 2216 qui
1670 2144 1835 2198 edunt

219 2234 548 2306 idolothyta,
586 2233 874 2305 participes
921 2241 1048 2287 sunt
1098 2233 1317 2288 diaboli.
1350 2235 1418 2287 Et
1447 2235 1550 2289 hoc
1581 2241 1730 2288 extra
1761 2233 1830 2286 li-

224 2324 412 2378 brum.

298 2413 557 2482 Sequens
588 2411 768 2466 littera
797 2411 876 2466 sic
912 2411 1154 2484 jungitur
1183 2430 1196 2476 ;
1231 2410 1686 2482 Quandoquidem
1707 2411 1830 2465 dico

224 2501 614 2557 comedentem
661 2501 961 2571 idolothyta
1023 2499 1348 2571 participare
1417 2500 1655 2564 diabolo,
1698 2515 1829 2572 ergo

223 2590 356 2662 quid
400 2589 594 2644 videor
638 2590 823 2645 dicere
854 2590 881 2643 ?
924 2590 1168 2661 Sequens
1211 2589 1391 2643 littera
1421 2605 1526 2643 non
1558 2597 1820 2643 mutatur.

221 2680 529 2749 Propterea
559 2679 682 2734 volo
704 2695 802 2732 vos
835 2677 1021 2748 fugere
1052 2696 1082 2733 a
1115 2679 1346 2734 cultura
1378 2678 1676 2743 idolorum,
1698 2679 1828 2748 quia

223 2770 357 2824 nolo
378 2784 474 2824 vos
492 2768 616 2835 ﬁeri
633 2770 807 2822 socios
829 2767 1254 2830 daemoniorum,
1281 2767 1418 2821 sicut
1449 2766 1729 2836 probatum
1748 2774 1829 2821 est

223 2872 352 2911 esse
385 2872 485 2910 eos
515 2855 603 2926 qui
633 2855 934 2925 idolothyta
965 2855 1274 2910 comedunt.
1313 2854 1441 2909 Ideo
1472 2854 1664 2909 essetis
1695 2854 1826 2910 socii

224 2945 661 3010 dw—moniorum,
695 2944 800 2998 nisi
834 2944 978 2998 idola
1011 2943 1251 3016 fugiatis,
1294 2945 1425 3015 quia
1455 2960 1568 2998 non
1590 2945 1827 3015 potestis

1933 367 2084 422 nihil
2105 369 2527 440 interrogantes
2567 376 2796 443 propter
2826 372 3257 438 conscientiam,
3283 386 3446 442 quam
3478 371 3533 425 in

1933 457 2288 527 sequentibus
2311 459 2709 514 determinabit.
2733 460 3052 515 Manducate
3072 459 3270 527 omnia,
3293 459 3418 530 quia
3438 461 3536 515 Do-

1934 547 2078 602 mini
2107 550 2191 601 est
2225 551 2377 602 terra
2401 552 2458 602 et
2485 548 2786 619 plenitudo
2808 550 2927 618 ejus
2951 550 3186 614 (Psalm.
3215 564 3353 616 xxv,
3376 550 3448 618 1).
3474 550 3534 605 Si

1930 636 2053 706 quis
2075 642 2254 688 autem
2274 636 2593 703 inﬁdelium
2617 641 2772 693 vocat
2797 637 2972 692 vosad
2993 637 3297 706 prandium,
3323 640 3378 692 et
3402 638 3529 692 vul-

1935 724 2005 776 tis
2028 725 2129 787 ire,
2176 724 2320 794 quod
2340 724 2476 778 bene
2519 725 2644 779 licet
2676 725 2819 796 (quia
2851 725 2919 779 de
2951 724 3259 780 infidelibus
3287 741 3396 780 non
3429 726 3530 779 ha-

1932 811 2121 865 bemus
2145 812 2418 879 judicare‘)
2449 829 2610 868 omne
2635 814 2774 885 quod
2791 815 2937 869 vobis
2958 816 3270 886 apponitur
3289 815 3533 870 mandu-

1931 905 2074 967 cate,
2093 902 2240 956 nihil
2251 903 2311 956 in
2321 906 2672 973 terrogantes
2682 907 2910 975 propter
2921 904 3349 968 conscientiam,
3366 901 3529 975 quam

1931 987 2124 1043 iterum
2165 990 2565 1055 determinabit,
2620 1007 2716 1044 vos
2770 991 2900 1045 nihil
2953 991 3319 1064 interrogetis.
3347 992 3454 1047 Sed
3483 995 3534 1049 si

1931 1078 2053 1148 quis
2074 1078 2288 1133 dixerit
2309 1079 2462 1133 vobis
2501 1096 2512 1132 :
2543 1081 2646 1135 Hoc
2667 1083 2751 1134 est
2769 1081 3125 1136 immolatum
3149 1081 3333 1146 idolis,
3351 1082 3533 1137 nolite

1930 1165 2065 1220 illud
2094 1168 2439 1222 manducare
2457 1172 2688 1240 propter
2708 1170 2876 1223 illum
2897 1171 2991 1240 qui
3013 1169 3309 1234 indicavit,
3335 1173 3389 1224 et
3410 1185 3532 1241 pro-

1924 1259 2056 1327 pter
2073 1257 2501 1322 conscientiam,
2553 1273 2710 1328 quam
2742 1272 2886 1312 nunc
2916 1257 3260 1312 determinat.
3301 1260 3522 1314 Consci-

1930 1345 2149 1400 entiam
2179 1349 2371 1400 autem
2403 1346 2523 1402 dico
2560 1362 2672 1401 non
2698 1350 2874 1411 tuam,
2909 1345 3122 1417 quifide
3151 1361 3317 1400 sanus
3331 1363 3410 1411 es,
3437 1347 3532 1403 sed

1930 1441 2149 1504 propter
2180 1433 2566 1488 conscientiam
2599 1436 2857 1503 alterius,
2893 1435 2947 1489 id
2975 1442 3058 1489 est
3088 1434 3286 1488 infirmi
3327 1434 3527 1502 fratris,

1930 1537 1999 1575 ne
2049 1520 2288 1577 offendat
2319 1531 2388 1576 te.
2437 1523 2580 1576 Dixit
2609 1524 3040 1586 conscientiam,
3075 1524 3305 1594 primum
3337 1532 3531 1580 notans

1862 1611 2320 1700 Bconscientiam
2366 1611 2539 1666 .ludzni
2569 1612 2680 1682 qui,
2715 1611 2759 1665 si
2793 1612 2973 1667 videat
3013 1612 3377 1666 Christianum
3408 1613 3532 1668 ido-

1935 1699 2140 1770 lothyta
2188 1700 2585 1764 comedentem,
2631 1701 2772 1754 dicet
2821 1716 2928 1755 non
2970 1701 3359 1756 adhaerendum
3408 1719 3530 1758 esse

1936 1786 2255 1843 Christiana-3
2311 1786 2465 1854 fidei;
2541 1787 2668 1859 quia
2722 1796 3063 1842 revertuntur
3135 1790 3202 1843 ad
3262 1790 3527 1844 culturam

1933 1876 2082 1930 idoli.
2139 1877 2388 1931 Secundo
2446 1877 2830 1932 conscientiam
2897 1877 3135 1949 gentilis,
3197 1878 3286 1949 qui
3336 1879 3528 1935 videns

1933 1963 2064 2018 illud
2094 1965 2236 2020 idem
2267 1966 2408 2021 dicet
2443 1982 2454 2020 :
2488 1966 2670 2035 Quare
2703 1966 3028 2020 dimitterem
3060 1966 3206 2020 idola
3235 1983 3374 2036 mea,
3401 1984 3524 2024 cum

1934 2054 2224 2108 Christiani
2270 2055 2337 2108 ad
2383 2071 2450 2110 ea
2497 2062 2833 2110 revertantur
2860 2056 2887 2108 εἶ
2916 2055 3096 2109 Tertio
3141 2056 3526 2111 conscientiam

1932 2142 2131 2196 infirmi
2158 2143 2360 2208 fratris,
2395 2151 2613 2214 propter
2641 2159 2859 2198 causam
2892 2160 3036 2214 saepe
3057 2144 3271 2200 dictam.
3297 2146 3526 2216 Propter

1933 2231 2319 2287 conscientiam
2352 2232 2574 2286 alterius
2605 2231 2881 2287 abstinere
2916 2233 3104 2287 debes.
3140 2232 3280 2300 Quia
3307 2237 3372 2288 ut
3393 2235 3525 2306 quid

1934 2321 2163 2376 libertas
2192 2337 2334 2386 mea,
2369 2321 2424 2375 id
2455 2329 2537 2375 est
2567 2322 2671 2376 hoc
2700 2321 2844 2392 quod
2861 2321 2992 2374 mihi
3013 2337 3078 2376 ex
3099 2337 3230 2375 sana
3252 2320 3355 2376 fide
3377 2322 3520 2388 licet,

1921 2409 2242 2480 j-udicatur,
2305 2409 2359 2463 id
2403 2417 2485 2464 est
2522 2410 2831 2478 judicabilis
2877 2409 2964 2463 fiat
3009 2418 3059 2464 et
3101 2410 3427 2464 damnabilis
3457 2412 3523 2467 ab

1931 2499 2123 2553 aliena
2153 2499 2520 2564 conscientia,
2545 2498 2595 2552 id
2619 2507 2701 2552 est
2718 2507 2942 2568 propter
2962 2497 3227 2552 infirmam
3250 2499 3528 2555 conscien-

1932 2585 2062 2640 tiam
2092 2585 2298 2640 fratris.
2338 2587 2403 2640 Et
2432 2588 2482 2640 si
2510 2603 2603 2657 ego
2617 2587 2894 2658 participo
2913 2587 3226 2657 idolothytis
3246 2604 3376 2642 cum
3396 2604 3525 2656 gra-

1934 2675 2034 2740 tia,
2070 2675 2122 2728 id
2153 2683 2234 2728 est
2257 2675 2550 2730 comedens
2579 2675 2635 2728 in
2662 2675 2881 2730 nomine
2912 2675 3145 2740 Domini,
3179 2692 3350 2747 quare
3369 2677 3523 2731 blas-

1925 2765 2176 2834 phemor,
2205 2763 2260 2818 id
2291 2773 2372 2818 est
2401 2780 2500 2818 cur
2528 2780 2614 2817 me
2647 2763 3130 2834 blasphemabilem
3159 2764 3522 2837 exbibeo,pr0

1929 2869 1990 2908 eo
2038 2853 2180 2924 quod
2215 2855 2432 2923 gratias
2479 2870 2580 2923 ago
2610 2853 2637 2906 ‘?
2669 2855 2822 2906 Putat
2852 2853 2995 2907 enim
3027 2869 3113 2907 me
3162 2852 3406 2907 infirmus
3438 2854 3525 2910 vel

1929 2939 2163 2995 inﬁdelis
2193 2941 2338 2995 idola
2366 2942 2633 3005 venerari,
2668 2957 2792 2996 cum
2822 2956 2928 3013 ago
2959 2942 3157 3013 gratias
3177 2943 3311 2997 Deo.
3346 2941 3524 3010 Quan-

224 3035 410 3089 bibere
432 3034 668 3088 calicem
703 3033 1107 3088 daemoniorum
1142 3037 1198 3088 et
1222 3032 1457 3088 calicem
1485 3033 1730 3088 Domini.
1755 3023 1834 3086 Et
1863 3007 1908 3066 Ο
1930 3029 2222 3100 doquidem
2252 3030 2584 3085 conscientia
2607 3030 2804 3084 nullius
2846 3029 3096 3084 laedenda
3127 3038 3226 3095 est,
3261 3048 3388 3102 ergo
3407 3034 3524 3086 sive

224 3139 342 3177 non
360 3123 598 3194 potestis
619 3137 736 3176 esse
751 3122 1061 3194 participes
1083 3137 1293 3176 mensa:
1309 3121 1531 3176 Domini
1552 3125 1605 3176 et
1622 3138 1832 3176 mensae

215 3211 651 3266 (immo-nierum.
687 3209 961 3265 Debemus
990 3208 1176 3282 fugere
1207 3211 1487 3264 acultura
1528 3210 1828 3278 idolorum,

221 3316 292 3354 ne
321 3301 666 3353 associemur
693 3298 996 3353 daemoniis.
1032 3299 1308 3353 Debemus
1338 3298 1501 3351 etiam
1535 3297 1676 3362 ideo,
1706 3298 1831 3369 quia

221 3387 608 3459 participando
676 3402 880 3442 mensa:
927 3387 1338 3452 daemoniorum,
1389 3385 1723 3453 aemulemur,
1776 3387 1830 3440 id

221 3487 302 3534 est
335 3476 648 3532 invidemus
671 3476 922 3539 Domino,
948 3477 1101 3544 cujus
1122 3492 1352 3548 regnum
1374 3492 1437 3530 ex
1468 3476 1527 3532 1
1546 3475 1700 3530 25
1727 3491 1829 3529 no-

225 3567 307 3620 bis
337 3565 500 3636 ipsis,
533 3574 585 3618 et
619 3565 982 3619 imitatoribus
1006 3565 1207 3618 nostris
1232 3564 1603 3618 diminuimus.
1625 3564 1732 3618 Sed
1755 3581 1830 3618 an

223 3656 575 3710 aemula-mur
591 3655 891 3709 Dominum
914 3661 938 3710 ?
959 3653 1100 3707 Malo
1121 3653 1303 3724 utique
1324 3661 1510 3707 nostro
1528 3653 1831 3707 invidemus

225 3745 293 3810 ei,
347 3742 478 3815 quia
527 3743 785 3814 nunquid
825 3743 1094 3813 fortiores
1123 3743 1223 3796 illo
1247 3758 1441 3797 sumus
1468 3747 1489 3797 ?
1519 3740 1621 3809 Qui
1651 3750 1830 3795 autem

225 3831 440 3888 fortiori
471 3847 531 3885 se
560 3830 784 3896 invidet,
812 3831 954 3884 male
982 3830 1110 3902 agit,
1137 3831 1259 3901 quia
1280 3829 1600 3900 opprimitur
1619 3831 1685 3883 ab
1716 3830 1827 3884 illo.

297 3921 567 3976 Dicerent
596 3920 663 3973 ad
686 3921 821 3984 haec,
858 3919 948 3989 qui
979 3934 1112 3974 sana
1141 3917 1247 3973 fide
1279 3919 1481 3973 idolum
1512 3917 1694 3988 illique
1724 3919 1830 3971 im-

224 4010 431 4066 molata
462 4008 594 4062 nihil
636 4025 758 4062 esse
788 4009 1093 4064 crederent.
1147 4008 1380 4070 Videris,
1414 4007 1594 4069 Paule,
1630 4007 1831 4062 intelli-

225 4117 360 4170 gere
394 4097 667 4152 immolata
702 4097 846 4151 idolo
863 4096 1066 4167 aliquid
1099 4113 1240 4161 esse,
1261 4113 1381 4151 cum
1413 4113 1511 4152 nos
1540 4104 1832 4166 propterea

224 4188 380 4242 dicas
413 4185 524 4240 ﬁeri
559 4186 740 4241 socios
768 4185 1178 4241 daemoniorum.
1216 4185 1370 4238 Absit
1403 4186 1506 4239 hoc
1541 4184 1551 4238 l
1587 4185 1658 4237 ait
1689 4186 1831 4238 Pau-

223 4276 335 4330 lus.
370 4275 489 4329 Hoc
510 4275 654 4329 enim
676 4273 837 4344 plane
857 4272 1134 4343 profiteor,
1157 4273 1300 4344 quod
1318 4275 1508 4328 omnia
1537 4273 1637 4326 ista
1670 4274 1830 4328 licita

225 4369 365 4421 sunt
389 4364 550 4427 mihi,
588 4371 640 4416 et
667 4362 968 4432 cuicunque
990 4377 1177 4415 sanam
1203 4359 1364 4414 fidem
1384 4361 1603 4414 habenti
1633 4377 1696 4415 ex
1728 4361 1832 4416 fide
1863 4366 1914 4424 D

230 4452 547 4515 comedere,
598 4451 692 4506 sed
742 4459 922 4504 tamen
974 4449 1098 4503 ideo
1144 4465 1252 4503 non
1301 4449 1487 4516 licere,
1525 4449 1669 4521 quod
1717 4467 1831 4504 non

231 4542 427 4598 omnia
447 4540 785 4611 expediunt,
814 4538 909 4592 sed
928 4538 1103 4607 potius
1125 4537 1508 4592 beatitudinem
1540 4554 1635 4608 per
1655 4537 1832 4592 oflen-

231 4629 474 4685 diculum
507 4627 691 4681 fratris
723 4625 1044 4696 impediunt.
1080 4628 1280 4680 lterum
1312 4625 1478 4691 idem,
1503 4628 1693 4681 omnia
1724 4626 1832 4679 uti-

229 4736 333 4790 que
385 4717 530 4772 mihi
581 4718 777 4780 licent,
827 4715 1123 4770 secundum
1164 4731 1351 4769 sanam
1384 4715 1686 4780 fidem,sed
1716 4731 1832 4769 non

223 4808 423 4861 omnia
443 4805 729 4872 aedifica-nt
752 4805 1080 4874 proximum,
1105 4811 1156 4858 et
1180 4803 1233 4856 in
1255 4819 1319 4858 eo
1378 4805 1524 4875 quod
1547 4803 1834 4858 destruunt

229 4912 376 4958 eum,
414 4909 522 4949 non
567 4893 748 4948 licent.
785 4893 853 4946 Et
899 4892 1021 4963 quia
1052 4893 1122 4946 ad
1151 4893 1560 4948 aedificationem
1602 4891 1832 4963 proximi

226 4983 418 5039 omnia
446 4982 662 5054 agenda
717 4990 861 5047 sunt,
923 4989 1214 5052 propterea
1245 4998 1407 5036 nemo
1447 4985 1662 5054 quaerat
1692 4980 1834 5053 quod

231 5090 404 5128 suum
447 5075 531 5126 est
559 5079 788 5138 tantum,
823 5079 874 5124 et
906 5087 1013 5124 non
1046 5069 1294 5140 proximi,
1326 5070 1422 5125 sed
1454 5077 1662 5140 quaerat
1693 5069 1834 5141 quod

229 5162 498 5223 alterius,
525 5160 578 5213 id
595 5167 677 5212 est
697 5160 839 5230 quod
863 5159 933 5212 ad
961 5157 1375 5213 aedificationem
1406 5158 1639 5228 proximi
1670 5158 1830 5211 valet.

303 5249 448 5318 Quia
480 5249 643 5303 modo
677 5248 810 5302 dixit
858 5248 1157 5301 secundum
1205 5245 1364 5300 fidem
1401 5247 1585 5309 licere,
1617 5253 1836 5315 propter

234 5337 624 5394 offendiculum
672 5336 852 5390 fratris
883 5352 990 5390 non
1039 5336 1219 5391 licere.
1256 5335 1587 5389 Determinat
1615 5335 1834 5388 modum

235 5427 455 5497 quando
507 5427 590 5478 his
622 5425 758 5480 cibis
790 5425 866 5478 uti
897 5425 1074 5485 liceat,
1109 5432 1160 5479 et
1201 5424 1415 5495 quando
1458 5439 1587 5488 non,
1622 5423 1830 5478 dicens.

235 5517 318 5572 Ne
367 5515 422 5568 in
472 5514 748 5589 praedictis
787 5512 1094 5579 offendatis,
1149 5514 1229 5568 sic
1277 5512 1606 5568 discernite:
1665 5513 1836 5571 Omne

1929 3119 2308 3187 manducatis,
2333 3120 2446 3174 sive
2477 3120 2679 3181 bibitis,
2717 3121 2799 3174 vel
2829 3119 2988 3174 aliud
3017 3120 3147 3192 quid
3168 3121 3384 3190 [acilis,
3409 3120 3527 3176 haec

1931 3210 1983 3257 et
2014 3218 2204 3258 omnia
2234 3204 2427 3273 facite,
2454 3218 2561 3256 non
2583 3203 2636 3256 in
2666 3201 2936 3258 licentiam
2959 3201 3084 3256 fidei
3108 3211 3320 3271 vestrae,
3343 3203 3439 3258 sed
3463 3205 3525 3258 in

1928 3293 2165 3362 gloriam
2202 3292 2316 3358 Dei,
2348 3298 2405 3344 ut
2434 3307 2592 3345 nemo
2616 3292 2760 3359 juste
2792 3291 3088 3360 velinjuste
3119 3292 3290 3361 possit
3316 3292 3524 3347 calum-

1932 3379 2072 3433 niari
2104 3379 2265 3434 fidem
2311 3379 2532 3434 Christi.
2576 3381 2639 3433 Et
2671 3388 2726 3433 ut
2756 3379 2809 3432 in
2839 3380 3067 3450 gloriam
3102 3380 3200 3434 Dei
3231 3382 3410 3436 omnia
3441 3381 3526 3435 fa-

1933 3468 2106 3534 ciatis,
2141 3472 2319 3524 estote
2350 3471 2474 3524 sine
2503 3468 2809 3538 offensione
2839 3469 3046 3523 Iudaeis
3079 3473 3135 3522 et
3163 3470 3440 3540 gentibus,
3467 3473 3524 3524 et

1931 3559 2194 3613 Ecclesiae
2233 3558 2350 3624 Dei,
2397 3557 2450 3611 id
2483 3565 2566 3611 est
2613 3555 2842 3610 infirmis
2887 3555 3160 3620 fratribus,
3195 3556 3332 3612 sicut
3361 3573 3528 3627 supra

1932 3646 2350 3701 determinatum
2381 3654 2480 3700 est.
2509 3648 2694 3702 Estote
2716 3645 2838 3700 dico
2860 3649 2915 3700 et
2944 3647 3094 3700 sicut
3125 3661 3220 3715 ego
3246 3645 3527 3726 placeo,id

1931 3742 2012 3789 est
2035 3734 2248 3804 placere
2278 3735 2466 3789 laboro
2495 3735 2751 3789 omnibus
2778 3751 2881 3805 per
2909 3735 3120 3801 omnia,
3144 3751 3257 3789 non
3274 3750 3530 3806 quaerens

1931 3824 2072 3894 quod
2104 3825 2241 3878 mihi
2267 3823 2443 3878 solum
2475 3824 2621 3878 utile
2638 3827 2743 3887 est,
2767 3823 2863 3878 sed
2884 3822 3026 3895 quod
3048 3822 3178 3877 utile
3209 3822 3277 3876 sit
3306 3825 3526 3890 multis,

1932 3917 1997 3967 ut
2035 3912 2112 3967 sic
2143 3915 2284 3968 salvi
2323 3914 2470 3981 ﬁant
2519 3912 2673 3965 multi
2705 3929 2803 3982 per
2839 3928 2945 3965 me.
2978 3913 3046 3965 Et
3075 3920 3131 3966 ut
3162 3912 3342 3966 multis
3369 3913 3530 3967 utiles

1932 4000 2068 4066 sitis,
2118 4009 2288 4055 estote
2334 4001 2386 4054 in
2435 4002 2536 4055 hac
2566 4017 2624 4055 re
2655 4000 2952 4055 imitatores
2984 4000 3110 4054 mei.
3144 4000 3302 4069 Quod
3347 4001 3393 4055 si
3425 4001 3531 4055 mei

1933 4089 2082 4144 eritis
2128 4097 2180 4144 et
2227 4089 2444 4155 Christi,
2496 4089 2631 4144 sicut
2680 4097 2731 4143 et
2761 4105 2866 4161 ego
2899 4089 3096 4144 Christi
3116 4088 3349 4144 imitator
3376 4106 3522 4144 sum.

2561 4301 2784 4357 CAPUT
2810 4302 2906 4356 XI.

2009 4487 2029 4516 ε
2066 4463 2370 4518 Imitatores
2391 4462 2496 4516 mei
2517 4469 2710 4527 estote,
2735 4463 2872 4518 sicut
2892 4470 2943 4517 et
2966 4478 3069 4535 ego
3100 4462 3318 4518 Christi.
3343 4463 3530 4519 Laudo

1938 4577 1959 4604 α
2003 4562 2183 4608 autem
2215 4567 2328 4620 vos,
2367 4551 2584 4616 fratres,
2620 4553 2766 4623 quod
2798 4568 2897 4622 per
2926 4551 3105 4606 omnia
3126 4552 3230 4606 mei
3254 4568 3530 4608 memores

1936 4667 1956 4691 ‹‹
2002 4643 2171 4708 estis;
2205 4649 2256 4696 et
2288 4641 2425 4696 sicut
2455 4640 2650 4694 tradidi
2675 4640 2828 4694 vobis
2859 4648 3131 4710 praecepta
3160 4657 3277 4694 mea
3311 4641 3527 4695 tenetis.

1938 4754 1959 4781 α
2007 4731 2141 4786 Volo
2170 4738 2348 4784 autem
2380 4746 2478 4784 vos
2510 4728 2668 4793 scire,
2691 4729 2834 4800 quod
2864 4728 3042 4782 omnis
3072 4728 3174 4782 viri
3204 4737 3363 4799 caput
3382 4729 3535 4783 Chri-

1940 4841 1961 4870 ι
2007 4828 2120 4874 stus
2152 4827 2264 4885 est;
2315 4827 2473 4888 caput
2501 4824 2676 4871 autem
2708 4816 2951 4870 mulieris
2987 4817 3068 4871 vir
3101 4816 3322 4888 (Ephes.
3349 4833 3403 4884 v,
3437 4819 3530 4887 23)

1940 4932 1959 4956 α
2005 4917 2164 4979 caput
2193 4922 2323 4963 vero
2354 4905 2754 4969 Christi,Deus.
2788 4904 2848 4961 1
2866 4904 3024 4960 26
3050 4904 3240 4960 Omnis
3257 4905 3340 4960 vir
3366 4922 3532 4962 orans

1939 5019 1960 5047 «
2006 4997 2458 5066 autprophetans,
2479 4993 2659 5048 velato
2675 4993 2870 5064 capite,
2891 4993 3144 5064 deturpat
3166 5003 3327 5064 caput
3350 5011 3528 5050 suum.

1940 5108 1961 5136 ε
2006 5085 2198 5140 Omnis
2246 5093 2426 5138 autem
2469 5083 2664 5137 mulier
2708 5099 2870 5137 orans
2912 5090 3002 5136 aut
3030 5084 3387 5154 prophetans,
3423 5101 3531 5140 non

1940 5197 1961 5225 α
2007 5174 2186 5230 velato
2235 5173 2429 5244 capite,
2483 5173 2731 5242 deturpat
2785 5179 2946 5242 caput
2992 5188 3194 5226 suum:
3248 5189 3413 5226 unum
3454 5181 3536 5227 est

1944 5287 1963 5311 κ
2009 5263 2174 5329 enim,
2225 5278 2288 5318 ac
2334 5261 2378 5316 si
2424 5261 2759 5316 decalvetur.
2787 5262 2927 5314 Nam
2951 5260 2997 5313 si
3030 5277 3136 5315 non
3167 5261 3379 5316 velatur
3410 5278 3533 5315 mu-

1942 5375 1962 5403 s
2008 5353 2126 5415 lier,
2161 5351 2468 5406 tondeatur.
2519 5350 2572 5404 Si
2605 5367 2732 5404 vero
2780 5357 2936 5421 turpe
2968 5357 3050 5404 est
3080 5351 3290 5404 mulieri
3322 5350 3535 5404 tonderi

1945 5463 1963 5493 ι
2011 5450 2100 5496 aut
2129 5441 2421 5508 decalvari,
2455 5439 2598 5494 velet
2628 5447 2788 5509 caput
2834 5456 3009 5493 suum.
3049 5440 3143 5493 Vir
3174 5438 3393 5509 quidem
3427 5455 3534 5494 non

1943 5552 1964 5582 ε
2011 5530 2173 5589 debet
2199 5530 2380 5586 velare
2410 5535 2574 5602 caput
2603 5545 2780 5596 suum;
2805 5527 3058 5600 quoniam
3090 5527 3277 5602 imago
3293 5535 3344 5584 et
3365 5528 3536 5600 gloria
