3960 6036
420 204 519 257 179

958 202 1015 257 S.
1056 199 1414 259 BRUNONIS
1454 197 2106 257 CARTHUSIANORUM
2145 199 2626 257 INSTITUTORIS
2666 200 2819 257 OPP.
2862 201 3057 257 PARS.
3100 202 3166 256 II.

3612 203 3716 256 180

419 348 439 377 ι
482 326 582 382 Dei
613 334 712 394 est,
747 325 943 382 mulier
988 334 1166 381 autem
1196 326 1373 397 gloria
1421 326 1519 381 viri
1549 334 1649 382 est.
1699 326 1823 381 Non
1861 324 2004 380 enim
2028 326 2082 385 Α
2111 333 2323 380 orarent
2354 325 2408 379 in
2436 326 2712 391 Ecclesia;
2746 325 3003 381 mulieres
3034 342 3162 381 vero
3192 326 3463 380 denudato
3498 343 3509 379 :
3566 325 3713 397 quod

421 439 442 463 «
488 416 572 471 vir
601 432 666 471 ex
697 416 925 471 muliere
960 424 1061 479 est,
1088 416 1184 469 sed
1202 416 1395 470 mulier
1415 432 1479 470 ex
1501 415 1640 470 viro.
1662 414 1873 469 Etenim
1904 430 2015 467 non

423 526 444 554 α
490 514 571 560 est
602 514 813 561 creatus
844 505 925 559 vir
953 513 1172 575 propter
1198 504 1502 570 mulierem,
1536 505 1634 560 sed
1664 504 1860 558 mulier
1888 519 2016 573 pro-

422 617 443 641 «
489 603 610 665 pter
648 595 849 649 virum.
890 595 1018 648 Ideo
1049 594 1211 649 debet
1232 595 1425 649 mulier
1442 594 1692 649 velamen
1709 594 1913 647 habere
1935 609 2019 646 su-

429 701 447 732 ι
487 700 586 753 per
617 692 775 753 caput
819 700 994 750 suum,
1028 691 1079 737 et
1111 692 1338 753 prepter
1358 684 1605 754 angelos.
1632 684 2019 737 Verumtamen

423 794 444 822 α
489 788 666 842 neque
713 772 796 826 vir
828 772 943 826 sine
966 771 1210 839 muliere,
1236 788 1412 842 neque
1442 770 1636 825 mulier
1656 771 1773 824 sine
1803 770 1940 833 viro,
1964 770 2019 822 in

427 884 447 909 α
491 860 749 917 Domino.
786 861 921 915 Nam
955 860 1091 915 sieut
1122 860 1318 914 mulier
1351 861 1419 914 de
1449 860 1584 925 viro,
1634 859 1704 913 ita
1735 867 1787 913 et
1816 858 1897 913 vir
1922 874 2021 928 per

426 970 448 999 α
512 949 796 1004 mulierem
834 967 846 1003 :
895 949 1076 1004 omnia
1120 956 1300 1003 autem
1340 965 1404 1003 ex
1436 950 1571 1003 Deo.
1606 948 1717 1002 Vos
1746 947 1847 1017 ipsi
1870 947 2020 1015 judi-

423 1058 444 1088 ι
489 1037 664 1093 dicate
697 1056 709 1092 :
743 1039 899 1094 decet
928 1038 1210 1092 mulierem
1230 1054 1339 1092 non
1362 1038 1592 1093 velatam
1615 1052 1772 1091 orare
1799 1038 1972 1090 Deum
1994 1036 2021 1090 ?

427 1149 449 1177 ι
492 1128 607 1182 Nec
656 1126 776 1197 ipsa
822 1134 1017 1181 natura
1060 1126 1219 1181 docet
1260 1142 1376 1193 vos,
1424 1127 1569 1197 quod
1619 1126 1699 1180 vir
1726 1125 1944 1196 quidem
1976 1124 2022 1179 si

426 1235 447 1259 u
493 1227 703 1267 comam
733 1211 947 1281 nutriat,
996 1212 1295 1284 ignominia
1324 1220 1407 1265 est
1437 1211 1514 1265 illi
1550 1230 1563 1265 :
1596 1210 1793 1265 mulier
1823 1225 1953 1265 vero
1977 1209 2023 1263 si

430 1324 449 1349 u
494 1316 705 1355 comam
737 1300 954 1365 nutriat,
985 1300 1162 1373 gloria
1193 1308 1274 1355 est
1303 1300 1413 1367 illi;
1435 1300 1691 1371 quoniam
1720 1298 1902 1370 capilli
1922 1314 2022 1370 pro

433 1412 454 1436 ι»
497 1388 765 1445 velamine
798 1389 846 1444 ei
878 1389 984 1443 dati
1016 1396 1158 1443 sunt.
1196 1389 1253 1444 Si
1283 1388 1401 1460 quis
1434 1397 1613 1443 autem
1647 1388 1857 1443 videtur
1885 1402 2022 1443 con-

431 1502 451 1525 «
499 1478 759 1533 tentiosus
804 1494 944 1545 esse,
980 1493 1080 1531 nos
1106 1477 1266 1531 talem
1312 1477 1758 1532 consuetudinem
1781 1493 1891 1532 non
1918 1478 2023 1530 ha-

432 1586 458 1616 α
498 1567 707 1633 bemus,
738 1583 914 1638 neque
946 1566 1192 1621 Ecclesia
1223 1566 1339 1620 Dei.
1372 1566 1488 1622 Hoc
1519 1575 1698 1621 autem
1728 1565 2021 1637 prazcipio:

432 1678 454 1706 α
500 1671 607 1710 non
636 1655 881 1720 laudans,
917 1654 1061 1727 quod
1092 1670 1200 1709 non
1230 1654 1283 1708 in
1314 1654 1527 1724 melius,
1574 1655 1671 1709 sed
1701 1655 1755 1708 in
1784 1654 2025 1708 deterius

434 1766 455 1795 α
502 1744 829 1800 convenitis.
871 1743 1108 1798 Primum
1142 1744 1363 1815 quidem
1392 1743 1840 1799 convenientibus
1872 1742 2026 1798 vobis

435 1855 456 1884 κ
502 1833 557 1886 in
588 1833 911 1899 Ecclesiam,
947 1831 1106 1887 audio
1138 1832 1408 1887 scissuras
1437 1849 1560 1888 esse
1587 1833 1727 1887 inter
1757 1848 1872 1898 vos,
1897 1840 2029 1887 etex

438 1946 458 1969 α
503 1929 657 1993 parte
689 1922 875 1977 credo.
909 1922 1046 1975 Nam
1088 1930 1297 1992 oportet
1328 1929 1379 1975 et
1410 1922 1647 1976 haereses
1698 1937 1838 1988 esse,
1891 1928 1948 1973 ut
1978 1926 2031 1974 et

437 2034 458 2059 α
504 2012 594 2083 qui
625 2010 842 2082 probati
877 2017 1020 2078 sunt,
1053 2009 1326 2065 manifesti
1359 2009 1490 2064 fiant
1520 2010 1573 2063 in
1605 2010 1780 2065 vobis.
1813 2009 2029 2064 Conve-

440 2123 461 2149 α
506 2099 779 2155 nientibus
809 2114 943 2171 ergo
974 2098 1126 2153 vobis
1156 2098 1211 2152 in
1243 2115 1428 2163 unum,
1452 2099 1567 2167 jam
1597 2114 1705 2153 non
1734 2106 1817 2153 est
1847 2098 2031 2153 Domi-

440 2211 461 2239 α
499 2189 677 2244 nicam
694 2202 907 2243 coenam
926 2186 1280 2242 manducare.
1304 2186 1689 2259 Unusquisque
1715 2186 1857 2241 enim
1880 2202 2032 2240 suam

440 2300 461 2325 ια
508 2292 721 2333 ccenam
743 2275 1025 2346 priesumit
1054 2276 1122 2331 ad
1152 2276 1611 2331 manducandum.
1646 2277 1712 2329 Et
1743 2275 1881 2330 alius
1909 2276 2032 2347 qui-

440 2390 461 2414 α
506 2366 629 2421 dem
661 2364 844 2432 esurit,
878 2364 1015 2419 alius
1060 2373 1238 2420 autem
1279 2365 1463 2419 ebrius
1512 2372 1611 2420 est.
1641 2365 1898 2436 Nunquid
1929 2365 2033 2419 do-

441 2479 462 2503 «
508 2470 627 2510 mos
657 2470 765 2508 non
795 2454 1026 2516 habetis,
1056 2454 1125 2509 ad
1154 2453 1589 2508 manducandum
1618 2462 1669 2507 et
1698 2453 2034 2508 bibendum?

443 2566 465 2596 ι
510 2547 615 2599 Aut
644 2542 948 2599 Ecclesiam
978 2543 1076 2597 Dei
1102 2542 1463 2613 contemnitis,
1497 2551 1549 2598 et
1578 2542 1910 2598 confunditis
1940 2559 2034 2597 eos

443 2655 465 2686 ‹
511 2632 601 2705 qui
623 2648 731 2688 non
760 2632 998 2687 habent?
1021 2631 1162 2700 Quid
1186 2631 1361 2687 dicam
1386 2631 1579 2687 vobis?
1609 2632 1791 2685 Laudo
1810 2648 1907 2686 vos
1925 2632 1953 2685 ‘?
1981 2632 2036 2685 in

446 2744 468 2773 ι
511 2723 614 2777 hoc
644 2737 754 2775 non
782 2721 965 2776 laudo.
1001 2722 1119 2794 Ego
1151 2721 1295 2775 enim
1326 2720 1511 2792 accepi
1540 2738 1570 2774 a
1604 2720 1855 2786 Domino,
1891 2720 2037 2791 quod

449 2831 469 2863 ι
515 2819 567 2867 et
610 2810 810 2865 tradidi
860 2810 1034 2877 vobis,
1080 2810 1335 2883 quoniam
1368 2809 1633 2865 Dominus
1666 2818 1852 2864 noster
1880 2810 2037 2864 Jesus

450 2925 471 2949 «ι
516 2900 762 2956 Christus
793 2899 848 2953 in
876 2916 979 2971 qua
1007 2907 1165 2954 nocte
1209 2899 1543 2969 tradebatur,
1577 2899 1787 2970 accepit
1816 2914 2035 2969 panem,

445 3014 467 3038 α
513 2998 565 3045 et
595 2988 799 3061 gratias
818 3004 990 3061 agens
1019 2988 1197 3059 fregit,
1231 2996 1285 3043 et
1312 2988 1445 3042 dixit
1478 3004 1489 3041 :
1536 2988 1779 3058 Accipite
1810 2996 1861 3043 et
1893 3004 2037 3041 man-

443 3101 465 3131 ι
509 3079 706 3135 ducate
740 3096 752 3131 :
786 3079 902 3133 Hoc
933 3084 1014 3131 est
1042 3092 1237 3148 corpus
1273 3093 1474 3141 meum,
1524 3076 1667 3149 quod
1718 3093 1816 3147 pro
1846 3076 2040 3148 [omni-

454 3191 477 3220 ι
521 3167 642 3239 bus]
674 3167 829 3222 vobis
868 3167 1129 3231 tradetur;
1168 3167 1271 3227 hoc
1319 3165 1476 3221 facite
1506 3165 1560 3219 in
1590 3182 1765 3220 meam
1795 3182 2038 3222 comme-

454 3281 474 3306 α
520 3256 891 3312 morationem.
927 3254 1181 3310 Similiter
1228 3262 1279 3311 et
1309 3255 1554 3322 calicem,
1591 3264 1881 3326 postquam
1930 3271 2039 3309 cte-

450 3369 471 3397 «
517 3346 683 3412 navit,
718 3345 907 3401 dicens
940 3363 953 3399 :
987 3344 1086 3401 Hic
1112 3344 1248 3400 calix
1297 3361 1495 3399 novum
1546 3352 1926 3399 testamentum
1958 3352 2041 3400 est

448 3460 469 3484 α
516 3436 569 3491 in
591 3451 712 3490 meo
741 3434 1023 3506 sanguine;
1040 3434 1142 3489 hoc
1156 3433 1331 3499 facite,
1348 3434 1775 3505 quotiescunque
1790 3435 2035 3499 sumitis,

451 3547 473 3576 α
518 3525 571 3579 in
602 3540 779 3580 meam
801 3523 1393 3579 commemorationem.
1430 3521 1873 3593 Quotiescunque
1895 3523 2040 3577 enim

453 3636 475 3665 α
515 3612 909 3669 manducabitis
972 3628 1169 3682 panem
1234 3614 1393 3679 hunc,
1440 3619 1492 3666 et
1539 3611 1763 3667 calicem
1821 3612 2037 3680 bibetis,

450 3726 471 3749 α
517 3712 751 3757 mortem
768 3701 983 3756 Domini
1005 3701 1412 3767 annuntiabitis,
1449 3701 1624 3755 donec
1653 3701 1852 3755 veniat.
1896 3701 2040 3754 «Ita-

452 3815 474 3839 ιι
521 3808 624 3863 que
655 3792 967 3863 quicunque
1014 3790 1422 3845 manducaverit
1460 3806 1675 3859 panem,
1714 3789 1799 3843 vel
1846 3788 2045 3844 biberit

449 3904 470 3928 ι
517 3880 745 3935 calicem
764 3878 977 3933 Domini
1006 3878 1247 3949 indigne,
1281 3895 1409 3933 reus
1438 3879 1540 3933 erit
1571 3878 1815 3948 corporis
1838 3886 1887 3933 et
1917 3894 2045 3932 san-

450 3993 470 4014 u
514 3968 694 4040 guinis
725 3967 939 4021 Domini
972 3968 1152 4037 (Joan.
1188 3982 1263 4032 vr,
1299 3970 1443 4037 59).»
1490 3967 1685 4021 Probet
1730 3975 1910 4021 autem
1951 3983 2042 4021 se-

451 4080 472 4109 α
517 4058 693 4128 ipsum
724 4058 905 4124 homo,
941 4064 993 4110 et
1022 4056 1099 4111 sic
1132 4056 1198 4109 de
1220 4072 1357 4125 pane
1388 4055 1478 4109 illo
1510 4056 1654 4120 edat,
1681 4063 1732 4110 et
1763 4056 1829 4110 de
1874 4056 2044 4112 calice

453 4164 474 4193 α
520 4142 693 4195 bibat.
735 4139 839 4208 Qui
869 4140 1012 4195 enim
1052 4140 1337 4195 manducet
1380 4147 1432 4195 et
1461 4139 1593 4193 bibit
1622 4138 1864 4212 indigne,
1893 4140 2044 4209 judi-

377 4287 393 4300 η
457 4255 478 4283 «
524 4231 663 4287 cium
689 4230 790 4284 sibi
819 4230 1114 4284 manducat
1158 4236 1211 4283 et
1240 4228 1392 4297 bibit,
1425 4246 1533 4283 non
1574 4229 1877 4297 dijudicans
1924 4245 2047 4285 cor-

454 4343 476 4371 «
521 4337 623 4391 pus
654 4319 888 4373 Domini.
924 4319 1052 4373 Ideo
1083 4318 1224 4373 inter
1255 4334 1349 4373 vos
1379 4318 1531 4372 multi
1563 4316 1763 4372 infirmi
1795 4327 1844 4373 et
1876 4318 2049 4373 imbe-

456 4432 477 4460 ι
522 4409 692 4472 cilles,
728 4416 779 4463 et
807 4408 1079 4463 dormiunt
1110 4408 1283 4462 multi.
1336 4407 1471 4475 Quia
1500 4407 1546 4461 si
1576 4409 1939 4477 nosmetipsos
1970 4408 2049 4461 di-
2080 4412 2129 4470 D

458 4520 479 4547 α
518 4498 907 4567 judicaremus,
956 4513 1065 4551 non
1112 4496 1295 4568 utique
1339 4496 1727 4565 judicaremur.
1778 4498 1917 4550 Dum
1959 4497 2049 4565 ju-

459 4610 478 4637 α
525 4586 773 4642 dicamur
801 4594 1000 4654 autem,
1033 4601 1063 4638 a
1096 4585 1323 4639 Domino
1356 4585 1694 4655 corripimur,
1728 4592 1781 4639 ut
1806 4602 1912 4639 non
1928 4602 2052 4640 cum

456 4699 477 4727 α
522 4677 624 4731 hoc
655 4675 855 4729 mundo
904 4675 1245 4729 damnemur.
1300 4675 1499 4744 Itaque,
1534 4675 1731 4728 fratres
1769 4674 1894 4742 mei,
1928 4690 2050 4730 cum

458 4786 480 4814 «
514 4764 815 4820 convenitis
844 4764 912 4818 ad
943 4763 1401 4829 manducandum,
1438 4762 1667 4818 invicem
1701 4771 2043 4833 exspectate.

460 4874 481 4901 «
529 4852 584 4907 Si
612 4853 732 4923 quis
753 4854 939 4917 esurit,
973 4852 1119 4906 domi
1142 4852 1449 4918 manducet,
1487 4860 1543 4905 ut
1573 4868 1681 4906 non
1711 4852 1766 4906 in
1789 4852 2054 4921 judicium

462 4961 484 4991 ι
528 4942 878 4997 conveniatis.
905 4942 1110 4997 Caatera
1126 4949 1303 4996 autem
1326 4957 1448 4996 cum
1467 4956 1673 4997 venero
1696 4940 2001 5013 disponam.
2028 4965 2049 4988 ι»

1101 5149 1412 5189 EXPOSITIO.

529 5320 823 5389 Postquam
861 5317 929 5371 de
979 5316 1273 5371 immolatis
1304 5316 1451 5371 idolo
1483 5314 1831 5385 reprehendit
1862 5330 1957 5369 eos
1985 5331 2054 5369 ne

457 5408 544 5464 vel
576 5407 675 5462 sub
706 5404 1031 5461 oilendiculo
1062 5405 1264 5472 fratris,
1301 5405 1387 5460 vel
1411 5405 1512 5457 sub
1545 5403 1895 5458 veneratione
1928 5402 2056 5457 idoli

457 5496 843 5568 participarent
874 5495 999 5562 illis,
1032 5494 1224 5549 transit
1256 5494 1323 5547 ad
1371 5493 1539 5559 aliud,
1576 5493 1723 5563 quod
1753 5492 1912 5545 nimis
1942 5492 2049 5546 im-

460 5585 656 5658 pudice
701 5593 1120 5653 consueverant,
1173 5583 1381 5640 scilicet
1430 5590 1486 5639 ut
1535 5581 1638 5638 viri
1668 5582 1846 5639 velato
1878 5581 2055 5655 capite

2073 3047 2119 3106 Ο

2116 430 2185 468 ne
2216 415 2438 469 ulterius
2492 414 2581 469 ﬁat
2612 415 2663 468 in
2697 415 2795 482 eis,
2849 415 3101 485 prohibet
3134 422 3185 469 et
3216 415 3341 487 lege
3385 413 3713 470 conditionis

2118 518 2306 557 eorum
2340 511 2391 558 et
2425 504 2741 559 auctoritate
2785 511 3116 569 sanctorum,
3170 512 3221 558 et
3251 504 3374 574 quia
3405 510 3600 557 natura
3631 519 3718 557 re-

2119 600 2343 663 pugnat.
2377 592 2575 647 Littera
2620 593 2696 647 sic
2720 593 2965 665 jungitur
3001 608 3012 645 :
3047 593 3126 647 De
3171 592 3275 647 hoc
3322 593 3469 663 quod
3500 592 3583 646 vel
3615 592 3716 645 sub

2120 681 2471 736 veneratione
2520 682 2669 751 idoli,
2705 682 2790 737 vel
2821 682 2922 735 sub
2969 681 3295 737 offendicula
3328 678 3507 735 fratris
3536 680 3719 735 idolo-

2122 771 2267 841 thyta
2299 770 2600 836 comeditis,
2658 786 2755 825 vos
2817 771 3178 841 reprehendo.
3242 770 3321 824 De
3392 771 3495 824 hoc
3540 778 3720 824 autem

2120 859 2281 913 laudo
2314 875 2431 926 vos,
2480 875 2511 914 ο
2560 859 2776 925 fratres,
2830 860 2976 930 quod
3007 859 3137 913 estis
3183 874 3455 914 memores
3484 859 3592 913 mei
3619 874 3723 929 per

2122 948 2304 1003 omnia
2348 964 2470 1019 quae
2512 948 2776 1018 imperavi
2815 948 2989 1003 vobis.
3044 949 3312 1002 Memores
3360 947 3517 1013 ideo;
3572 948 3717 1019 quia,

2125 1036 2261 1091 sicut
2292 1036 2491 1091 tradidi
2552 1036 2705 1091 vobis
2751 1044 3027 1108 praecepta
3059 1053 3199 1107 mea,
3249 1037 3329 1092 sic
3359 1036 3551 1091 tenetis
3590 1035 3727 1091 nihil

2122 1126 2454 1196 inexpletum
2504 1126 2999 1197 praztermittentes.
3041 1127 3108 1180 Et
3138 1126 3241 1181 hoc
3270 1133 3435 1180 totum
3468 1125 3674 1180 ironice
3704 1142 3720 1191 ;

2126 1214 2247 1285 quia
2288 1214 2599 1268 mandatum
2649 1215 2763 1283 ejus
2810 1214 2897 1270 vix
2945 1214 3000 1268 in
3050 1214 3233 1286 aliquo
3274 1222 3576 1269 tenuerant.
3610 1214 3721 1269 Sed

2123 1304 2249 1359 licet
2280 1304 2351 1357 ita
2382 1303 2599 1359 laudem
2630 1320 2747 1369 vos,
2782 1304 2835 1357 in
2864 1318 2929 1358 eo
2960 1312 3138 1358 tamen
3170 1303 3437 1374 vitupero,
3472 1303 3618 1375 quod
3640 1302 3725 1359 vir

2125 1392 2301 1447 velato
2330 1391 2527 1463 capite,
2561 1392 2756 1447 mulier
2777 1393 3002 1461 nudato,
3046 1393 3297 1463 deturpat
3327 1408 3404 1447 se.
3441 1392 3546 1447 Sed
3576 1408 3723 1463 prae-

2124 1482 2283 1535 mittit
2329 1481 2587 1546 rationes,
2636 1481 2831 1553 quibus
2862 1482 2940 1537 sic
2972 1497 3081 1535 non
3130 1481 3329 1536 debere
3359 1479 3476 1535 ﬁeri
3510 1497 3713 1552 appro-

2127 1571 2233 1639 bet,
2266 1570 2455 1625 dicens
2488 1589 2500 1623 :
2533 1571 2615 1625 Ne
2645 1577 2752 1623 tam
2784 1586 3047 1640 perverso
3107 1586 3256 1624 more
3289 1570 3587 1640 deturpetis
3625 1585 3724 1625 ca-

2047 1683 2097 1742 B
2125 1659 2236 1731 pita
2281 1667 2485 1724 vestra,
2536 1660 2659 1714 volo
2691 1675 2787 1713 vos
2816 1659 2954 1715 scire
3004 1660 3149 1730 quod
3182 1659 3424 1714 Christus
3453 1666 3611 1729 caput
3642 1666 3727 1713 est

2140 1748 2347 1804 127
2383 1748 2559 1804 omnis
2590 1748 2693 1803 viri
2721 1748 2903 1803 divitis
2933 1749 3017 1804 vel
3049 1748 3299 1819 pauperis
3325 1767 3338 1813 ;
3372 1764 3404 1802 a
3434 1749 3547 1802 Deo
3579 1749 3724 1803 enim

2130 1837 2456 1908 principium
2487 1838 2649 1893 habet
2679 1853 2787 1893 non
2818 1838 2886 1892 ab
2917 1837 3041 1892 alio.
3074 1838 3141 1891 Et
3189 1836 3648 1909 quemadmodum
3670 1836 3726 1891 in

2130 1928 2310 1997 capite
2342 1942 2534 1981 omnes
2566 1943 2760 1981 sensus
2790 1927 3075 1990 habemus,
3112 1934 3163 1981 et
3195 1926 3399 1980 nullum
3418 1926 3473 1979 in
3502 1942 3733 1996 corpore

2130 2025 2329 2087 prieter
2385 2024 2607 2084 tactum,
2679 2032 2838 2087 quem
2879 2016 3139 2070 habemus
3187 2015 3382 2070 iterum
3419 2015 3472 2069 in
3518 2015 3730 2085 capite;

2134 2106 2211 2159 sic
2265 2120 2454 2160 omnes
2504 2121 2699 2160 sensus
2748 2105 2918 2159 nostri
2975 2104 3303 2170 consentire,
3352 2112 3403 2160 et
3445 2104 3733 2175 cooperari

2133 2194 2335 2249 debent
2367 2194 2532 2265 capiti
2565 2210 2664 2249 suo
2715 2194 2928 2249 Christo
2955 2212 2969 2261 ;
3004 2194 3253 2248 Christus
3284 2201 3364 2248 est
3390 2200 3550 2264 caput
3581 2192 3683 2247 viri
3718 2210 3732 2247 :

2134 2283 2218 2338 vir
2246 2291 2425 2338 autem
2457 2292 2617 2355 caput
2662 2291 2745 2338 est
2784 2282 3047 2349 mulieris,
3080 2283 3133 2336 id
3166 2291 3247 2337 est
3274 2282 3620 2353 principium.
3647 2283 3729 2338 De

2135 2390 2283 2436 costa
2331 2381 2476 2435 enim
2522 2381 2621 2435 viri
2672 2380 2925 2436 fabricata
2969 2388 3051 2435 est
3098 2381 3307 2442 mulier.
3360 2389 3412 2435 et
3442 2380 3518 2435 sic
3547 2390 3729 2436 mate-

2135 2470 2270 2524 riam
2301 2470 2549 2541 principii
2600 2470 2681 2524 sui
2711 2470 2865 2523 traxit
2892 2485 2925 2524 a
2971 2470 3113 2524 viro:
3146 2470 3238 2541 qui
3274 2469 3355 2525 vir
3382 2486 3410 2522 a
3444 2472 3557 2525 Deo
3604 2478 3729 2525 tan-

2138 2568 2247 2613 tum
2296 2560 2481 2613 habuit
2545 2559 2893 2630 principium.
2966 2559 3213 2613 Christus
3265 2568 3345 2613 est
3386 2568 3545 2630 caput
3590 2560 3731 2628 viri;

2138 2650 2283 2703 Deus
2341 2664 2473 2703 vero
2530 2656 2611 2703 est
2672 2657 2848 2719 caput,
2908 2647 2961 2702 id
3018 2655 3101 2702 est
3156 2648 3477 2719 principium
3508 2649 3728 2716 Christi,

2140 2738 2439 2793 secundum
2482 2737 2760 2791 hominem
2810 2744 2968 2808 caput
3000 2736 3341 2807 specialiter;
3377 2738 3502 2809 quia
3529 2738 3731 2791 immu-

2139 2843 2263 2881 nem
2306 2843 2335 2879 a
2383 2834 2607 2897 peccato
2654 2842 2754 2895 per
2796 2826 2995 2879 unitam
3036 2825 3137 2896 ipsi
3187 2825 3520 2881 divinitatem
3570 2827 3731 2881 Chri-

2142 2925 2282 2970 stum
2338 2917 2483 2970 Deus
2539 2914 2829 2971 constituit.
2891 2915 3197 2970 Secundum
3256 2915 3525 2969 Deitatcm
3582 2917 3730 2971 Deus

2142 3013 2223 3061 est
2271 3013 2429 3076 caput
2480 3004 2697 3073 Christi,
2771 3004 2894 3075 quia
2944 3004 3110 3058 Filius
3140 3004 3465 3074 principium
3510 3005 3672 3059 habet
3702 3020 3738 3060 a

2140 3097 2313 3159 Patre,
2375 3095 2533 3148 Pater
2574 3109 2683 3147 non
2738 3093 2804 3145 ab
2863 3093 2989 3147 alio.
3039 3093 3105 3146 Et
3155 3093 3277 3164 quia
3325 3093 3405 3148 vir
3462 3094 3735 3148 Christum

2141 3184 2481 3239 solummodo
2513 3191 2672 3253 caput
2702 3182 2881 3245 habet,
2915 3182 3037 3236 ideo
3054 3184 3237 3237 omnis
3261 3184 3346 3238 vir
3366 3199 3534 3237 orans
3566 3184 3626 3237 in
3649 3199 3738 3238 cc-

2138 3276 2311 3329 clesia
2333 3272 2671 3327 Dominicam
2693 3272 3007 3337 orationem,
3034 3271 3118 3325 vel
3148 3272 3415 3343 quaslibet
3444 3272 3738 3339 orationes,

2140 3372 2230 3417 aut
2285 3362 2653 3433 prophetans;
2698 3362 3020 3430 prophetare
3081 3360 3225 3427 dicit,
3296 3361 3381 3415 vel
3429 3361 3737 3432 symbolum

2141 3452 2339 3517 dicere,
2392 3450 2448 3503 in
2507 3466 2613 3521 quo
2663 3449 2842 3504 carnis
2893 3449 3222 3504 resurrectio
3270 3458 3321 3503 et
3371 3450 3477 3504 vita
3506 3458 3731 3519 aeterna,

2141 3558 2259 3612 quze
2288 3540 2459 3594 futura
2489 3548 2610 3593 sunt
2640 3538 3022 3608 praedicuntur;
3056 3540 3141 3593 vel
3177 3539 3541 3611 prephetans,
3574 3539 3629 3594 id
3654 3548 3738 3594 est

2140 3630 2332 3701 legens
2377 3629 2431 3682 in
2469 3628 2698 3683 ecclesia
2745 3636 2795 3682 et
2839 3628 3083 3682 revelans
3131 3644 3249 3698 (ωδε
3297 3628 3571 3697 ρΓὶῡῐΟΓίῐὶὶ
3614 3638 3741 3683 sunt

2142 3719 2229 3773 vel
2276 3717 2446 3772 futura
2495 3716 2831 3772 solummodo
2875 3717 2943 3771 de
2993 3716 3239 3782 Christo;
3273 3717 3357 3772 vir
3406 3718 3479 3771 ita
3509 3716 3734 3784 faciens,

2144 3807 2409 3877 deturpat
2442 3810 2613 3878 caput
2644 3822 2838 3861 suum.

2218 3898 2507 3949 P-issemus
2552 3894 2638 3949 hic
2671 3896 2853 3949 dicere
2902 3903 3064 3965 caput
3102 3895 3202 3949 viri
3242 3895 3513 3949 Christum
3553 3912 3739 3967 quem,

2144 3984 2271 4039 dum
2302 3985 2583 4039 inhoneste
2615 3984 2745 4055 agit,
2800 3992 3056 4054 quantum
3087 3986 3155 4039 ad
3186 4002 3244 4039 se
3275 3986 3560 4055 deturpare
3594 3986 3744 4041 vide-

2146 4082 2250 4138 tur,
2298 4074 2450 4141 cujus
2474 4074 2624 4142 jussa
2654 4073 2859 4143 spernit
2885 4093 2898 4139 ;
2934 4074 3029 4128 sed
3061 4074 3185 4144 quia
3208 4091 3441 4145 sequens
3465 4074 3641 4128 littera
3664 4074 3743 4129 sic

2147 4179 2258 4217 non
2288 4163 2504 4233 patitur,
2537 4161 2767 4217 dicimus
2800 4180 2812 4216 :
2850 4163 2940 4217 Vir
2968 4162 3141 4217 velato
3174 4164 3349 4233 capite
3372 4179 3533 4218 orans
3554 4164 3745 4217 detur-

2146 4261 2237 4323 pat
2286 4252 2562 4322 preprium
2607 4259 2785 4321 caput,
2839 4252 2968 4305 dum
3016 4252 3321 4307 libertatem
3374 4268 3534 4324 quam
3584 4253 3748 4307 habet

2150 4342 2300 4411 (quia
2350 4340 2449 4394 sub
2498 4340 2645 4393 nullo
2691 4349 2885 4409 praeter
2932 4341 3206 4395 Christum
3254 4346 3357 4411 est)
3410 4342 3539 4411 tegit
3589 4342 3741 4396 vela-

2152 4438 2334 4484 mento
2363 4448 2375 4483 :
2410 4429 2553 4500 quod
2584 4428 2799 4499 signum
2829 4438 2909 4481 est
2941 4430 3325 4485 erubescendze
3366 4431 3737 4499 subjectionis.

2154 4518 2248 4573 Vir
2297 4518 2473 4573 velato
2522 4517 2693 4587 capite
2738 4532 2896 4570 orans
2947 4519 3197 4589 deturpat
3222 4520 3497 4590 proprium
3539 4528 3742 4590 caput;

2153 4608 2248 4663 sed
2265 4610 2448 4663 omnis
2472 4608 2678 4662 mulier
2694 4623 2863 4660 orans
2896 4612 2996 4662 aut
3026 4608 3372 4679 prephcttms
3395 4609 3558 4678 (sicut
3581 4625 3749 4680 supra

2154 4691 2455 4762 expositum
2503 4691 2607 4761 est)
2656 4707 2768 4743 non
2820 4693 2998 4747 velato
3048 4694 3249 4762 capite,
3299 4693 3565 4764 deturpat
3606 4711 3745 4765 pro-

2154 4783 2341 4854 prium
2365 4786 2556 4852 caput,
2593 4782 2736 4850 quod
2756 4796 2970 4850 semper
2988 4781 3166 4835 velare
3189 4781 3431 4848 deberet,
3458 4782 3509 4835 in
3528 4770 3747 4854 sigmim

2155 4871 2268 4939 ejus
2298 4870 2708 4937 erubescentiae,
2736 4871 2879 4942 quod
2912 4870 3071 4924 totius
3112 4869 3431 4940 perditionis
3474 4885 3640 4925 causa
3682 4871 3749 4925 sit

2155 4958 2368 5023 mulier,
2421 4966 2473 5012 et
2524 4959 2753 5015 maxime
2785 4976 2907 5015 cum
2938 4958 2990 5012 in
3021 4958 3267 5014 Ecclesia
3295 4974 3394 5013 suo
3443 4968 3746 5029 przesenta—

2156 5054 2242 5100 tur
2282 5046 2473 5114 judici,
2514 5047 2600 5101 cui
2647 5064 2807 5102 omne
2863 5064 3038 5119 genus
3068 5048 3344 5101 hominum
3374 5046 3627 5103 infestum
3661 5047 3747 5103 fe-

2156 5135 2244 5200 cit,
2295 5134 2424 5187 dum
2473 5135 2694 5190 diabolo
2743 5136 3037 5201 consensit,
3090 5144 3142 5189 et
3190 5136 3256 5189 ad
3297 5137 3747 5191 consentiendum

2153 5224 2331 5279 eidem
2381 5224 2558 5278 virum
2602 5224 2830 5295 impulit.
2884 5226 3038 5289 Vere,
3098 5225 3381 5279 mulierem
3426 5242 3533 5281 non
3562 5226 3745 5281 velare

2156 5322 2335 5384 caput,
2386 5322 2468 5369 est
2519 5314 2810 5385 deturpare
2849 5323 3022 5383 caput.
3071 5314 3207 5367 Nam
3256 5331 3434 5369 unum
3497 5323 3548 5369 et
3598 5315 3744 5369 idem

2155 5417 2257 5477 est,
2296 5412 2437 5482 quod
2487 5428 2595 5466 non
2644 5412 2782 5465 velat
2829 5419 2985 5481 caput
3026 5428 3091 5466 ac
3122 5414 3171 5466 si
3201 5412 3544 5478 dccclvetur,
3579 5413 3631 5466 id
3663 5423 3747 5469 est

2155 5500 2381 5571 capillos
2441 5502 2493 5554 in
2558 5500 2733 5556 fronte
2794 5500 3146 5565 discriminet,
3219 5516 3343 5555 cum
3411 5508 3618 5555 certum
3676 5502 3749 5557 sit

2155 5590 2299 5661 quod
2356 5589 2488 5646 nolit
2573 5590 2803 5646 tonderi.
2880 5588 3206 5645 Decalvetur
3266 5596 3473 5645 tantum
3547 5590 3745 5661 posuit,
