3960 6036
276 145 373 197 181

896 141 1275 201 EXPOSITIO
1313 145 1388 200 IN
1424 143 1804 202 EPISTOLAS
1842 145 2068 203 PAULI.
2095 129 2172 189 -’
2195 146 2268 202 ΙΝ
2304 146 2524 204 EPIST.
2568 149 2590 204 Ι
2627 148 2722 203 ΔΙ)
2760 148 2926 206 COR.

3472 155 3575 210 182

267 267 415 340 quod
470 266 654 339 utique
701 266 866 322 habet
913 283 1010 339 pro
1066 268 1486 339 inconvenienti,
1538 271 1664 342 quia
1722 271 1866 326 scie-
1897 273 1947 333 Α
2045 273 2172 329 Haec
2200 272 2486 343 praemissa
2513 273 2772 347 leguntur
2803 275 2905 329 sub
2925 274 3193 348 allegoria
3223 275 3453 331 sic:Vir
3482 276 3577 349 qui

270 357 358 410 bat
389 356 509 410 illas
539 356 686 411 nullo
716 357 879 412 modo
909 357 1048 413 velle
1079 359 1319 414 tonderi.
1363 361 1500 414 Vere
1545 376 1653 415 non
1684 361 1871 416 velare

269 455 434 514 caput
481 453 562 500 est
609 446 880 501 decalvari
917 465 929 500 :
964 462 1090 501 nam
1119 449 1168 502 si
1206 465 1321 503 non
1370 450 1595 504 velatur
1639 451 1866 519 mulier,

267 535 574 591 tondeatur
606 555 624 591 :
657 536 803 607 quod
834 537 960 608 quia
1009 537 1158 591 nullo
1205 537 1367 592 modo
1416 536 1595 606 faciet,
1632 539 1874 610 sequitur

266 632 325 678 ut
355 639 462 678 non
494 625 672 679 velato
703 624 879 695 capite
929 626 1262 680 decalvetur.
1297 628 1375 681 Ex
1405 642 1514 681 non
1567 627 1742 682 velato
1774 643 1871 682 ca-

261 713 396 784 pite,
432 713 674 785 sequitur
703 715 1017 769 necessario
1047 715 1131 770 vel
1162 716 1457 782 decalvari,
1493 716 1578 770 vel
1615 717 1866 783 tonderi;

263 804 363 857 sed
392 803 445 857 si
475 807 636 874 turpe
667 809 752 858 est
779 805 1030 869 mulieri,
1057 805 1200 876 quod
1233 805 1416 877 utique
1435 805 1729 860 dedeceret
1753 813 1872 860 ton-

262 891 404 954 deri,
427 891 516 946 vel
534 892 838 956 decalvari,
874 895 1020 948 velet
1050 898 1223 966 caput
1245 911 1430 959 suum,
1458 895 1603 966 quod
1627 895 1868 950 deceret.

266 980 464 1034 Mulier
492 980 634 1035 velet
665 989 843 1051 caput,
879 982 978 1036 sed
1006 983 1094 1037 vir
1122 999 1237 1036 non
1270 983 1427 1039 debet
1462 985 1646 1039 velare
1675 987 1868 1055 caput,

269 1072 544 1141 quoniam
565 1069 648 1124 vir
676 1075 759 1126 est
799 1073 979 1142 ima-go
1015 1072 1131 1137 Dei,
1157 1088 1188 1124 a
1210 1087 1318 1142 quo
1349 1072 1582 1127 formam
1626 1080 1678 1127 et
1722 1072 1872 1143 prin-

263 1159 474 1229 cipium
503 1159 685 1228 habet,
719 1168 768 1214 et
817 1163 900 1214 est
947 1162 1034 1216 vir
1077 1162 1258 1231 gloria
1301 1162 1421 1216 Dei.
1471 1161 1528 1216 Si
1559 1161 1702 1216 enim
1733 1162 1873 1216 bene

263 1249 466 1321 egerit,
491 1249 761 1320 gloriatur
779 1249 926 1304 Deus
955 1249 1009 1303 in
1045 1265 1129 1304 eo.
1163 1249 1258 1304 Vir
1278 1253 1363 1305 est
1397 1252 1579 1322 imago
1609 1254 1666 1306 et
1691 1251 1874 1321 gloria

262 1339 388 1392 Dei.
417 1337 526 1392 Sed
547 1339 756 1393 mulier
776 1342 865 1393 est
888 1339 1070 1408 gloria
1092 1340 1204 1393 viri
1223 1359 1241 1405 ;
1268 1338 1394 1409 quia
1411 1339 1571 1394 debet
1587 1354 1620 1393 a
1641 1338 1759 1394 viro
1771 1355 1872 1411 gu-

263 1425 522 1490 bernari;
556 1434 604 1480 et
637 1426 681 1479 si
715 1426 855 1481 bene
887 1427 1188 1497 gubernata
1236 1425 1418 1495 fuerit,
1453 1427 1681 1500 gloriam
1714 1428 1874 1482 habet

263 1531 435 1585 super
465 1515 549 1568 his
581 1531 703 1586 quae
751 1515 944 1570 mulier
986 1515 1125 1570 bene
1175 1516 1365 1588 gessit.
1416 1517 1557 1571 Vere
1588 1519 1676 1572 vir
1705 1517 1872 1571 solius

259 1606 364 1659 Dei
392 1606 576 1675 gloria
607 1609 710 1670 est,
745 1614 798 1660 et
827 1607 1036 1660 mulier
1083 1606 1266 1675 gloria
1297 1606 1423 1660 viri.
1455 1605 1596 1660 Nam
1641 1608 1729 1662 vir
1757 1624 1872 1661 non

261 1697 353 1748 est
385 1709 462 1748 ea:
492 1695 753 1759 muliere,
789 1694 841 1747 id
890 1701 972 1748 est
1002 1693 1058 1746 in
1087 1694 1264 1764 prima
1313 1693 1622 1749 conditione
1652 1694 1736 1749 vir
1763 1710 1873 1749 non

263 1782 458 1834 habuit
514 1783 783 1852 originem
833 1799 898 1836 ex
946 1783 1188 1849 muliere,
1241 1799 1362 1854 quae
1434 1783 1663 1838 necdum
1709 1791 1869 1850 erat;

262 1870 365 1925 sed
393 1873 607 1926 mulier
637 1871 962 1942 principium
982 1871 1170 1926 habuit
1201 1889 1274 1927 ex
1306 1873 1444 1938 viro,
1469 1872 1593 1942 quia
1621 1872 1690 1927 de
1720 1879 1874 1927 costa

265 1961 405 2015 Adae
436 1958 705 2015 aedificata
734 1969 814 2015 est
845 1961 978 2016 Eva.
1024 1963 1226 2016 lterum
1274 1977 1401 2016 vere
1433 1962 1515 2016 vir
1564 1969 1646 2016 est
1691 1962 1873 2034 gloria

262 2058 476 2104 tantum
520 2052 637 2114 Dei,
685 2058 740 2104 et
778 2052 987 2106 mulier
1033 2051 1160 2106 viri.
1221 2051 1444 2106 Etenim
1489 2052 1579 2106 vir
1621 2067 1737 2106 non
1785 2055 1869 2105 est

265 2144 503 2196 creatus
533 2144 765 2211 propter
795 2141 1115 2208 mulierem,
1148 2148 1205 2194 ut
1236 2140 1467 2195 serviret
1496 2140 1564 2207 ei,
1600 2139 1727 2211 quia
1756 2139 1872 2194 Deo

262 2229 409 2295 soli;
444 2229 540 2284 sed
570 2230 778 2284 mulier
797 2233 991 2285 creata
1021 2233 1107 2285 est
1147 2234 1383 2301 propter
1400 2230 1603 2295 virum,
1638 2237 1696 2283 ut
1725 2229 1872 2283 omni

265 2318 533 2372 servitute
573 2326 818 2372 maneret
849 2318 904 2372 in
932 2319 1202 2388 adjutorio
1250 2317 1371 2373 viri.
1406 2319 1474 2372 Et
1503 2317 1629 2390 quia
1676 2317 1874 2372 mulier

265 2407 338 2460 ad
372 2407 606 2479 gloriam
637 2407 740 2460 viri
772 2406 912 2461 facta
942 2415 1043 2473 est,
1078 2415 1130 2461 et
1159 2415 1216 2460 ut
1259 2423 1478 2477 semper
1505 2407 1624 2462 viro
1672 2407 1871 2461 subes-

263 2502 366 2560 set,
393 2496 516 2550 ideo
547 2497 756 2551 mulier
777 2495 933 2551 debet
963 2513 1184 2568 semper
1207 2496 1406 2551 habere
1433 2499 1792 2567 potestatem,
1816 2495 1872 2550 id

265 2592 350 2640 est
380 2585 603 2657 signum
653 2585 798 2655 quod
830 2584 896 2637 sit
924 2584 1116 2639 alienae
1162 2585 1460 2655 potestatis,
1495 2600 1661 2655 supra
1690 2593 1868 2655 caput,

265 2674 416 2746 quod
448 2673 630 2727 velare
651 2673 812 2727 debet
829 2673 884 2727 in
905 2673 1121 2745 signum
1141 2673 1492 2742 subjectionis
1519 2692 1533 2740 ;
1568 2681 1620 2728 et
1645 2678 1873 2746 propter

265 2764 522 2832 angelos,
553 2762 606 2816 id
637 2771 717 2816 est
740 2770 964 2832 propter
997 2763 1249 2818 doctores
1271 2762 1553 2828 Ecclesiae,
1576 2762 1668 2834 qui
1689 2761 1872 2834 angeli

266 2853 548 2915 dicuntur,
583 2851 707 2923 quia
739 2852 837 2905 Dei
869 2852 1040 2905 nuntii
1069 2859 1212 2917 sunt,
1244 2867 1312 2906 ne
1342 2851 1461 2906 visa
1508 2852 1733 2907 lascivia
1765 2851 1871 2904 im-

267 2941 593 3012 pudicarum
650 2940 960 3006 mulierum,
1008 2940 1193 2996 illicite
1240 2949 1560 2996 moveantur
1622 2941 1691 2995 ad
1756 2957 1868 2996 eas.

269 3030 370 3084 Vel
401 3034 595 3102 proter
623 3030 850 3100 angelos
882 3029 999 3095 Dei,
1036 3029 1125 3100 qui
1157 3039 1457 3100 praesentes
1509 3037 1632 3083 sunt
1661 3030 1717 3083 in
1747 3045 1869 3084 om-

267 3119 432 3172 nibus
490 3118 752 3172 Ecclesize
811 3118 1198 3183 sacramentis,
1260 3134 1328 3172 ne
1383 3117 1729 3173 oifcndantur
1782 3118 1870 3171 in-

266 3207 632 3278 temperantia
665 3215 825 3261 tentae
855 3207 1113 3261 libidinis.
1149 3207 1248 3262 Vel
1277 3212 1507 3279 propter
1536 3209 1782 3277 angelos,
1817 3207 1871 3260 id

267 3305 351 3351 est
395 3304 626 3367 propter
671 3297 1012 3367 patriarchas
1043 3304 1094 3350 et
1125 3295 1337 3366 priores
1386 3305 1622 3362 sanctos,
1665 3295 1758 3366 qui
1803 3312 1872 3350 ne

268 3386 375 3440 hoc
397 3383 555 3440 fieret
575 3385 987 3456 prohibuerunt.
1014 3383 1155 3452 Quia
1177 3384 1340 3440 modo
1361 3385 1498 3439 adeo
1519 3385 1871 3454 depresserat

271 3474 594 3529 muliebrem
624 3491 832 3539 sexum,
865 3473 943 3528 sic
973 3489 1070 3544 per
1097 3473 1280 3528 omnia
1319 3471 1554 3528 128
1587 3473 1703 3528 viro
1735 3472 1874 3527 indi-

270 3563 527 3636 gniorem
571 3562 793 3618 factum.
836 3564 995 3618 Nunc
1040 3563 1246 3617 relevat
1276 3570 1328 3616 et
1365 3561 1678 3617 consolatur
1727 3578 1870 3628 eum,

270 3653 466 3707 dicens
500 3667 511 3704 :
546 3653 689 3707 Licet
711 3651 767 3705 in
796 3652 975 3722 prima
1004 3651 1280 3707 creatione
1311 3651 1394 3705 vir
1424 3650 1705 3706 mulierem
1727 3667 1873 3721 prae-

270 3741 526 3805 cesserit,
560 3748 739 3796 tamen
770 3741 823 3795 in
867 3741 1115 3812 sequenti
1163 3740 1511 3795 successione
1554 3740 1872 3812 generandi,

269 3831 357 3884 vir
380 3839 432 3884 et
453 3830 645 3884 mulier
657 3847 820 3900 pares
833 3838 952 3884 sunt
978 3851 990 3896 δ
1015 3831 1146 3903 quia
1167 3846 1344 3901 neque
1368 3831 1453 3884 vir
1468 3831 1591 3884 sine
1613 3830 1872 3893 muliere,

266 3935 450 3991 neque
481 3920 690 3975 mulier
717 3921 841 3975 sine
871 3923 988 3975 viro
1009 3934 1272 3991 generare
1291 3925 1517 3990 queunt,
1543 3917 1638 3972 sed
1656 3917 1878 3988 partici-

263 4009 487 4078 patione
515 4007 733 4062 alterius
777 4008 1059 4079 aequaliter
1088 4015 1313 4078 generat
1365 4014 1614 4077 uterque.
1647 4007 1762 4061 Nec
1790 4013 1877 4059 ta-

267 4113 398 4152 men
441 4097 588 4167 quod
636 4113 700 4151 ex
749 4113 808 4151 se
855 4097 1126 4167 procreari
1167 4096 1394 4167 possint,
1448 4096 1546 4150 sed
1596 4102 1764 4150 totum
1815 4095 1879 4150 in

269 4187 513 4242 Domino
543 4206 560 4240 :
591 4185 854 4240 Dominus
885 4186 1031 4240 enim
1061 4201 1161 4256 per
1183 4185 1622 4254 conjunctionem
1653 4183 1880 4238 masculi

269 4285 321 4330 et
358 4275 576 4330 feminrr
605 4283 755 4330 creat
784 4275 1079 4329 hominem.
1119 4275 1256 4330 Vere
1309 4291 1410 4330 nec
1456 4275 1544 4329 vir
1592 4276 1718 4329 sine
1746 4289 1880 4327 mu-

271 4366 432 4428 liere,
469 4380 569 4419 nec
600 4365 806 4419 mulier
836 4365 958 4419 sine
989 4366 1106 4420 viro
1143 4380 1154 4418 :
1188 4382 1324 4419 nam
1356 4366 1504 4419 sicut
1534 4364 1743 4418 mulier
1773 4378 1876 4434 ge-
1900 4355 1949 4413 D

268 4463 500 4508 neratur
521 4453 587 4508 de
618 4455 774 4520 viro;
807 4455 892 4508 ita
922 4457 977 4508 et
1010 4453 1093 4508 vir
1113 4461 1411 4525 generatur
1427 4469 1528 4524 per
1560 4454 1877 4507 mulierem.

341 4542 444 4597 Hic
473 4542 697 4612 quidam
726 4542 1051 4595 insidiantur
1095 4542 1279 4597 verbis
1323 4541 1491 4607 Pauli,
1525 4557 1692 4612 quare
1725 4540 1882 4594 dixe-

269 4632 336 4685 rit
384 4630 583 4685 mulier
631 4631 698 4684 de
750 4629 885 4695 viro,
935 4630 1020 4685 vir
1067 4647 1176 4685 non
1225 4630 1294 4684 de
1339 4630 1588 4698 muliere,
1643 4630 1739 4684 sed
1789 4645 1887 4699 per

275 4720 584 4785 mulierem,
639 4719 884 4774 dicentes
932 4720 1000 4774 de
1049 4719 1217 4773 solius
1267 4718 1370 4774 viri
1416 4719 1623 4774 semine
1671 4718 1885 4788 concipi

276 4825 512 4880 puerum
550 4808 666 4863 sine
710 4809 916 4863 semine
968 4808 1179 4875 matris,
1214 4808 1310 4862 sed
1360 4816 1565 4862 tantum
1613 4824 1713 4878 per
1759 4823 1884 4860 mu—

275 4898 468 4953 lierem
517 4897 686 4952 foveri
736 4914 967 4968 puerum
1009 4897 1064 4951 in
1115 4905 1266 4952 utero
1313 4896 1522 4962 matris,
1572 4912 1671 4951 nec
1713 4903 1886 4950 mater

276 4988 478 5042 habeat
506 4986 580 5040 ibi
612 5003 818 5052 semen,
852 4987 949 5040 sed
999 4986 1173 5040 solam
1205 4985 1342 5040 uteri
1376 4985 1716 5039 nutrituram.
1750 4985 1887 5040 Male

278 5085 620 5148 exponentes
650 5075 815 5131 verba
869 5075 1039 5141 Pauli,
1072 5092 1195 5129 cum
1221 5091 1324 5145 per
1355 5082 1466 5128 tam
1499 5074 1638 5128 bene
1670 5074 1737 5127 sit
1766 5089 1887 5127 ma-

281 5165 494 5231 teriale,
539 5164 994 5236 quemadmodum
1043 5164 1127 5219 de.
1180 5163 1327 5218 Licet
1372 5162 1550 5218 dicam
1603 5162 1888 5216 mulierem

278 5254 533 5329 generari
561 5254 626 5308 de
655 5254 776 5308 viro
806 5261 858 5308 et
887 5269 916 5308 e
943 5268 1229 5320 converso,
1259 5259 1450 5307 tamen
1471 5253 1587 5305 haec
1617 5258 1668 5306 et
1698 5251 1890 5306 omnia

279 5359 622 5416 quacunque
662 5350 789 5397 sunt
831 5359 905 5398 ea:
951 5345 1056 5396 Deo
1107 5349 1232 5395 sunt
1277 5359 1290 5406 ;
1341 5341 1470 5411 quia
1515 5355 1616 5394 nec
1662 5340 1742 5396 vir
1789 5355 1890 5397 nec

281 5434 480 5489 mulier
509 5448 610 5508 per
638 5447 698 5487 se
728 5439 953 5504 possunt
983 5430 1187 5503 aliquid
1221 5429 1338 5485 sine
1372 5430 1507 5484 Deo.
1698 5429 1701 5433 ’

1974 362 2029 416 in
2077 361 2249 432 prima
2295 363 2570 417 creatione
2619 362 2793 418 factus
2835 363 2931 418 fuit
2958 381 2988 418 a
3019 365 3156 430 Deo,
3185 364 3242 419 in
3269 364 3436 420 multa
3481 381 3575 420 ra-

1973 450 2290 505 tionalitatis
2319 451 2633 507 fortitudine
2665 451 2937 524 signiﬁcat
2967 453 3249 522 rationem,
3284 470 3405 524 quas
3434 470 3578 509 sem-

1975 556 2074 610 per
2108 556 2299 612 regere
2331 541 2493 595 debet
2531 541 2968 608 sensualitatem;
3000 543 3196 597 mulier
3227 551 3406 598 autem
3454 560 3576 614 quae

1974 645 2083 682 non
2125 630 2262 684 adeo
2313 628 2464 683 fortis
2514 629 2630 695 fuit,
2666 631 2804 684 sicut
2850 631 2952 697 vir,
2986 631 3255 702 significat
3301 632 3576 687 sensuali-

1975 725 2139 772 tatem
2171 735 2310 790 quae,
2343 719 2483 774 bene
2526 719 2847 791 gubernata,
2878 720 3104 776 obedire
3153 721 3316 776 debet
3358 721 3572 776 rationi.

1975 805 2134 874 Quod
2182 807 2367 878 utique
2411 807 2660 862 diabolus
2709 808 2978 863 subtiliter
3027 808 3244 864 intuens
3291 809 3469 864 virum
3515 825 3574 865 se

1975 911 2082 950 non
2113 911 2275 966 posse
2316 903 2648 966 pervertere,
2683 913 2806 952 cum
2854 898 3028 970 magis
3076 898 3286 953 ratione
3337 898 3569 969 vigeret,

1975 999 2135 1054 quam
2167 984 2516 1039 sensualitate
2533 986 2910 1053 mollesceret;
2943 1003 3241 1059 aggressus
3266 995 3354 1042 est
3383 988 3575 1044 mulie-

1974 1087 2108 1138 rem,
2137 1089 2296 1142 quam
2342 1074 2511 1128 sensit
2555 1075 2734 1147 magis
2773 1075 3123 1130 sensualitate
3172 1077 3366 1146 premi,
3409 1093 3572 1149 quam

1972 1160 2182 1215 ratione
2227 1161 2382 1233 erigi.
2417 1163 2486 1215 Et
2530 1163 2831 1218 secundum
2879 1164 3004 1229 hoc,
3036 1164 3116 1219 sic
3162 1164 3396 1220 dicimus
3433 1181 3445 1219 :
3481 1167 3573 1221 Vir

1972 1265 2081 1305 non
2111 1250 2272 1305 debet
2303 1250 2484 1306 velare
2516 1259 2695 1323 caput,
2722 1252 2982 1322 quoniam
3011 1255 3099 1308 vir
3125 1257 3208 1309 est
3239 1254 3422 1326 imago
3450 1257 3569 1323 Dei,

1969 1339 2024 1394 id
2056 1347 2137 1394 est
2166 1356 2265 1410 per
2292 1340 2399 1395 vim
2429 1341 2653 1395 rationis
2683 1341 3011 1413 imaginatur
3039 1343 3234 1409 Deum,
3269 1352 3321 1397 et
3349 1360 3448 1414 per
3476 1360 3567 1400 ra-

1973 1428 2176 1483 tionem
2197 1429 2414 1500 agendo
2435 1429 2606 1501 gloria
2637 1438 2718 1484 est
2741 1429 2860 1485 Dei.
2897 1429 3240 1486 Glorificatur
3257 1433 3401 1486 enim
3423 1434 3571 1488 Deus

1971 1519 2029 1572 in
2060 1519 2198 1572 bene
2229 1518 2517 1590 agentibus
2548 1519 2756 1585 servis;
2788 1519 2985 1573 mulier
3030 1528 3228 1587 autem,
3262 1520 3316 1574 id
3348 1530 3430 1576 est
3455 1521 3570 1592 ipsa

1895 1635 1946 1694 Β
1975 1606 2320 1672 sensualitas,
2350 1607 2530 1677 gloria
2561 1614 2643 1662 est
2672 1607 2769 1662 viri
2798 1624 2898 1678 per
2928 1608 3192 1663 rationem
3225 1611 3398 1664 Deum
3429 1610 3569 1665 ima-

1975 1695 2212 1766 ginantis
2249 1710 2259 1748 :
2293 1695 2616 1749 sensualitas
2649 1696 2788 1750 enim
2823 1696 2962 1751 bene
3009 1699 3290 1766 operando
3333 1715 3571 1754 consen-

1973 1783 2112 1837 tiens
2168 1783 2378 1852 rationi,
2431 1784 2602 1856 gloria
2651 1784 2770 1852 ejus
2825 1794 2924 1839 est.
2975 1786 3042 1838 Et
3087 1785 3212 1841 licet
3259 1803 3357 1857 per
3399 1788 3571 1843 virum

1973 1873 2256 1936 rationem,
2291 1889 2390 1944 per
2439 1873 2724 1927 mulierem
2755 1873 3089 1944 accipiamus
3138 1876 3566 1944 sensualitatem,

1972 1978 2081 2017 non
2112 1969 2292 2016 tamen
2341 1977 2604 2033 negamus
2636 1962 2765 2032 quin
2815 1969 3101 2033 utrumque
3127 1963 3193 2017 sit
3221 1963 3274 2017 in
3314 1972 3566 2037 utroque,

1972 2059 2022 2107 et
2070 2050 2208 2105 ratio
2256 2049 2308 2102 in
2357 2050 2584 2105 muliere
2632 2050 2715 2104 vir
2759 2050 2998 2117 dicitur;
3046 2059 3099 2105 et
3147 2052 3466 2107 sensualitas
3515 2054 3571 2109 in

1973 2139 2090 2193 viro
2138 2138 2334 2192 mulier
2379 2137 2705 2208 appellatur.
2740 2139 2853 2193 Nec
2901 2138 2978 2193 sic
3006 2139 3074 2194 de
3117 2141 3324 2196 ratione
3355 2149 3408 2196 et
3437 2157 3569 2196 sen-

1973 2227 2221 2282 sualitate
2246 2227 2334 2283 hic
2380 2227 2611 2298 agimus,
2648 2226 2778 2298 quin
2830 2243 3046 2298 semper
3083 2229 3152 2282 ad
3182 2229 3328 2299 ipsas
3374 2246 3569 2301 perso-

1973 2332 2073 2371 nas
2102 2315 2473 2386 respiciamus.
2510 2315 2602 2369 Vir
2632 2315 2933 2370 debetesse
2954 2316 3133 2389 gloria
3154 2318 3273 2386 Dei,
3301 2327 3353 2373 et
3374 2319 3570 2374 mulier

1973 2405 2092 2460 viri.
2125 2405 2261 2458 Nam
2289 2405 2371 2460 vir
2399 2420 2506 2458 non
2540 2411 2623 2459 est
2655 2421 2719 2458 ex
2749 2404 2996 2471 muliere,
3050 2405 3105 2460 id
3155 2414 3238 2461 est
3285 2407 3568 2462 rationali-

1973 2502 2054 2548 tas
2078 2508 2188 2548 non
2227 2493 2388 2547 debet
2431 2493 2673 2563 pendere
2717 2510 2782 2547 ex
2827 2493 3194 2561 sensualitate,
3229 2496 3325 2550 sed
3373 2496 3571 2551 mulier

1973 2598 2040 2636 ex
2078 2581 2211 2647 viro,
2263 2582 2316 2635 id
2361 2588 2442 2635 est
2489 2581 2814 2636 sensualitas
2862 2598 2927 2636 ex
2965 2582 3196 2638 ratione.
3247 2583 3342 2639 Vir
3383 2584 3569 2656 utique

1973 2686 2081 2725 non
2114 2678 2195 2726 est
2217 2687 2283 2724 ex
2315 2669 2556 2725 muliere.
2591 2670 2805 2724 Etenim
2837 2670 2918 2725 vir
2962 2687 3071 2726 non
3119 2680 3201 2726 est
3249 2682 3483 2742 creatus,
3514 2675 3568 2728 id

1975 2768 2056 2814 est
2084 2760 2218 2814 ratio
2247 2775 2354 2814 non
2384 2759 2451 2813 ad
2480 2760 2584 2814 hoc
2610 2759 2732 2813 data
2763 2767 2848 2813 est
2879 2760 3082 2814 homini
3120 2770 3346 2832 prOpter
3376 2763 3569 2818 mulie-

1974 2865 2108 2914 rem,
2140 2849 2194 2903 id
2243 2856 2412 2902 estut
2458 2856 2718 2920 sequatur
2767 2849 3193 2920 sensualitatem,
3228 2852 3327 2906 sed
3371 2853 3569 2908 mulier

1974 2947 2198 3010 propter
2244 2938 2442 3003 virum,
2478 2937 2534 2992 id
2579 2945 2661 2992 est
2705 2938 3027 2992 sensualitas
3077 2949 3260 2994 creata
3304 2949 3387 2996 est
3433 2958 3570 3012 pro-

1973 3036 2094 3098 pter
2124 3027 2486 3083 obediendum
2519 3027 2729 3080 rationi.
2758 3028 2825 3081 Et
2853 3027 2979 3098 quia
3018 3028 3209 3083 mulier
3232 3039 3452 3101 prOpter
3481 3031 3569 3087 vi-

1971 3134 2089 3171 rum
2120 3125 2304 3172 creata
2335 3124 2436 3182 est,
2468 3115 2591 3170 ideo
2622 3116 2847 3170 deberet
2893 3117 3094 3172 habere
3142 3118 3358 3190 signum
3407 3128 3569 3190 pote-

1973 3205 2126 3259 statis
2157 3221 2316 3275 supra
2348 3213 2527 3275 caput,
2562 3212 2615 3259 et
2641 3209 2873 3278 prapter
2919 3208 3168 3276 angelos,
3201 3208 3339 3263 sicut
3367 3209 3570 3265 dictum

1973 3303 2074 3348 est.
2109 3294 2216 3348 Sed
2247 3295 2371 3348 licet
2400 3294 2571 3348 virum
2605 3301 2751 3347 tanta
2781 3294 3044 3367 dignitate
3082 3297 3414 3365 przetulerim
3445 3315 3570 3354 mu-

1969 3381 2114 3448 lieri,
2161 3391 2345 3437 tamen
2391 3399 2570 3452 neque
2618 3383 2698 3437 vir
2746 3383 2863 3438 sine
2920 3384 3167 3450 muliere,
3228 3401 3331 3441 nec
3376 3387 3572 3444 mulier

1975 3471 2092 3526 sine
2150 3471 2283 3537 viro,
2335 3471 2390 3524 id
2447 3479 2528 3525 est
2574 3471 2712 3526 alter
2761 3487 2870 3526 non
2916 3475 3192 3542 praecedet
3245 3474 3474 3529 alterum
3515 3476 3571 3530 in

1946 3559 2224 3630 Domino,
2288 3560 2343 3614 id
2387 3567 2469 3614 est
2520 3559 2576 3613 in
2622 3560 2975 3630 beatitudine,
3036 3562 3378 3618 solummodo
3429 3564 3572 3621 bene

1975 3657 2266 3721 operentur
2301 3664 2311 3702 :
2345 3648 2473 3704 licet
2519 3648 2573 3702 in
2620 3649 2791 3719 prima
2835 3649 3108 3705 creatione
3156 3651 3238 3706 vir
3285 3651 3572 3709 mulierem

1976 3737 2347 3810 prmcesserit,
2410 3754 2536 3792 vere
2589 3738 2728 3792 alter
2774 3755 2882 3794 non
2925 3741 3195 3809 praecedet
3241 3740 3472 3796 alterum
3519 3742 3574 3798 in

1977 3827 2273 3883 salvatione
2299 3847 2312 3893 ;
2342 3842 2471 3881 nam
2520 3826 2650 3880 illud
2686 3827 2831 3899 quod
2878 3843 3044 3897 supra
3084 3828 3285 3883 dictum
3317 3839 3419 3900 est,
3450 3847 3577 3887 mu-

1979 3918 2086 3972 lier
2112 3917 2180 3970 de
2211 3917 2348 3984 viro,
2384 3917 2470 3970 vir
2494 3932 2610 3971 non
2641 3916 2709 3970 de
2739 3917 2996 3981 muliere,
3024 3916 3158 3970 nihil
3190 3918 3427 3983 nocebit,
3451 3935 3575 3974 cum

1976 4005 2034 4060 in
2063 4005 2411 4062 successione
2457 4004 2825 4076 generationis
2872 4004 2955 4059 vir
2999 4004 3072 4058 ita
3103 4004 3170 4058 sit
3213 4005 3281 4060 de
3327 4007 3574 4079 muliere,

1981 4095 2118 4149 sicut
2163 4093 2357 4147 mulier
2385 4092 2453 4147 de
2483 4092 2621 4158 viro,
2655 4092 2782 4147 licet
2820 4091 2873 4144 in
2920 4092 3092 4162 prima
3143 4094 3416 4150 creatione
3443 4112 3577 4152 mu-

1983 4185 2089 4239 lier
2113 4183 2177 4238 de
2209 4184 2324 4237 viro
2350 4180 2466 4235 solo
2488 4189 2749 4253 generata
2771 4180 2857 4246 sit,
2891 4182 3083 4236 omnia
3114 4187 3309 4238 autem
3341 4200 3414 4239 ea:
3445 4186 3574 4253 Deo,

1984 4273 2121 4327 sicut
2150 4270 2352 4325 dictum
2382 4277 2482 4324 est.

2053 4358 2301 4413 Probavit
2332 4358 2628 4412 secundum
2657 4357 2902 4412 ordinem
2953 4357 3243 4413 creationis
3281 4362 3579 4418 secundum

1982 4449 2220 4502 instituta
2251 4448 2488 4513 Patrum,
2522 4446 2698 4501 virum
2731 4461 2837 4500 non
2871 4446 3073 4502 debere
3103 4448 3290 4514 velari,
3325 4466 3426 4506 nec
3452 4467 3579 4505 mu-

1983 4539 2172 4592 lierem
2202 4535 2480 4590 denudare
2521 4543 2700 4604 caput.
2756 4535 2954 4590 Probat
3003 4536 3145 4590 idem
3186 4555 3287 4608 per
3333 4548 3582 4595 naturam

1985 4627 2309 4697 utriusque:
2345 4641 2462 4695 qua:
2521 4624 2638 4679 viro
2688 4625 2968 4680 breviores
3045 4626 3273 4697 capillos
3333 4627 3484 4683 dedit
3526 4630 3581 4684 in

1985 4717 2203 4788 signum
2249 4714 2551 4779 libertatis;
2584 4713 2799 4767 mulieri
2842 4713 3083 4783 prolixos
3118 4715 3172 4768 in
3221 4715 3437 4787 signum
3482 4735 3582 4774 ve-

1985 4805 2131 4859 landi
2175 4803 2420 4874 pudoris.
2470 4803 2619 4858 Licet
2663 4803 2809 4857 enim
2873 4802 3094 4874 quidam
3142 4803 3246 4857 viri
3299 4805 3580 4879 longiores

1986 4894 2241 4955 habeant,
2273 4893 2376 4946 hoc
2425 4890 2482 4945 ﬁt
2513 4907 2612 4962 per
2659 4899 2851 4958 artem,
2900 4907 3010 4946 non
3057 4908 3153 4962 per
3202 4901 3472 4951 naturam.
3527 4897 3585 4952 Si

1986 4997 2118 5037 vero
2166 4980 2382 5036 feminae
2431 4981 2712 5036 breviores
2761 4980 3016 5046 habeant,
3051 4982 3155 5037 hoc
3193 4991 3277 5037 est
3307 4999 3372 5039 ex
3401 4985 3584 5057 aliquo

1987 5071 2134 5138 vitio,
2170 5086 2276 5125 non
2305 5085 2370 5124 ex
2402 5078 2604 5124 natura.
2658 5069 2856 5124 Littera
2888 5069 2965 5124 sic
3007 5070 3279 5143 jungitur.
3347 5073 3582 5131 129

1990 5159 2216 5214 Probavi
2261 5159 2513 5229 superius
2544 5175 2644 5229 per
2674 5158 2924 5213 ordinem
2972 5160 3264 5214 creationis
3294 5163 3586 5217 velandum

1989 5265 2112 5303 esse
2154 5256 2313 5319 caput
2358 5248 2620 5302 mulieris.
2672 5248 2828 5302 Nunc
2871 5264 2962 5303 vos
3011 5249 3138 5319 ipsi,
3190 5250 3466 5320 Corinthii,
3490 5255 3589 5324 ju-

1990 5340 2194 5406 dicate,
2231 5339 2374 5409 quod
2403 5354 2514 5393 non
2544 5337 2743 5392 debere
2773 5336 2888 5392 fieri
2921 5337 3164 5407 probabo
3196 5356 3295 5408 per
3313 5348 3584 5410 naturam,

1990 5428 2268 5493 Judicate,
2303 5427 2540 5500 inquam,
2575 5442 2644 5482 an
2677 5425 2834 5484 decet
2864 5427 3164 5482 mulierem
3198 5445 3312 5484 non
3345 5433 3589 5492 velatam
