3960 6036
406 160 508 213 183

962 157 1020 213 S.
1042 153 1414 214 .BRUNONIS
1451 148 2101 211 CARTHUSIANORUM
2140 146 2629 206 LNSTITUTORIS
2668 147 2821 205 OPP.
2863 146 3038 205 PARS
3076 147 3143 203 II.

3611 149 3716 204 184

403 297 565 338 orare
596 282 954 338 Deuthon
974 282 1197 354 utique;
1222 280 1349 353 quia
1377 296 1480 337 nec
1509 281 1635 354 ipsa
1665 283 1882 335 natura
1911 276 2005 332 do-
2027 278 2078 339 Α
2109 272 2499 328 damnabimini
2543 273 2779 345 penitus.
2830 273 3058 345 Propter
3086 275 3362 329 scissuras
3420 287 3531 328 non
3589 271 3718 328 licet

403 372 495 426 cet
554 387 646 427 vos
700 370 783 427 sic
828 387 1010 442 agere,
1062 370 1173 426 imo
1216 370 1488 442 prohibet.
1536 370 1603 423 Et
1650 383 1773 425 cum
1820 373 2010 421 natura

403 457 705 529 prohibeat,
729 461 777 515 si
798 460 885 515 vir
914 458 1139 531 quidem
1164 460 1391 515 nutriat
1420 474 1662 523 comam,
1695 455 2011 529 ignominia

401 550 487 602 est
514 545 610 614 illi,
645 546 774 618 quia
803 554 987 603 contra
1032 554 1283 603 naturam
1332 547 1465 620 agit.
1518 547 1579 604 Si
1624 560 1751 601 vero
1800 542 2011 599 mulier

401 637 629 691 nutriat
647 652 883 703 comam,
897 637 1077 708 gloria
1097 640 1182 693 est
1205 637 1333 703 illi;
1355 637 1622 709 quoniam
1642 633 1839 705 capilli
1860 629 2011 703 longi

403 725 523 780 dati
553 729 693 780 sunt
719 726 772 780 ei
798 740 832 780 a
852 732 1044 780 natura
1064 742 1162 798 pro
1192 726 1489 791 velamine,
1512 724 1566 778 id
1596 731 1678 778 est
1706 722 1762 776 in
1790 721 2008 794 signum

402 812 708 881 velaminis,
743 813 889 886 quod
938 814 1098 885 capiti
1126 830 1344 885 semper
1389 813 1553 869 debet
1587 810 1839 883 supponi.
1873 810 2008 865 Pro-

406 901 529 957 bavi
558 918 657 973 per
683 902 933 958 ordinem
977 902 1291 968 creationis,
1325 909 1377 958 et
1404 918 1506 974 per
1545 902 1729 975 legem
1776 906 2004 965 naturae,

405 989 582 1045 virum
610 1006 720 1046 non
745 991 946 1047 debere
987 999 1150 1063 caput
1196 991 1398 1058 velare,
1428 1006 1532 1047 nec
1575 989 1858 1044 mulierem
1904 987 2007 1042 de-

407 1079 632 1135 nudare.
665 1079 772 1135 Sed
800 1082 851 1136 si
879 1080 1003 1152 quis
1033 1082 1188 1136 inter
1216 1097 1306 1137 vos
1348 1079 1571 1136 videtur
1598 1077 2003 1145 contentiosus,

404 1183 509 1224 nec
559 1168 828 1225 consentit
870 1168 1069 1225 nostris
1118 1168 1445 1235 rationibus,
1494 1168 1599 1224 hoc
1638 1182 1805 1222 unum
1852 1164 2008 1221 dice-

402 1272 526 1311 mus
555 1257 604 1312 ei
638 1271 649 1310 :
685 1258 893 1325 Frater,
928 1274 1030 1315 nos
1066 1273 1181 1313 non
1212 1258 1475 1313 habemus
1506 1257 1679 1312 talem
1708 1257 2007 1312 consuetu-

402 1345 616 1411 dinem,
641 1362 742 1402 nec
770 1345 1060 1401 habuimus
1088 1346 1142 1400 in
1163 1361 1447 1419 synagoga
1473 1345 1801 1410 Judaeorum,
1828 1359 2008 1415 neque

402 1433 582 1490 adhuc
626 1434 893 1490 habemus
921 1433 976 1488 in
1008 1449 1147 1490 nova
1193 1435 1449 1489 Ecclesia
1478 1434 1596 1500 Dei,
1630 1440 1687 1487 ut
1718 1432 1799 1488 vir
1830 1431 2007 1487 velato

405 1523 601 1593 capite,
632 1522 827 1578 mulier
854 1539 964 1579 non
1007 1522 1187 1580 velato
1216 1530 1352 1578 oret.
1385 1524 1454 1578 Et
1499 1521 1626 1594 quia
1669 1520 2006 1578 consuetudo

403 1612 510 1667 hoc
549 1626 659 1666 non
704 1611 913 1679 habuit,
944 1627 1047 1668 nec
1093 1611 1272 1668 adhuc
1318 1611 1502 1681 habet,
1535 1617 1845 1683 propterea,
1879 1610 2007 1681 quia

404 1699 769 1756 admonitione
815 1708 1001 1756 nostra
1049 1700 1309 1767 abuteris,
1334 1700 1449 1770 jam
1495 1716 1605 1756 non
1652 1699 1831 1755 solum
1876 1714 2008 1754 sua-

404 1788 530 1856 deo,
564 1789 662 1845 sed
692 1805 757 1845 ex
801 1789 1118 1846 auctoritate
1164 1797 1353 1846 nostra
1399 1788 1659 1861 praecipio
1687 1804 1755 1844 ne
1783 1787 2013 1844 ulterius

404 1876 497 1933 ﬁat
522 1879 627 1934 hoc
654 1877 949 1933 insuetum.

479 1967 775 2039 Postquam
804 1967 870 2021 ab
901 1967 1006 2023 hoc
1029 1966 1172 2021 malo
1196 1966 1437 2023 coercuit
1467 1965 1793 2032 Corinthios,
1818 1964 2013 2021 transit

405 2054 477 2110 ad
540 2054 680 2122 alia,
740 2056 799 2109 in
851 2055 1046 2127 quibus
1103 2055 1268 2128 longe
1320 2054 1560 2111 deterius
1615 2053 2009 2110 oﬂ‘endebant:

408 2143 621 2200 seducti
700 2143 844 2198 enim
905 2159 939 2198 a
1004 2143 1492 2216 pseudomagistris
1516 2185 1530 2209 ,
1612 2142 2013 2215 dereliquerant

406 2231 797 2287 institutionem
847 2231 1012 2298 Pauli,
1048 2247 1208 2303 quam
1239 2231 1318 2286 eis
1366 2231 1660 2287 tradiderat
1701 2231 1772 2287 de
1820 2247 2010 2287 susce-

404 2320 590 2392 ptione
619 2320 861 2392 corporis
894 2328 948 2376 et
977 2319 1257 2392 sanguinis
1289 2320 1501 2375 Christi.
1532 2320 1824 2376 Suaserant
1867 2320 2011 2376 enim

407 2408 487 2464 eis
500 2409 731 2481 pseudo,
757 2409 902 2482 quod
926 2417 1049 2480 post
1069 2424 1281 2465 coenam
1300 2409 1683 2465 communicari
1708 2410 1971 2466 deberent
1996 2426 2008 2466 :

407 2497 514 2554 hac
542 2497 688 2553 enim
719 2498 856 2553 hora
883 2498 1132 2553 Christus
1183 2498 1479 2554 tradiderat
1505 2498 1624 2555 haec
1669 2506 2012 2554 sacramenta

407 2585 689 2658 discipulis
736 2585 851 2641 suis
897 2586 1288 2659 participanda.
1339 2586 1494 2643 Unde
1540 2586 1597 2642 in
1651 2588 1819 2642 multa
1866 2587 2013 2643 mala

406 2675 775 2739 devenerant;
808 2675 954 2747 quia,
987 2691 1110 2732 cum
1141 2675 1285 2732 inter
1327 2691 1424 2731 eos
1471 2684 1654 2731 essent
1698 2676 2006 2744 schismata,

406 2763 475 2819 ad
501 2763 765 2819 unitatem
780 2765 1030 2836 corporis
1062 2765 1259 2820 Christi
1280 2765 1547 2820 accedere
1568 2765 2009 2837 praesumebant;

407 2860 462 2909 et
504 2851 651 2908 aliud
693 2852 915 2919 malum,
964 2853 1087 2925 quia
1128 2853 1282 2925 prius
1330 2853 1623 2909 coenabant
1672 2862 1724 2909 et
1767 2854 2011 2910 inebria-

406 2941 619 3009 bantur,
654 2949 708 2997 et
743 2941 933 2999 hocin
975 2942 1210 2999 ecclesia
1239 2949 1293 2997 et
1320 2941 1376 2996 in
1421 2941 1507 2998 his
1554 2941 1725 2999 omnis
1775 2958 1872 2998 eos
1919 2943 2012 3015 qui

2108 378 2308 434 corpus
2340 361 2539 418 Christi
2568 363 2839 434 accipere.
2874 363 3003 418 Ideo
3025 363 3193 418 etiam
3221 361 3376 418 vobis
3405 377 3516 417 non
3541 361 3668 418 licet
3697 379 3711 416 :

2108 452 2241 524 quia
2269 452 2654 525 unusquisque
2683 457 2934 509 vestrum
2960 453 3278 525 praesumit,
3308 451 3361 505 id
3385 458 3483 516 est,
3508 467 3714 522 prazsu-

2107 540 2309 596 mendo
2347 540 2607 612 anticipat
2653 542 2944 614 pr0priam
2991 557 3227 607 caenam,
3264 556 3370 596 non
3420 539 3599 596 solum
3644 540 3714 595 ad

2108 629 2504 700 apparandum,
2531 629 2627 684 sed
2649 629 2808 685 etiam
2829 629 2897 684 ad
2921 629 3338 685 comedendum.
3361 631 3431 685 Et
3443 637 3714 700 praeterea

2108 717 2257 772 aliud
2301 717 2548 773 malum:
2585 718 2714 790 quia
2762 719 2912 774 alius
2958 718 3181 791 quidem
3228 717 3345 790 (qui
3393 733 3503 773 non
3548 717 3717 773 habet

2108 806 2253 861 unde
2284 806 2386 861 sibi
2425 806 2719 880 praeparet)
2764 808 2965 863 esurit.
3020 808 3220 862 Iterum
3266 806 3412 861 aliud
3460 805 3713 861 malum:

2108 896 2270 951 Alius
2298 898 2492 951 autem
2521 897 2705 952 ebrius
2738 901 2842 952 est.
2896 895 3005 952 Sed
3052 895 3132 950 sic
3159 895 3215 950 in
3265 894 3495 952 ecclesia
3524 910 3716 951 come-

2108 984 2587 1057 dentes,nunquid
2605 1001 2719 1041 non
2744 984 2958 1041 habetis
2972 987 3133 1057 priva
3142 989 3228 1041 tas
3250 984 3436 1042 domos
3455 984 3529 1039 ad
3548 1002 3716 1040 man-

2107 1074 2432 1130 ducandum
2480 1077 2537 1130 et
2584 1074 2881 1131 bibendum
2920 1078 2942 1129 ?
2991 1089 3128 1146 quas
3177 1073 3222 1129 si
3268 1089 3378 1129 non
3422 1073 3712 1144 haberetis,

2107 1162 2444 1218 tolerabilius
2456 1171 2602 1218 esset
2622 1162 2676 1217 in
2692 1163 2869 1234 platea
2881 1163 3188 1219 comedere.
3215 1164 3326 1219 Aut
3345 1163 3716 1221 contemnitis

2116 1250 2177 1307 1
2196 1250 2353 1307 30
2381 1251 2690 1308 Ecclesium
2720 1253 2836 1317 Dei,
2872 1251 2927 1306 in
2956 1267 3063 1323 qua
3089 1250 3431 1308 inebriamini
3455 1263 3477 1319 ;‘
3503 1254 3558 1307 et
3588 1269 3715 1309 con-

2106 1340 2353 1411 funditis
2383 1356 2493 1407 eos,
2528 1338 2582 1394 id
2606 1348 2690 1395 est
2719 1340 3107 1397 verecundiam
3127 1340 3339 1396 infertis
3358 1340 3710 1412 pauperibus,

2107 1429 2203 1500 qui
2231 1445 2346 1484 non
2377 1426 2583 1484 habent
2613 1428 2743 1499 quid
2774 1428 2878 1483 sibi
2906 1437 3212 1501 prmparent
3238 1428 3266 1483 ?

2177 1517 2247 1571 Et
2275 1516 2404 1589 quia
2433 1517 2512 1572 sic
2540 1517 2883 1588 impudenter
2930 1517 3111 1590 agitis,
3147 1519 3278 1592 quid
3307 1518 3491 1574 dicam
3523 1518 3666 1577 vobis
3692 1522 3715 1573 ἵ

2037 1644 2089 1704 Β
2112 1606 2270 1661 Certe
2301 1606 2419 1662 sine
2450 1606 2710 1663 charitate
2741 1607 2890 1675 estis,
2922 1615 3327 1679 contemptores
3374 1608 3494 1677 Dei,
3528 1615 3712 1664 secta-

2111 1703 2261 1750 tores
2290 1695 2454 1766 gulaa,
2488 1703 2592 1751 etc.
2625 1696 2813 1753 Laudo
2844 1712 2941 1773 ego
2966 1712 3059 1752 vos
3088 1697 3151 1752 in
3180 1697 3324 1753 hoc?
3354 1699 3548 1770 utique
3595 1713 3713 1753 non

2112 1784 2298 1851 laudo,
2333 1784 2442 1839 imo
2483 1785 2753 1856 vitupero.
2808 1784 2907 1841 Vel
2924 1785 3031 1839 ~ita
3065 1803 3079 1841 :
3110 1787 3299 1842 Laudo
3347 1803 3438 1842 vos
3486 1786 3541 1841 in
3588 1786 3715 1858 qui-

2108 1873 2340 1928 busdam
2363 1873 2505 1941 aliis,
2530 1874 2627 1929 sed
2655 1876 2718 1930 in
2748 1875 2848 1931 hoc
2875 1874 3181 1930 nullatenus
3214 1876 3398 1933 laudo.
3422 1875 3716 1947 Postquam

2110 1962 2434 2034 vituperavit
2458 1962 2514 2017 in
2535 1962 2614 2018 eis
2643 1963 2888 2019 ordinem
2910 1963 2965 2018 in
2996 1980 3104 2037 quo
3134 1964 3277 2020 male
3297 1972 3712 2033 consueverant,

2111 2050 2438 2106 determinat
2467 2051 2547 2106 eis
2568 2052 2842 2124 quomodo
2872 2060 3213 2108 sacramenta
3243 2052 3438 2109 Christi
3463 2051 3715 2125 accipere

2109 2139 2361 2205 debeant,
2413 2139 2621 2196 scilicet
2668 2140 2723 2195 in
2772 2140 3116 2208 abstinentia,
3166 2158 3272 2197 non
3321 2142 3375 2196 in
3428 2141 3711 2207 ebrietate,

2111 2228 2209 2284 sed
2238 2228 2294 2282 in
2324 2227 2534 2295 dolore,
2568 2229 2695 2284 etin
2715 2229 3080 2286 tribulatione.
3111 2230 3308 2286 Littera
3332 2230 3409 2286 sic
3423 2231 3671 2305 jungitur
3698 2248 3712 2286 :

2109 2318 2232 2374 Non
2265 2318 2430 2373 laudo
2478 2335 2571 2374 vos
2600 2318 2729 2390 quia
2758 2334 2953 2390 corpus
2985 2319 3200 2374 Domini
3229 2319 3368 2374 ebrii
3396 2320 3670 2391 suscipitis
3694 2339 3710 2388 ;

2111 2406 2192 2462 sic
2220 2405 2364 2461 enim
2394 2422 2504 2461 non
2534 2415 2681 2462 esset
2710 2406 3106 2478 accipiendum,
3141 2408 3239 2464 sed
3290 2408 3346 2463 in
3374 2423 3713 2464 commemo-

2112 2494 2323 2550 ratione
2342 2495 2707 2550 tribulationis
2729 2503 2782 2551 et
2800 2497 2993 2552 mortis
3022 2496 3241 2553 Christi.
3267 2497 3377 2553 Sed
3398 2497 3713 2570 priusquam

2111 2583 2182 2638 ad
2209 2584 2313 2639 hoc
2342 2584 2542 2648 veniat,
2599 2585 2943 2640 commendat
2991 2585 3121 2640 illud
3170 2587 3316 2658 quod
3361 2586 3604 2642 dicturus
3630 2594 3713 2641 est

2112 2673 2430 2728 auctoritate
2497 2673 2734 2739 Domini,
2789 2673 2977 2729 dicens
3011 2692 3025 2729 :
3056 2675 3162 2746 Ego
3229 2677 3421 2747 accepi
3475 2676 3542 2731 ab
3588 2677 3709 2747 ipso

2111 2762 2349 2817 Domino
2379 2760 2523 2835 quod
2546 2765 2673 2834 jam
2704 2763 2915 2819 tradidi
2940 2764 3105 2830 vobis,
3139 2771 3192 2818 et
3219 2779 3362 2820 nunc
3383 2764 3571 2819 iterum
3602 2771 3713 2818 tra-

2110 2850 2265 2916 dam,
2327 2851 2430 2906 hoc
2478 2851 2686 2907 scilicet
2739 2852 2885 2923 quod
2960 2853 3234 2909 Dominus
3308 2860 3492 2909 noster
3555 2855 3714 2910 Iesus

2112 2938 2360 2994 Christus
2419 2941 2483 2995 in
2520 2939 2612 2995 illa
2677 2945 2879 3011 nocte,
2944 2942 3074 3012 (nox
3125 2949 3309 2997 autem
3375 2941 3590 3013 signum
3629 2951 3712 2998 est

407 3006 921 3103 tantos’apparatus
967 3046 1077 3087 non
1121 3031 1417 3098 habebant,
1468 3031 1795 3087 erubescere
1837 3006 2007 3089 facie-
2041 3006 2446 3083 Cadversitatis
2494 3036 2548 3084 et
2591 3028 2820 3085 tristitia:
2851 3006 2873 3097 ς⁷
2915 3006 3110 3102 inqua
3156 3040 3315 3087 nocte
3363 3006 3470 3087 noh
3520 3030 3711 3102 epula-

405 3119 557 3187 bant,
588 3136 690 3176 nec
717 3119 1087 3192 indigentibus
1115 3119 1319 3191 aliquid
1363 3119 1762 3190 ministrabant,
1798 3128 1852 3177 et
1883 3129 2007 3192 post

407 3208 529 3265 haec
584 3208 724 3263 mala
781 3225 986 3264 mensae
1032 3208 1251 3264 Domini
1298 3224 1358 3264 se
1399 3209 1742 3280 ingerebant.
1805 3209 2008 3266 Littera

410 3296 491 3354 sic
512 3297 761 3370 jungitur
794 3312 805 3352 :
841 3298 957 3353 Hoc
987 3298 1133 3368 quod
1162 3297 1502 3369 praemissum
1532 3305 1614 3353 est
1643 3314 1711 3354 ne
1740 3297 1831 3355 fiat
1858 3315 2007 3370 prae-

409 3385 570 3457 cipio,
599 3385 732 3441 illud
761 3385 906 3441 aliud
932 3401 1041 3442 non
1070 3386 1320 3452 laudans,
1345 3386 1442 3442 sed
1472 3386 1649 3459 magis
1668 3387 2005 3459 improbans.

407 3476 526 3532 Hoc
553 3474 781 3542 scilicet,
801 3475 947 3547 quod
976 3475 1278 3531 convenitis
1306 3476 1379 3531 ad
1409 3492 1619 3531 cmnam
1649 3476 2003 3545 Dominicam,

406 3563 463 3619 in
492 3580 597 3637 qua
633 3563 909 3620 deberetis
937 3580 1107 3619 unum
1153 3563 1287 3632 ﬁeri,
1323 3579 1421 3621 vos
1452 3565 1575 3621 dico
1621 3580 1731 3621 non
1759 3582 1860 3637 per
1905 3567 2009 3622 hoc

407 3652 744 3725 profecturos
774 3653 829 3707 in
848 3652 1061 3720 melius,
1085 3652 1224 3708 sicut
1253 3653 1547 3721 deberetis,
1571 3654 1670 3709 sed
1690 3654 1934 3725 lapsuros
1954 3655 2010 3709 in

409 3742 663 3799 deterius.
684 3743 753 3797 Et
782 3757 907 3799 cum
928 3741 1097 3796 multa
1120 3741 1227 3795 sint
1245 3741 1386 3797 mala
1405 3750 1604 3808 vestra,
1628 3742 1864 3813 primum
1893 3744 2013 3816 qui-

410 3830 537 3886 dem
552 3830 791 3887 omnium
808 3831 914 3887 hoc
935 3845 1163 3901 repono,
1189 3830 1355 3901 quod,
1380 3832 1528 3887 vobis
1547 3833 2010 3889 convenientibus

407 3920 474 3975 in
494 3920 808 3985 ecclesiam,
824 3918 992 3974 audio
1012 3920 1169 3973 inter
1188 3935 1279 3973 vos
1301 3935 1420 3975 esse
1439 3921 1714 3976 scissuras
1737 3928 1788 3975 et
1808 3920 2012 3976 discor-

409 4007 545 4074 dias,
577 4024 702 4063 cum
729 4006 981 4063 Ecclesia
1012 4006 1269 4061 unitatem
1306 4007 1506 4079 exigat,
1542 4012 1616 4075 et,
1649 4009 1788 4064 sicut
1825 4010 2006 4079 audio,

409 4096 550 4152 bene
578 4096 742 4152 credo
770 4111 845 4151 ea:
872 4098 1055 4167 parte,
1081 4094 1137 4149 id
1158 4104 1240 4150 est
1257 4103 1482 4166 propter
1500 4104 1703 4167 partem
1734 4097 1803 4152 de
1832 4098 2007 4168 vobis,

413 4200 553 4256 quos
597 4185 653 4239 in
692 4183 1077 4240 schismatibus
1124 4183 1239 4240 scio
1281 4184 1525 4257 gloriari.
1578 4185 1756 4241 Credo
1804 4186 2007 4259 utique,

410 4289 538 4329 nam
566 4279 781 4344 oportet
808 4272 1051 4327 credere.
1083 4272 1224 4327 Nam
1254 4272 1530 4347 religiosae
1568 4290 1821 4345 personae
1849 4291 2009 4331 man—

2107 3116 2284 3183 batur,
2318 3133 2427 3173 non
2456 3117 2843 3189 inebriebatur,
2868 3119 2966 3174 sed
2995 3120 3062 3175 ad
3083 3128 3310 3176 mortem
3340 3136 3443 3192 pro
3470 3121 3711 3192 peccatis

2106 3205 2310 3262 nostris
2360 3207 2698 3279 tradebatur)
2745 3210 2970 3281 accepit
3013 3226 3240 3282 panem,
3290 3209 3346 3263 id
3394 3217 3475 3264 est
3522 3226 3712 3265 veram

2111 3295 2475 3351 substantiam
2504 3296 2678 3367 panis.
2712 3298 2782 3352 Et
2814 3314 2988 3367 agens
3030 3298 3247 3368 gratias
3291 3299 3407 3354 Deo
3456 3297 3599 3352 Patri
3646 3299 3715 3354 de

2108 3384 2261 3452 hoc;
2309 3385 2452 3457 quia,
2505 3385 2643 3442 sicut
2689 3401 2786 3457 per
2830 3402 2955 3441 eum
3002 3386 3364 3458 disposuerat,
3418 3388 3714 3443 humanum

2111 3490 2288 3545 genus
2338 3474 2661 3544 redimebat,
2698 3482 2750 3529 et
2777 3475 2832 3529 in
2877 3475 3186 3530 ubedientia
3233 3476 3405 3532 Patris
3450 3493 3714 3548 perseve-

2109 3563 2277 3618 rabat.
2326 3564 2387 3617 In
2436 3563 2521 3617 his
2570 3563 2751 3618 verbis
2798 3563 2996 3635 quibus
3046 3563 3292 3620 Christus
3340 3567 3555 3637 gratius
3604 3566 3717 3641 egit

2108 3654 2291 3717 Patri,
2325 3650 2518 3707 dicitur
2564 3652 2859 3707 substantia
2909 3653 3070 3724 panis
3110 3661 3164 3709 et
3208 3654 3318 3710 vini
3366 3655 3614 3726 apposita
3660 3655 3714 3709 in

2108 3740 2283 3806 altari,
2316 3740 2547 3795 transire
2569 3741 2624 3795 in
2652 3757 2836 3797 veram
2866 3757 3084 3798 carnem
3104 3751 3156 3799 et
3172 3760 3359 3799 verum
3388 3744 3713 3817 sanguinem

2110 3828 2329 3883 Christi.
2376 3830 2621 3895 Gratias,
2656 3830 2894 3903 inquam,
2927 3849 3101 3904 agens
3150 3835 3319 3905 fregit
3367 3832 3518 3903 illud,
3569 3833 3714 3905 quod

2108 3934 2277 3972 unum
2306 3925 2357 3973 et
2388 3918 2753 3990 inseparabile
2785 3920 2943 3975 durat
2971 3921 3026 3974 in
3066 3929 3327 3976 aeternum
3353 3941 3366 3989 ;
3399 3922 3496 3977 sed
3526 3921 3708 3995 fregit,

2109 4021 2233 4063 cum
2274 4006 2506 4080 singulis
2555 4016 2722 4062 totum
2775 4009 2923 4063 dedit
2955 4025 2967 4064 :
2999 4018 3057 4064 ut
3102 4026 3204 4081 per
3245 4011 3349 4066 hoc
3396 4010 3711 4077 insinuaret,

2111 4111 2231 4162 nos,
2266 4095 2359 4167 qui
2387 4096 2640 4167 personis
2668 4097 2872 4152 diversi
2921 4115 3126 4167 sumus,
3160 4099 3361 4154 debere
3406 4117 3570 4155 unum
3601 4098 3716 4155 ﬁeri

2110 4184 2168 4239 in
2187 4185 2478 4241 dilectione
2500 4185 2618 4240 Dei.
2655 4188 2859 4258 Fregit,
2886 4186 3124 4259 inquam,
3149 4192 3205 4244 et
3228 4190 3382 4245 dixit
3406 4207 3419 4242 :
3443 4190 3712 4262 Accipite,

2110 4274 2166 4329 id
2194 4282 2295 4339 est,
2323 4275 2658 4346 acceptabile
2690 4275 2794 4331 hoc
2825 4276 3041 4344 habete,
3076 4284 3130 4333 et
3156 4278 3425 4334 subtiliter
3463 4278 3716 4335 discutite

410 4363 677 4418 daverunt
704 4360 857 4416 mihi.
881 4360 980 4417 Vel
1009 4361 1080 4416 ita
1114 4376 1126 4416 :
1157 4362 1408 4418 scissura:
1437 4362 1493 4417 in
1510 4363 1667 4419 vobis
1694 4364 1818 4421 ideo
1848 4374 2003 4433 sunt;
2036 4368 2088 4427 D
2111 4364 2425 4436 mysterium
2481 4363 2640 4432 hujus
2688 4365 3015 4420 sacramenti
3049 4384 3063 4432 ;
3107 4374 3183 4435 ut,
3257 4367 3711 4439 quemadmodum

411 4466 541 4507 nam
577 4457 790 4521 oportet
816 4466 941 4505 esse
972 4449 1262 4521 scissuras,
1296 4451 1350 4505 id
1384 4460 1467 4508 est
1495 4453 1762 4524 quaslibet
1794 4454 2014 4511 discor-

410 4538 550 4607 dias,
565 4543 621 4595 et
634 4538 804 4611 (quod
818 4539 993 4608 majus
1013 4541 1116 4610 est)
1140 4540 1393 4596 haereses.
1419 4542 1650 4597 Necesse
1670 4547 1755 4598 est
1777 4544 1930 4599 enim
1951 4548 2017 4599 ut

410 4630 645 4686 veniant
673 4627 967 4697 scandala,
1001 4628 1072 4683 ad
1120 4629 1244 4693 hoc,
1278 4637 1335 4683 ut
1365 4629 1459 4701 qui
1503 4630 1715 4700 probati
1752 4640 1874 4686 sunt
1904 4640 1956 4687 et
1984 4649 2016 4687 a

413 4719 532 4773 Deo
560 4716 737 4785 electi,
769 4717 916 4786 ﬁant
952 4717 1251 4788 mani/“esti
1277 4719 1339 4773 in
1370 4718 1537 4786 vobis,
1570 4719 1931 4788 perdurantes
1962 4720 2018 4775 in

411 4805 817 4875 tentationibus,
851 4814 903 4860 et
934 4812 990 4859 ut
1036 4804 1249 4875 reprobi
1280 4803 1411 4860 fiant
1441 4806 1688 4862 similiter
1724 4808 2013 4864 manifesti.

416 4892 869 4965 Quandoquidem
900 4893 1152 4949 scissura:
1198 4900 1322 4947 sunt
1352 4893 1407 4948 in
1436 4894 1611 4961 vobis,
1645 4912 1770 4967 ergo
1819 4913 2017 4953 convc-

416 4982 710 5037 nientibus
741 4982 887 5038 vobis
916 4983 979 5038 in
1008 4998 1211 5048 unum,
1246 4982 1339 5054 qui
1385 4983 1574 5038 unitati
1619 4986 2010 5051 contradicitis,

414 5072 529 5140 iam
562 5085 677 5125 non
705 5074 809 5135 est,
842 5070 897 5126 id
925 5079 1026 5137 est,
1060 5086 1159 5142 pro
1206 5071 1321 5127 sola
1369 5087 1532 5128 causa
1585 5072 1876 5129 discordia:
1909 5090 2017 5129 non

416 5159 546 5216 licet
560 5159 910 5215 manducare
934 5160 1287 5216 Dominicam
1308 5178 1545 5229 caenam,
1570 5162 1626 5217 id
1644 5171 1728 5218 est
1748 5178 1946 5234 corpus
1968 5171 2017 5218 et

411 5246 736 5320 sanguinem
770 5247 991 5313 Christi,
1026 5264 1145 5319 quae
1177 5249 1439 5305 Dominus
1467 5250 1746 5322 discipulis
1776 5252 1829 5305 in
1862 5267 2019 5307 cmna

419 5335 673 5403 tradidit;
707 5336 793 5391 vel
833 5336 962 5406 jam,
996 5335 1052 5390 id
1093 5344 1178 5391 est
1227 5337 1279 5391 in
1327 5338 1433 5394 hoc
1480 5339 1699 5405 mundo,
1735 5340 2019 5396 Dominica

417 5440 576 5483 coena
606 5426 761 5483 vobis
786 5441 889 5501 pro
917 5424 1185 5481 discordia
1231 5426 1592 5495 interdicitur,
1626 5429 1723 5485 sed
1752 5427 1808 5484 in
1841 5428 2019 5487 futuro

2114 4468 2221 4525 ego
2262 4468 2363 4523 pro
2412 4452 2586 4519 vobis,
2622 4452 2700 4508 sic
2730 4461 2781 4509 et
2808 4470 2905 4525 pro
2953 4455 3173 4511 nomine
3203 4471 3326 4511 meo
3355 4464 3407 4512 et
3450 4456 3713 4528 proximis

2113 4541 2227 4613 pati
2257 4541 2560 4614 gaudeatis.
2592 4542 2864 4614 Accipite,
2898 4543 3140 4616 inquam,
3172 4549 3229 4600 et
3258 4545 3621 4603 manducate.
3654 4547 3717 4600 ln

2116 4646 2223 4702 qua
2252 4647 2311 4685 re
2341 4630 2586 4704 Christus
2616 4630 2891 4686 insinuare
2924 4633 3092 4687 voluit
3123 4649 3230 4689 non
3279 4633 3528 4690 sufﬁcere
3557 4634 3715 4690 nobis

2117 4719 2163 4774 si
2192 4718 2504 4787 credamus,
2537 4719 2642 4773 nisi
2690 4720 2961 4790 gustando
3010 4721 3291 4777 videamus
3341 4739 3504 4794 quam
3535 4724 3718 4780 suavis

2117 4815 2198 4862 est
2228 4808 2531 4875 Dominus;
2564 4808 2701 4863 sicut
2740 4809 3065 4866 manducare
3113 4827 3220 4867 non
3269 4811 3576 4884 proﬁceret.
3611 4813 3718 4869 nisi

2118 4896 2485 4953 crederemus.
2537 4899 2605 4953 Et
2652 4897 2752 4954 hoc
2802 4899 2947 4970 quod
2994 4900 3153 4970 panis
3201 4902 3361 4972 paulo
3407 4909 3530 4957 ante
3578 4910 3717 4969 erat,

2118 5001 2262 5041 nunc
2294 5002 2418 5041 vere
2447 4990 2531 5042 est
2564 5003 2766 5059 corpus
2797 5004 3027 5055 meum;
3058 4990 3200 5062 quod
3229 5006 3429 5062 corpus
3463 4991 3724 5047 tradetur

2114 5091 2215 5147 pro
2244 5076 2389 5131 vobis
2419 5075 2473 5129 in
2501 5084 2755 5143 mortem,
2783 5075 2905 5131 licet
2934 5093 3081 5135 nunc
3100 5078 3234 5134 illud
3266 5079 3418 5135 vobis
3442 5080 3725 5152 porrigam

2115 5162 2423 5219 immortale
2453 5173 2505 5219 et
2537 5164 2893 5236 impassibile.

2189 5253 2495 5308 Notandum
2528 5262 2610 5310 est
2632 5255 2734 5310 hoc
2763 5253 2926 5309 etiam
2946 5254 3023 5311 sic
3046 5272 3169 5311 esse
3190 5258 3345 5329 signa
3368 5256 3682 5312 substantiae
3707 5276 3723 5327 ;

2118 5348 2174 5395 ut
2202 5342 2406 5397 nullam
2436 5343 2511 5398 ibi
2540 5344 2849 5417 qualitatem
2880 5352 3084 5411 notent,
3109 5362 3286 5418 neque
3317 5347 3719 5413 mortalitatem,

2119 5446 2295 5503 neque
2323 5433 2799 5490 immortalitatem.
2831 5434 2947 5491 Nec
2975 5433 3280 5490 mirandum
3311 5444 3393 5493 est
3426 5436 3470 5491 si
3499 5437 3722 5509 (quem-
