3960 6036
244 190 349 241 185

875 181 1253 239 EXPOSITIO
1293 182 1367 237 IN
1404 180 1785 237 EPISTOLAS
1824 179 2046 237 PAULI.
2088 212 2158 223 —
2196 180 2269 236 IN
2307 180 2524 236 EPIST.
2569 182 2589 235 I
2628 180 2723 235 AD
2762 177 2923 235 COR.

3439 182 3542 235 186

238 310 535 366 admodum
584 309 657 364 ait
700 308 1061 381 Augustinus)
1112 308 1361 363 manibus
1408 306 1723 363 mortalibus
1782 307 1913 366 seA
1945 306 2079 361 bibit
2107 322 2215 362 non
2246 305 2657 379 indulgentiam,
2692 304 2790 361 sed
2810 306 3109 377 judicium,
3133 304 3186 360 id
3208 312 3288 361 est
3309 304 3536 361 damna-

238 399 604 455 immortalem
634 398 863 463 ferebat,
900 414 1021 452 eum
1044 398 1097 451 in
1119 396 1591 469 transﬁguratione
1616 397 1836 463 (Matth.

241 491 404 557 xvu),
438 488 528 559 qui
562 496 688 542 tunc
730 495 782 541 et
819 496 1010 557 postea
1051 486 1295 541 mortalis
1344 484 1459 555 fuit,
1492 500 1550 539 se
1583 484 1635 538 in
1666 484 1841 557 gloria

241 577 670 633 immortalitatis
722 585 772 632 et
818 576 1267 646 impassibilitatis
1314 576 1493 643 Petro,
1544 574 1747 629 Jacobo
1788 581 1841 628 et

239 667 437 721 Joanni
466 666 719 721 ostendit.
760 665 1114 729 Manducate,
1149 663 1338 735 inquit,
1372 680 1572 735 corpus
1602 679 1790 717 meum
1821 682 1839 717 :

238 764 293 810 et
325 756 427 811 hoc
453 756 650 825 facite,
685 754 735 807 id
768 762 865 818 est,
892 753 1145 808 continue
1176 752 1390 807 sumite.
1414 752 1537 805 Non
1569 752 1621 805 in
1644 751 1839 822 gaudio

237 852 293 899 et
313 844 592 909 ebrietate,
618 843 715 897 sed
736 844 797 897 in
820 858 1002 897 meam
1025 843 1613 898 commemorationem
1639 850 1841 895 :utvos

236 950 461 1004 semper
508 948 781 986 memores
827 931 1095 1002 passionis
1141 939 1193 985 et
1236 931 1424 985 mortis
1458 947 1610 998 meae,
1647 938 1697 983 et
1730 929 1840 1000 pati

238 1031 291 1077 et
313 1021 454 1076 mori
475 1022 652 1077 velitis
673 1037 770 1092 pro
788 1037 894 1075 me.
915 1021 1196 1075 Similiter
1217 1020 1356 1075 sicut
1378 1036 1596 1091 corpus,
1621 1020 1839 1089 accepit

233 1113 475 1167 calicem
523 1115 825 1183 postquam
870 1110 1110 1165 ccenavit
1158 1110 1268 1178 (hic
1299 1109 1487 1175 innuit,
1544 1108 1687 1179 quod
1720 1115 1840 1178 post

236 1216 459 1256 acnuam
500 1215 702 1269 corpus
750 1198 997 1253 similiter
1026 1197 1291 1269 dederit);
1325 1200 1561 1269 accepit,
1596 1197 1836 1267 inquam,

236 1290 499 1357 calicem,
526 1289 715 1343 dicens
769 1305 781 1340 :
836 1287 933 1341 Hic
986 1287 1144 1342 calix
1192 1287 1282 1358 qui
1332 1286 1496 1357 paulo
1545 1293 1668 1340 ante
1716 1300 1842 1339 vera

238 1376 545 1431 substantia
607 1375 715 1430 vini
762 1382 877 1430 erat
928 1390 938 1428 :
986 1374 1073 1428 hic
1123 1375 1307 1446 utique
1370 1374 1506 1429 calix
1557 1382 1637 1429 est
1689 1389 1841 1427 meus

237 1466 465 1538 sanguis
501 1483 513 1517 :
546 1472 597 1519 et
632 1467 691 1519 in
724 1465 826 1518 hoc
855 1480 976 1519 meo
1007 1466 1282 1535 sanguine
1313 1468 1397 1518 est
1429 1479 1635 1517 novum
1666 1466 1841 1517 testa-

230 1561 519 1617 mentum,
572 1554 624 1607 id
672 1561 752 1607 est
793 1568 931 1607 nova
974 1552 1285 1623 promissio.
1340 1553 1446 1607 Lex
1494 1551 1637 1606 enim
1686 1559 1842 1606 vetus

1941 396 2140 451 tionem
2174 396 2275 449 sibi
2301 414 2314 461 ;
2348 404 2398 451 et
2427 396 2639 463 merito,
2692 395 2821 467 quia
2851 412 2965 451 non
2996 395 3333 465 dijudicans,
3367 394 3422 449 id
3453 401 3537 448 est

1940 500 2133 555 parum
2194 484 2512 540 discernens
2588 484 2658 539 ab
2712 484 2818 539 alio
2867 483 2988 539 cibo
3032 500 3230 555 corpus
3285 483 3529 549 Domini,

1942 574 2402 644 quemadmodum
2460 589 2568 627 non
2630 573 3015 628 discernebant
3070 571 3363 638 Corinthii;
3410 571 3535 642 quia

1942 663 2088 734 quod
2115 662 2171 716 in
2202 670 2314 717 toto
2363 662 2719 733 praemiserat,
2764 663 2830 717 de
2862 660 3152 716 Corinthiis
3181 660 3414 715 maxime
3446 660 3533 715 in-

1941 751 2240 806 tellexerat.
2274 752 2354 806 Ex
2384 750 2681 822 praemissis
2712 750 2871 805 infert
2902 751 2955 805 in
2977 766 3071 805 eos
3107 766 3117 803 :
3152 748 3289 818 Quia
3310 749 3532 821 indigne

1942 840 2153 894 sumitis
2182 856 2381 911 corpus
2410 840 2645 905 Domini,
2677 855 2779 895 nec
2815 840 2881 893 ab
2913 840 3032 894 aliis
3060 839 3197 893 cibis
3227 838 3359 892 illud
3386 838 3531 905 diju-

1941 929 2134 985 dicatis
2172 946 2184 984 :
2218 929 2337 985 ideo
2368 931 2521 984 inter
2568 947 2677 994 vos,
2709 945 2742 983 ο
2772 929 3048 997 Corinthii,
3082 929 3253 984 multi
3283 936 3406 982 sunt
3435 929 3533 982 in-

1941 1019 2112 1087 ﬁrmi,
2150 1017 2394 1073 febribus
2424 1027 2475 1073 et
2521 1018 2829 1087 hujusmodi
2858 1018 3241 1088 passionibus;
3276 1021 3330 1073 et
3360 1017 3535 1071 multi

1942 1108 2268 1174 imbecilles,
2323 1108 2413 1179 qui
2464 1107 2660 1162 virtute
2706 1107 3072 1162 membrorum
3126 1107 3444 1177 privantur;
3478 1109 3533 1160 et

1950 1196 2111 1251 etiam
2144 1197 2434 1251 dormiunt
2466 1197 2639 1251 multi
2668 1213 2858 1251 somno
2889 1196 3098 1251 mortis.
3124 1194 3261 1264 Quia
3283 1211 3393 1250 non
3414 1210 3537 1250 exa-

1942 1285 2211 1340 minamus
2230 1301 2348 1350 nos,
2364 1286 2488 1340 ideo
2511 1285 2586 1340 sic
2605 1285 2914 1357 afﬂigimur;
2934 1286 2983 1340 si
3004 1300 3129 1342 vero
3146 1301 3246 1340 nos
3269 1285 3533 1355 metipsos

1942 1375 2411 1445 dijudicaremus,
2446 1375 2501 1429 id
2533 1383 2614 1429 est
2639 1375 2784 1429 mala
2814 1374 2955 1430 facta
2984 1382 3171 1429 nostra
3199 1373 3531 1443 dijudicare-

1942 1480 2081 1529 mus,
2117 1464 2171 1519 id
2202 1472 2283 1519 est
2330 1464 2716 1519 damnaremus
2764 1463 2981 1535 ﬂagello
3028 1462 3375 1534 paenitentiae,
3418 1479 3533 1516 non

1941 1555 2136 1625 utique
2181 1554 2585 1622 iudicaremur,
2628 1553 2682 1607 id
2726 1561 2807 1608 est
2852 1553 3234 1607 damnaremur
3263 1567 3363 1622 pro
3394 1551 3478 1605 his
3507 1567 3537 1605 a

235 1643 484 1699 carnalia
531 1642 916 1713 promittebat;
978 1641 1075 1695 sed
1116 1642 1218 1696 hoc
1265 1648 1667 1696 sacramentum
1711 1656 1839 1695 cor-
1871 1667 1923 1726 B
1945 1642 2196 1697 Domino.
2232 1642 2387 1697 Unde
2419 1642 2563 1696 enim
2593 1643 2756 1697 homo
2788 1642 3027 1712 seipsum
3052 1641 3277 1709 judicat,
3312 1640 3436 1695 inde
3466 1640 3536 1694 li-

235 1732 388 1803 poris
421 1740 473 1786 et
501 1730 780 1803 sanguinis
812 1730 917 1784 mei
951 1746 1065 1785 rem
1096 1746 1309 1792 novam,
1347 1730 1473 1801 quia
1503 1729 1839 1799 spiritualem

239 1820 637 1876 beatitudinem
704 1820 985 1890 promittit.
1046 1820 1450 1873 Testamentum
1508 1818 1670 1872 etiam
1718 1817 1841 1872 ideo

242 1926 469 1975 novum,
523 1909 648 1980 quia
715 1924 989 1979 nunquam
1038 1916 1120 1963 est
1186 1907 1599 1971 immutandum,
1653 1915 1708 1960 ut
1754 1906 1842 1961 alii

238 1998 377 2052 ritus
408 1996 750 2051 inducantur.
786 1998 851 2051 Et
884 1997 1001 2061 hoc,
1039 1996 1247 2051 scilicet
1278 1995 1601 2065 sanguinem
1623 2011 1798 2049 meum
1825 2014 1838 2061 ;

234 2089 437 2156 facite,
460 2086 514 2140 id
528 2086 839 2155 estsumite,
856 2088 917 2141 in
941 2102 1123 2140 meam
1149 2086 1762 2150 commemorationem,
1788 2084 1842 2138 id

235 2184 321 2231 est
371 2174 606 2231 contrito
663 2184 717 2229 et
763 2174 1043 2229 humiliato
1108 2174 1292 2239 corde,
1344 2189 1453 2229 non
1503 2172 1691 2237 semel,
1746 2172 1842 2226 sed

234 2267 682 2339 quotiescunque
713 2266 962 2319 sumitis.
988 2265 1051 2317 Et
1069 2262 1275 2331 justum
1302 2270 1383 2317 est
1412 2270 1468 2315 ut
1490 2263 1593 2317 hoc
1616 2261 1843 2316 sumatis

235 2356 290 2409 in
314 2354 640 2408 memoriam
658 2352 765 2407 mei
787 2371 800 2418 ;
825 2354 955 2424 quia
972 2355 1409 2424 quotiescunque
1421 2351 1843 2406 manducabitis

235 2460 451 2515 panem
473 2443 642 2509 hunc,
682 2441 734 2494 id
766 2449 845 2495 est
869 2457 1053 2495 verum
1084 2456 1280 2511 corpus
1310 2456 1511 2506 meum,
1546 2440 1689 2510 quod
1720 2455 1843 2509 spe-

240 2532 383 2587 ciem
415 2539 468 2585 et
517 2546 766 2600 saporem
810 2529 965 2600 panis
1016 2529 1211 2583 retinet
1266 2531 1357 2597 (ne
1388 2537 1663 2583 sumentes
1711 2527 1843 2581 illud

238 2620 594 2689 abhorreant)
620 2637 634 2683 ;
668 2628 719 2674 et
750 2620 966 2691 quoties
998 2618 1196 2672 bibetis
1228 2617 1379 2672 hunc
1404 2618 1660 2682 calicem,
1686 2616 1737 2670 id
1762 2624 1844 2671 est

237 2709 569 2780 sanguinem
611 2707 670 2763 1
690 2708 759 2762 3
778 2707 837 2763 1
879 2724 1061 2761 meum
1093 2708 1340 2777 (propter
1365 2722 1620 2777 saporem
1644 2713 1694 2760 et
1713 2722 1842 2776 spe-

234 2799 377 2853 ciem
410 2797 521 2850 vini
541 2796 902 2865 retinentem),
929 2797 1159 2868 quoties,
1186 2795 1421 2866 inquam,
1449 2796 1565 2849 haec
1595 2795 1839 2863 sumetis,

235 2887 690 2953 annuntiabitis,
732 2885 784 2938 id
824 2892 905 2939 est
941 2884 1402 2955 reprmsentabitis
1452 2888 1693 2939 mortem
1734 2885 1843 2938 Do-

234 2976 403 3043 mini,
470 2974 554 3029 cui
614 2990 831 3044 semper
873 2973 1105 3043 compati
1166 2980 1218 3027 et
1261 2972 1523 3029 commori
1588 2972 1839 3038 debetis;

234 3064 505 3119 facientes
538 3064 640 3117 hoc
670 3063 843 3118 donec
865 3062 1128 3117 Dominus
1159 3063 1349 3118 veniat
1381 3062 1450 3116 ad
1468 3061 1751 3130 judicium,

236 3154 485 3224 seipsum
514 3152 669 3206 vobis
702 3151 836 3206 facie
868 3153 934 3206 ad
962 3151 1156 3207 faciem
1189 3151 1388 3205 tradat.

306 3241 623 3295 Notandum
668 3249 748 3294 est
780 3257 876 3297 cur
925 3240 1189 3295 Dominus
1232 3240 1391 3294 Jesus
1444 3248 1565 3311 post
1604 3255 1835 3306 omnem,

236 3330 521 3385 celebrato
549 3329 721 3383 veteri
750 3330 972 3399 pascha,
1006 3345 1207 3399 corpus
1240 3337 1289 3382 et
1319 3328 1637 3400 sanguinem
1658 3344 1834 3393 suum,

233 3435 441 3474 novum
512 3418 716 3472 scilicet
760 3418 963 3488 pascha
1002 3417 1285 3487 discipulis
1326 3417 1642 3482 tradiderit;
1694 3416 1840 3487 quod

234 3507 369 3561 satis
399 3506 729 3577 competenti
778 3506 965 3561 ordine
998 3505 1197 3560 factum
1248 3514 1355 3559 est.
1414 3505 1468 3560 Si
1516 3505 1658 3559 enim
1692 3505 1840 3575 prius

233 3613 441 3651 novum
474 3597 696 3667 pascha,
732 3596 927 3650 deinde
958 3604 1112 3649 vetus
1141 3595 1460 3659 celebraret,
1484 3611 1594 3649 non
1626 3594 1841 3649 videre-

235 3693 325 3739 tur
356 3701 460 3755 per
488 3685 593 3739 hoc
625 3700 822 3739 novum
865 3692 1266 3739 sacramentum
1323 3684 1601 3738 destruere
1634 3692 1835 3749 vetera,

234 3790 339 3828 nec
374 3774 537 3827 tinem
570 3790 690 3828 esse
722 3781 964 3828 veterum
991 3791 1003 3837 ;
1036 3774 1134 3827 sed
1155 3773 1423 3827 videretur
1448 3772 1673 3826 innuere
1695 3773 1840 3843 quod

230 3864 452 3925 iterum,
487 3871 607 3933 post
636 3864 751 3919 hzec
781 3878 939 3927 nova,
996 3862 1326 3916 reducturus
1367 3862 1546 3916 adhuc
1578 3869 1723 3915 esset
1748 3861 1841 3915 illa

230 3962 442 4007 vetera.
476 3952 541 4005 Ut
591 3960 765 4004 autem
815 3951 1128 4017 ostenderet
1185 3950 1363 4004 omnia
1407 3958 1591 4004 vetera
1640 3950 1693 4002 in
1738 3951 1841 4004 hoc

229 4058 379 4097 novo
411 4039 679 4095 sacrificio
711 4040 873 4094 finem
922 4040 1144 4105 habere,
1195 4056 1295 4093 nec
1333 4039 1419 4092 illa
1450 4054 1687 4110 unquam
1719 4055 1841 4093 esse

232 4130 573 4194 reducenda,
619 4144 859 4198 congrue
906 4137 1060 4183 vetus
1089 4129 1289 4199 pascha
1318 4128 1383 4181 ad
1416 4128 1842 4183 destructionem

229 4219 523 4291 praemisit,
549 4226 597 4272 et
621 4234 817 4272 novum
842 4220 1065 4289 pascha,
1089 4218 1230 4288 quod
1256 4234 1671 4287 permansurum
1702 4225 1837 4283 erat,

231 4308 561 4379 supposuit;
594 4306 648 4360 in
681 4323 788 4377 quo
808 4307 1051 4361 omnium
1094 4314 1337 4361 veterum
1371 4304 1491 4359 finis
1522 4305 1635 4373 fuit,
1670 4321 1840 4376 quan-

231 4396 532 4468 doquidem
557 4398 617 4450 in
638 4397 1229 4451 commemorationem
1258 4403 1309 4449 et
1330 4394 1383 4447 in
1407 4394 1840 4449 conformitatem
1864 4393 1913 4451 D

236 4484 438 4539 Christi
470 4485 733 4539 sumenda
780 4493 903 4538 sunt
932 4486 1049 4540 haec
1088 4492 1445 4539 sacramenta.
1488 4484 1677 4555 Itaque
1709 4486 1835 4556 qui-

231 4590 456 4645 cunque
498 4574 923 4629 manducavcrit
962 4572 1357 4645 panem,idest
1382 4572 1834 4642 corpusDomini,

234 4666 320 4718 vel
338 4664 543 4717 biberit
560 4664 815 4730 calicem,
832 4662 886 4716 id
903 4670 983 4716 est
1000 4662 1323 4733 sanguinem
1342 4663 1567 4716 Domini
1582 4661 1834 4731 indigne,

236 4752 289 4806 id
322 4760 407 4806 est
438 4752 493 4805 in
543 4751 801 4816 scissura,
857 4751 910 4804 in
960 4751 1235 4815 ebrietate,
1287 4750 1372 4804 vel
1422 4750 1475 4803 in
1528 4750 1838 4817 hujusmodi

232 4841 417 4903 malis,
451 4840 541 4893 ille
563 4842 671 4894 erit
697 4856 824 4894 reus
846 4840 1094 4911 corporis
1117 4844 1171 4894 et
1191 4840 1490 4909 sanguinis
1513 4839 1756 4905 Domini,
1784 4838 1839 4892 id

234 4940 313 4984 est
347 4928 671 4982 damnabilis
703 4936 927 4999 propter
956 4944 1156 4999 corpus
1191 4936 1241 4982 et
1273 4928 1599 4999 sanguinem
1641 4927 1838 4981 Christi

229 5019 459 5090 indigne
491 5025 791 5087 acceptum.
826 5019 906 5072 Ne
940 5022 1133 5072 autem
1166 5034 1288 5071 reus
1321 5015 1410 5070 fiat
1439 5017 1620 5082 homo,
1644 5018 1839 5088 probet

231 5111 505 5179 seipsum,
540 5107 593 5160 id
624 5114 705 5159 est
736 5106 1003 5161 examinet
1038 5115 1089 5161 et
1119 5106 1378 5174 dijudicet
1410 5122 1487 5171 se,
1518 5122 1625 5160 non
1648 5104 1835 5160 confe-

232 5212 363 5250 rens
394 5195 469 5248 illi
504 5196 595 5266 qui
626 5195 765 5249 male
795 5195 924 5265 agit,
959 5195 1110 5266 quasi
1142 5212 1239 5265 per
1270 5196 1371 5249 hoc
1395 5195 1654 5263 justitiam
1688 5210 1837 5248 suam

231 5284 481 5355 prmierat
506 5303 519 5349 ;
545 5284 641 5338 sed
676 5283 854 5354 seipse
897 5284 951 5337 in
985 5285 1223 5339 contuitu
1253 5282 1580 5349 inﬁrmitatis
1611 5300 1721 5337 suae
1752 5283 1839 5337 di-

225 5374 455 5442 judicet.
484 5374 549 5427 Et
581 5374 663 5427 sic
695 5373 954 5443 probatus
983 5374 1110 5429 edat
1142 5374 1207 5428 de
1231 5389 1377 5445 pane
1408 5374 1524 5437 illo,
1560 5376 1615 5427 et
1644 5372 1709 5427 de
1739 5389 1837 5427 ca-

234 5464 339 5516 lice
390 5462 557 5516 bibat.
602 5461 828 5532 Oportet
877 5470 931 5515 ut
990 5464 1152 5517 homo
1203 5462 1279 5517 sic
1331 5462 1571 5532 seipsum
1620 5462 1836 5532 probet.

235 5552 339 5620 Qui
363 5551 845 5607 enimmanducat
863 5555 917 5607 et
931 5551 1065 5608 bibit
1084 5552 1338 5623 indigne,
1359 5550 1443 5607 hic
1462 5552 1768 5608 manducat
1782 5556 1838 5608 et

1787 3031 1913 3115 etC

1947 1731 2043 1786 ber
2073 1731 2251 1786 evadit
2268 1731 2534 1798 judicium
2564 1732 2683 1785 Dei.
2717 1731 2787 1784 Et
2818 1731 2942 1786 licet
2963 1747 3062 1800 per
3084 1728 3449 1784 inﬁrmitatem
3481 1738 3536 1784 et

1942 1819 2366 1875 imbecillitatem
2401 1820 2478 1874 sic
2509 1818 2814 1892 aﬂligamur
2844 1834 2875 1873 a
2906 1818 3155 1886 Domino,
3190 1826 3372 1873 tamen
3402 1820 3536 1873 dum

1944 1909 2023 1965 sic
2043 1910 2395 1979 judicamur,
2421 1916 2490 1975 et,
2516 1908 2816 1964 secundum
2838 1908 3101 1979 quosdam
3125 1905 3192 1961 de
3214 1907 3371 1962 nobis
3397 1907 3537 1963 male

1943 2006 2189 2071 agentes,
2223 1998 2565 2062 damnamur,
2600 2014 2701 2052 nos
2728 1996 2838 2061 alii,
2867 2013 2935 2051 ne
2957 1995 3203 2050 similiter
3223 2012 3531 2066 peccemus,

1943 2090 2287 2159 corripimur
2316 2104 2350 2141 a
2382 2088 2646 2153 Domino,-
2669 2086 2722 2139 in
2744 2101 2852 2157 quo
2874 2085 3016 2140 enim
3038 2085 3184 2139 Deus
3200 2084 3402 2153 judicio
3424 2085 3538 2157 agit

1944 2184 2134 2234 contra
2164 2176 2379 2246 impios,
2415 2176 2467 2229 in
2497 2192 2562 2231 eo
2602 2174 3026 2229 misericorditer
3056 2173 3284 2245 castigat
3315 2189 3463 2229 suos.

2018 2266 2369 2338 Corripimur
2396 2264 2540 2330 dico,
2574 2268 2639 2319 ut
2667 2263 2893 2320 correcti
2914 2280 3028 2319 non
3050 2263 3387 2318 damne‘mur
3406 2279 3538 2319 cum

1946 2356 2045 2411 hoc
2074 2356 2316 2421 mundo;
2348 2353 2473 2410 ideo
2506 2370 2615 2408 non
2646 2353 2718 2407 ait
2750 2370 2879 2409 cum
2916 2352 3244 2418 Corinthiis,
3278 2352 3374 2407 sed
3405 2370 3535 2409 cum

1942 2444 2172 2501 mundo.
2210 2443 2462 2516 Intelligit
2482 2442 2626 2498 enim
2646 2442 2724 2497 eis
2755 2442 2844 2514 qui
2864 2450 3092 2512 peccant
3122 2458 3228 2496 non
3260 2441 3381 2512 plus
3410 2457 3539 2512 pro-

1943 2535 2105 2589 desse
2149 2540 2369 2603 accepta
2408 2540 2767 2600 sacramenta,
2802 2547 2961 2603 quam
2993 2531 3077 2585 his
3108 2530 3197 2602 qui
3226 2531 3279 2585 in
3310 2530 3536 2596 mundo,

1942 2623 1997 2678 id
2029 2630 2108 2678 est
2138 2622 2192 2675 in
2238 2622 2556 2693 gentilitate,
2601 2621 2775 2675 adhuc
2806 2627 3121 2690 permanent
3156 2639 3168 2675 :
3204 2619 3539 2691 quandoqui-

1943 2712 2066 2767 dem
2122 2712 2344 2784 indigne
2405 2718 2683 2765 sumentes
2738 2709 3094 2777 damnantur;
3158 2716 3211 2764 et
3267 2710 3393 2781 quia
3437 2726 3536 2780 per

1944 2802 2350 2857 damnationem
2378 2800 2666 2870 impiorum
2691 2799 3052 2870 corripimur.
3075 2800 3285 2871 Itaque,
3320 2800 3535 2868 fratres

1941 2894 2074 2958 mei,
2108 2898 2165 2945 ut
2194 2890 2359 2963 digne
2390 2897 2441 2945 et
2470 2889 2608 2943 bene
2655 2888 2892 2958 correpti
2922 2887 3245 2958 suscipiatis,
3278 2905 3407 2943 cum
3439 2903 3536 2942 vos

1943 2981 2255 3038 convenitis
2279 2979 2351 3034 ad
2373 2979 2835 3034 manducandum
2856 2993 3066 3032 caenam
3088 2975 3321 3041 Domini,
3344 2992 3537 3048 exspe-

1941 3074 2094 3126 ctate
2132 3070 2392 3133 invicem,
2427 3067 2481 3121 id
2514 3076 2595 3122 est
2616 3067 2753 3121 alter
2772 3066 3016 3134 alterum,
3042 3082 3150 3121 non
3178 3066 3536 3136 anticipantes

1942 3159 2286 3215 constitutam
2318 3158 2509 3212 horam
2551 3155 2855 3226 accipiendi
2903 3155 3243 3211 Dominicam
3288 3171 3525 3211 caenam.

1944 3248 2252 3304 Secundum
2295 3246 2440 3302 enim
2489 3246 2831 3300 traditionem
2862 3245 3096 3311 Domini,
3121 3244 3402 3300 consuevit
3430 3246 3533 3299 Ec—

1943 3337 2111 3393 clesia
2140 3337 2193 3390 in
2223 3336 2309 3391 die
2337 3352 2505 3391 cmna:
2537 3336 2603 3389 ad
2636 3351 2926 3405 vesperum
2950 3334 3373 3390 communicare.
3400 3334 3534 3390 Dico

1941 3436 1997 3482 ut
2026 3426 2369 3497 exspectetis.
2404 3427 2466 3482 Si
2494 3425 2617 3497 quis
2643 3440 2765 3479 vero
2792 3426 2992 3488 esurit,
3026 3431 3078 3477 et
3107 3423 3399 3494 legitimam
3431 3426 3535 3479 ho-

1942 3534 2057 3571 ram
2088 3523 2406 3587 exspectare
2440 3513 2689 3586 negligit,
2740 3512 2886 3566 malo
2926 3520 2982 3566 ut
3010 3512 3312 3568 manducet
3362 3514 3531 3583 domi,

1943 3623 2103 3678 quam
2135 3614 2257 3660 ante
2287 3606 2472 3659 horam
2503 3603 2761 3672 anticipet
2803 3617 3013 3657 cernam
3043 3601 3276 3667 Christi;
3310 3617 3418 3656 non
3451 3610 3533 3656 ta-

1942 3712 2086 3760 men,
2130 3702 2417 3765 postquam
2476 3690 2804 3755 comederit,
2846 3690 3267 3761 participaturus
3328 3706 3533 3747 mensa)

1943 3785 2161 3839 Christi.
2206 3784 2294 3837 Sic
2342 3782 2575 3837 invicem
2623 3788 2947 3850 exspectare
2994 3796 3092 3835 vos
3142 3780 3287 3844 volo,
3321 3784 3384 3835 ut
3417 3797 3533 3837 non

1942 3873 2295 3929 conveniatis
2326 3872 2386 3925 in.
2409 3872 2712 3943 judicium,
2734 3869 2787 3924 id
2818 3877 2899 3924 est
2921 3877 3217 3924 conventus
3238 3878 3535 3925 vesternon

1944 3963 2011 4017 sit
2040 3962 2194 4017 vobis
2215 3977 2381 4017 causa
2411 3960 2791 4015 damnationis.
2814 3960 2940 4015 Haec
2963 3959 3271 4029 supradicta
3297 3959 3357 4015 1
3376 3959 3532 4016 32

1943 4052 2105 4106 modo
2147 4051 2302 4106 vobis
2352 4050 2634 4121 proposui,
2683 4048 2805 4120 quia
2854 4048 2969 4104 scio
3009 4064 3107 4103 vos
3151 4049 3267 4103 sine
3297 4049 3382 4103 his
3426 4065 3536 4105 non
3596 4066 3615 4085 ι

1942 4156 2105 4211 posse
2162 4140 2385 4194 salvari.
2432 4141 2647 4195 Caetera
2694 4142 2907 4203 autem,
2961 4138 3078 4192 sine
3118 4138 3317 4209 quibus
3356 4146 3534 4193 tamen

1944 4229 2142 4283 salvari
2173 4228 2419 4301 potestis,
2463 4228 2559 4282 sed
2602 4227 2670 4281 ad
2718 4227 3110 4283 incrementum
3149 4226 3339 4297 gloria:
3370 4226 3536 4297 proﬁ-

1944 4335 2062 4389 cua,
2095 4319 2185 4373 illa
2214 4336 2344 4375 cum
2375 4334 2481 4389 ego
2513 4333 2710 4373 venero
2743 4317 3040 4388 disponam
3071 4316 3247 4371 vobis.

2535 4515 2759 4571 CAPUT
2803 4515 2930 4569 XII.

2016 4678 2036 4705 ι
2074 4655 2153 4709 De
2199 4652 2572 4724 spiritualibus
2618 4660 2796 4707 autem
2840 4653 2966 4707 nolo
2997 4669 3094 4708 vos
3123 4653 3394 4725 ignorare,
3429 4654 3535 4709 fra-

1945 4767 1966 4794 α
2001 4752 2132 4799 tres.
2195 4743 2352 4797 Scitis
2410 4750 2590 4796 autem
2639 4742 2894 4813 quoniam
2936 4758 3057 4797 cum
3095 4751 3287 4814 gentes
3318 4744 3530 4811 essetis,

1944 4857 1965 4880 «ι
2010 4834 2079 4887 ad
2138 4832 2425 4887 simulacra
2483 4838 2629 4885 muta
2684 4838 2844 4902 prout
2899 4830 3248 4885 ducebamini
3308 4840 3525 4889 euntes.

1945 4946 1965 4969 ιε
2002 4923 2130 4976 Ideo
2161 4930 2342 4976 notum
2385 4921 2539 4975 vobis
2579 4920 2720 4975 facio
2760 4920 2904 4991 quod
2935 4936 3094 4975 nemo
3126 4920 3179 4974 in
3210 4921 3401 4992 spiritu
3436 4922 3535 4978 Dei

1946 5034 1966 5058 «ι
2002 5011 2250 5083 loquens,
2293 5010 2419 5064 dicit
2466 5010 2752 5065 anathema
2781 5010 2928 5064 Jesu.
2964 5010 3031 5063 Et
3060 5026 3219 5065 nemo
3250 5018 3427 5081 potest
3456 5011 3537 5066 di-

1946 5123 1967 5150 «
2004 5116 2129 5155 cere
2167 5122 2187 5149 «
2224 5100 2486 5153 Dominus
2526 5101 2707 5163 Jesus,
2748 5122 2767 5147 υ
2806 5098 2907 5151 nisi
2958 5098 3009 5152 in
3070 5098 3271 5169 Spiritu
3326 5109 3531 5157 sancto.

1946 5213 1965 5235 α
2004 5188 2309 5243 Divisiones
2340 5204 2467 5244 vero
2497 5188 2795 5260 gratiarum
2828 5195 2973 5257 sunt,
3004 5188 3148 5242 idem
3170 5198 3350 5244 autem
3383 5190 3538 5260 Spiri-

1948 5302 1967 5325 ‹‹
2009 5288 2110 5332 tus.
2146 5279 2211 5332 Et
2241 5277 2535 5333 divisiones
2584 5278 3043 5332 ministrationum
3092 5287 3234 5343 sunt,
3266 5278 3410 5333 idem
3441 5295 3537 5332 au-

1945 5391 1965 5414 «
2015 5376 2122 5422 tem
2167 5367 2447 5422 Dominus.
2500 5368 2564 5421 Et
2610 5366 2905 5423 divisiones
2967 5368 3340 5438 operationum
3389 5376 3533 5434 sunt,

1946 5481 1966 5504 «
2005 5457 2150 5511 idem
2181 5473 2312 5513 vero
2354 5457 2516 5521 Deus,
2561 5456 2653 5527 qui
2683 5465 2933 5527 operatur
2962 5457 3145 5511 omnia
3172 5456 3225 5510 in
3257 5456 3528 5512 omnibus.

1948 5568 1968 5597 α
2006 5546 2309 5618 Unicuique
2358 5554 2536 5602 autem
2585 5545 2744 5601 datur
2788 5545 3150 5603 manifestatio
3201 5544 3424 5616 spiritus
3463 5547 3533 5604 ad
