3960 6036
452 194 557 247 187

984 199 1040 252 S.
1083 197 1437 256 BRUNONIS
1484 199 2130 257 CARTHUSIANORUM
2171 200 2656 259 INSTITUTORIS
2695 202 2846 259 OPP.
2907 204 3082 263 PARS
3138 206 3206 261 ΙΙ.

3640 212 3741 264 188

454 339 478 369 ι
512 318 812 376 utilitatem.
847 322 952 377 Alii
982 323 1203 396 quidem
1250 342 1348 396 per
1380 326 1630 396 spiritum
1675 327 1838 381 datur
1870 342 2053 381 sermo
2074 330 2127 388 Α
2156 334 2367 396 perant,
2402 328 2781 399 desperabant,
2834 330 2959 401 quia
3007 330 3291 385 inferiores
3322 339 3472 386 erant
3501 332 3555 386 in
3586 333 3744 387 donis

456 430 477 453 σε
515 408 821 479 sapientia;
874 412 964 466 alii
1010 421 1188 468 autem
1228 431 1407 469 sermo
1445 416 1705 481 scientiae,
1754 416 2055 471 secundum

459 517 480 547 ι
517 500 770 553 eumdem
821 501 1069 571 spiritum
1098 522 1111 567 ;
1147 503 1301 557 alteri
1333 502 1467 559 fides
1516 505 1569 558 in
1602 506 1792 559 eodem
1826 504 2052 574 spiritu;

458 606 481 635 «
518 586 609 640 alii
656 588 830 657 gratia
876 591 1160 645 sanitatum
1194 592 1249 645 in
1280 608 1386 647 uno
1435 593 1659 663 spiritu;
1693 594 1783 647 alii
1813 594 2054 663 Operatio

461 695 483 724 α
521 675 816 743 virtutum;
853 679 943 732 alii
977 681 1295 749 prOphetia;
1330 682 1421 735 alii
1453 682 1706 737 discretio
1728 682 2051 752 spirituum;

460 788 480 809 α
516 764 607 818 alii
653 782 853 837 genera
901 767 1251 840 linguarum;
1284 770 1374 823 alii
1422 771 1795 841 interpretatio
1846 788 2053 825 sermo-

460 873 481 901 ‹
517 869 667 907 num.
718 857 845 910 Haec
897 866 1077 911 autem
1137 860 1321 913 omnia
1386 868 1642 930 operatur
1698 877 1837 914 unus
1891 869 2052 931 atque

456 963 477 987 «
514 941 656 996 idem
706 944 947 1014 spiritus,
997 947 1245 1001 dividens
1280 948 1509 1019 singulis
1539 958 1697 1018 prout
1728 949 1839 1003 vult
1870 952 2048 1017 (Rom.

458 1052 480 1076 «
525 1046 621 1095 χιι,
653 1034 723 1097 6;
757 1033 962 1104 Ephes.
1011 1051 1084 1103 Iv,
1143 1038 1217 1105 7).
1273 1036 1420 1091 Sicut
1468 1038 1611 1091 enim
1656 1053 1855 1108 corpus
1887 1054 2051 1092 unum

455 1142 477 1165 α
514 1127 613 1186 est,
649 1128 702 1175 et
746 1124 995 1177 membra
1026 1124 1185 1179 habet
1229 1126 1415 1191 multa,
1450 1126 1633 1181 omnia
1662 1135 1841 1181 autem
1873 1143 2051 1181 mem-

456 1228 477 1257 «
523 1208 619 1263 bra
646 1212 889 1280 corporis
938 1228 1059 1268 eum
1098 1214 1205 1267 sint
1240 1214 1427 1281 multa,
1464 1232 1629 1269 unum
1662 1231 1859 1286 corpus
1892 1224 2049 1281 sunt;

458 1318 480 1347 ι
516 1297 590 1352 ita
624 1306 676 1353 et
707 1300 974 1356 Christus.
1024 1302 1236 1357 Etenim
1283 1303 1335 1356 in
1366 1319 1475 1357 uno
1507 1304 1699 1374 spiritu
1729 1320 1919 1359 omnes
1951 1320 2052 1359 nos

455 1406 477 1435 α
512 1386 566 1440 in
594 1404 758 1441 unum
790 1403 988 1459 corpus
1017 1391 1269 1461 baptizati
1300 1408 1526 1458 sumus;
1563 1393 1676 1447 sive
1707 1393 1899 1459 Judzei,
1933 1394 2049 1449 sive

454 1497 475 1521 «
511 1476 763 1545 gentiles,
818 1477 932 1533 sive
982 1479 1142 1545 servi,
1178 1480 1291 1534 sive
1321 1480 1516 1546 liberi;
1550 1490 1602 1536 et
1632 1497 1823 1537 omnes
1854 1482 1908 1535 in
1944 1500 2051 1538 uno

456 1584 478 1613 ι
515 1565 705 1633 spiritu
734 1566 900 1635 potati
932 1584 1136 1621 sumus.
1170 1570 1307 1622 Nam
1339 1578 1387 1623 et
1411 1585 1606 1640 corpus
1633 1586 1741 1624 non
1774 1579 1855 1625 est
1886 1588 2051 1626 unum

456 1654 858 1719 «membrum,
911 1657 1004 1711 sed
1051 1658 1239 1712 multa.
1290 1658 1345 1711 Si
1381 1659 1574 1712 dixerit
1624 1676 1740 1730 pes,
1792 1660 2121 1746 quoniamB

456 1762 477 1790 α
514 1756 622 1795 non
653 1759 773 1796 sum
814 1760 1024 1813 manus,
1060 1762 1169 1801 non
1208 1762 1326 1800 sum
1354 1747 1421 1802 de
1456 1764 1684 1818 corpore
1721 1766 1732 1802 :
1766 1766 1896 1803 num
1929 1749 2052 1804 ideo

457 1851 478 1877 ‹‹
516 1846 623 1884 non
655 1840 737 1886 est
767 1832 834 1887 de
884 1837 1154 1904 corpore?
1186 1836 1249 1889 Et
1285 1836 1329 1889 si
1360 1837 1555 1891 dixerit
1585 1837 1751 1902 auris,
1789 1838 1914 1909 quia
1944 1855 2052 1892 non

456 1945 475 1967 ι.
515 1935 637 1973 sum
669 1922 881 1988 oculus,
916 1940 1023 1977 non
1077 1941 1193 1979 sum
1228 1925 1295 1979 de
1327 1940 1595 1996 corpore;
1631 1943 1757 1979 num
1792 1928 1914 1982 ideo
1945 1944 2053 1982 non

457 2028 479 2057 α
517 2017 598 2062 est
626 2009 694 2064 de
728 2026 956 2081 corpore
982 2013 1008 2065 ?
1040 2012 1097 2067 Si
1134 2021 1300 2067 totum
1352 2030 1549 2084 corpus
1581 2015 1792 2080 oculus,
1826 2016 1918 2069 ubi
1949 2032 2051 2071 au-

455 2097 705 2153 «ditus?
753 2100 807 2153 Si
856 2108 1021 2155 totum
1089 2102 1342 2168 auditus,
1412 2103 1503 2157 ubi
1552 2104 1853 2159 odoratus?
1897 2106 2053 2160 Nune

456 2207 477 2236 ι
508 2194 687 2241 autem
715 2189 893 2257 posuit
926 2190 1069 2243 Deus
1098 2191 1361 2255 membra,
1396 2194 1819 2264 unumquodque
1864 2210 2051 2248 eorum

453 2297 474 2321 α
513 2274 565 2328 in
614 2290 847 2346 corpore
897 2278 1037 2333 sicut
1087 2279 1273 2334 voluit.
1344 2280 1499 2349 Quod
1550 2282 1593 2334 si
1642 2291 1826 2335 essent
1872 2283 2052 2337 omnia

454 2384 477 2413 ι
512 2380 676 2417 unum
706 2366 1029 2431 membrum,
1085 2367 1176 2421 ubi
1206 2384 1407 2439 corpus
1428 2370 1454 2422 ‘?
1482 2371 1640 2425 Nunc
1670 2378 1852 2425 autem
1882 2372 2052 2426 multa

454 2475 476 2499 α
513 2453 729 2524 quidem
777 2456 1043 2520 membra,
1095 2473 1258 2511 unum
1299 2467 1479 2513 autem
1528 2476 1749 2529 corpus.
1797 2461 1917 2514 Non
1946 2477 2050 2531 po-

457 2564 479 2587 u
516 2549 618 2595 test
647 2550 827 2597 autem
878 2544 1070 2599 oculus
1113 2546 1297 2601 dicere
1347 2548 1530 2601 manui
1566 2566 1577 2601 :
1612 2548 1788 2618 Opera
1819 2557 1907 2602 tua
1938 2566 2045 2603 non

456 2650 477 2679 ε
503 2630 723 2703 indigeo
750 2650 764 2698 ;
796 2641 887 2687 aut
910 2633 1105 2688 iterum
1132 2645 1293 2705 caput
1315 2636 1546 2706 pedibus
1581 2653 1592 2692 :
1626 2638 1745 2692 Non
1769 2638 1900 2691 estis
1923 2639 2052 2693 mihi

457 2740 479 2769 ι
517 2721 830 2775 necessarii.
868 2722 975 2777 Sed
1020 2723 1188 2778 multo
1219 2726 1395 2796 magis
1427 2742 1548 2795 quae
1580 2726 1833 2781 videntur
1867 2743 2049 2781 mem-

456 2829 477 2858 ι
521 2809 620 2863 bra
649 2810 896 2881 corporis
944 2811 1240 2867 infirmiora
1287 2830 1427 2883 esse,
1474 2816 1850 2869 necessariora
1907 2825 2047 2871 sunt.

458 2918 479 2948 ι
516 2898 583 2951 Et
613 2915 734 2970 quae
764 2908 1012 2970 putamus
1058 2900 1383 2973 ignobiliora
1424 2904 1669 2957 membra
1700 2920 1823 2959 esse
1858 2921 2052 2975 corpo-

455 3007 478 3037 ‹
516 2986 631 3054 ris,
675 2988 761 3042 his
814 2990 1075 3045 honorem
1123 2991 1567 3047 abundantiorem
1611 2993 2041 3049 circumdamus.

457 3098 478 3126 ι
518 3078 585 3131 Et
614 3094 735 3148 qua:
763 3078 1051 3133 inhonesta
1083 3089 1204 3134 sunt
1236 3090 1441 3147 nostra,
1476 3082 1924 3138 abundantiorem
1955 3086 2048 3138 ho-

456 3186 477 3216 ι
514 3174 781 3221 nestatem
840 3168 1039 3223 habent
1075 3184 1086 3222 :
1118 3171 1348 3225 honesta
1397 3180 1573 3226 autem
1622 3180 1809 3227 nostra
1854 3173 2051 3227 nullius

456 3276 478 3304 ι
514 3264 708 3325 egent;
744 3257 839 3311 sed
889 3258 1034 3311 Deus
1064 3259 1383 3329 temperavit
1412 3276 1633 3331 corpus,
1668 3262 1716 3315 ei
1748 3262 1835 3316 cui
1864 3262 2053 3317 deerat

456 3363 478 3395 ι
514 3343 961 3400 abundantiorem
1031 3347 1320 3402 tribuendo
1357 3349 1653 3413 honorem,
1716 3358 1770 3403 ut
1824 3366 1931 3405 non
1985 3350 2054 3403 sit

453 3454 475 3477 ι
511 3432 744 3487 schisma
773 3434 825 3488 in
875 3450 1123 3505 corpore,
1177 3437 1275 3490 sed
1324 3437 1377 3490 in
1409 3437 1643 3507 idipsum
1688 3455 1787 3508 pro
1819 3439 2052 3495 invicem

458 3542 477 3570 ιι
517 3522 744 3577 sollicita
800 3523 905 3577 sint
946 3524 1210 3579 membra.
1262 3527 1327 3579 Et
1376 3526 1421 3579 si
1471 3527 1597 3598 quid
1648 3528 1845 3597 patitur
1885 3545 2053 3582 unum

457 3631 479 3660 α
517 3611 861 3678 membrum,
915 3614 1323 3685 compatiuntur
1368 3615 1551 3668 omnia
1606 3617 1887 3681 membra;
1938 3617 2052 3670 sive

456 3721 476 3746 ιι
515 3699 783 3770 gloriatur
831 3718 999 3755 unum
1065 3703 1408 3768 membrum,
1477 3704 1825 3775 congaudent
1870 3705 2053 3758 omnia

458 3809 480 3837 ι
517 3790 775 3843 membra.
810 3790 920 3844 Vos
950 3799 1129 3845 autem
1161 3792 1290 3845 estis
1321 3808 1521 3862 corpus
1552 3792 1771 3857 Christi,
1805 3800 1858 3846 et
1889 3809 2056 3847 mem-

458 3896 480 3926 ι
519 3876 610 3930 bra
641 3878 709 3931 de
740 3878 1007 3933 membro.
1050 3880 1117 3932 Et
1151 3879 1412 3950 quosdam
1446 3880 1665 3949 quidem
1696 3881 1874 3950 posuit
1906 3883 2053 3936 Deus

459 3986 479 4011 «
516 3964 571 4018 in
600 3965 849 4020 Ecclesia
883 3984 895 4019 :
929 3967 1161 4036 primum
1208 3967 1503 4037 apostolos,
1536 3969 1777 4023 secundo
1810 3971 2053 4039 prOphe—

458 4076 481 4102 ι
515 4061 620 4120 tas,
653 4054 811 4109 tertio
840 4054 1111 4123 doctores,
1165 4055 1360 4109 deinde
1396 4056 1656 4121 virtutes;
1690 4058 1885 4113 exinde
1918 4074 2053 4130 gra-

461 4163 484 4193 ι
520 4142 625 4197 tias
654 4143 1017 4209 curationum,
1050 4144 1449 4213 epitulationes,
1472 4145 1915 4216 gubernationes,
1951 4164 2053 4217 ge-

463 4252 485 4282 «
521 4247 653 4286 nera
684 4232 1011 4304 linguarum,
1044 4232 1525 4303 interpretationes
1539 4251 1874 4289 sermonum.
1904 4237 2054 4291 Nun-

512 4320 645 4391 quid
676 4336 867 4374 omnes
896 4321 1172 4391 apostoli?
1220 4322 1473 4393 Nunquid
1505 4339 1695 4379 omnes
1729 4326 2005 4408 prophetze
2027 4326 2055 4379 7

2159 416 2391 486 Spiritus
2440 419 2630 473 sancti.
2684 418 2786 488 Qui
2824 436 2951 475 vero
2998 421 3296 489 majOribus
3344 422 3536 493 gratiis
3567 422 3728 476 abun-

2156 504 2383 569 dabant,
2424 508 2751 579 arrogabant
2779 509 2883 563 hoc
2914 509 3119 562 meritis
3152 510 3301 573 suis;
3336 518 3387 563 et
3419 510 3628 564 meritis
3657 511 3745 564 in-

2156 592 2413 647 feriorum
2443 596 2544 650 hoc
2585 597 3042 666 impmperabant,
3076 598 3131 651 in
3160 600 3303 653 hunc
3335 600 3556 653 modum
3586 600 3747 655 dero-

2155 684 2335 753 gando
2366 684 2597 754 spiritui.
2632 687 2904 740 Errabant
2935 687 3091 740 etiam
3124 688 3177 740 in
3207 688 3328 753 hoc,
3365 689 3507 759 quod
3540 689 3750 760 gratias

2154 771 2277 825 illas
2326 788 2446 843 quae
2498 772 2783 828 inferiores
2828 784 3003 839 erant,
3054 784 3110 829 ut
3160 793 3365 846 genera
3412 777 3745 847 linguarum,

2154 860 2521 928 praeferebant
2564 864 2795 929 caeteris,
2845 866 3127 937 magisque
3172 866 3520 936 appetebant.
3556 868 3625 922 Ut
3653 883 3751 921 au-

2154 957 2261 1002 tem
2280 951 2421 1005 hunc
2444 967 2687 1007 errorem
2710 954 3027 1023 depelleret,
3052 955 3267 1009 instruit
3288 971 3383 1010 eos
3406 956 3503 1021 sic,
3523 956 3745 1011 dicens:

2164 1036 2400 1094 133
2459 1040 2665 1095 Caetera
2715 1059 2837 1113 qua)
2889 1043 3173 1113 disponam
3218 1060 3340 1098 cum
3371 1060 3571 1099 venero
3601 1061 3749 1114 pra:-

2154 1127 2414 1195 termitto,
2450 1130 2547 1183 sed
2579 1129 2644 1185 de
2666 1132 3063 1201 spiritualibus
3094 1148 3191 1186 vos
3213 1133 3410 1187 docere
3441 1133 3570 1187 illud
3600 1134 3749 1187 nullo

2153 1215 2315 1269 modo
2346 1215 2554 1271 differo.
2603 1220 2753 1285 Noto,
2798 1220 3038 1291 inquam,
3074 1238 3186 1286 vos,
3219 1224 3450 1291 fratres,
3484 1224 3747 1293 ignorare

2152 1303 2220 1357 de
2244 1304 2633 1373 spiritualibus,
2672 1307 2726 1361 id
2758 1316 2839 1362 est
2868 1309 2936 1363 de
2958 1308 3115 1363 donis
3140 1309 3372 1379 Spiritus
3394 1311 3583 1376 sancti,
3619 1311 3748 1381 quid

2152 1392 2219 1445 de
2249 1392 2331 1447 his
2378 1395 2718 1449 sentiendum
2768 1397 2835 1450 sit
2880 1397 3055 1451 vobis.
3101 1399 3214 1453 Hoc
3243 1406 3421 1454 autem
3449 1399 3515 1454 de
3546 1399 3748 1470 Spiritu

2152 1480 2277 1535 dico
2308 1483 2451 1551 quod
2498 1482 2624 1538 facit
2656 1500 2875 1539 cessare
2907 1501 2939 1540 a
2970 1487 3133 1551 malo,
3184 1494 3233 1541 et
3265 1488 3477 1557 operari
3510 1488 3737 1542 bonum.

2154 1568 2261 1623 Sed
2294 1570 2358 1623 ad
2392 1572 2494 1626 hoc
2524 1572 2888 1628 inducendum
2918 1576 3634 1645 praemittitsimilitudinem,
3666 1577 3749 1630 di-

2152 1673 2281 1712 cens
2317 1677 2329 1712 :
2363 1660 2490 1714 Ideo
2539 1662 2728 1716 scitote
2757 1664 2903 1734 quod
2935 1663 3167 1733 Spiritus
3196 1672 3416 1719 sanctus
3446 1664 3599 1719 faciat
3640 1682 3750 1720 non

2153 1744 2395 1813 separari
2426 1761 2456 1798 a
2489 1746 2722 1813 Christo,
2757 1751 3019 1818 quoniam
3046 1750 3205 1804 scitis
3228 1750 3386 1822 quod,
3413 1767 3541 1805 eum
3570 1751 3749 1805 adhuc

2152 1836 2350 1887 essetis
2388 1839 2601 1904 gentes,
2628 1836 2681 1888 id
2705 1844 2784 1889 est
2808 1838 3058 1909 gentiles,
3079 1838 3162 1892 vel
3186 1838 3461 1909 gentiliter
3482 1840 3746 1905 viventes,

2152 1921 2314 1975 eratis
2336 1927 2533 1977 euntes
2557 1923 2633 1978 ad
2652 1927 2963 1980 simulacra
2987 1931 3147 1981 muta
3168 1927 3699 1998 proutducebamini
3717 1942 3750 1981 a

2152 2010 2396 2079 maligno
2447 2013 2673 2082 spiritu;
2707 2014 2831 2084 quia
2861 2014 2998 2069 alius
3043 2016 3111 2069 ad
3158 2016 3566 2079 immolandum,
3613 2016 3750 2070 alius

2150 2099 2219 2152 ad
2255 2100 2695 2169 thuriticandum,
2744 2103 2885 2156 alius
2939 2105 3008 2157 ad
3055 2104 3393 2158 adorandum
3426 2105 3745 2161 ducebatur.

2152 2187 2252 2241 Ubi
2284 2188 2376 2253 ait,
2412 2194 2573 2245 muta
2606 2190 2771 2256 idola,
2806 2193 3041 2246 ostendit
3062 2194 3207 2264 quod
3229 2194 3437 2248 ratione
3460 2209 3568 2248 non
3590 2194 3753 2249 duce-

2153 2275 2359 2340 bantur,
2396 2294 2515 2348 quze
2548 2279 2678 2332 satis
2708 2280 3023 2335 discernere
3044 2290 3246 2352 posset,
3265 2282 3468 2336 idolum
3490 2299 3593 2337 non
3627 2298 3751 2338 esse

2151 2365 2345 2434 Deum,
2380 2368 2478 2420 sed
2509 2384 2608 2437 per
2660 2369 2958 2441 malignum
3003 2371 3270 2440 spiritum.
3316 2371 3385 2424 Et
3414 2371 3533 2426 ideo
3566 2372 3691 2441 quia
3718 2387 3752 2425 a

2151 2453 2394 2524 maligno
2440 2456 2627 2526 spiritu
2677 2458 2747 2511 ad
2797 2458 2998 2513 malum
3050 2459 3414 2527 ducebamini,
3445 2476 3544 2530 per
3576 2460 3751 2514 simile

2152 2547 2349 2596 notum
2393 2547 2541 2614 facio
2586 2548 2747 2611 vobis,
2796 2547 2941 2618 quod
2984 2564 3082 2617 per
3128 2549 3381 2618 Spiritum
3432 2557 3676 2603 sanctum
3718 2564 3752 2602 a

2151 2629 2321 2699 priori
2350 2632 2490 2685 malo
2539 2633 2816 2687 desistitis.
2855 2634 3011 2702 Quod
3042 2636 3453 2706 aaquipollenter
3481 2636 3554 2690 ait
3589 2654 3601 2690 :
3635 2638 3752 2691 Hoc

2153 2718 2290 2773 facio
2305 2720 2457 2773 vobis
2482 2729 2685 2787 notum,
2707 2724 2851 2795 quod
2872 2741 3035 2779 nemo
3060 2726 3289 2796 loquens
3310 2728 3371 2779 in
3397 2726 3617 2797 Spiritu
3629 2726 3747 2790 Dei,

2154 2806 2384 2878 loquens
2429 2818 2565 2877 actu,
2620 2812 2946 2882 cogitatione
2996 2821 3047 2867 ct
3084 2813 3296 2868 verbo:
3344 2814 3565 2884 spiritus
3607 2814 3750 2868 enim

2155 2896 2245 2966 qui
2283 2913 2372 2951 res
2403 2907 2484 2952 est
2532 2899 2836 2968 invisibilis,
2874 2918 2980 2956 non
3012 2902 3362 2972 cognoscitur
3392 2919 3516 2957 esse
3562 2903 3614 2956 in
3647 2903 3750 2957 ho-

2151 2984 2315 3051 mine,
2364 2987 2466 3040 nisi
2516 3004 2611 3058 per
2660 2990 2773 3045 haec
2814 3008 2935 3060 quae
2973 2991 3309 3046 extrinsecus
3358 2992 3608 3046 videntur
3664 2991 3751 3045 vel

2157 3074 2469 3130 audiuntur.
2504 3078 2693 3144 Nemo,
2740 3079 2980 3149 inquam,
3034 3081 3260 3151 loquens
3292 3082 3354 3134 in
3383 3081 3599 3152 Spiritu
3628 3081 3747 3149 Dei,

2154 3163 2293 3217 dicit
2321 3164 2567 3221 similiter
2595 3177 2733 3233 actu,
2760 3168 2946 3233 verbo,
2976 3169 3320 3239 cogitatione,
3345 3169 3671 3233 anathema,
3695 3168 3751 3223 id

2153 3266 2234 3310 est
2285 3257 2688 3329 separationem
2718 3274 2747 3310 a
2779 3260 2928 3313 Jesu.
2980 3259 3155 3312 Nemo
3203 3258 3349 3313 enim
3398 3259 3603 3313 habens
3646 3259 3751 3313 do-

2153 3366 2283 3405 num
2322 3348 2553 3418 Spiritus
2600 3346 2774 3401 sancti
2817 3347 3007 3417 poterit
3060 3348 3301 3417 Operari,
3357 3346 3619 3419 cogitare,
3667 3347 3752 3402 vel

2153 3438 2320 3509 loqui,
2374 3453 2471 3507 pro
2513 3451 2617 3506 quo
2665 3444 2947 3505 separetur
2976 3452 3004 3489 a
3032 3436 3181 3500 Jesu,
3235 3436 3467 3506 quandiu
3518 3436 3750 3505 Spiritus

2153 3528 2207 3580 in
2237 3543 2303 3581 eo
2331 3524 2609 3579 manserit.
2643 3525 2701 3577 In
2752 3525 2854 3578 hoc
2898 3524 3122 3577 multum
3172 3524 3379 3577 relevat
3408 3523 3748 3591 desperatio-

2153 3632 2277 3669 nem
2319 3630 2527 3677 eorum,
2561 3612 2651 3682 qui
2698 3612 2939 3666 minores
2986 3612 3193 3683 gratias
3243 3618 3588 3680 acceperant,
3624 3627 3749 3666 cum

2154 3704 2295 3758 dicat
2326 3718 2434 3756 non
2464 3717 2632 3771 posse
2671 3700 2912 3769 separari
2946 3716 2977 3753 a
3006 3702 3155 3765 Jesu,
3191 3699 3242 3753 in
3266 3715 3373 3771 quo
3396 3699 3629 3770 Spiritus
3652 3701 3755 3755 Dei
3832 3718 3841 3721 '

2153 3808 2249 3862 per
2274 3790 2489 3862 aliquod
2521 3790 2722 3844 donum
2751 3789 3028 3844 manserit.

2224 3881 2339 3935 Nec
2385 3878 2557 3933 solum
2601 3878 2726 3933 facit
2766 3878 2996 3947 Spiritus
3041 3894 3109 3932 ne
3154 3893 3474 3948 separemur
3514 3895 3544 3932 a
3595 3880 3747 3947 Jesu,

2155 3970 2252 4023 sed
2285 3968 2447 4023 etiam
2478 3985 2639 4023 nemo
2678 3971 2859 4039 potest
2890 3967 3073 4022 dicere
3103 3968 3290 4034 verbo,
3324 3984 3508 4037 opere,
3544 3967 3752 4039 cogita-

2154 4059 2320 4112 tione.
2371 4060 2529 4113 Jesus
2568 4065 2646 4111 est
2714 4057 2983 4111 Dominus
3022 4073 3197 4122 meus,
3245 4057 3371 4128 quia
3408 4073 3513 4129 ego
3560 4072 3753 4111 servus

2157 4148 2295 4215 ejus,
2353 4146 2406 4199 id
2437 4154 2534 4210 est,
2570 4160 2732 4199 nemo
2779 4153 2956 4215 potest
3010 4146 3209 4199 bonum
3257 4146 3489 4216 operari,
3544 4146 3661 4201 nisi
3691 4148 3753 4200 in

2164 4237 2385 4306 Spiritu
2414 4240 2632 4297 sancto,
2667 4234 2758 4304 qui
2788 4251 2885 4304 per
2910 4251 3032 4288 eum
3057 4243 3333 4304 operatur.
3351 4236 3511 4289 Jesus
3542 4241 3623 4289 est
3643 4235 3752 4288 Do-

2156 4324 2334 4377 minus
2365 4340 2538 4378 meus.
2579 4324 2693 4377 lloc
2720 4323 2907 4394 nequit
2936 4324 3139 4389 dicere,
3188 4322 3277 4393 qui
3308 4338 3417 4376 non
3446 4330 3529 4377 est
3559 4338 3751 4376 servus

461 4430 483 4459 ι
519 4410 776 4480 Nunquid
825 4426 1015 4465 omnes
1065 4411 1320 4466 doctores
1340 4411 1367 4464 ἱ)
1418 4414 1670 4484 Nunquid
1718 4430 1910 4467 omnes
1957 4414 2064 4468 vir-
2086 4412 2137 4471 D
2160 4413 2306 4480 ejus,
2342 4413 2484 4483 quia,
2520 4412 2564 4465 si
2595 4428 2703 4465 non
2733 4419 2814 4465 est
2843 4428 3066 4475 servus,
3098 4414 3351 4465 mentitur
3378 4410 3558 4480 potius
3589 4426 3752 4481 quam

458 4518 479 4547 α
520 4499 708 4552 tutes?
772 4499 1027 4569 Nunquid
1058 4515 1250 4554 omnes
1296 4501 1531 4570 gratiam
1572 4503 1772 4557 habent
1818 4503 2057 4557 curatio—

461 4608 482 4633 ‹‹
518 4587 699 4641 num?
741 4587 998 4657 Nunquid
1047 4604 1238 4642 omnes
1287 4589 1488 4661 linguis
1538 4590 1879 4660 loquuntur?
1907 4593 2059 4645 Nun-

462 4695 484 4725 ι
521 4674 648 4745 quid
705 4691 897 4729 omnes
968 4676 1433 4747 interpretantur?
1481 4678 1825 4732 rEmulamini
1874 4688 2055 4734 autem

460 4784 482 4810 «ι
520 4763 845 4818 charismata
892 4764 1116 4819 meliora
1166 4764 1287 4837 [al.,
1344 4766 1586 4837 majora].
1640 4768 1705 4821 Et
1748 4768 1922 4823 adhuc
1965 4785 2058 4823 ex-

462 4872 483 4902 ε
517 4852 884 4907 cellentiorem
916 4854 1061 4908 viam
1092 4854 1247 4909 vobis
1279 4854 1615 4910 demonstro.
1655 4880 1675 4901 ι»

1101 5064 1409 5103 EXPOSITIO.

527 5199 627 5254 Hic
656 5198 778 5253 finis
810 5206 894 5254 est
925 5199 993 5253 de
1038 5200 1396 5254 sacramentis
1425 5200 1611 5255 altaris
1645 5218 1658 5256 :
1694 5219 1837 5258 nunc
1867 5205 2056 5259 transit

458 5297 515 5343 ut
545 5289 741 5343 doceat
789 5304 883 5341 eos
932 5288 1000 5341 de
1047 5288 1203 5342 donis
1241 5290 1473 5358 Spiritus
1521 5292 1712 5351 sancti.
1758 5292 1812 5345 in
1860 5293 2055 5363 quibus

456 5378 701 5449 graviter
732 5376 998 5431 errabant.
1052 5376 1155 5443 Qui
1194 5378 1337 5431 enim
1376 5378 1581 5446 majora
1630 5380 1774 5434 dona
1820 5397 2054 5452 accepe-

458 5474 596 5531 rant,
648 5465 1018 5537 gloriabantur
1083 5466 1350 5520 adversus
1416 5483 1510 5521 eos
1573 5469 1769 5539 quibus
1814 5471 2055 5527 minores

458 5554 654 5625 gratiae
679 5568 958 5613 concessae
1002 5554 1234 5613 fuerant.
1270 5554 1337 5611 Hi
1364 5564 1540 5613 autem
1563 5557 1652 5631 qui
1681 5558 1860 5615 minus
1888 5576 2053 5619 acce-

2156 4518 2346 4556 verum
2377 4500 2537 4555 dicat.
2572 4500 2670 4554 Hic
2718 4500 2945 4553 multum
2992 4499 3243 4570 deprimit
3269 4514 3384 4565 eos,
3420 4498 3509 4569 qui
3540 4500 3608 4554 de
3638 4515 3757 4553 ma—

2151 4590 2359 4657 joribus
2391 4590 2548 4644 donis
2598 4606 2656 4643 se
2696 4587 3054 4659 praeferebant
3098 4588 3255 4652 aliis;
3292 4604 3414 4643 cum
3446 4588 3591 4642 dicat
3620 4588 3750 4642 nihil

2156 4695 2280 4733 esse
2312 4695 2376 4733 ex
2406 4678 2599 4733 merito
2629 4678 2882 4741 hominis,
2919 4678 3016 4731 sed
3045 4686 3215 4731 totum
3236 4677 3288 4731 in
3312 4677 3517 4747 Spiritu
3539 4684 3746 4731 sancto.

2155 4768 2301 4821 Licet
2344 4768 2446 4821 hoc
2475 4765 2848 4821 inditl'erenter
2877 4766 2966 4820 det
3000 4765 3215 4835 spiritus
3242 4766 3512 4820 declinare
3543 4780 3575 4819 a
3606 4765 3749 4820 malo

2156 4865 2207 4910 et
2255 4855 2427 4911 facere
2477 4856 2709 4920 bonum;
2761 4855 2955 4927 gratia)
3002 4864 3179 4909 tamen
3227 4855 3475 4923 ejusdem
3522 4854 3753 4923 Spiritus

2154 4944 2374 4999 divisim
2404 4944 2802 4998 distribuuntur
2831 4944 3083 4998 diversis.
3137 4943 3245 4998 Sed
3280 4944 3414 4998 licet
3448 4941 3752 4997 divisiones

2153 5034 2273 5088 sint
2287 5034 2628 5103 gratiarum,
2648 5038 2837 5087 tamen
2860 5033 3005 5087 idem
3028 5040 3078 5085 et
3097 5032 3359 5086 indivisus
3380 5040 3461 5085 est
3481 5032 3752 5102 Spiritus,

2154 5122 2245 5191 qui
2273 5122 2474 5175 divisas
2502 5122 2595 5175 dat
2624 5122 2849 5190 gratias.
2884 5122 2951 5175 Et
2982 5122 3119 5176 sicut
3150 5129 3271 5174 sunt
3293 5119 3591 5174 divisiones
3622 5135 3755 5189 gra-

2156 5211 2371 5273 tiarum,
2418 5211 2489 5265 ita
2530 5218 2651 5264 sunt
2684 5209 2981 5264 divisiones
3024 5209 3318 5264 effectuum
3374 5224 3588 5272 earum,
3643 5207 3757 5263 sci-

2154 5299 2277 5354 licet
2306 5300 2778 5355 ministrationum.
2817 5300 2913 5353 llic
2964 5299 3107 5353 enim
3153 5298 3419 5351 ministrat
3450 5297 3502 5349 in
3536 5296 3758 5366 episco-

2156 5388 2264 5457 pio,
2310 5389 2398 5443 hic
2437 5389 2489 5441 in
2534 5389 2858 5451 sacerdotio,
2914 5396 2966 5442 et
3013 5387 3091 5441 sic
3140 5388 3195 5440 in
3235 5387 3444 5440 caeteris
3493 5386 3759 5455 gradibus

2153 5476 2439 5532 Ecclesiae.
2497 5476 2738 5531 Dicimus
2787 5476 2949 5529 etiam
2988 5474 3415 5529 ministrationes
3448 5474 3501 5527 in
3535 5474 3761 5545 quibus-

2154 5581 2387 5637 cunque,
2420 5564 2614 5622 idonee
2656 5564 3028 5622 ministramus
3058 5563 3329 5649 proximo.
3363 5564 3431 5618 Et
3461 5563 3586 5619 licet
3612 5562 3754 5619 divi-
