3960 6036
274 215 375 266 189

889 209 1270 266 EXPOSITIO
1309 209 1383 265 IN
1420 206 1800 265 EPISTOLAS
1842 206 2072 264 PAULI.
2108 239 2178 250 —
2207 209 2279 264 IN
2317 209 2538 265 EPIST.
2589 211 2611 265 Ι
2649 208 2744 265 ΑΙ)
2784 208 2956 267 ROM.

3477 212 3582 266 190

282 336 467 390 siones
497 335 606 389 sint
640 333 1119 404 ministrationum,
1163 342 1341 390 tamen
1379 334 1529 390 idem
1560 339 1643 388 est
1698 333 1883 389 Domi-
1905 332 1952 393 A
1982 332 2036 387 id
2068 341 2148 389 est
2178 334 2413 399 diversa,
2460 339 2596 390 sunt
2646 352 2827 390 unum
2857 351 3076 408 corpus.
3112 336 3191 390 Ita
3220 333 3465 390 Christus
3492 334 3584 389 di-

284 442 394 479 nus
424 424 513 496 qui
545 424 637 478 dat
667 424 898 495 gratiam
932 424 984 477 in
1018 440 1125 495 qua
1159 424 1542 477 ministramus.

359 514 492 567 Sunt
514 514 675 567 etiam
708 512 1003 567 divisiones
1024 512 1417 583 operationum,
1453 528 1573 584 qua:
1613 512 1667 565 in
1698 510 1884 565 nobis-

288 602 425 673 ipsis
449 602 585 656 bene
617 617 924 673 operamur,
956 602 1183 665 orando,
1230 601 1523 673 vigilando,
1538 600 1835 669 jejunando
1866 618 1881 666 ;

294 700 345 745 et
381 692 465 746 hae
498 691 840 761 operationes
870 698 990 745 sunt
1008 690 1232 746 effectus
1287 690 1604 762 gratiarum.
1639 691 1706 743 Et
1754 690 1885 744 licet

291 780 488 835 divisa:
517 782 635 835 sint
664 781 1038 852 operationes,
1072 784 1261 835 tamen
1290 779 1439 834 idem
1469 783 1553 833 est
1592 780 1755 843 Deus,
1790 778 1885 850 qui

290 874 562 941 aperatur
574 871 765 925 omnia
789 884 1127 940 quaecunque
1144 875 1451 939 opportuna
1472 867 1618 922 videt
1640 866 1801 920 saluti
1820 868 1883 921 in

282 959 561 1013 omnibus.
606 956 762 1025 Quod
784 957 858 1011 ita
880 958 987 1012 ait:
1022 958 1169 1012 Idem
1212 957 1463 1027 Spiritus,
1516 955 1659 1010 idem
1690 953 1883 1010 Domi-

284 1064 411 1116 nus,
446 1048 588 1102 idem
610 1047 795 1113 Deus;
828 1063 937 1100 non
986 1046 1129 1117 quod
1162 1046 1410 1100 diversas
1457 1044 1719 1115 intelligat
1749 1044 1883 1097 sub-

279 1136 531 1202 stantias,
580 1136 677 1190 sed
724 1143 780 1189 ut
835 1134 1148 1189 Trinitatem
1187 1134 1243 1189 in
1304 1134 1575 1205 personis,
1623 1132 1881 1188 unitatem

292 1225 547 1296 designet
574 1225 630 1278 in
662 1224 978 1278 substantia.
1022 1224 1089 1277 Et
1109 1223 1234 1279 licet
1260 1231 1385 1277 sunt
1431 1222 1728 1277 divisiones
1747 1235 1882 1293 gra-

290 1314 516 1379 tiarum,
555 1320 736 1367 tamen
768 1314 1074 1385 unicuique
1105 1314 1278 1367 datur
1304 1310 1883 1382 manifestatioSpiri-

298 1406 413 1469 tus,
439 1401 491 1455 id
510 1409 589 1456 est
608 1402 829 1472 aliquod
858 1402 1057 1455 bonum
1094 1417 1193 1471 per
1222 1400 1368 1472 quod
1408 1398 1638 1470 Spiritus
1664 1397 1883 1468 operari

286 1490 342 1543 in
374 1506 443 1544 eo
473 1488 864 1555 manifestetur,
888 1491 959 1544 ad
986 1490 1322 1544 utilitatem.
1350 1488 1438 1542 Sic
1470 1487 1612 1542 enim
1647 1486 1774 1541 utile
1803 1492 1885 1540 est

279 1578 463 1632 minus
486 1579 683 1633 donum
715 1578 801 1634 cui
834 1579 1014 1643 datur,
1063 1578 1200 1632 sicut
1222 1578 1395 1646 majus
1443 1576 1646 1631 donum
1703 1574 1879 1630 alteri.

272 1669 422 1723 Deus
451 1667 593 1721 enim
621 1683 728 1721 non
766 1667 1064 1723 secundum
1114 1666 1307 1721 merita
1353 1665 1630 1719 hominum
1677 1663 1879 1735 gratias
1900 1699 1950 1757 B

279 1773 409 1811 suas
432 1756 699 1809 distribuit
729 1773 740 1809 :
775 1756 1094 1827 plerumque
1133 1754 1277 1810 enim
1323 1754 1499 1808 minus
1557 1754 1725 1825 digno
1753 1767 1876 1806 ma-

271 1844 363 1913 jus
413 1845 656 1909 donum;
702 1844 1022 1915 plerumque
1069 1843 1309 1916 digniori
1365 1842 1543 1896 minus
1573 1842 1877 1896 datur:se-

273 1934 515 1989 cundum
544 1932 687 2005 quod
737 1934 884 1987 Deus
934 1932 1078 1987 videt
1110 1934 1253 1988 hunc
1284 1931 1457 2002 magis
1515 1938 1876 2001 opportunum

273 2023 343 2076 ad
375 2022 507 2076 illud
529 2022 912 2090 exercendum,
944 2021 1092 2075 illum
1136 2021 1205 2075 ad
1229 2020 1373 2075 aliud
1399 2038 1413 2086 ;
1446 2026 1722 2073 enumerat
1752 2034 1877 2089 gra-

278 2112 399 2178 tias,
453 2111 691 2165 dicens:
728 2110 1033 2165 Divisiones
1109 2110 1292 2181 utique
1350 2116 1474 2162 sunt
1548 2108 1866 2180 gratiarum.

274 2202 417 2257 Nam
452 2200 555 2254 alii
584 2200 826 2270 quidem,
862 2198 914 2253 id
937 2207 1019 2254 est
1063 2198 1299 2254 discrete
1362 2198 1534 2252 datur
1562 2213 1664 2268 per
1693 2196 1876 2268 Spiri—

285 2294 409 2344 tum
444 2287 726 2359 sapientia,
764 2287 817 2341 id
847 2295 928 2342 est
980 2286 1217 2359 cognitio
1246 2286 1572 2351 divinorum,
1608 2290 1663 2340 et
1694 2300 1875 2340 sermo

276 2379 597 2449 sapientiae,
632 2384 689 2430 ut
718 2375 955 2446 gratiose
986 2376 1166 2447 eloqui
1186 2376 1358 2447 possit
1380 2376 1526 2446 quod
1556 2374 1695 2429 bene
1713 2372 1873 2444 sapit.

277 2468 391 2521 Alii
416 2470 609 2521 autem
640 2466 794 2519 datur
823 2467 1064 2520 scientia
1119 2465 1186 2519 de
1207 2464 1456 2518 humanis
1493 2472 1543 2518 et
1574 2479 1771 2528 sermo,
1819 2470 1877 2516 ut

273 2556 532 2626 expedite
561 2554 816 2625 loquatur
847 2554 993 2625 quod
1024 2554 1124 2609 scit
1150 2573 1162 2618 ;
1197 2562 1249 2608 et
1273 2553 1697 2609 hocsecundum
1720 2569 1876 2607 eum-

272 2645 401 2699 dem
439 2645 736 2716 Spiritum,
762 2642 981 2697 excluso
1006 2642 1196 2697 merito
1214 2642 1467 2697 hominis.
1493 2643 1674 2696 Alteri
1702 2643 1875 2697 datur

285 2734 446 2802 ﬁdes,
481 2732 535 2786 id
566 2740 647 2787 est
673 2731 731 2789 1
753 2731 909 2787 34
932 2731 1016 2786 vel
1046 2731 1345 2787 constantia
1376 2729 1521 2797 fidei,
1555 2739 1610 2784 ut
1637 2746 1737 2801 pro
1768 2729 1873 2785 ﬁde

286 2822 484 2876 tuenda
520 2836 625 2875 non
655 2820 861 2875 dubitet
892 2820 1046 2875 mori.
1082 2820 1180 2875 Vel
1218 2819 1373 2885 fides,
1411 2820 1534 2890 quia
1591 2819 1739 2874 novit
1778 2834 1872 2873 sa-

269 2918 546 2967 cramenta
576 2908 700 2963 fidei
726 2929 738 2975 ;
775 2918 826 2964 et
854 2910 959 2965 hoc
992 2912 1053 2965 in
1082 2910 1271 2965 eodem
1303 2910 1540 2981 Spiritu.
1578 2910 1691 2963 Alii
1716 2909 1875 2963 datur

267 3002 459 3072 gratia
489 3000 831 3064 sanitatum,
864 3008 921 3053 ut
968 3016 1068 3068 per
1122 2999 1371 3052 virtutem
1418 2998 1638 3068 spiritus
1698 2998 1871 3068 possit

1985 438 2145 478 versa
2193 429 2438 478 membra
2486 424 2647 478 habet
2685 424 2740 477 in
2784 424 3032 479 Ecclesia
3065 443 3079 489 ;
3113 432 3164 479 et
3197 432 3375 479 tamen
3419 424 3475 478 in
3516 439 3584 479 eo

1984 512 2157 582 capite
2189 529 2352 567 unum
2376 520 2497 566 sunt
2526 530 2537 566 :
2572 528 2674 567 nec
2708 512 2897 567 mirum
2931 532 2944 578 ;
2980 513 3105 584 quia
3136 513 3270 568 sicut
3306 528 3405 582 per
3438 528 3584 567 eam-

1985 602 2110 655 dem
2141 602 2372 655 animam
2403 602 2619 656 diversa
2649 602 2889 656 membra
2928 602 3131 667 vivunt,
3174 602 3253 657 sic
3277 618 3377 671 per
3431 617 3584 656 eum-

1985 691 2109 745 dem
2141 692 2391 762 spiritum
2422 692 2677 747 universa
2706 691 2950 746 membra
2979 692 3096 760 ejus
3127 699 3407 763 reguntur.
3444 693 3581 746 Vere

1986 780 2231 834 Christus
2253 788 2335 835 est
2357 798 2524 835 unum
2556 796 2753 851 corpus
2775 799 2787 834 :
2817 782 3028 835 etenim
3049 797 3241 836 omnes
3262 796 3365 836 nos
3384 797 3581 835 sumus

1984 870 2261 941 baptizati
2287 878 2339 924 et
2368 870 2625 925 vivificati
2658 872 2717 924 in
2751 887 2864 925 uno
2887 871 3124 941 Spiritu,
3156 878 3495 925 transeuntes
3523 869 3580 923 in

1983 974 2147 1011 unum
2175 974 2375 1028 corpus
2406 958 2622 1013 Christi.
2655 960 2857 1014 Omnes
2884 959 3008 1015 dico
3039 958 3425 1024 indifferenter,
3464 959 3579 1014 sive

1984 1046 2153 1100 simus
2182 1047 2381 1113 Judaei,
2407 1049 2521 1102 sive
2551 1049 2811 1117 gentiles,
2845 1050 2959 1102 sive
2980 1050 3143 1114 servi,
3178 1050 3291 1103 sive
3306 1048 3484 1103 liberi.
3509 1047 3578 1101 Et

1984 1135 2123 1192 sicut
2140 1136 2409 1207 baptizati,
2443 1136 2521 1191 sic
2545 1137 2704 1190 etiam
2748 1154 2942 1191 omnes
2972 1145 3093 1207 post
3123 1136 3453 1207 baptismum
3482 1152 3577 1208 po-

1986 1226 2095 1279 tati
2124 1242 2322 1280 sumus
2353 1242 2467 1279 uno
2498 1225 2799 1297 eodemque
2828 1226 3048 1297 Spiritu
3068 1225 3124 1280 in
3144 1223 3573 1291 conﬁrmatione,

1984 1321 2038 1367 et
2068 1314 2120 1367 in
2152 1314 2363 1368 caeteris
2393 1313 2672 1368 ordinibus
2702 1313 2984 1369 Ecclesiae.
3026 1314 3168 1369 Vere
3198 1330 3299 1369 nos
3326 1312 3578 1383 baptizati

1985 1419 2171 1457 sumus
2192 1419 2403 1471 omnes,
2434 1403 2486 1456 id
2518 1411 2601 1457 est
2632 1419 2760 1457 vere
2800 1419 2984 1457 sumus
3031 1404 3250 1459 diversa
3304 1402 3572 1456 membra.

1984 1492 2145 1557 Nam,
2165 1493 2311 1547 sicut
2332 1508 2533 1563 corpus
2552 1491 2794 1546 hominis
2811 1509 2928 1549 non
2944 1497 3029 1548 est
3045 1510 3225 1548 unum
3237 1492 3569 1557 membrum,

1984 1581 2079 1635 sed
2134 1584 2430 1647 multa;et
2464 1597 2564 1651 per
2613 1581 2788 1635 simile
2832 1597 2941 1636 non
2987 1590 3068 1636 est
3124 1580 3363 1635 Christus
3410 1596 3577 1635 unum

1983 1661 2307 1726 membrum,
2344 1661 2440 1715 sed
2470 1660 2657 1715 multa.
2692 1661 2828 1715 Illud
2851 1661 3013 1716 etiam
3045 1669 3209 1716 totam
3252 1660 3419 1715 refert
3449 1675 3574 1713 sen-

1981 1749 2224 1803 tentiam.
2257 1750 2413 1803 Nunc
2457 1748 2672 1804 inferta
2724 1750 3009 1820 superiori,
3058 1750 3201 1821 quod
3224 1765 3325 1804 nos
3381 1764 3575 1803 omnes

1980 1855 2088 1892 uno
2121 1837 2320 1908 Spiritu
2354 1838 2608 1908 baptizati
2639 1845 2688 1893 et
2718 1839 2905 1908 potati,
2940 1855 3127 1892 sumus
3168 1854 3334 1892 unum
3374 1852 3571 1908 corpus

1979 1927 2177 1982 Christi
2212 1945 2226 1992 ;
2261 1927 2385 1997 quia
2416 1942 2581 1980 unum
2616 1945 2629 1980 :
2665 1927 2831 1999 igitur
2859 1929 2908 1982 si
2939 1928 3153 1982 dixerit
3162 1944 3281 1998 pes,
3313 1927 3367 1981 id
3386 1935 3467 1982 est
3488 1927 3572 1983 in-

1980 2015 2143 2071 ferius
2173 2016 2479 2070 membrum
2511 2015 2565 2069 in
2594 2016 2862 2082 Ecclesia,
2884 2017 3150 2088 quoniam
3168 2033 3283 2071 non
3306 2034 3433 2072 sum
3458 2033 3572 2073 ma-

1978 2122 2107 2171 nus,
2137 2104 2191 2158 id
2223 2112 2304 2159 est
2325 2104 2446 2158 talis
2486 2112 2742 2175 operator
2785 2112 2842 2158 ut
2864 2104 2986 2169 ille;
3020 2104 3145 2160 ideo
3176 2122 3290 2161 non
3344 2123 3472 2161 sum
3502 2106 3568 2162 de

1978 2210 2206 2265 corpore
2234 2193 2432 2247 Christi
2457 2212 2470 2258 ;
2491 2210 2605 2248 non
2634 2194 2755 2249 ideo
2784 2195 3038 2264 sequitur
3066 2210 3196 2249 eum
3217 2210 3331 2249 non
3360 2210 3478 2250 esse
3503 2193 3569 2251 de

1977 2298 2206 2356 corpore
2237 2282 2463 2337 Christi.
2505 2281 2663 2350 Quod
2686 2290 2765 2337 est
2797 2282 2983 2337 dicere
3018 2301 3031 2337 :
3065 2282 3159 2337 Ille
3187 2282 3277 2353 qui
3309 2290 3391 2337 est
3426 2282 3571 2338 infe-

1978 2372 2093 2426 rior
2123 2387 2229 2427 non
2260 2379 2439 2442 potest
2461 2388 2520 2426 se
2576 2372 2904 2441 abrumpere
2941 2371 3010 2425 ab
3066 2372 3268 2425 unitate
3325 2372 3566 2439 Christi;

1978 2461 2101 2531 quia
2131 2461 2295 2515 habet
2330 2461 2492 2514 alium
2525 2460 2859 2531 superiorem
2918 2476 2977 2515 se
3005 2460 3058 2515 in
3090 2460 3283 2515 eodem
3336 2476 3571 2531 corpore

1976 2549 2193 2605 Christi.
2227 2550 2292 2603 Et
2325 2549 2462 2605 sicut
2492 2566 2589 2620 pes
2632 2566 2740 2603 non
2768 2549 3126 2620 abrumpitur,
3189 2549 3315 2621 quia
3344 2564 3453 2604 non
3489 2558 3573 2605 est

1974 2654 2171 2693 manus
2203 2658 2216 2704 ;
2243 2638 2315 2693 ita
2346 2640 2395 2693 si
2437 2640 2653 2693 dixerit
2711 2641 2889 2703 auris,
2922 2638 2973 2692 id
3007 2646 3090 2693 est
3118 2638 3208 2693 ille
3258 2655 3421 2710 quem
3466 2655 3569 2710 per

1974 2728 2135 2782 alium
2159 2727 2445 2782 docentem
2475 2735 2689 2797 oportet
2728 2727 3053 2799 intelligere,
3109 2730 3240 2800 quia
3270 2745 3385 2784 non
3440 2745 3569 2784 sum

1974 2818 2189 2882 oculus,
2223 2816 2278 2871 id
2308 2824 2390 2871 est
2419 2815 2546 2888 quia
2575 2832 2770 2887 perme
2800 2832 2909 2871 non
2931 2816 3112 2871 omnia
3130 2816 3413 2890 intelligo;
3445 2818 3569 2873 ideo

1974 2924 2086 2962 non
2118 2924 2244 2961 sum
2274 2906 2340 2961 de
2370 2922 2639 2978 corpore;
2667 2922 2781 2961 non
2804 2908 3061 2980 sequitur
3079 2907 3199 2964 ideo
3220 2925 3336 2963 non
3356 2924 3471 2964 esse
3502 2906 3568 2965 de

1972 3012 2220 3068 corpore.

274 3089 554 3159 depellere
578 3087 799 3142 morbos
832 3106 845 3154 ;
870 3095 921 3141 et
943 3088 1047 3143 hoc
1076 3089 1137 3141 in
1156 3105 1268 3144 uno
1286 3088 1589 3158 eodemque
1629 3088 1868 3159 Spiritu,
1902 3064 1948 3123 Ο
2045 3087 2267 3139 Dixerat
2288 3085 2559 3156 superius,
2577 3086 2720 3157 quod
2737 3101 2936 3158 corpus
2957 3103 3071 3142 non
3094 3090 3177 3141 est
3194 3103 3375 3141 unum
3392 3102 3568 3142 mem-

273 3178 398 3249 quia
428 3177 663 3231 taedebat
695 3192 815 3231 eum
840 3175 1067 3249 singulis
1106 3176 1265 3229 donis
1295 3175 1538 3246 spiritum
1571 3192 1869 3246 apponere,

272 3264 683 3336 comprehendit
711 3273 935 3321 caeteras
979 3265 1202 3337 gratias,
1256 3273 1305 3319 et
1336 3266 1403 3318 ad
1468 3264 1713 3318 ultimum
1753 3265 1873 3318 sub-

275 3355 351 3409 dit
375 3371 567 3409 omnes
596 3354 713 3408 dari
770 3370 871 3424 per
920 3354 1195 3424 Spiritum.
1253 3354 1365 3408 Alii
1410 3353 1566 3406 datur
1622 3355 1872 3425 Operatio

272 3445 572 3511 virtutum,
608 3443 661 3497 id
684 3452 763 3497 est
792 3442 1181 3498 miraculorum
1214 3458 1333 3513 qua:
1360 3449 1548 3497 contra
1570 3442 1748 3512 legem
1772 3458 1871 3495 na-

269 3542 405 3585 tura":
438 3530 590 3597 fiunt,
641 3540 696 3584 ut
742 3547 947 3587 caecum
998 3531 1320 3599 illuminare,
1373 3538 1644 3585 mortuum
1693 3531 1871 3586 susci-

274 3629 415 3675 tare.
452 3621 565 3675 Alii
595 3620 755 3673 datur
788 3622 1103 3693 prophetia,
1138 3620 1190 3673 id
1240 3628 1322 3674 est
1369 3619 1625 3674 revelatio
1658 3619 1870 3674 futuro-

272 3725 416 3773 rum,
454 3708 539 3763 vel
568 3708 874 3763 intellectus
931 3710 1355 3779 Scripturarum.
1414 3710 1527 3764 Alii
1576 3709 1729 3763 datur
1758 3710 1871 3765 dis-

276 3798 455 3853 cretio
487 3799 794 3870 spirituum
832 3817 846 3863 ;
882 3798 1005 3869 quia
1044 3797 1143 3852 scit
1175 3797 1505 3863 discernere,
1541 3814 1647 3868 quo
1679 3798 1871 3869 spiritu

267 3886 502 3958 quisque
532 3894 791 3956 operetur
812 3886 1038 3957 aliquid,
1073 3886 1159 3941 vel
1207 3886 1474 3957 loquatur.
1510 3888 1622 3943 Alii
1675 3888 1871 3941 dantur

269 3992 481 4045 genera
515 3976 842 4046 linguarum
879 3990 890 4028 :
924 3974 1050 4045 quia
1068 3974 1169 4029 scit
1202 3974 1350 4046 loqui
1381 3975 1615 4030 diversis
1646 3976 1866 4049 linguis.

269 4064 387 4118 Alii
421 4063 578 4116 datur
610 4066 1011 4136 interpretatio
1033 4080 1359 4119 sermonum
1392 4085 1410 4131 ;
1441 4066 1587 4136 quod
1618 4064 1868 4121 Gra‘cum

268 4152 372 4207 scit
401 4152 741 4223 interpretari
784 4169 881 4223 per
936 4152 1206 4219 Latinum,
1253 4153 1389 4209 vele
1449 4170 1737 4210 converso.
1773 4154 1869 4209 Vel

262 4241 641 4312 interpretatio
673 4258 1007 4309 sermonum,
1061 4242 1115 4296 id
1155 4250 1236 4297 est
1279 4242 1545 4313 expositio
1574 4243 1867 4315 allegoria-

266 4348 411 4385 rum.
438 4333 659 4386 Etcum
703 4331 934 4386 diversis
965 4332 1080 4386 haec
1148 4331 1363 4385 diversa
1420 4332 1631 4397 dentur,
1686 4341 1866 4386 tamen

1972 3175 2155 3239 brum,
2191 3175 2288 3229 sed
2320 3190 2429 3229 non
2458 3174 2685 3229 dederat
2703 3175 2990 3230 rationem.
3012 3174 3192 3243 Quare
3221 3183 3273 3229 et
3293 3176 3397 3230 hoc
3425 3192 3569 3232 nunc

1973 3264 2170 3325 subdit,
2203 3263 2429 3319 dicens:
2466 3264 2606 3318 Vere
2636 3264 2800 3329 auris,
2835 3265 2959 3319 licet
2989 3280 3098 3318 non
3132 3265 3199 3318 sit
3229 3264 3439 3333 oculus,
3480 3273 3567 3319 ta-

1972 3370 2096 3407 men
2128 3360 2209 3407 est
2240 3352 2308 3407 de
2331 3368 2561 3422 corpore
2596 3372 2609 3417 ;
2642 3353 2769 3424 quia
2800 3352 2846 3407 si
2876 3352 2998 3408 ideo
3028 3369 3135 3408 non
3172 3362 3335 3419 esset,
3372 3370 3568 3425 seque-

1972 3450 2123 3497 retur
2144 3441 2289 3512 quod
2322 3442 2512 3497 oculus
2537 3449 2681 3496 esset
2714 3450 2881 3497 totum
2914 3458 3134 3512 corpus.
3160 3443 3270 3497 Sed
3299 3442 3344 3497 si
3374 3443 3569 3499 oculus

1972 3538 2115 3585 esset
2146 3538 2315 3585 totum
2346 3547 2564 3601 corpus,
2607 3530 2698 3584 ubi
2719 3539 2801 3585 est
2859 3531 3074 3584 auditus
3093 3531 3121 3584 εν
3150 3532 3291 3586 Ecce
3335 3532 3567 3602 penuria

1972 3620 2026 3673 in
2054 3635 2307 3690 corpore.
2331 3620 2398 3673 Et
2435 3620 2477 3674 si
2512 3619 2725 3673 auditus
2782 3627 2863 3674 est
2896 3627 3061 3674 totum
3111 3636 3332 3691 corpus,
3361 3620 3451 3674 ubi
3483 3628 3567 3675 est

1970 3709 2230 3764 odoratus
2252 3709 2279 3763 ‘2
2310 3710 2505 3763 Iterum
2536 3709 2781 3779 penuria.
2817 3710 2921 3764 Per
2950 3709 3257 3774 odoratum,
3289 3709 3570 3765 discretio-

1970 3815 2092 3853 nem
2116 3799 2243 3853 boni
2274 3808 2327 3853 et
2372 3798 2502 3853 mali
2532 3798 2844 3869 accipimus.
2904 3799 2987 3853 Ne
3016 3806 3198 3853 autem
3226 3798 3281 3853 in
3334 3814 3568 3871 corpore

1971 3895 2116 3942 esset
2147 3888 2263 3943 haec
2297 3888 2544 3959 penuria,
2578 3888 2759 3958 posuit
2790 3903 2935 3943 nunc
2962 3889 3108 3943 Deus
3142 3888 3359 3944 diversa
3386 3905 3565 3944 mem-

1970 3976 2091 4045 bra,
2126 3978 2550 4049 unumquodque
2583 3993 2770 4032 eorum
2802 3976 2857 4030 in
2887 3993 2996 4032 uno
3027 3993 3273 4048 corpore,
3310 3978 3446 4033 sicut
3476 3994 3566 4035 vo-

1969 4066 2065 4121 luit
2091 4066 2425 4121 distribuens
2464 4067 2544 4121 eis
2579 4066 2807 4139 gratias.
2862 4067 2985 4121 Non
3016 4068 3190 4123 solum
3230 4076 3451 4139 propter
3471 4084 3565 4125 re-

1969 4156 2293 4210 novandam
2335 4156 2639 4225 penuriam,
2673 4172 2836 4210 unum
2896 4157 3200 4211 membrum
3229 4172 3338 4212 non
3368 4166 3447 4213 est
3478 4166 3565 4214 to-

1969 4252 2081 4297 tum
2113 4260 2332 4315 corpus,
2380 4245 2479 4299 sed
2515 4244 2676 4299 etiam
2720 4245 2843 4300 ideo
2882 4262 3005 4300 esse
3034 4262 3141 4301 non
3197 4254 3412 4317 potest;
3440 4248 3566 4319 quia

1970 4334 2019 4387 si
2050 4336 2235 4387 essent
2266 4336 2458 4388 omnia
2478 4335 2726 4389 membra
2749 4351 2930 4389 unum
2951 4336 3283 4399 membrum,
3327 4336 3387 4391 1
3406 4337 3560 4393 35

269 4420 385 4474 hac
403 4422 593 4475 omnia
608 4424 879 4491 operatur
900 4438 1049 4475 unus
1063 4424 1231 4491 atque
1246 4420 1393 4475 idem
1411 4421 1677 4491 Spiritus,
1703 4438 1863 4492 quem
1886 4429 1936 4489 1)
1968 4422 2062 4476 ubi
2082 4424 2227 4476 esset
2252 4424 2493 4492 corpus?
2518 4423 2721 4477 Periret
2744 4423 2924 4494 utique
2943 4440 3161 4494 corpus,
3180 4424 3303 4495 quia
3325 4425 3368 4479 si
3385 4425 3567 4481 omnia

269 4525 430 4578 supra
462 4509 647 4563 vocavi
678 4510 850 4562 Deum
890 4517 942 4563 et
972 4508 1258 4562 Dominum
1294 4509 1579 4581 :Spiritus
1612 4509 1751 4578 dico,
1777 4510 1866 4564 di-

269 4598 465 4652 videns
496 4599 741 4668 singulis
768 4598 961 4670 proult
990 4598 1130 4663 vult,
1157 4596 1209 4650 id
1239 4604 1318 4651 est
1348 4613 1445 4668 per
1472 4598 1725 4669 gratiam,
1760 4613 1866 4653 non

268 4702 369 4755 per
401 4686 677 4740 meritum.

343 4774 440 4828 llic
473 4774 659 4844 incipit
697 4774 986 4829 ostendere
1018 4774 1390 4828 diversitatem
1422 4774 1791 4829 membrorum
1814 4774 1869 4828 in

266 4863 464 4917 eodem
494 4863 687 4932 capite,
733 4862 822 4933 qui
868 4871 951 4917 est
1007 4862 1279 4929 Christus;
1337 4871 1388 4917 et
1447 4864 1719 4934 quomodo
1780 4864 1869 4918 illa

265 4950 488 5004 diversa
537 4966 701 5003 unum
757 4948 887 5004 fiant
932 4951 983 5003 in
1032 4950 1205 5020 capite
1243 4950 1479 5006 Christo.
1543 4952 1745 5007 Littera
1790 4953 1869 5009 sic

259 5038 537 5110 jungitur.
572 5039 714 5093 Bene
753 5038 875 5093 dico
898 5037 1121 5108 spiritus
1152 5039 1400 5095 dividens
1423 5040 1673 5113 singulis,
1700 5041 1755 5096 id
1786 5050 1871 5097 est

264 5127 501 5181 diversis
534 5126 793 5181 membris
831 5126 1079 5181 diversas
1128 5127 1412 5183 conferens
1456 5130 1683 5201 gratias.
1725 5132 1867 5186 Nam

265 5216 517 5269 Christus
539 5223 623 5269 est
650 5232 812 5269 unum
844 5231 1044 5285 corpus
1084 5215 1301 5271 diversa
1330 5218 1535 5273 habens
1566 5220 1817 5275 membra
1851 5236 1862 5274 :

263 5307 417 5359 sicut
438 5304 591 5358 vides
614 5305 758 5375 quod
774 5322 974 5376 corpus
996 5305 1249 5370 hominis,
1272 5324 1449 5362 unum
1471 5314 1573 5373 est,
1597 5314 1651 5363 et
1675 5314 1866 5367 tamen

269 5393 433 5447 habet
458 5395 641 5448 multa
665 5395 931 5459 membra,
953 5393 1007 5447 id
1035 5402 1116 5448 est
1136 5393 1384 5449 diversos
1404 5404 1552 5451 actus
1574 5399 1860 5468 habentia;

274 5489 327 5537 et
359 5486 555 5538 tamen
593 5484 781 5537 omnia
804 5486 1053 5539 membra
1075 5485 1324 5556 corporis
1344 5501 1469 5543 cum
1504 5486 1623 5542 sint
1659 5489 1863 5558 multa,

1969 4510 2217 4565 membra
2240 4519 2421 4565 essent
2468 4527 2678 4577 manus,
2713 4528 2815 4567 nec
2852 4512 2930 4568 sic
2979 4522 3122 4567 esset
3151 4529 3351 4584 corpus
3394 4514 3567 4570 homi-

1968 4600 2071 4653 nis.
2108 4600 2163 4655 Si
2196 4600 2388 4655 iterum
2442 4617 2635 4656 omnes
2692 4600 2745 4653 in
2792 4601 3041 4657 Ecclesia
3088 4610 3272 4657 essent
3310 4604 3563 4674 apostoli,

1970 4689 2055 4743 vel
2086 4706 2249 4744 unum
2288 4690 2510 4762 aliquid,
2552 4706 2653 4745 nec
2700 4689 2802 4761 ipsi
2860 4690 3021 4745 iidem
3070 4700 3254 4746 essent
3310 4693 3562 4763 apostoli,

1971 4793 2093 4832 cum
2124 4795 2229 4834 non
2253 4787 2436 4835 essent
2466 4780 2663 4852 quibus
2702 4779 3078 4850 priedicarent.
3113 4781 3566 4854 Quandoquidem

1972 4866 2017 4920 si
2046 4884 2211 4921 unum
2244 4870 2546 4923 membrum
2579 4877 2749 4924 totum
2780 4885 2981 4940 corpus
3012 4869 3225 4937 dicitur,
3261 4878 3313 4925 et
3340 4872 3565 4941 penuria

1969 4956 2023 5010 in
2044 4970 2295 5027 corpore,
2336 4966 2387 5012 et
2417 4958 2577 5013 etiam
2600 4958 2842 5014 defectus
2863 4959 3112 5030 corporis
3133 4959 3398 5037 sequitur.
3421 4963 3564 5017 Pro-
3628 5030 3637 5035 ι

1967 5049 2164 5117 pterea
2194 5062 2348 5101 nunc
2378 5047 2598 5117 quidem
2618 5050 2803 5103 multa
2825 5048 3129 5103 etdiscreta
3145 5052 3560 5109 suntmembra.

1968 5150 2169 5206 corpus
2191 5138 2381 5189 autem
2406 5135 2596 5189 horum
2628 5137 2995 5192 membrorum
3013 5154 3192 5193 unum
3221 5143 3323 5194 est.
3356 5140 3561 5210 thuia

1969 5240 2033 5277 ex
2078 5222 2402 5278 necessitate
2458 5223 2718 5279 inferiora
2758 5234 2815 5279 ut
2866 5226 3143 5297 superiora
3182 5228 3430 5282 membra
3484 5228 3563 5282 sic

1968 5322 2088 5367 sunt
2121 5314 2174 5367 in
2206 5329 2453 5385 corpore,
2486 5314 2659 5385 igitur
2680 5332 2795 5369 non
2812 5320 2995 5387 potest
3012 5318 3205 5372 oculus
3227 5318 3411 5371 dicere
3440 5333 3561 5371 ma-

1968 5404 2092 5469 nui,
2124 5403 2177 5457 id
2209 5413 2289 5457 est
2330 5402 2579 5473 superior
2636 5403 2880 5459 inferiori
2914 5423 2927 5459 :
2962 5407 3077 5460 Non
3124 5404 3344 5475 indigeo
3393 5421 3564 5475 opera

1971 5496 2107 5559 tua;
2142 5508 2264 5547 cum
2297 5507 2460 5547 unum
2500 5492 2803 5549 membrum
2836 5493 3073 5549 ablatum
3102 5492 3380 5571 penuriam
3405 5492 3567 5557 faciat
