3960 6050
392 168 483 222 191

932 169 989 225 S.
1030 167 1388 227 BRUNONIS
1426 169 2075 227 CARTHUSIANORUM
2112 170 2597 229 INSTITUTORJS
2635 171 2787 229 OPP.
2837 173 3010 231 PARS
3051 173 3126 229 II.

3580 178 3680 231 192

387 291 628 364 corpori.
662 293 767 348 Per
794 293 897 349 hoc
926 293 1056 348 satis
1099 302 1327 366 apparet
1380 296 1527 368 quod
1558 295 1649 367 qui
1686 296 1861 366 majus
1881 295 1985 350 do-
2014 297 2068 357 Α
2090 288 2269 362 mum,
2301 296 2356 351 id
2383 306 2467 353 est
2494 297 2548 352 in
2578 298 2756 369 primo
2783 306 2837 354 et
2883 299 3338 355 excellentissimo
3367 300 3545 373 gradu
3574 316 3679 372 po-

389 396 522 436 num
551 381 783 453 accepit,
831 397 942 437 non
988 383 1154 439 habet
1191 384 1336 439 unde
1384 400 1443 439 se
1498 384 1754 455 praeferat
1782 384 1833 440 ei
1891 384 1984 456 qui
2086 401 2222 439 nens
2241 388 2543 457 apostolos.
2574 388 2895 443 Secundum
2914 397 3037 459 post
3057 389 3334 459 apostolos
3358 389 3539 460 posuit
3551 407 3680 461 pro-

391 469 574 525 minus
613 472 821 541 accepit
853 489 867 536 ;
901 486 1024 527 cum
1070 470 1294 527 inferior
1349 472 1426 528 sic
1487 472 1652 529 faciat
1706 473 1987 544 penuriam
2084 468 2303 541 phetas,
2334 470 2389 525 id
2411 479 2494 526 est
2532 471 2681 527 viros
2709 472 2993 528 illuminati
3023 489 3235 537 sensus,
3267 473 3361 545 qui
3403 473 3680 541 aperirent

395 558 661 629 corporis,
691 565 748 613 ut
778 559 1042 631 superior,
1073 559 1119 614 si
1146 562 1633 617 removeatumlut
1657 563 1865 618 iterum
1894 578 1987 618 ca-

397 651 501 720 put
521 647 770 720 pedibus,
798 649 1050 719 superior
1078 648 1324 704 similiter
1354 650 1598 705 inferiori
1643 650 1825 707 dicere
1879 666 1988 706 non

395 742 574 806 potest
607 753 620 789 :
652 752 769 791 non
789 738 930 793 estis
957 738 1103 793 mihi
1122 740 1459 805 necessarii;
1490 756 1613 794 cum
1640 740 1831 795 oculus
1859 756 1989 811 pur-

396 823 616 897 gatione
647 841 747 896 per
775 841 996 880 manum
1020 826 1284 899 indigeat,
1317 835 1480 898 caput
1508 836 1566 882 ut
1596 828 1828 899 pedibus
1856 845 1989 899 por-

395 919 536 968 tetur
555 913 625 967 ad
654 914 756 969 hoc
785 915 929 986 quod
960 922 1203 987 gustare,
1255 915 1464 982 audire,
1507 917 1595 972 vel
1624 917 1809 972 videre
1838 917 1990 972 desi-

396 1001 569 1058 derat.

471 1089 737 1146 Inferiore
764 1106 873 1147 non
903 1098 1109 1147 tantum
1141 1101 1265 1148 sunt
1314 1092 1643 1159 necessaria,
1687 1094 1783 1149 sed
1833 1094 1993 1149 etiam

400 1178 571 1234 multo
590 1179 768 1253 magis
794 1188 919 1235 sunt
949 1182 1262 1237 necessaria
1308 1182 1604 1254 aliquando
1635 1199 1701 1238 ea
1745 1185 1995 1239 membra

400 1267 651 1339 corporis
679 1286 801 1341 quas
830 1269 1081 1326 videntur
1125 1287 1247 1326 esse
1296 1269 1612 1328 inﬁrmiora.
1671 1273 1996 1345 Plerumque

401 1356 566 1412 etiam
596 1357 819 1428 quilibet
847 1357 1029 1414 idiota;
1055 1360 1230 1431 magis
1269 1360 1567 1416 necessarii
1613 1368 1736 1415 sunt
1784 1361 1839 1415 in
1868 1377 1997 1432 pro-

403 1445 683 1501 curatione
714 1445 1230 1516 ecclesiasticorum,
1272 1464 1434 1520 quam
1464 1448 1518 1502 hi
1551 1449 1642 1521 qui
1688 1449 1863 1523 magis
1902 1466 1996 1506 sa-

404 1534 617 1604 pientes
646 1543 790 1604 sunt,
843 1536 1141 1590 secundum
1192 1537 1644 1607 opportunitatem
1701 1539 1989 1609 temporis.

2089 557 2416 629 Scripturas.
2455 561 2636 616 Tertio
2653 560 2839 632 gradu
2860 562 2960 615 sub
2990 560 3267 631 prophetis
3288 561 3469 632 posuit
3498 562 3683 619 docto-

2089 663 2197 713 res,
2233 647 2325 718 qui
2355 647 2424 703 de
2453 649 2696 704 moribus
2716 650 3064 705 instruerent.
3100 652 3159 705 In
3188 650 3272 704 bis
3302 650 3475 705 tribus
3505 667 3687 706 serva-

2089 735 2164 792 vit
2218 736 2486 803 ordinem,
2521 737 2754 794 136
2787 738 2995 811 reliqua
3038 739 3156 794 sine
3202 738 3395 796 ordine
3442 739 3679 795 miscuit.

2098 825 2299 882 Deinde
2321 834 2443 895 post
2471 826 2721 882 doctores
2750 827 2929 898 posuit
2950 828 3209 892 virtutes,
3232 843 3326 882 eos
3354 828 3561 885 scilicet
3591 828 3685 899 qui

2090 912 2145 968 in
2163 913 2357 969 virtute
2370 915 2470 970 Dei
2486 931 2661 972 caecos
2681 915 3064 986 illuminarent,
3084 924 3324 971 mortuos
3338 916 3682 973 suscitarent.

2094 1004 2316 1058 Exinde
2356 1003 2535 1074 posuit
2565 1007 2783 1075 gratias
2812 1007 3196 1072 curationum,
3230 1022 3326 1061 eos
3354 1005 3562 1061 scilicet
3594 1004 3686 1077 qui

2094 1091 2238 1146 dono
2267 1092 2367 1146 Dei
2397 1093 2620 1148 morbos
2635 1093 2992 1164 depellerent.
3018 1094 3225 1150 Dehinc
3247 1095 3685 1166 opitulationes,

2094 1180 2151 1234 id
2181 1187 2264 1235 est
2291 1181 2563 1250 adjutores
2609 1182 3030 1252 praedicationis,
3086 1191 3142 1237 ut
3171 1183 3475 1238 Barnabam
3512 1191 3565 1238 et
3589 1183 3685 1238 Ti-

2096 1269 2407 1324 motheum:
2441 1285 2550 1342 quo
2580 1269 2756 1326 officio
2814 1271 2994 1327 adhuc
3048 1270 3349 1343 funguntur
3376 1271 3542 1346 legati
3571 1272 3686 1329 Ro-

2097 1371 2275 1413 manae
2305 1357 2471 1412 sedis.
2506 1359 2633 1413 Post
2660 1359 2776 1414 haec
2806 1359 2987 1429 posuit
3025 1361 3478 1430 gubernationes,
3526 1360 3579 1414 id
3609 1367 3692 1415 est

2098 1444 2408 1516 episcopos,
2440 1446 2797 1517 presbyteros
2829 1464 2842 1501 :
2878 1447 2970 1519 qui
3007 1447 3287 1503 Ecclesias
3318 1447 3559 1504 fidelium
3589 1466 3689 1522 gu-

2098 1534 2409 1590 bernarent.
2443 1535 2527 1590 Ad
2553 1534 2798 1590 ultimum
2818 1536 2999 1606 posuit
3012 1552 3221 1608 genera
3252 1538 3601 1609 linguarum,
3633 1537 3688 1592 id

404 1623 474 1677 Et
504 1638 570 1677 ea
614 1623 864 1679 membra
897 1624 1157 1680 Ecclesiae
1192 1642 1314 1698 qua
1344 1631 1614 1698 putamus
1643 1629 1993 1699 ignobiliora,
2019 1653 2070 1713 B
2099 1631 2181 1678 est
2208 1622 2453 1679 ultimam
2481 1624 2729 1694 gratiam,
2760 1640 2924 1696 quam
2946 1640 3065 1691 vos,
3085 1640 3119 1680 ο
3148 1625 3429 1692 Corinthii,
3453 1625 3687 1682 maxime

405 1709 532 1782 quia
560 1709 834 1777 labuntur,
856 1711 1152 1784 aliquando
1174 1713 1261 1769 his
1278 1714 1699 1771 circumdamus
1716 1717 2002 1772 abundan-

407 1801 610 1855 tiorem
628 1801 912 1865 honorem,
929 1801 983 1856 id
1000 1810 1083 1856 est
1096 1802 1196 1857 hos
1217 1803 1356 1858 tales
1380 1804 1651 1859 solertiori
1667 1820 1800 1861 cura
1816 1804 2003 1860 fovere

407 1888 691 1956 debemus,
745 1896 798 1944 et
855 1890 1117 1946 reducere
1173 1892 1243 1946 ad
1298 1892 1540 1948 meliora.
1600 1896 1789 1948 Nostra
1843 1898 2001 1950 etiam

402 1977 653 2032 membra
668 1994 790 2052 qua:
808 1978 1110 2036 inhonesta
1130 1984 1268 2034 sunt
1288 1998 1301 2034 :
1321 1988 1374 2035 ut
1389 1982 1645 2051 pudenda
1660 1981 1713 2036 in
1736 1997 1999 2053 corpore;

408 2073 463 2122 et
491 2065 783 2122 fornicator
814 2066 906 2122 ille
945 2068 1036 2139 qui
1068 2084 1294 2123 uxorem
1334 2070 1499 2139 patris
1530 2070 1762 2126 duxerat
1800 2072 1854 2125 in
1892 2073 2003 2128 Ec-

407 2153 579 2210 clesia
639 2154 1035 2211 Corinthiorum
1064 2176 1077 2221 ;
1105 2164 1164 2211 ut
1201 2157 1373 2212 David
1404 2159 1622 2229 quando
1676 2160 1921 2230 peccavit
1947 2161 2001 2215 in

406 2259 637 2298 uxorem
659 2242 829 2311 Urina;
862 2244 979 2300 haec
992 2244 1275 2301 inhonesta
1296 2246 1502 2302 habent
1532 2248 2001 2305 abundantiorem

413 2332 789 2402 honestatem,
812 2332 867 2387 id
884 2340 968 2388 est
987 2333 1224 2407 diligens
1236 2342 1287 2389 et
1308 2336 1536 2390 honesta
1555 2352 1688 2391 cura
1699 2336 2005 2393 exhibenda

411 2428 495 2476 est
524 2420 624 2489 eis,
658 2437 747 2488 ne,
782 2421 827 2476 si
855 2431 1196 2497 spernentur,
1257 2424 1589 2495 desperent;
1622 2425 1746 2496 quia
1774 2424 2004 2482 fortasse

408 2524 536 2566 cras
565 2509 790 2581 perfecti
818 2519 991 2577 erunt,
1025 2519 1081 2566 ut
1101 2512 1157 2566 in
1185 2512 1356 2567 David
1388 2512 1563 2567 visum
1587 2521 1686 2568 est.
1713 2514 2007 2570 Inhonesta

407 2597 654 2670 indigent
684 2600 968 2655 honestate
1000 2618 1013 2653 :
1047 2600 1145 2655 sed
1177 2601 1411 2658 honesta
1428 2602 1678 2657 membra
1708 2620 1819 2658 non
1839 2607 2005 2675 egent

405 2697 584 2752 ullius
614 2698 838 2753 honoris
883 2698 1116 2769 impensi
1146 2699 1248 2753 sibi
1278 2699 1344 2753 ab
1376 2699 1509 2754 alio.
1558 2698 1663 2769 Qui
1694 2701 1839 2755 enim
1870 2717 2003 2772 per-

406 2783 531 2841 fecti
565 2793 706 2853 sunt,
739 2802 850 2842 non
896 2794 1061 2859 egent
1106 2787 1238 2843 alio.
1285 2789 1523 2844 Honesta
1578 2789 1798 2861 quidem
1855 2790 2004 2846 nullo

409 2880 574 2945 egent
605 2892 619 2929 :
651 2874 747 2930 sed
775 2877 920 2931 Deus
944 2878 1299 2948 temperavit,
1333 2876 1388 2931 id
1416 2884 1499 2931 est
1528 2876 1857 2933 modiﬁcavit
1886 2894 2004 2934 cor-

407 2979 531 3034 pus,
588 2970 645 3018 ut
686 2963 916 3020 honesta
963 2971 1224 3019 ornarent
1275 2964 1577 3020 inhonesta.
1637 2967 2002 3037 Temperavit,

2102 1711 2445 1767 desideratis.
2476 1712 2545 1767 Et
2573 1729 2811 1784 congrue
2841 1714 2990 1768 Deus
3027 1713 3367 1769 diversitates
3396 1715 3688 1787 gratiarum

2101 1800 2157 1855 in
2177 1800 2425 1856 Ecclesia
2453 1800 2744 1857 ordinavit.
2780 1802 3044 1875 Nunquid
3077 1802 3221 1857 enim
3261 1819 3453 1859 omnes
3479 1803 3694 1858 fuerunt

2102 1890 2342 1962 apostoli
2375 1893 2398 1945 ?
2428 1889 2484 1945 Si
2515 1906 2705 1945 omnes
2732 1890 2936 1962 utique,
2970 1906 3074 1946 nec
3105 1907 3262 1946 unus.
3286 1892 3425 1946 Nam
3455 1892 3519 1961 si,
3566 1908 3691 1948 cum

2101 1994 2294 2033 omnes
2324 1987 2507 2034 essent
2526 1978 2775 2049 apostoli,
2809 1995 2920 2034 non
2973 1988 3159 2035 essent
3194 1980 3391 2052 quibus
3420 1981 3690 2051 praedica-

2103 2074 2224 2123 rent
2256 2068 2485 2133 verbum
2507 2067 2626 2136 Dei,
2661 2067 2785 2139 quia
2813 2083 3003 2123 omnes
3024 2068 3248 2139 perfecti
3273 2087 3287 2135 ;
3314 2069 3530 2136 iterum,
3550 2086 3697 2126 nun-

2103 2155 2234 2228 quid
2264 2170 2455 2210 omnes
2488 2162 2671 2210 essent
2696 2155 2985 2228 propheta:
3017 2162 3040 2213 ?
3068 2157 3158 2214 Sic
3206 2158 3318 2227 jam
3347 2157 3481 2213 nihil
3534 2157 3693 2214 alicui

2101 2250 2287 2314 posset
2318 2243 2571 2313 revelari,
2606 2244 2730 2316 quia
2761 2245 2963 2317 singuli
2994 2254 3176 2301 essent
3202 2246 3499 2317 prophetae.
3536 2248 3692 2302 Nun-

2103 2331 2235 2404 quid
2260 2331 2458 2386 iterum
2480 2348 2670 2387 omnes
2699 2340 2854 2388 erunt
2884 2334 3180 2389 doctores?
3206 2335 3327 2389 Non
3357 2341 3504 2390 esset
3531 2350 3689 2406 quem

2102 2420 2171 2475 de
2200 2420 2443 2475 moribus
2472 2420 2823 2485 instruerent,
2857 2421 2981 2493 quia
3016 2437 3207 2477 omnes
3236 2423 3401 2477 docti.
3430 2423 3694 2497 Nunquid

2103 2526 2296 2565 omnes
2316 2512 2600 2566 virtutes?
2627 2510 2718 2566 Sic
2737 2526 2838 2566 nec
2868 2518 3032 2580 esset,
3063 2511 3148 2566 cui
3190 2509 3380 2566 ﬁerent
3409 2511 3691 2568 miracula.

2103 2597 2368 2671 Nunquid
2387 2615 2580 2655 omnes
2608 2600 2813 2655 habent
2828 2601 3076 2671 gratiam
3092 2602 3454 2656 curationum
3474 2601 3502 2655 ?
3530 2601 3651 2656 Non
3674 2618 3690 2655 :

2105 2687 2234 2759 quia
2263 2704 2372 2743 non
2399 2696 2543 2743 esset
2565 2704 2726 2760 quem
2759 2696 3030 2745 curarent.
3065 2690 3329 2763 Nunquid
3375 2706 3567 2746 omnes
3593 2705 3694 2745 va-

2104 2776 2200 2831 riis
2263 2778 2472 2849 linguis
2520 2778 2867 2851 loquuntur?
2901 2778 2990 2834 Sic
3037 2778 3152 2846 jam
3179 2777 3284 2833 vile
3313 2785 3367 2834 et
3411 2794 3696 2835 commune

2105 2863 2260 2921 fieret
2287 2866 2490 2921 donum
2510 2867 2631 2922 Dei.
2663 2866 2926 2939 Nunquid
2942 2883 3134 2923 omnes
3148 2869 3626 2940 interpretantur,
3641 2868 3695 2923 id

2105 2961 2206 3023 est,
2258 2954 2501 3025 linguam
2557 2955 2614 3009 in
2660 2955 2900 3026 linguam
2943 2954 3233 3010 transferre
3290 2957 3610 3012 noverunt?
3641 2956 3698 3012 Si

409 3013 531 3034 τη,
594 3013 643 3018 ν-
686 3013 915 3020 __-_--__
968 3013 1221 3019 --π-η---
1275 3013 1577 3020 ---η-η---
1646 3013 2002 3037 --.--,.--...-.,
2193 3013 2203 3023 .
2337 3013 2369 3025 υ
2738 3013 2769 3026 υ

409 3052 650 3125 inquam,
680 3053 980 3109 tribuendo
999 3053 1471 3109 abundantiorem
1494 3054 2007 3112 honoremeimem-
2038 3013 2084 3074 Ο
2107 3058 2300 3098 omnes
2327 3042 2674 3114 ίηίθτρτθίθεν
2721 3059 2823 3114 PFO
2869 3043 3038 3098 nihilo
3091 3041 3248 3100 θεῖναί
3302 3044 3694 3116 ίοίθτρΐθίθῑίοο

409 3141 511 3196 bro
540 3141 628 3197 cui
657 3141 862 3212 aliquid
892 3141 1100 3211 deerat,
1135 3150 1192 3197 ut
1247 3142 1552 3197 membrum
1582 3159 1788 3216 aegrum
1816 3144 2006 3213 majori

411 3228 700 3285 dilectione
734 3228 1066 3296 foveremus,
1100 3246 1261 3302 quam
1293 3247 1504 3286 sanum.
1537 3231 1667 3287 ldeo
1689 3233 1769 3288 sic
1790 3241 2003 3305 tempe-

411 3317 569 3386 ravit,
593 3322 659 3374 ut
677 3335 792 3375 non
809 3319 886 3375 sit
905 3318 1172 3385 schisma,
1198 3319 1252 3373 id
1274 3327 1356 3375 est
1373 3320 1666 3390 discordia,
1696 3323 1759 3376 in
1780 3338 2006 3394 corpore

412 3407 631 3475 Christi;
645 3408 741 3463 sed
750 3408 933 3463 omnia
952 3410 1203 3464 membra
1231 3410 1481 3465 sollicita
1496 3410 1616 3464 sint
1625 3427 1726 3482 pro
1740 3412 2002 3480 invicem,

412 3496 468 3551 id
497 3496 822 3553 estalterum
849 3513 952 3569 pro
981 3497 1150 3553 altero
1175 3517 1188 3564 ;
1219 3500 1533 3554 sentientes
1560 3498 1825 3571 idipsum,
1850 3499 1903 3554 id
1925 3508 2010 3555 est

413 3586 722 3659 angustiam
753 3586 985 3658 proximi
1009 3587 1316 3656 judicantes
1363 3586 1654 3658 pr0priam.
1690 3591 1760 3643 Et
1790 3591 1841 3645 si
1877 3590 2009 3662 quid

416 3675 682 3731 molestiae
723 3676 948 3748 patitur
984 3692 1167 3732 unum
1204 3676 1550 3746 membrum,
1583 3679 2011 3750 compatiuntur

416 3765 608 3820 omnia
626 3762 899 3831 membra;
913 3765 1027 3820 sive
1047 3766 1329 3836 gloriatur
1341 3781 1521 3820 unum
1532 3767 1866 3833 membrum,
1886 3783 2014 3823 con-

420 3853 708 3924 gaudeant
722 3853 913 3907 omnia
926 3854 1195 3909 membra.
1210 3854 1277 3907 Et
1288 3852 1551 3924 quidquid
1575 3854 1687 3927 dixi
1712 3854 1781 3909 de
1810 3856 2011 3910 unitate

414 3940 664 4013 corporis
705 3940 925 4008 Christi,
973 3949 1141 3996 totum
1176 3949 1383 4012 spectat
1412 3942 1482 3997 ad
1514 3959 1629 4007 vos,
1655 3959 1688 3998 ο
1718 3943 2009 4010 Corinthii;

415 4029 540 4102 quia
555 4046 647 4086 vos
664 4031 800 4086 estis
812 4046 979 4085 unum
995 4046 1195 4103 corpus
1216 4031 1445 4101 Christi,
1464 4036 1519 4087 et
1531 4031 1747 4086 diversa
1763 4033 2013 4087 membra

415 4117 708 4190 pendentia
741 4119 807 4174 de
836 4120 1081 4175 membro
1104 4119 1324 4187 Christi,
1349 4120 1440 4192 qui
1463 4136 1563 4175 vos
1591 4121 1658 4175 de
1680 4119 1786 4175 fide
1803 4121 2008 4190 docuit.

417 4207 519 4263 Vel
548 4208 796 4262 membra
824 4208 1115 4279 pendentia
1143 4208 1212 4263 de
1242 4209 1511 4274 membro,
1546 4209 1598 4263 id
1629 4216 1712 4264 est
1740 4209 1810 4264 de
1840 4208 2013 4279 capite

422 4295 656 4361 Christo,
710 4295 801 4368 qui
863 4312 1177 4368 supremum
1235 4298 1537 4352 membrum
1586 4305 1668 4352 est
1725 4297 2009 4353 Ecclesiae.

2107 3133 2242 3188 Cum
2270 3140 2448 3187 autem
2481 3133 2588 3187 sint
2615 3140 2694 3187 tot
2720 3132 2860 3188 dona
2896 3132 3127 3203 Spiritus
3148 3133 3341 3198 sancti,
3381 3136 3698 3191 (simulami-

2108 3222 2189 3285 ni,
2210 3221 2265 3276 id
2298 3228 2380 3277 est
2408 3220 2713 3277 desiderate
2761 3237 2824 3277 ea
2852 3221 3225 3288 charismata,
3258 3222 3311 3276 id
3342 3230 3424 3277 est
3466 3223 3699 3295 gratuita

2108 3309 2253 3365 dona
2299 3309 2538 3380 spiritus,
2593 3326 2714 3382 quae
2761 3310 2903 3365 inter
2947 3310 3209 3381 praedicta
3266 3319 3389 3366 sunt
3439 3313 3694 3369 meliora.

2109 3397 2393 3453 Charisma
2435 3399 2723 3471 gratuitum
2781 3399 2999 3455 dicitur.
3048 3400 3118 3453 Et
3165 3406 3362 3469 praeter
3417 3399 3532 3454 haec
3581 3416 3702 3469 quae

2109 3503 2276 3558 supra
2305 3488 2627 3553 monstravi,
2660 3488 2982 3543 demonstro
3016 3488 3159 3545 vobis
3198 3487 3380 3543 adhuc
3412 3488 3559 3541 viam
3591 3503 3699 3542 ex-

2110 3577 2516 3641 cellentiorem,
2550 3577 2605 3632 id
2635 3584 2717 3631 est
2746 3576 3086 3641 charitatem,
3105 3591 3226 3646 quin
3239 3575 3326 3631 via
3346 3582 3448 3641 est,
3477 3583 3529 3631 et
3550 3575 3702 3631 omni

2109 3665 2255 3720 dono
2285 3664 2637 3721 excellentior
2668 3684 2681 3729 ;
2711 3665 2838 3736 quia
2868 3671 3063 3719 caetera
3084 3663 3263 3718 omnia
3293 3679 3402 3719 non
3431 3662 3701 3722 suﬂiciunt

2111 3754 2179 3808 ad
2201 3753 2592 3809 beatitudinem
2635 3753 2754 3808 sine
2792 3752 3070 3808 charitate.

2651 3928 2876 4003 CAPUT
2906 3946 3051 4000 XIII.

2188 4137 2209 4162 «
2247 4113 2301 4169 Si
2329 4113 2530 4187 linguis
2562 4112 2838 4167 hominum
2879 4112 3073 4184 loquar
3098 4120 3151 4169 et
3193 4114 3537 4185 angelorum,
3568 4114 3702 4169 cha-

2117 4225 2140 4255 ι
2176 4202 2391 4258 ritatem
2422 4210 2601 4258 autem
2636 4218 2746 4257 non
2779 4202 3028 4267 habeam,
3062 4201 3238 4258 factus
3279 4218 3400 4256 sum
3457 4201 3601 4257 velut
3629 4218 3706 4256 res

2119 4312 2141 4342 ι
2178 4307 2399 4357 sonans,
2431 4299 2521 4346 aut
2547 4290 2853 4362 cymbalum
2873 4290 3134 4346 tinniens.
3162 4290 3230 4344 Et
3251 4290 3297 4345 si
3312 4289 3556 4345 habuero
3571 4305 3706 4360 pro-

417 4384 650 4440 Locutus
709 4393 792 4439 est
848 4386 1097 4456 superius
1148 4386 1218 4441 de
1283 4386 1601 4442 diversitate
1644 4370 2082 4441 membrorumD
2116 4402 2141 4432 ι
2173 4379 2433 4451 pheliﬁm.
2480 4387 2533 4434 θῐ
2562 4378 2809 4434 noverim
2862 4378 3123 4449 mysteria
3152 4378 3352 4444 omnia,
3386 4386 3441 4433 Θῐ
3486 4393 3705 4433 omnem

417 4472 634 4539 Christi,
660 4474 931 4544 quomodo
960 4491 1128 4529 unum
1176 4474 1281 4530 sint
1309 4475 1366 4529 in
1420 4475 1596 4546 capite
1626 4490 1725 4529 suo
1755 4474 1970 4529 Christo
1994 4491 2009 4540 ;

414 4560 653 4634 loquitur
680 4563 854 4619 adhuc
881 4564 950 4619 de
980 4563 1188 4619 eisdem
1217 4564 1475 4620 membris
1504 4563 1803 4618 secundum
1825 4563 2007 4617 diver-

422 4650 613 4706 sitates
641 4651 908 4707 donorum
941 4668 1063 4724 quin
1098 4652 1297 4708 habent
1326 4667 1359 4706 a
1390 4651 1589 4722 Spiritu
1648 4658 1878 4715 sancto;
1911 4666 2011 4705 vo-

418 4738 539 4794 lens
567 4755 892 4811 comparare
929 4741 1073 4796 dona
1099 4741 1198 4797 illa
1219 4740 1360 4795 inter
1389 4756 1469 4804 se,
1521 4755 1643 4811 qua:
1698 4739 1876 4811 magis
1907 4739 2013 4793 sint

417 4827 587 4892 utilia,
612 4845 779 4900 quam
818 4829 997 4884 minus
1031 4848 1044 4883 :
1077 4838 1132 4884 ut
1188 4828 1420 4885 charitas
1448 4836 1500 4883 et
1528 4826 1831 4898 prophetia,
1892 4844 2014 4899 quae

418 4916 657 4971 maxima
690 4925 833 4972 sunt.
869 4917 1040 4988 Loqui
1086 4917 1320 4972 diversis
1350 4916 1570 4989 linguis,
1622 4915 1786 4988 longe
1815 4915 1901 4970 his
1924 4916 2013 4970 in-

419 5002 614 5059 ferius.
654 5005 722 5059 Et
757 5007 870 5062 haec
898 5005 1022 5060 ideo
1051 5013 1348 5075 comparat,
1369 5004 1491 5076 quia
1525 5002 1787 5060 Corinthii
1807 5019 2015 5076 genera

416 5092 728 5166 linguarum
767 5096 918 5164 (qua;
948 5093 1137 5147 ultima
1167 5096 1307 5163 erat)
1367 5093 1731 5164 prteferebant
1761 5092 2015 5147 omnibus

418 5181 633 5254 gratiis.

489 5270 691 5325 Littera
721 5269 801 5325 sic
835 5267 1115 5342 jungitur:
1148 5272 1259 5327 Vos
1292 5273 1421 5327 estis
1447 5276 1695 5332 membra
1725 5278 2016 5348 pendentia

417 5359 487 5415 de
523 5358 790 5423 membro,
825 5358 880 5412 id
911 5358 1081 5414 estde
1136 5360 1310 5432 capite
1348 5362 1581 5431 Christo,
1607 5365 1662 5419 in
1702 5383 1811 5438 quo
1850 5384 2013 5422 unum

421 5463 620 5518 corpus
636 5448 800 5514 estis;
826 5455 878 5504 et
891 5448 943 5503 in
959 5449 1061 5505 hac
1082 5450 1284 5507 unitate
1304 5452 1585 5519 discretio,
1612 5455 1734 5526 quia
1747 5455 2015 5528 quosdam

418 5537 734 5613 quidem,id
761 5545 844 5596 est
865 5538 1123 5608 discreta,
1145 5544 1336 5616 posuit
1368 5544 1513 5602 Deus
1524 5543 1589 5601 in
1605 5545 1874 5603 Ecclesia.
1892 5546 2016 5603 Pri-

2114 4492 2136 4517 α
2173 4468 2489 4534 scientiam,
2541 4476 2594 4522 et
2637 4466 2683 4522 si
2737 4468 2983 4522 habuero
3027 4482 3246 4523 omnem
3302 4464 3486 4533 fidem,
3546 4467 3620 4522 ita
3649 4474 3707 4521 ut

2115 4580 2136 4605 α
2172 4566 2386 4613 montes
2417 4555 2764 4621 transferam,
2796 4556 3107 4611 charitatem
3127 4564 3311 4611 autem
3324 4556 3676 4611 nonhabeam
3698 4596 3713 4624 ,

2117 4668 2139 4697 ι
2173 4645 2308 4700 nihil
2337 4662 2474 4700 sum.
2498 4645 2562 4698 Et
2584 4644 2628 4698 si
2649 4644 2979 4699 distribuero
3009 4644 3064 4697 in
3085 4644 3239 4700 cibos
3260 4660 3560 4716 pauperum
3581 4660 3705 4699 om-

2118 4757 2139 4785 ι
2174 4751 2273 4790 nes
2302 4733 2584 4789 facultates
2614 4748 2787 4802 meas,
2819 4741 2872 4788 et
2902 4733 2946 4787 si
2978 4733 3269 4788 tradidero
3290 4749 3491 4805 corpus
3523 4749 3707 4788 meum

2117 4844 2139 4875 ι
2175 4823 2247 4877 ita
2278 4831 2337 4877 ut
2383 4823 2623 4889 ardeam,
2684 4821 3000 4878 charitatem
3058 4829 3239 4877 autem
3290 4837 3398 4876 non
3441 4822 3703 4888 habuero,

2116 4943 2139 4967 «ι
2176 4919 2309 4975 nihil
2331 4919 2461 4974 mihi
2494 4918 2734 4990 prodest.
2769 4918 3018 4973 Charitas
3060 4918 3276 4989 patiens
3306 4925 3408 4987 est,
3468 4917 3709 4989 benigna

2118 5032 2140 5057 α
2179 5017 2279 5064 est.
2314 5009 2562 5064 Charitas
2610 5024 2721 5063 non
2752 5006 3053 5073 aemulatur,
3092 5023 3203 5061 non
3256 5007 3370 5080 agit
3400 5021 3705 5078 perperam,

2119 5120 2141 5147 ι
2175 5113 2286 5153 non
2334 5097 2570 5163 inﬂatur,
2602 5112 2711 5152 non
2757 5103 2841 5151 est
2871 5095 3179 5158 ambitiosa,
3212 5110 3324 5149 non
3361 5094 3552 5166 quaerit
3586 5110 3709 5165 qua:

2118 5209 2140 5232 «ι
2178 5201 2278 5240 sua
2306 5192 2451 5251 sunt,
2482 5200 2592 5241 non
2630 5184 2886 5251 irritatur,
2939 5200 3047 5239 non
3103 5182 3304 5254 cogitat
3340 5182 3564 5247 malum,
3591 5198 3703 5236 non

2119 5298 2140 5324 ι
2175 5274 2375 5346 gaudet
2404 5289 2571 5344 super
2598 5273 2876 5344 iniquitate
2909 5292 2924 5338 ;
2948 5272 3254 5344 congaudet
3273 5279 3451 5325 autem
3470 5269 3704 5324 veritati.

2118 5386 2139 5410 ‹‹
2179 5362 2375 5419 Omnia
2403 5361 2610 5428 suffert,
2645 5362 2829 5417 omnia
2848 5362 3043 5426 credit,
3076 5360 3256 5414 omnia
3294 5366 3499 5433 sperat,
3532 5358 3713 5414 omnia

2117 5474 2139 5500 ιι
2174 5451 2420 5507 sustinet.
2452 5450 2696 5505 Charitas
2727 5464 3005 5521 nunquam
3035 5447 3234 5504 excidit
3265 5467 3278 5513 ;
3314 5447 3430 5502 sive
3459 5448 3706 5518 prophe-

2119 5561 2142 5592 ι
2176 5539 2262 5596 tiae
2318 5538 2745 5605 evacuabuntur,
2797 5537 2913 5594 sive
2970 5536 3171 5609 lingua:
3213 5534 3522 5602 cessabunt,
3591 5534 3711 5593 sive
