3960 6050
225 191 330 243 193

853 186 1229 244 EXPOSITIO
1268 188 1341 242 IN
1382 185 1759 242 EPISTOLAS
1806 183 2032 241 PAULI.
2067 214 2135 223 —
2167 184 2238 237 IN
2272 182 2488 239 EPIST.
2544 183 2565 235 Ι
2604 182 2697 237 AD
2746 181 2904 238 COR.

3428 180 3529 237 194

234 336 254 357 α
301 312 530 368 scientia
578 311 906 367 destruetur.
958 314 1037 367 Ex
1067 320 1219 382 parte
1249 312 1393 367 enim
1425 310 1831 383 cognoscimus,
1858 311 1912 371 Α
1943 309 1997 363 id
2042 317 2124 363 est
2169 308 2371 364 nemini
2424 307 2645 362 invidet.
2695 308 2816 363 Non
2845 307 2965 378 agit
3006 320 3324 378 perperam,
3370 304 3424 358 id
3454 312 3538 360 est

235 424 255 445 α
305 410 357 456 et
390 418 454 455 ex
484 410 635 471 parte
665 403 1074 471 prOphetamus.
1098 402 1230 455 Cum
1254 410 1431 455 autem
1457 400 1667 455 venerit
1689 400 1835 471 quod

234 514 256 536 α
302 489 602 560 perfectum
636 499 735 557 est,
769 490 1119 545 evacuabitur
1148 490 1291 561 quod
1313 508 1377 544 ex
1398 498 1551 560 parte
1572 496 1672 543 est.
1699 490 1837 543 Cum

238 602 257 624 α
304 595 488 634 essem
534 578 809 648 parvulus,
857 579 1122 650 loquebar
1150 588 1206 633 ut
1238 579 1521 649 parvulus,
1554 578 1837 648 sapiebam

241 690 263 713 α
308 676 367 721 ut
416 667 702 737 parvulus,
737 668 1047 739 cogitabam
1077 676 1135 721 ut
1164 667 1445 738 parvulus.
1481 666 1711 734 Quando
1742 682 1838 720 au-

248 780 267 802 α
315 765 427 811 tem
460 756 632 811 factus
677 773 795 810 sum
824 757 929 824 vir,
967 757 1225 811 evacuavi
1254 773 1373 827 quae
1419 765 1571 811 erant
1600 754 1833 826 parvuli.

243 868 263 889 υ
310 845 571 899 Videmus
621 860 766 899 nunc
801 861 902 915 per
947 845 1227 915 speculum
1258 845 1310 897 in
1342 845 1628 916 {enigmate
1664 859 1674 896 :
1710 852 1837 897 tunc

240 957 260 977 ιε
309 942 494 988 autem
524 932 661 988 facie
694 934 762 987 ad
792 934 1005 987 faciem.
1040 934 1195 989 Nunc
1227 950 1505 1005 cognosco
1537 950 1601 987 ex
1633 940 1785 1002 parte
1820 949 1833 985 :

240 1046 261 1066 «ι
308 1031 438 1077 tunc
484 1031 665 1076 autem
710 1038 1059 1093 cognoscam,
1120 1022 1257 1078 sicut
1302 1030 1355 1076 et
1401 1023 1653 1093 cognitus
1694 1037 1833 1075 sum.

240 1136 260 1157 α
308 1112 469 1166 Nunc
512 1120 690 1166 autem
747 1120 965 1165 manent
1026 1110 1181 1175 ﬁdes,
1231 1128 1375 1180 spes.
1418 1111 1655 1166 Charitas
1691 1125 1702 1163 :
1736 1110 1838 1164 tria

242 1224 261 1243 α
309 1200 449 1255 hzec.
484 1201 655 1268 Major
682 1208 863 1255 autem
895 1201 1087 1255 horum
1123 1208 1203 1255 est
1234 1200 1487 1255 charitas.
1524 1224 1545 1247 υ

884 1414 1188 1453 EXPOSITIO.

308 1548 451 1617 Quia
480 1548 593 1603 vult
633 1548 941 1602 Corinthios
991 1548 1167 1619 magis
1213 1557 1469 1618 appetere
1518 1548 1835 1603 charitatem

1939 415 2219 467 perverse,
2254 397 2493 468 aliquid;
2524 413 2639 451 non
2656 397 2918 463 inflatur,
2945 395 2998 449 id
3029 403 3111 449 est
3132 410 3241 448 non
3270 392 3533 463 superbit,

1935 487 2003 541 de
2032 486 2318 556 temporali
2350 486 2491 540 bono
2521 485 2607 539 vel
2639 484 2898 555 spirituali
2925 503 2937 549 ;
2973 500 3086 538 non
3110 488 3198 538 est
3217 484 3536 545 ambitiosa,

1936 584 1991 629 ut
2022 576 2315 647 dignitates
2364 574 2551 628 mundi
2600 573 2981 642 concupiscat;
3015 590 3129 627 non
3162 572 3369 643 quaerit
3418 587 3539 642 qua:

1935 682 2041 720 sua
2061 668 2196 719 sunt
2228 672 2452 728 tantum,
2487 663 2581 717 sed
2613 678 2768 733 aeque
2798 662 3013 714 utilitati
3044 660 3272 714 intendit
3303 657 3534 729 proximi

1938 762 1995 807 ut
2024 769 2153 807 suae.
2191 752 2286 807 Vel
2313 769 2427 807 non
2450 754 2673 823 quaerit,
2702 750 2755 803 id
2778 758 2859 805 est
2882 765 2989 803 non
3014 748 3259 819 requirit,
3285 765 3406 820 qua:
3432 764 3537 804 sua

1936 846 2095 906 sunt,
2130 840 2174 894 si
2209 841 2328 911 quis
2359 840 2641 894 abstulerit
2671 839 2741 892 ei.
2778 840 2895 893 Non
2920 841 3207 904 irritatur,
3233 837 3288 890 id
3319 845 3401 891 est
3430 852 3543 892 non

1938 937 2263 1001 provocatur
2294 929 2360 982 ad
2409 929 2568 991 iram,
2614 944 2727 983 non
2776 928 2983 997 cogitat
3026 928 3265 991 malum,
3308 934 3366 979 ut
3396 926 3543 980 dicat

1939 1019 2024 1073 vel
2058 1017 2254 1071 inferat
2303 1017 2480 1070 alicui.
2516 1018 2633 1072 Non
2664 1016 2872 1085 gaudet
2902 1032 3089 1087 super,
3122 1015 3176 1068 id
3209 1022 3290 1069 est
3320 1015 3388 1069 de
3418 1016 3541 1069 ini-

1940 1107 2189 1178 quitate;
2234 1105 2279 1158 si
2321 1106 2468 1159 videt
2514 1104 2694 1175 inique
2742 1103 2833 1175 agi
2881 1104 2935 1156 in
2983 1104 3311 1173 proximum,
3358 1104 3540 1174 potius

1940 1194 2268 1263 compatitur
2291 1212 2304 1258 ;
2340 1194 2653 1262 congaudet
2677 1198 2873 1247 autem
2894 1193 3146 1256 veritati,
3171 1192 3225 1245 id
3247 1200 3325 1246 est
3347 1208 3541 1247 secun-

1941 1284 2068 1337 dum
2110 1283 2396 1337 veritatem
2445 1281 2688 1351 loquenti
2738 1280 2824 1334 vel
2872 1281 3075 1351 agenti.
3128 1282 3331 1335 Omnia
3380 1280 3539 1335 etiam

1942 1372 2172 1426 adversa
2202 1388 2323 1441 qua:
2374 1370 2696 1434 inferuntur,
2750 1369 3014 1439 patienter
3052 1369 3271 1440 suffert,
3307 1369 3538 1435 tolerat;

1943 1463 2135 1515 omnia
2164 1459 2365 1526 credit,
2392 1474 2732 1529 quaecunque
2754 1458 2823 1512 de
2846 1460 2960 1513 Deo
2983 1474 3112 1512 sane
3134 1458 3285 1512 credi
3308 1465 3537 1528 oportet.

1945 1550 2147 1604 Omnia
2188 1552 2397 1619 sperat,
2452 1546 2503 1601 et
2551 1547 2604 1600 in
2630 1546 2884 1615 praesenti
2914 1547 3157 1609 virtutes,
3194 1554 3247 1600 et
3276 1546 3330 1600 in
3360 1546 3541 1602 futuro

237 1653 407 1707 quam
438 1636 677 1708 linguas,
698 1637 893 1706 probat
915 1637 1229 1691 charitatem
1252 1636 1688 1692 excellentiorem
1715 1654 1837 1691 esse
1860 1671 1910 1729 B
1946 1636 2196 1709 gloriam.
2232 1636 2435 1691 Omnia
2464 1639 2735 1696 sustinet.
2772 1635 2825 1687 id
2857 1643 2958 1703 est,
2992 1635 3037 1688 si
3068 1633 3349 1689 differatur
3378 1635 3542 1689 retri-

238 1742 403 1797 quam
435 1725 582 1795 loqui
616 1725 833 1797 linguis,
867 1724 1058 1780 dicens
1095 1742 1105 1779 ε
1144 1726 1391 1779 Charitas
1423 1727 1605 1796 utique
1636 1726 1836 1797 linguis

241 1823 325 1869 est
355 1814 712 1869 excellentior
739 1834 751 1880 ;
783 1830 903 1867 nam
934 1816 981 1868 si
1012 1830 1115 1884 ego
1148 1815 1344 1885 loquar
1367 1816 1575 1885 tinguis
1597 1815 1838 1869 omnium

244 1904 561 1967 hominum,
580 1903 946 1973 loquaretiam
971 1904 1182 1974 linguis
1202 1905 1531 1973 angelorum
1545 1903 1673 1968 (non
1698 1904 1841 1974 quod

243 1991 429 2063 angeli
458 1991 661 2063 linguis
709 1990 1017 2062 loquantur,
1053 1992 1151 2045 s'ed
1184 1992 1509 2062 quibusdam
1553 1991 1726 2063 signis
1756 1992 1842 2046 al-

242 2081 344 2135 teri
375 2080 513 2134 alter
544 2079 875 2134 voluntatem
907 2095 1059 2133 suam
1083 2079 1395 2152 signiﬁcat),
1418 2088 1469 2133 et
1492 2080 1535 2133 si
1558 2096 1662 2152 ego
1683 2088 1845 2135 tanta:

243 2168 598 2239 perfectionis
656 2184 853 2233 essem,
918 2176 976 2221 ut
1014 2168 1337 2223 monitiones
1379 2168 1699 2241 angelorum
1746 2184 1845 2225 co-

246 2272 593 2327 gnoscerem,
620 2257 835 2313 I37
867 2256 953 2311 vel
991 2259 1201 2329 linguis
1232 2258 1564 2327 angelorum
1592 2256 1849 2328 loquerer

246 2354 393 2413 (cum
427 2346 572 2399 enim
604 2346 787 2416 angeli
816 2354 1093 2416 assumpta
1124 2346 1295 2400 forma
1329 2346 1506 2417 aliqua
1538 2346 1849 2400 hominibus

247 2435 567 2505 loquuntur,
594 2450 821 2490 necesse
853 2443 933 2489 est
963 2442 1020 2489 ut
1050 2435 1219 2489 verba
1240 2435 1478 2488 humana
1512 2433 1846 2505 proferant);

248 2524 293 2577 si
316 2532 507 2578 autem
526 2525 642 2577 Ι]ωο
666 2524 856 2578 eadem
883 2523 1048 2579 verba
1072 2523 1278 2595 loquar.
1314 2522 1414 2578 Vel
1436 2524 1505 2577 ita
1531 2541 1543 2577 :
1578 2525 1637 2579 Si
1660 2524 1854 2594 loquar

252 2614 465 2684 linguis
519 2612 813 2668 hominum
834 2656 846 2674 .
886 2612 941 2667 id
972 2621 1053 2667 est
1086 2613 1393 2667 humaniter
1422 2612 1714 2667 viventium
1750 2626 1761 2665 :
1795 2618 1852 2667 et

250 2701 459 2773 linguis
486 2702 836 2772 angelorum,
872 2701 927 2756 id
957 2710 1039 2755 est
1076 2718 1266 2756 eorum
1306 2701 1398 2772 qui
1430 2702 1483 2753 in
1513 2701 1618 2756 hoc
1647 2700 1851 2755 mundo

249 2789 671 2860 contemplative
685 2790 889 2855 vivunt,
905 2791 1067 2845 chari
1072 2795 1246 2845 tatem
1258 2795 1449 2845 autem
1466 2806 1579 2845 non
1595 2791 1845 2854 habeam,

250 2883 448 2949 factus
468 2896 594 2933 sum
612 2878 815 2933 inutilis
836 2880 988 2933 velut
1009 2896 1084 2933 ass
1105 2896 1334 2943 sonans,
1359 2879 1502 2950 quod
1521 2878 1851 2935 infructuose

254 2976 520 3037 quantum
569 2966 637 3021 ad
686 2984 743 3021 se
790 2967 1153 3037 pertunditur,
1204 2972 1306 3023 aut
1336 2969 1489 3023 velut
1535 2969 1852 3039 cymbalum

256 3058 538 3123 tinniens,
573 3057 716 3126 quod
744 3071 905 3111 aures
934 3056 1213 3110 hominum
1244 3056 1497 3119 delectat,
1530 3073 1696 3120 seque
1720 3072 1848 3126 per-
1881 3028 1926 3087 Ο

254 3145 436 3198 tundit
464 3152 516 3197 et
562 3144 826 3198 diminuit.
877 3147 943 3199 Et
990 3148 1037 3199 si
1076 3145 1319 3201 habuero
1364 3145 1741 3217 praphetiam,
1794 3152 1851 3198 ut

256 3232 560 3287 illuminato
588 3249 753 3286 sensu
771 3241 999 3287 ventura
1021 3234 1374 3303 prmdicerem
1400 3252 1414 3299 ;
1448 3238 1503 3288 et
1534 3234 1578 3287 si
1602 3233 1851 3289 noverim

257 3324 451 3376 omnia
472 3322 760 3392 mysteria,
794 3321 849 3374 id
880 3330 960 3375 est
988 3320 1191 3391 ﬁguras
1221 3337 1446 3391 Operum
1476 3322 1574 3376 Dei
1605 3324 1681 3392 (ut
1712 3321 1850 3375 dilu-

258 3410 401 3463 vium
436 3409 610 3482 ﬁgura
640 3409 735 3463 fuit
782 3410 1035 3479 baptismi
1066 3418 1118 3465 et
1161 3410 1418 3479 similia);
1452 3414 1507 3465 et
1538 3410 1582 3463 si
1609 3409 1851 3464 noverim

259 3515 483 3553 omnem
501 3499 821 3561 scientiam,
846 3498 899 3552 id
922 3507 1003 3553 est
1025 3499 1267 3569 ipsorum
1284 3498 1669 3568 mysteriorum
1690 3498 1855 3569 signi-

259 3587 568 3642 ﬁcationem
593 3606 607 3651 ;
635 3591 689 3642 et
711 3589 759 3643 si
790 3588 1029 3643 habuero
1062 3603 1287 3642 omnem
1302 3586 1492 3656 ﬁdem,
1514 3589 1599 3642 ita
1614 3591 1678 3641 ut
1699 3603 1855 3641 mon-

264 3683 342 3730 tes
372 3675 464 3739 (ad
493 3675 745 3745 litteram)
779 3680 1127 3747 transferam
1150 3678 1274 3743 (hoc
1295 3676 1437 3731 enim
1468 3684 1579 3731 erat
1599 3676 1853 3731 meritum

262 3763 410 3829 ﬁdei,
463 3773 520 3818 ut
560 3764 606 3819 si
655 3764 830 3819 ﬁdelis
872 3765 1075 3820 diceret
1120 3765 1290 3819 monti
1356 3764 1546 3820 tollere
1596 3765 1752 3831 hinc,
1802 3773 1855 3820 et

259 3853 469 3907 mittere
498 3853 551 3907 in
582 3868 732 3907 mare
752 3852 970 3924 Matth.
995 3869 1103 3919 xxx,
1125 3853 1233 3924 2t],
1258 3853 1329 3907 ita
1349 3870 1449 3924 pro
1480 3862 1631 3909 certo
1653 3852 1849 3910 ﬁeret).

262 3941 361 3995 Vel
392 3942 547 3995 aliter
578 3959 591 3994 :
618 3941 673 3996 Si
694 3942 935 3996 habuero
964 3950 1073 3997 tam
1094 3941 1394 4013 perfectam
1412 3941 1572 3997 ﬁdem
1592 3951 1649 3996 ut
1669 3941 1854 3997 tollam

263 4037 500 4095 montes,
554 4030 606 4083 id
668 4038 750 4085 est
809 4029 1055 4085 diabolos
1102 4031 1171 4085 ab
1232 4031 1473 4085 obsessis
1534 4032 1856 4101 corporibus

262 4117 591 4172 transferam
638 4118 692 4171 in
732 4133 925 4189 porcos
956 4118 1039 4173 vel
1070 4118 1123 4172 in
1154 4119 1480 4187 hujusmodi,
1514 4121 1856 4175 charitatem

264 4212 460 4262 autem
482 4224 597 4261 non
631 4207 890 4273 habuero,
930 4208 1078 4262 nihil
1099 4224 1245 4272 sum,
1270 4208 1322 4261 id
1341 4216 1442 4271 est,
1463 4208 1663 4262 nullius
1680 4207 1860 4263 meriti

264 4304 491 4366 propter
520 4294 684 4351 ﬁdem
706 4297 821 4349 sine
843 4296 1105 4351 charitate
1121 4296 1356 4363 judicor.
1382 4297 1448 4351 Et
1462 4296 1856 4352 sidistribuero

1940 1725 2109 1789 butio,
2140 1723 2469 1794 longaminis
2497 1733 2579 1777 est
2611 1723 2665 1776 in
2697 1723 3032 1777 sustinendo.
3069 1722 3190 1777 Alia
3223 1723 3546 1778 excellentia

1940 1813 2233 1877 charitatis,
2255 1812 2459 1868 scilicet
2481 1811 2603 1882 quia
2629 1812 2882 1866 charitas
2907 1829 3201 1882 nunquam
3224 1812 3458 1879 excidit,
3482 1811 3540 1867 id

1944 1911 2045 1970 est,
2079 1917 2404 1971 permanens
2434 1910 2515 1955 est
2545 1901 2599 1953 in
2628 1909 2906 1965 aaternum,
2941 1909 2991 1954 et
3022 1917 3297 1973 nunquam
3317 1910 3543 1972 praeter-

1944 1991 2023 2045 iit.
2063 1992 2197 2044 Vere
2231 1989 2470 2045 charitas
2521 1988 2638 2042 sola
2685 2004 2792 2043 non
2826 1989 3044 2044 excidit.
3079 1990 3214 2044 Nam
3244 1989 3545 2060 prOphetiae

1946 2088 1999 2133 et
2030 2079 2276 2145 scientia,
2327 2095 2447 2149 qua:
2476 2078 2615 2131 inter
2661 2085 2858 2133 caetera
2889 2078 3062 2147 magis
3093 2086 3239 2133 stare
3270 2079 3540 2146 videntur,

1949 2169 2041 2222 illa
2072 2169 2445 2223 destruuntur.
2479 2167 2601 2221 Sive
2634 2167 2787 2222 enim
2812 2168 3126 2238 praphetice
3148 2166 3272 2235 sint,
3306 2184 3545 2225 evacua-

1950 2258 2163 2313 buntur
2189 2257 2243 2309 in
2274 2256 2467 2309 futuro.
2518 2257 2653 2310 Cum
2693 2255 2836 2310 enim
2868 2254 3045 2309 omnia
3077 2256 3326 2311 omnibus
3355 2266 3543 2328 aperta

1951 2346 2097 2413 ﬁent,
2132 2346 2260 2416 quid
2291 2344 2722 2415 prophetarent?
2749 2345 2871 2401 Sive
2904 2346 3113 2413 lingua:
3146 2345 3271 2411 sint,
3296 2346 3402 2401 illa:
3422 2364 3543 2402 ces-

1950 2435 2174 2500 sabunt,
2209 2434 2463 2487 omnibus
2507 2433 2650 2487 enim
2700 2433 2754 2486 in
2802 2432 2978 2486 futuro
3006 2432 3257 2487 identitas
3288 2435 3390 2489 erit
3420 2452 3543 2491 ser-

1951 2523 2168 2588 monis;
2200 2523 2313 2577 sive
2360 2522 2604 2576 scientia
2650 2538 2769 2593 qua:
2812 2536 2957 2576 nunc
3004 2521 3253 2589 habetur,
3306 2523 3398 2577 illa
3444 2524 3545 2580 de-

1952 2615 2232 2666 struetur.
2290 2609 2429 2679 Quia
2473 2610 2541 2664 de
2607 2609 2835 2665 scientia
2884 2609 3207 2681 quibusdam
3265 2611 3549 2668 videbatur

1954 2700 2099 2771 quod
2132 2714 2459 2769 permanens
2508 2707 2669 2764 esset,
2701 2699 2894 2769 probat
2924 2699 3068 2770 quod
3099 2714 3291 2754 revera
3322 2700 3548 2757 scientia

1953 2804 2199 2859 praesens
2226 2788 2569 2853 destruetur;
2599 2788 2723 2858 quia
2772 2804 2914 2842 nunc
2943 2791 3347 2859 cognoscimus,
3380 2790 3435 2845 id
3466 2798 3548 2846 est

1955 2877 2155 2931 scimus
2184 2893 2257 2931 ex
2284 2880 2467 2948 parte,
2489 2876 2542 2929 id
2564 2885 2642 2930 est
2665 2875 3000 2945 imperfecte.
3028 2877 3093 2930 Et
3114 2893 3241 2932 vere
3263 2880 3549 2950 prophetia

1956 2966 2330 3021 evacuabitur.
2355 2965 2490 3018 Nam
2514 2981 2655 3019 nunc
2673 2965 3076 3035 prophetamus
3097 2982 3169 3020 ea:
3180 2972 3363 3038 parte,
3387 2968 3441 3022 id
3464 2977 3547 3025 est

1948 3053 2263 3125 imperfecte
2287 3052 2409 3119 ;sed
2421 3053 2475 3107 in
2494 3052 2669 3107 futuro
2681 3069 2811 3107 cum
2832 3054 3047 3108 venerit
3070 3054 3212 3126 quod
3223 3060 3547 3127 perfectum

1949 3148 2055 3209 est,
2090 3143 2456 3199 evacuabitur
2501 3158 2663 3197 omne
2709 3142 2842 3196 illud
2889 3143 3030 3215 quod
3060 3159 3133 3198 ex
3160 3154 3347 3216 parte,
3379 3146 3433 3201 id
3464 3155 3547 3202 est

1948 3230 2327 3301 imperfectum
2360 3236 2463 3286 est.

2023 3320 2339 3391 Opponeret
2367 3320 2563 3391 aliquis
2593 3337 2604 3373 :
2639 3321 2838 3374 Verum
2861 3320 3081 3391 quidem
3104 3330 3184 3377 est
3203 3324 3348 3395 quod
3371 3326 3549 3382 scien-

1951 3409 2021 3463 tia
2051 3424 2194 3463 nunc
2226 3416 2307 3462 est
2335 3407 2671 3478 imperfecta,
2706 3408 2801 3461 sed
2834 3408 3072 3479 perfecta
3102 3411 3203 3465 erit
3244 3412 3299 3466 in
3326 3413 3503 3471 futuro
3529 3435 3542 3483 ;

1952 3498 2049 3552 sed
2080 3506 2260 3551 tamen
2316 3496 2408 3550 illa
2460 3512 2591 3566 pars
2636 3496 2875 3551 scientiae
2922 3514 3041 3568 qua:
3089 3516 3231 3555 nunc
3278 3510 3379 3568 est,
3436 3520 3547 3559 non

1952 3587 2281 3650 destruetur,
2316 3586 2414 3640 sed
2445 3585 2498 3638 in
2528 3585 2622 3639 illa
2664 3585 2925 3640 totalitate
2972 3586 3213 3643 scientiae
3243 3590 3542 3647 claudetur.

1951 3675 2021 3728 Et
2050 3676 2155 3729 hoc
2185 3691 2284 3744 per
2314 3674 2590 3729 inductam
2638 3673 3045 3729 similitudinem
3074 3676 3267 3731 Paulus
3298 3679 3544 3749 destruit,

1953 3764 2099 3835 quod
2145 3780 2247 3819 nec
2303 3764 2394 3817 illa
2451 3763 2674 3818 scientia
2722 3780 2843 3834 quae
2888 3780 3032 3820 nunc
3079 3773 3161 3819 est
3192 3778 3545 3837 permaneat;

1953 3853 2079 3924 quia
2109 3852 2564 3923 quemadmodum
2604 3851 2665 3907 1
2684 3852 2839 3908 38
2868 3870 3006 3923 puer
3044 3854 3119 3908 nil
3146 3872 3245 3925 per
3272 3858 3551 3925 rationem,

1956 3943 2052 3997 sed
2082 3960 2181 4013 per
2211 3958 2405 3997 sensus
2435 3950 2488 3996 et
2519 3959 2618 4011 per
2649 3942 2911 4012 quasdam
2945 3944 3214 4016 imagines
3244 3946 3496 4020 intelligit
3532 3967 3545 4003 :

1957 4031 2025 4085 de
2054 4030 2233 4101 lapide
2266 4031 2411 4101 quod
2439 4031 2611 4084 durus
2641 4031 2709 4084 sit
2739 4039 2791 4084 et
2819 4031 3045 4097 solidus,
3080 4042 3132 4087 et
3162 4034 3229 4089 de
3250 4036 3371 4090 aliis
3403 4037 3555 4092 simi-

1956 4120 2112 4186 liter;
2143 4135 2267 4174 cum
2296 4127 2476 4174 autem
2517 4118 2661 4173 idem
2690 4136 2826 4190 puer
2856 4120 3031 4175 factus
3063 4130 3147 4176 est
3177 4123 3278 4189 vir,
3313 4124 3554 4181 dimissis

1958 4208 2310 4279 imaginibus,
2366 4209 2478 4277 jam
2538 4223 2645 4261 non
2699 4208 2975 4278 corporali
3030 4226 3193 4265 sensu
3241 4212 3555 4270 discernere

1963 4313 2232 4367 quaerens,
2266 4296 2385 4350 sola
2414 4296 2466 4350 vi
2496 4296 2723 4350 rationis
2757 4296 2921 4367 longe
2951 4298 3145 4353 melius
3173 4302 3455 4373 cognoscit
3485 4304 3555 4359 de

268 4385 320 4437 id
353 4393 436 4439 est
482 4385 717 4439 diversis
748 4386 1011 4450 tribuere,
1045 4400 1152 4439 non
1179 4386 1454 4455 superflua
1484 4401 1602 4439 mea
1633 4394 1857 4450 tantum,
1882 4386 1934 4444 D
1965 4384 2207 4451 eisdem;
2257 4384 2332 4438 ita
2393 4391 2449 4437 ut
2499 4384 2765 4438 sensualis
2829 4394 2881 4439 et
2928 4386 3246 4459 imaginaria
3295 4390 3555 4463 cognitio,

264 4473 365 4527 sed
395 4472 558 4528 etiam
597 4475 905 4543 facultates
945 4490 1120 4538 meas,
1170 4473 1225 4527 id
1265 4481 1364 4539 est,
1400 4490 1518 4545 quae
1558 4473 1780 4528 facultas
1811 4481 1861 4528 et

267 4561 604 4632 possibilitas
622 4570 766 4617 esset
786 4562 918 4616 mihi
939 4562 1175 4617 retinere
1216 4577 1227 4615 :
1252 4563 1587 4618 distribuere
1609 4562 1732 4618 dico
1752 4578 1860 4617 non

267 4650 321 4703 in
341 4650 639 4721 superflua,
661 4650 753 4705 sed
776 4652 836 4705 in
848 4651 1013 4717 cibos;
1034 4666 1136 4706 nec
1150 4650 1395 4715 divitum,
1416 4651 1510 4705 sed
1525 4668 1860 4723 pauperum;

267 4747 320 4793 et
347 4755 558 4805 omnes,
593 4747 854 4810 quotquot
883 4747 1033 4807 sunt,
1066 4741 1375 4811 facultates
1410 4744 1467 4794 et
1500 4741 1549 4793 si
1580 4740 1863 4795 tradidere

268 4844 471 4899 corpus
499 4844 708 4891 meum,
738 4829 820 4883 ita
869 4832 934 4882 ut
966 4829 1214 4893 ardeam,
1250 4828 1388 4883 sicut
1418 4829 1474 4881 Β.
1519 4828 1861 4893 Laurentius,

270 4917 616 4971 charitatem
647 4921 842 4972 autem
866 4933 978 4972 non
1002 4916 1260 4983 habuero,
1286 4918 1434 4972 nihil
1452 4916 1595 4972 mihi
1616 4917 1863 4989 prodest.

348 5005 557 5059 Cetera
587 5005 703 5060 sine
734 5005 996 5061 charitate
1030 5021 1139 5060 non
1168 5014 1395 5075 prosunt
1420 5025 1433 5071 ;
1476 5006 1571 5060 sed
1594 5005 1865 5071 charitas,

272 5093 485 5146 etiamsi
513 5106 610 5163 per
638 5110 697 5148 se
726 5094 1062 5149 considerari
1093 5102 1275 5165 queat,
1309 5097 1534 5166 patiens
1565 5098 1669 5159 est,
1702 5093 1757 5147 id
1788 5102 1869 5149 est

274 5181 530 5235 virtutem
588 5181 857 5251 patientiae
910 5184 1088 5247 habet,
1136 5182 1347 5236 etiamsi
1387 5183 1517 5235 nihil
1548 5182 1869 5253 quandoque

271 5268 529 5339 patiatur.
579 5272 675 5324 Est
725 5270 886 5324 etiam
935 5271 1197 5341 benigna,
1242 5270 1295 5324 id
1325 5278 1404 5325 est
1433 5271 1588 5341 larga
1618 5278 1669 5324 et
1697 5270 1871 5323 abun-

273 5358 414 5411 dans
459 5357 744 5413 dilectione
802 5358 1052 5429 proximi,
1112 5359 1277 5413 etiam
1321 5359 1366 5413 si
1398 5374 1504 5413 non
1545 5359 1705 5413 habet
1744 5358 1874 5429 quid

276 5446 496 5500 tribuat.
546 5446 836 5518 Postquam
895 5448 1035 5502 bona
1090 5447 1146 5501 in
1203 5448 1462 5503 charitate
1500 5447 1697 5518 posuit,
1732 5447 1875 5501 mala

278 5542 527 5591 removet
541 5536 610 5591 ab
628 5536 840 5604 eadem,
866 5536 1053 5593 dicens
1077 5554 1090 5591 :
1119 5537 1380 5595 Charitas
1403 5554 1518 5595 non
1538 5538 1868 5603 (zz-mutatur,

1963 4488 2122 4543 quam
2155 4490 2292 4543 puer
2321 4472 2525 4541 habuit,
2562 4472 2707 4527 nulla
2730 4473 2843 4541 jam
2875 4474 2976 4528 sibi
2994 4476 3200 4531 ratione
3237 4480 3405 4533 utenti
3436 4496 3561 4536 esse

1962 4562 2223 4616 videatur.
2272 4562 2362 4616 Sic
2420 4561 2643 4617 scientia
2698 4563 2856 4630 hujus
2914 4565 3101 4620 mundi
3148 4582 3246 4636 per
3294 4569 3559 4638 quasdam

1965 4651 2346 4706 similitudines
2390 4650 2716 4721 imaginatur
2762 4652 2974 4719 Deum;
3008 4662 3062 4708 ut
3093 4655 3218 4725 quia
3264 4656 3409 4711 videt
3454 4656 3561 4711 ali-

1966 4756 2128 4811 quem
2176 4747 2469 4809 potentem,
2530 4748 2719 4809 pensat
2776 4741 2948 4795 Deum
3005 4743 3096 4812 qui
3145 4744 3289 4799 hunc
3337 4747 3557 4811 creavit,

1967 4828 2131 4900 longe
2181 4828 2565 4898 potentiorem;
2598 4837 2650 4883 et
2676 4828 2744 4883 de
2796 4830 3007 4885 caeteris
3047 4831 3315 4887 similiter.
3369 4834 3478 4889 Sed
3506 4835 3564 4889 in

1968 4916 2150 4971 futuro
2198 4932 2596 4989 cognoscemus
2645 4918 2815 4973 Deum
2874 4918 3029 4974 sicuti
3085 4929 3214 4977 est:
3248 4939 3409 4993 quem
3453 4939 3563 4980 non

1970 5006 2353 5077 cognoscimus
2391 5006 2553 5060 modo
2603 5006 2760 5062 sicuti
2799 5015 2898 5073 est,
2933 5008 3031 5063 sed
3062 5016 3266 5065 tantum
3297 5011 3564 5084 imagina-

1970 5111 2093 5148 mur
2122 5111 2219 5164 per
2267 5094 2530 5165 quasdam
2580 5094 2979 5151 similitudines.
3013 5099 3077 5151 Et
3120 5100 3247 5170 quia
3278 5109 3403 5157 tunc
3434 5118 3565 5172 per-

1972 5183 2133 5248 lecta,
2179 5198 2325 5237 nunc
2373 5182 2728 5253 imperfecta;
2769 5193 2898 5240 tunc
2944 5188 3245 5243 secundum
3287 5190 3566 5246 veritatem

1972 5272 2072 5336 rei,
2115 5288 2258 5327 nunc
2306 5272 2603 5328 secundum
2646 5273 2912 5345 imagines
2955 5282 3161 5331 tantum
3215 5293 3226 5331 :
3277 5286 3571 5349 propterea

1974 5360 2105 5414 dixit
2160 5360 2439 5415 scientiam
2498 5360 2722 5416 destrui.
2783 5362 3011 5419 Dilectio
3067 5373 3244 5419 autem
3302 5382 3410 5421 non
3466 5366 3569 5421 de-

1976 5456 2243 5503 struetur:
2278 5450 2405 5519 quia
2451 5450 2706 5505 eumdem
2737 5457 2864 5506 tunc
2910 5451 3202 5524 diligemus
3234 5470 3396 5525 quem
3425 5470 3573 5511 nunc

1976 5536 2274 5609 diligimus,
2305 5536 2432 5594 licet
2463 5546 2589 5595 tunc
2630 5539 2944 5609 perfectius.
2994 5540 3137 5596 Vere
3194 5543 3341 5613 quod
3372 5544 3574 5617 imper-
