3960 6050
440 188 543 242 195

999 190 1056 245 8.
1098 189 1449 247 BRUNONIS
1489 187 2135 247 CARTHUSIANORUM
2171 186 2654 246 INSTITUTORIS
2692 189 2843 246 OPP.
2886 191 3062 247 PARS
3098 193 3164 246 II.

3624 196 3728 252 196

437 311 633 367 fectum
667 320 748 368 est
794 314 1162 383 evacuabitur,
1214 332 1335 371 cum
1366 317 1574 372 venerit
1617 317 1763 389 quod
1793 324 1875 372 est
1904 333 2035 387 per-
2054 317 2111 378 Α
2141 338 2163 363 ιι
2200 323 2288 370 tur
2331 315 2552 372 I39
2571 360 2583 382 ,
2617 324 2707 370 aut
2738 317 2883 388 quod
2908 316 3295 372 citharizatur?
3326 315 3541 371 Etenim
3565 316 3610 370 si
3643 316 3729 369 in-

441 400 643 456 fectum
678 420 690 456 :
726 405 1185 473 quemadmodum
1235 405 1428 460 videtis
1478 407 1640 477 quod,
1690 423 1821 461 cum
1864 422 2039 461 essem

439 492 734 561 parvulus,
767 491 873 547 vim
906 493 1131 547 rationis
1161 493 1437 565 ignorans,
1467 496 1725 566 loquebar
1745 499 1810 549 ut
1836 511 2040 566 parvu-

447 580 555 645 lus,
590 581 874 651 sapiebam
906 586 970 636 ut
1001 584 1295 653 parvulus,
1320 583 1633 652 cogitabam
1656 588 1719 638 ut
1738 584 2034 655 parvulus,

443 668 623 722 omnia
671 669 1011 740 imperfecte.
1064 672 1167 725 Sed
1204 671 1424 743 quando
1451 676 1640 742 factus
1679 689 1805 727 sum
1846 672 1949 736 vir,
1984 679 2039 725 et

437 756 543 810 vim
569 757 791 813 rationis
812 759 1047 828 exercui,
1070 762 1333 815 cvacuavi
1350 776 1415 815 ea
1437 777 1559 832 qua?
1580 765 1749 815 erant
1777 760 2005 832 parvuli
2017 780 2035 827 ;

440 846 568 917 quia
618 846 732 914 jam
788 847 995 902 ratione
1054 848 1219 920 longe
1276 849 1469 903 melius
1505 849 1746 903 intellexi
1796 865 1861 904 ea
1892 864 2030 919 quae,

439 934 565 988 dum
616 952 761 990 eram
810 936 1091 1006 parvulus,
1140 937 1227 992 vix
1273 953 1369 1008 per
1422 938 1690 1011 imagines
1738 945 1791 993 et
1839 954 2035 992 sensus

434 1023 824 1095 aliquantulum
858 1025 1110 1097 cognovi.

510 1112 789 1181 Similiter,
827 1113 1281 1184 quemadmodum
1311 1114 1483 1185 pueri,
1502 1116 1751 1171 videmus
1778 1132 1954 1181 nunc,
1980 1114 2033 1169 id

432 1208 516 1256 est
545 1201 598 1255 in
628 1202 902 1272 praesenti,
937 1203 1109 1257 Deum
1130 1220 1232 1275 per
1261 1205 1576 1275 speculum,
1601 1204 1657 1258 id
1688 1213 1769 1259 est
1798 1220 1908 1259 non
1936 1220 2034 1274 per

430 1290 715 1345 veritatem
745 1291 824 1346 rei
853 1291 1010 1346 sicuti
1059 1300 1159 1357 est,
1194 1292 1291 1347 sed
1322 1309 1423 1362 per
1456 1293 1748 1364 quamdam
1779 1292 2032 1347 similitu-

435 1378 618 1434 dinem
668 1396 777 1451 qua
828 1380 1000 1435 Deum
1046 1380 1429 1453 imaginamur;
1462 1398 1563 1437 nec
1605 1399 1705 1452 per
1752 1381 2032 1451 speculum

432 1469 578 1539 quod
632 1469 1026 1539 aliquantulum
1082 1469 1149 1522 sit
1205 1469 1472 1537 lucidum,
1536 1471 1630 1524 sed
1678 1470 1910 1540 positum
1967 1472 2031 1525 in

431 1560 752 1626 aenigmate,
777 1557 829 1611 id
860 1565 961 1621 est,
992 1558 1048 1611 in
1073 1558 1401 1613 obscuritate
1423 1566 1591 1622 tanta,
1626 1567 1680 1612 ut
1719 1559 1918 1613 veritas
1950 1559 2030 1614 rei

2143 428 2164 455 ι
2200 413 2404 461 certam
2436 422 2625 461 vocem
2654 405 2743 460 det
2764 406 2906 475 tuba,
2932 407 3053 478 quis
3074 406 3285 477 parabit
3308 422 3365 460 se
3390 406 3459 460 ad
3482 405 3683 459 bellum
3702 405 3729 457 ‘P

2143 514 2163 541 ιι
2201 494 2273 547 lta
2302 502 2354 548 et
2382 511 2479 548 vos
2510 512 2610 564 per
2640 495 2876 567 linguam
2908 495 3013 549 nisi
3044 496 3390 550 manifestum
3420 510 3723 549 sermonem

2141 603 2162 631 ‹
2198 582 2477 649 dederitis,
2513 585 2786 654 quomodo
2815 584 3017 640 scietur
3046 584 3100 639 id
3118 584 3262 656 quod
3292 583 3530 639 dicitur?
3560 583 3728 637 Eritis

2141 692 2162 718 ιι
2199 671 2343 725 enim
2371 671 2425 724 in
2456 688 2584 726 aera
2629 673 2932 743 loquentes.
2979 674 3111 727 Tam
3156 673 3343 739 multa,
3386 681 3441 726 ut
3472 680 3597 742 puta
3626 689 3729 744 ger

2142 782 2163 810 ι
2197 775 2331 814 nera
2362 760 2666 831 linguarum
2706 770 2828 815 sunt
2872 762 2927 814 in
2968 763 3072 816 hoc
3114 762 3335 825 mundo,
3368 768 3420 815 et
3449 760 3581 814 nihil
3614 760 3731 814 sine

2140 868 2161 898 ι
2199 864 2331 904 voce
2358 857 2458 903 est.
2506 850 2561 904 Si
2609 866 2744 922 ergo
2785 850 3033 905 nesciero
3066 851 3319 905 virtutem
3351 850 3519 913 vocis,
3556 865 3650 903 ero
3682 848 3731 902 ei

2138 960 2159 984 ιι
2196 936 2279 992 cui
2309 937 2503 1009 loquor
2534 938 2822 1003 barbarus,
2847 947 2899 993 et
2920 940 3011 1010 qui
3032 939 3271 1010 loquitur
3290 938 3422 992 mihi
3445 937 3725 991 barbarus.

2138 1049 2159 1073 ιι
2200 1028 2289 1081 Sic
2320 1034 2371 1081 et
2399 1042 2497 1082 vos
2528 1028 2783 1098 quoniam
2804 1028 3144 1083 aemulatores
3167 1027 3297 1082 estis
3319 1027 3626 1097 spirituum,
3660 1026 3732 1080 ad

2138 1139 2160 1162 ιι
2195 1114 2610 1171 aediﬁcationem
2662 1116 2938 1181 Ecclesiae,
2983 1117 3205 1187 quaerite
3237 1123 3292 1170 ut
3319 1115 3628 1170 abundetis.
3664 1115 3732 1169 Et

2138 1226 2161 1254 ι
2216 1204 2339 1259 ideo
2402 1205 2494 1275 qui
2540 1204 2782 1275 loquitur
2828 1205 3035 1275 lingua,
3087 1213 3207 1259 oret
3253 1212 3311 1258 ut
3358 1204 3719 1274 interpretur.

2138 1315 2159 1341 α
2193 1293 2331 1345 Nam
2362 1292 2407 1346 si
2437 1309 2592 1348 orem
2621 1294 2822 1363 lingua,
2857 1293 3076 1364 spiritus
3100 1310 3254 1348 meus
3278 1300 3414 1359 orat,
3447 1308 3729 1349 mens.au-

2137 1404 2158 1428 ιι
2194 1388 2302 1435 tem
2335 1397 2459 1435 mea
2508 1381 2625 1436 sine
2669 1382 2845 1437 fructu
2894 1390 2995 1436 est.
3047 1381 3190 1450 Quid
3219 1398 3355 1453 ergo
3386 1381 3505 1435 est?
3539 1380 3725 1435 Orabo

2136 1492 2157 1516 ιι
2192 1468 2405 1539 spiritu,
2438 1470 2609 1523 orabo
2656 1478 2706 1523 et
2746 1477 2959 1534 mente;
2992 1469 3219 1539 psallam
3251 1469 3465 1539 spiritu,
3498 1468 3725 1539 psallam

2136 1579 2158 1608 ι
2191 1566 2244 1612 et
2290 1566 2487 1612 mente.
2543 1559 2807 1613 Caeterum
2858 1558 2903 1611 si
2952 1558 3297 1612 benedixeris
3330 1557 3545 1628 spiritu,
3607 1557 3730 1627 quis

429 1646 728 1699 secundum
760 1645 906 1716 quod
949 1655 1048 1712 est,
1090 1646 1238 1701 nullo
1282 1646 1445 1701 modo
1493 1655 1894 1717 cognoscatur;
1931 1647 2027 1701 sed
2048 1678 2100 1737 B
2139 1670 2158 1695 ιι
2195 1646 2408 1716 supplet
2439 1645 2615 1701 locum
2647 1647 2867 1701 idiotze?
2898 1646 3184 1714 Quomodo
3206 1647 3347 1700 dicet
3369 1662 3529 1701 amen
3561 1661 3726 1716 super

434 1737 572 1789 tunc
604 1734 658 1787 in
690 1733 869 1789 futuro
902 1735 1210 1790 videbimus
1239 1736 1411 1790 Deum
1432 1736 1579 1807 facie
1611 1735 1682 1790 ad
1710 1738 1938 1807 faciem,
1972 1736 2027 1789 id

429 1830 531 1890 est,
586 1823 888 1878 videbimus
939 1824 1113 1878 Deum
1174 1824 1331 1879 sicuti
1390 1832 1490 1879 est.
1541 1826 1608 1879 Et
1639 1824 1764 1895 quia
1794 1824 1872 1880 sic
1903 1825 2023 1894 erit,

426 1920 657 1982 apparet
688 1912 833 1983 quod
881 1928 1128 1982 praesens
1170 1912 1393 1968 scientia
1436 1913 1650 1983 penitus
1678 1913 2022 1979 destruetur;

428 2001 526 2055 sed
556 2001 793 2056 charitas
824 2001 1163 2070 permanebit
1198 2019 1211 2055 :
1245 2002 1374 2055 dum
1405 2002 1657 2057 eumdem
1689 2018 1850 2072 quem
1882 2018 2025 2056 nunc

425 2087 724 2161 diligimus,
756 2088 810 2142 in
852 2088 1034 2143 futuro
1081 2090 1393 2161 diligemus.
1429 2092 1509 2144 De
1545 2090 1701 2145 vobis
1730 2090 1916 2161 utique
1948 2090 2026 2144 sic

424 2177 547 2244 erit,
581 2186 635 2231 ut
664 2193 810 2233 nunc
840 2176 1176 2247 imperfecte,
1219 2186 1346 2233 tunc
1375 2178 1618 2248 perfecte
1637 2177 1982 2249 cognoscatis
2007 2198 2020 2243 ;

425 2264 549 2336 quia
576 2281 680 2335 ego
708 2264 826 2336 ipse
857 2282 1012 2321 nunc
1036 2282 1301 2337 cognosco
1332 2268 1506 2321 Deum
1538 2284 1610 2322 ex
1638 2271 1822 2339 parte,
1857 2266 1910 2320 id
1942 2274 2024 2320 est

425 2353 775 2424 imperfecte;
808 2354 902 2409 scd
934 2358 1070 2410 tunc
1102 2355 1157 2408 in
1184 2355 1366 2409 futuro
1399 2372 1728 2427 cognoscam
1759 2372 1882 2410 eum
1910 2364 2021 2409 tam

423 2442 681 2513 perfecte,
711 2444 859 2498 sicut
892 2448 946 2498 et
980 2460 1086 2516 ego
1117 2446 1376 2514 cognitus
1397 2461 1522 2499 sum
1553 2460 1585 2499 a
1614 2445 1749 2510 Deo,
1783 2444 1868 2499 cui
1890 2443 2022 2497 nihil

423 2531 554 2587 latet
607 2533 661 2586 in
718 2548 825 2586 me.
878 2533 1008 2587 Ideo
1058 2534 1291 2588 charitas
1334 2542 1416 2588 est
1454 2533 1820 2601 excellentior,
1870 2533 2018 2604 quia,

422 2636 547 2676 cum
577 2620 680 2675 alia
712 2620 1083 2687 destruentur,
1108 2622 1198 2675 illa
1230 2622 1347 2676 sola
1377 2622 1744 2693 permanebit;
1779 2630 1829 2677 et
1860 2622 2019 2676 etiam

420 2724 585 2775 nunc,
618 2710 748 2763 dum
775 2709 828 2763 in
877 2711 1133 2780 praesenti
1171 2726 1294 2766 cum
1339 2712 1461 2765 aliis
1490 2712 1776 2766 virtutibus
1806 2726 2018 2781 perma-

420 2806 529 2864 net,
572 2798 924 2854 excellentior
974 2808 1056 2854 est
1095 2800 1344 2855 omnibus
1384 2800 1510 2854 illis.
1563 2800 1669 2855 Sed
1719 2800 1892 2855 littera
1940 2799 2018 2854 sic

413 2886 682 2958 jungitur.
719 2889 778 2941 In
821 2888 1004 2942 futuro
1042 2889 1411 2954 destruentur,
1457 2889 1551 2945 sed
1580 2905 1736 2943 nunc
1777 2892 2016 2944 manent

416 2976 554 3044 ﬁdes
583 2993 727 3049 spes,
777 2977 1051 3032 Charitas.
1098 2978 1200 3032 Per
1238 2978 1334 3031 has
1381 2994 1572 3032 omnes
1603 2978 1829 3032 virtutes
1857 2976 2014 3031 intel-

415 3064 534 3135 ligit
566 3064 710 3136 quod
750 3063 933 3131 fidem,
982 3082 1137 3136 spem
1181 3074 1233 3120 et
1277 3067 1618 3133 cbaritatem,
1662 3065 1791 3121 satis
1821 3066 2013 3121 leviter

417 3155 624 3209 habere
652 3154 899 3224 potestis,
934 3155 1056 3225 quia
1078 3170 1185 3209 non
1206 3163 1331 3209 sunt
1359 3155 1462 3209 nisi
1494 3157 1606 3210 tria
1628 3156 1743 3211 haec
1761 3174 1779 3220 ;
1800 3159 1856 3209 et
1886 3171 2010 3210 cum

416 3250 525 3296 tam
555 3257 731 3312 pauca
760 3242 887 3308 sint,
918 3252 1223 3313 prmparant
1252 3260 1470 3298 omnem
1500 3244 1759 3315 gloriam.
1788 3244 1855 3298 Et
1884 3242 2009 3298 licet

416 3331 575 3385 simul
605 3339 875 3397 maneant,
914 3339 1095 3386 tamen
1125 3332 1376 3389 charitas
1405 3338 1489 3388 est
1510 3336 1694 3405 major
1709 3334 1928 3398 horum,
1954 3332 2008 3386 1d

410 3428 493 3475 est
521 3420 662 3475 inter
691 3420 824 3488 haec,
861 3419 947 3475 vel
986 3421 1161 3489 major
1203 3421 1307 3489 his,
1342 3420 1449 3476 ﬁde
1477 3422 1685 3477 scilicet
1718 3429 1769 3475 et
1797 3437 1922 3492 spe;
1957 3429 2008 3474 et

411 3509 541 3581 quia
584 3508 921 3580 permanebit
972 3508 1026 3562 in
1070 3518 1354 3576 aeternum,
1402 3519 1453 3566 et
1495 3527 1637 3565 nunc
1695 3511 1866 3578 major
1902 3517 2003 3575 est,

407 3597 533 3654 ideo
591 3596 872 3653 sectamini
929 3597 1251 3654 charitatem
1297 3600 1592 3671 praacipue,
1641 3615 1749 3655 non
1800 3612 2008 3670 genera

409 3686 722 3759 linguarum
736 3727 749 3741 .

1015 3870 1241 3927 CAPUT
1263 3869 1409 3925 XIV.

486 4075 506 4099 ιι
551 4051 844 4108 Sectamini
890 4050 1227 4117 charitatem,
1282 4044 1613 4102 temulamini
1672 4042 1999 4115 spiritualia,

408 4162 433 4189 ιι
474 4141 649 4213 magis
701 4149 880 4196 autem
904 4148 963 4195 ut
991 4136 1345 4211 prOphetetis.
1407 4134 1512 4203 Qui
1568 4133 1714 4188 enim
1769 4132 2005 4203 loquitur

409 4250 432 4280 ιι
467 4229 677 4302 lingua,
708 4246 819 4285 non
860 4228 1169 4285 hominibus
1216 4225 1469 4296 loquitur,
1524 4223 1621 4277 sed
1652 4224 1793 4276 Deo.
1827 4221 2001 4275 Nemo

407 4341 432 4367 ιι
470 4319 615 4373 enim
672 4319 848 4383 audit,
911 4318 1129 4389 spiritus
1186 4324 1364 4370 autem
1417 4312 1657 4384 loquitur
1713 4310 1995 4381 mysteria.

405 4424 429 4451 ι
466 4403 604 4457 Nam
642 4404 734 4474 qui
771 4403 1078 4474 prophetat,
1110 4399 1421 4455 hominibus
1448 4396 1686 4469 loquitur
1713 4396 1780 4449 ad
1810 4394 1983 4450 aadifi-
2005 4392 2057 4451 D
2092 4415 2113 4439 ιι

404 4510 429 4541 α
467 4491 769 4557 cationem,
814 4500 864 4546 et
909 4490 1358 4553 exhortationem,
1410 4494 1463 4542 et
1528 4484 1982 4541 consolationem.

397 4599 426 4629 ιι
464 4578 570 4648 Qui
618 4579 858 4651 loquitur
898 4580 1105 4650 lingua,
1174 4576 1525 4646 semetipsum
1580 4571 1841 4639 aedificat;
1901 4571 1993 4642 qui

399 4687 423 4719 ιι
460 4676 641 4724 autem
695 4669 1009 4739 prophetat,
1038 4666 1343 4722 Ecclesiam
1397 4661 1625 4718 aedificat
1672 4661 1792 4733 [al.,
1848 4659 1988 4731 Dei].

398 4779 423 4805 α
463 4757 600 4813 Volo
629 4765 808 4812 autem
851 4772 1042 4812 omnes
1082 4772 1178 4810 vos
1222 4752 1373 4825 loqui
1410 4751 1630 4822 linguis,
1682 4748 1854 4820 magis
1885 4764 1989 4802 au-

393 4867 416 4891 ιι
461 4852 567 4901 tem
620 4847 960 4917 prophetare.
1019 4845 1160 4899 Nam
1209 4842 1381 4911 major
1422 4848 1503 4895 est
1547 4838 1639 4909 qui
1677 4837 1985 4908 prophetat,

400 4958 420 4981 ιι
456 4950 616 5005 quam
647 4934 737 5005 qui
785 4935 1025 5006 loquitur
1069 4932 1305 5004 linguis;
1336 4928 1441 4983 nisi
1474 4927 1612 4982 forte
1661 4926 1985 4995 interprete-

394 5044 415 5070 ιι
454 5030 555 5091 tur,
588 5030 647 5076 ut
674 5023 919 5079 Ecclesia
966 5019 1377 5077 aediﬁcationem
1409 5016 1658 5087 accipiat.
1700 5016 1855 5069 Nunc
1885 5028 1987 5067 au-

396 5131 420 5161 ιι
456 5119 581 5177 tem,
631 5110 842 5176 fratres,
896 5111 942 5164 si
990 5125 1193 5165 venero
1242 5108 1310 5163 ad
1358 5123 1456 5162 vos
1498 5104 1701 5176 linguis
1730 5103 1981 5173 loquens,

394 5220 418 5251 ιι
454 5200 583 5271 quid
614 5201 768 5255 vobis
799 5200 1058 5271 prodero,
1090 5198 1195 5252 nisi
1225 5197 1378 5252 vobis
1401 5195 1605 5265 loquar,
1626 5200 1719 5247 aut
1740 5192 1794 5245 in
1827 5206 1984 5245 reve-

394 5312 415 5337 ι.
450 5288 670 5355 latione,
721 5296 813 5342 aut
856 5288 911 5341 in
940 5286 1184 5352 scientia,
1236 5293 1325 5340 aut
1362 5284 1417 5337 in
1456 5281 1762 5353 prophetia,
1811 5287 1900 5334 aut
1929 5278 1983 5332 in

390 5399 412 5423 ιι
447 5376 732 5434 doctrina?
777 5377 980 5430 Tamen
1040 5391 1160 5445 quae
1203 5374 1319 5428 sine
1375 5371 1558 5427 anima
1615 5377 1739 5423 sunt
1792 5383 1981 5424 vocem

387 5484 411 5515 ι
445 5466 649 5534 dantia,
683 5465 799 5521 sive
843 5464 990 5531 tibia,
1039 5462 1155 5519 sive
1186 5462 1413 5529 cithara,
1444 5459 1549 5514 nisi
1579 5457 1978 5513 distinctionem

387 5574 411 5605 ε
447 5554 685 5610 sonitum
713 5554 986 5621 dederint,
1032 5550 1306 5626 quomodo
1334 5550 1537 5608 scietur
1564 5548 1620 5604 id
1649 5546 1793 5620 quod
1822 5546 1979 5603 cani-

2135 1756 2157 1785 ι
2193 1744 2341 1788 tuam
2405 1735 2833 1790 benedictionem
2860 1778 2872 1801 ,
2925 1736 3178 1806 quoniam
3225 1734 3354 1806 quid
3400 1735 3569 1799 dicas,
3621 1750 3723 1789 ne-

2133 1847 2153 1871 ιι
2193 1824 2331 1879 scit?
2361 1824 2501 1877 Nam
2533 1831 2589 1877 tu
2620 1824 2839 1894 quidem
2872 1824 3009 1878 bene
3040 1824 3244 1895 gratias
3275 1823 3412 1894 agis,
3448 1824 3544 1878 sed
3587 1823 3724 1877 alter

2132 1936 2153 1959 ιι
2191 1928 2300 1966 non
2346 1910 2663 1967 ardilicatur.
2717 1912 2937 1966 Gratias
2964 1928 3068 1983 ago
3098 1914 3214 1966 Deo
3246 1911 3369 1983 [αι.,
3403 1911 3545 1983 meo]
3576 1911 3720 1982 quod

2134 2024 2154 2048 ιι
2188 2000 2429 2055 omnium
2477 2010 2719 2055 vestrum
2768 2000 2952 2073 lingua
3002 2001 3211 2071 loquor.
3266 2002 3373 2055 Sed
3404 2001 3457 2054 in
3488 1999 3723 2056 ecclesia

2132 2111 2153 2139 α
2191 2090 2313 2144 volo
2362 2089 2599 2160 quinque
2638 2089 2807 2144 verba
2837 2106 3002 2143 sensu
3036 2106 3160 2144 meo
3205 2089 3374 2160 loqui,
3422 2098 3479 2143 ut
3502 2097 3554 2144 et
3583 2089 3720 2143 alios

2130 2201 2150 2227 ιι
2183 2179 2467 2242 instruam,
2502 2194 2668 2248 quam
2696 2178 2887 2233 decem
2918 2178 3086 2232 millia
3115 2179 3409 2233 verborum
3432 2178 3486 2231 in
3506 2178 3715 2250 lingua.

2130 2290 2150 2313 ιι
2188 2267 2423 2335 Fratres,
2466 2266 2632 2321 nolite
2661 2266 2814 2336 pueri
2862 2266 2997 2321 efﬁci
3057 2266 3328 2335 sensibus,
3362 2267 3458 2322 sed
3513 2266 3719 2320 malitia

2128 2378 2148 2402 ιι
2186 2354 2400 2425 parvuli
2432 2362 2624 2420 estote,
2658 2354 2909 2409 sensibus
2956 2363 3135 2409 autem
3168 2353 3397 2424 perfecti
3430 2361 3621 2408 estote.
3658 2355 3716 2407 In

2128 2465 2149 2494 ι
2185 2443 2308 2515 lege
2338 2443 2483 2497 enim
2532 2443 2787 2513 scriptum
2828 2452 2911 2498 est
2943 2461 2955 2497 :
2994 2465 3016 2493 ι
3071 2442 3339 2511 Quoniam
3381 2442 3433 2496 in
3467 2442 3587 2496 aliis
3616 2442 3717 2496 lin-

2127 2554 2147 2582 ιι
2186 2533 2309 2603 guis
2335 2540 2387 2586 et
2418 2533 2470 2585 in
2519 2532 2672 2586 labiis
2703 2532 2821 2585 aliis
2869 2532 3059 2602 loquar
3105 2531 3307 2602 populo
3340 2531 3501 2598 huic;
3535 2539 3587 2586 et
3616 2547 3719 2587 nec

2125 2644 2146 2668 ιι
2184 2622 2263 2677 sic
2292 2622 2579 2675 exaudient
2600 2638 2704 2685 me,
2731 2621 2858 2676 dicit
2874 2621 3139 2675 Dominus
3163 2622 3291 2689 (Isa.
3311 2635 3513 2683 xxvm,
3551 2622 3658 2687 11).
3689 2640 3712 2670 ι

2126 2731 2147 2759 ι
2184 2710 2367 2780 Itaque
2394 2709 2595 2780 lingua:
2633 2709 2687 2763 in
2730 2710 2948 2780 signum
2996 2718 3117 2763 sunt
3161 2725 3269 2763 non
3313 2707 3581 2774 ﬁdelibus,
3615 2708 3714 2763 sed

2128 2820 2149 2849 ε
2188 2796 2494 2852 inﬁdelibus
2529 2813 2540 2851 :
2574 2799 2875 2869 prOphetiaa
2904 2807 3083 2853 autem
3116 2814 3226 2853 non
3254 2797 3581 2863 infidelibus,
3615 2797 3712 2851 sed

2125 2911 2145 2933 ιι
2191 2886 2458 2942 fidelibus.
2496 2887 2551 2941 Si
2584 2903 2720 2959 ergo
2764 2887 3050 2943 conveniat
3097 2888 3347 2941 universa
3377 2885 3627 2942 Ecclesia
3656 2886 3713 2940 in

2123 3000 2144 3023 ιι
2188 2993 2373 3041 unum,
2408 2984 2460 3030 et
2507 2992 2697 3031 omnes
2727 2975 2926 3046 linguis
2957 2976 3266 3046 loquantur,
3299 2976 3500 3029 intrent
3530 2983 3712 3029 autem

2116 3088 2137 3111 ιι
2182 3065 2361 3119 ὶάἰοιω
2390 3073 2478 3118 aut
2524 3063 2790 3129 infideles,
2840 3080 3021 3119 nonne
3067 3064 3268 3131 dicent,
3304 3063 3432 3135 quid
3464 3063 3711 3118 insanitis

2116 3176 2137 3201 ιι
2184 3154 2239 3207 Si
2288 3162 2466 3207 autem
2513 3169 2705 3207 omnes
2756 3154 3101 3223 prophetent,
3152 3153 3316 3207 intret
3361 3159 3539 3207 autem
3588 3152 3709 3223 quis

2115 3264 2136 3288 ιι
2181 3240 2414 3296 inﬁdelis
2442 3241 2527 3297 vel
2558 3240 2742 3308 idiota,
2776 3242 3123 3296 convincitur
3156 3242 3223 3294 ab
3254 3240 3527 3307 omnibus,
3559 3240 3705 3308 diju-

2115 3354 2135 3377 ιι
2180 3330 2391 3386 dicatur
2421 3330 2491 3384 ab
2521 3330 2792 3383 omnibus.
2831 3330 3056 3385 Occulta
3072 3330 3216 3383 enim
3233 3330 3415 3384 COI‘dlS
3436 3329 3552 3397 ejus
3582 3344 3704 3383 ma-

2114 3442 2135 3465 ιι
2180 3419 2371 3473 nifesta
2394 3418 2544 3486 fiunt,
2572 3427 2624 3473 et
2646 3419 2715 3472 ita
2738 3418 2942 3473 cadens
2970 3418 3020 3471 in
3045 3417 3241 3472 faciem
3264 3418 3512 3471 adorabit
3531 3419 3702 3472 Deum

2113 3532 2135 3554 ιι
2180 3507 2536 3578 pronuntians
2584 3507 2731 3577 quod
2776 3523 2903 3561 vere
2950 3507 3097 3560 Deus
3145 3506 3200 3558 in
3240 3506 3391 3560 vobis
3442 3505 3527 3559 sit.
3563 3505 3705 3573 Quid

2114 3619 2133 3641 ιι
2179 3612 2311 3668 ergo
2340 3604 2441 3659 est,
2490 3594 2730 3668 fratres?
2760 3610 2882 3649 cum
2932 3593 3274 3656 convenitis,,
3328 3593 3702 3664 unusquisque

2112 3708 2134 3731 ιι
2177 3662 2416 3739 vestrum
2446 3662 2720 3754 psalmdm
2756 3682 2955 3747 habet;
2985 3680 3283 3736 doctrinam
3316 3662 3514 3745 habet;
3546 3662 3699 3751 Apo-

2112 3796 2133 3820 ιι
2178 3773 2444 3843 calypsim
2473 3773 2635 3826 habet
2661 3790 2674 3837 ;
2705 3772 2944 3843 linguam
2969 3770 3167 3837 habet;
3198 3770 3701 3841 interpretationem

2111 3885 2132 3909 ιι
2175 3862 2337 3916 habet
2372 3879 2384 3915 :
2419 3862 2599 3916 omnia
2629 3861 2699 3915 ad
2727 3859 3141 3915 azdificationem
3170 3859 3320 3915 ﬁant.
3356 3861 3481 3915 Sive
3511 3860 3704 3932 lingua

2110 3973 2131 3996 ιι
2176 3950 2297 4021 quis
2326 3949 2565 4021 loquitur
2595 3948 2893 4004 secundum
2923 3949 3079 4014 duos,
3113 3957 3203 4003 aut
3232 3958 3290 4003 ut
3310 3949 3538 4003 multum
3561 3957 3697 4012 tres,

2109 4061 2130 4085 «
2175 4046 2228 4094 et
2258 4055 2356 4109 per
2386 4047 2589 4109 partes,
2624 4046 2676 4093 et
2698 4054 2838 4092 unus
2858 4038 3257 4109 interpretetur.
3292 4038 3348 4093 Si
3378 4046 3559 4093 autem
3590 4053 3698 4092 non

2109 4149 2130 4174 ιι
2167 4127 2327 4181 fuerit
2353 4128 2640 4197 interpres,
2674 4134 2843 4182 taceat
2874 4127 2928 4180 in
2959 4127 3209 4194 ecclesia,
3254 4126 3357 4179 sibi
3386 4135 3566 4180 autem
3603 4126 3689 4180 lo-

2108 4239 2129 4263 ιι
2176 4224 2375 4287 quatur
2405 4224 2454 4272 et
2484 4216 2619 4272 Deo.
2666 4217 2951 4287 PrOpheta:
2996 4222 3176 4270 autem
3206 4216 3312 4268 duo
3350 4223 3439 4268 aut
3473 4223 3584 4268 tres
3613 4215 3698 4267 di-

2108 4328 2129 4351 ιι
2174 4313 2318 4373 cant,
2353 4313 2405 4360 et
2433 4305 2616 4361 caeteri
2662 4304 2975 4373 dijudicent.
3028 4302 3185 4371 Quod
3216 4302 3260 4355 si
3298 4302 3499 4372 aliquid
3532 4302 3696 4375 [aliis]

2158 4394 2459 4449 revelatum
2495 4393 2656 4447 fuerit
2703 4392 2933 4457 sedenti,
2986 4391 3138 4461 prior
3203 4398 3394 4444 taceat.
3456 4390 3689 4444 Potestis

2098 4505 2119 4529 ιι
2164 4483 2309 4538 enim
2338 4498 2530 4537 omnes
2574 4496 2673 4551 per
2720 4479 2967 4552 singulos
3015 4479 3354 4549 pr0phetare,
3406 4486 3463 4532 ut
3493 4494 3685 4534 omnes

2097 4592 2118 4617 ι(
2162 4570 2389 4637 discant,
2440 4576 2492 4623 et
2538 4583 2729 4622 omnes
2766 4568 3146 4631 exhortentur;
3181 4574 3233 4621 et
3280 4566 3504 4637 spiritus
3554 4582 3690 4637 pro-

2096 4680 2118 4704 «
2160 4658 2446 4728 phetarum
2476 4654 2754 4727 prophetis
2785 4655 3059 4723 subjectus
3103 4662 3203 4710 est.
3239 4656 3361 4709 Non
3394 4656 3538 4709 enim
3569 4655 3688 4710 dis-

2095 4768 2116 4791 «
2161 4745 2431 4801 sensionis
2478 4753 2560 4799 est
2598 4745 2762 4811 Deus,
2816 4743 2911 4799 sed
2951 4743 3141 4813 pacis;
3176 4743 3315 4799 sicut
3344 4744 3399 4797 in
3431 4744 3685 4799 omnibus

2095 4856 2115 4880 ιι
2160 4834 2406 4889 ecclesiis
2455 4840 2770 4887 sanctorum
2814 4833 3005 4888 doceo.
3056 4831 3308 4887 Mulieres
3353 4832 3406 4885 in
3438 4831 3687 4887 ecclesiis

2094 4943 2115 4968 ιι
2159 4930 2369 4977 taceant
2402 4937 2413 4974 :
2444 4937 2553 4975 non
2575 4921 2718 4975 enim
2738 4921 3064 4991 permittitur
3083 4922 3161 4976 eis
3183 4921 3348 4993 loqui,
3378 4922 3475 4976 sed
3498 4921 3685 4975 subdi-

2092 5034 2113 5057 «
2158 5019 2239 5065 tas
2270 5026 2412 5076 esse,
2462 5032 2483 5056 ιι
2521 5009 2658 5065 sicut
2704 5017 2757 5065 et
2801 5009 2885 5063 lex
2935 5010 3063 5065 dicit
3106 5010 3265 5079 (Gen.
3301 5025 3381 5075 tu,
3418 5010 3526 5079 16).
3565 5033 3587 5057 n
3625 5010 3681 5065 Si

2090 5123 2110 5145 ιι
2156 5099 2284 5171 quid
2314 5107 2493 5153 autem
2533 5098 2718 5153 volunt
2746 5096 2982 5164 discere,
3016 5098 3163 5153 domi
3192 5098 3336 5153 viros
3361 5113 3488 5152 suos
3519 5097 3683 5151 inter-

2090 5211 2111 5235 ιι
2155 5196 2365 5261 rogent.
2398 5189 2573 5258 Turpe
2616 5194 2697 5241 est
2726 5186 2869 5241 enim
2900 5187 3113 5242 mulieri
3144 5186 3290 5257 loqui
3324 5186 3376 5241 in
3406 5186 3669 5241 ecclesia.

2090 5300 2110 5325 ιι
2154 5280 2237 5331 An
2266 5293 2296 5331 a
2325 5276 2479 5332 vobis
2509 5276 2739 5331 verbum
2770 5275 2869 5329 Dei
2892 5275 3195 5346 processit?
3222 5284 3309 5329 aut
3331 5275 3383 5328 in
3412 5290 3505 5329 vos
3528 5274 3677 5328 solos

2089 5388 2110 5413 ιι
2153 5366 2441 5437 pervenit?
2469 5365 2525 5420 Si
2556 5364 2676 5436 quis
2714 5364 2928 5420 videtur
2967 5366 3233 5435 propheta
3262 5379 3404 5427 esse,
3439 5370 3529 5417 aut
3557 5362 3673 5433 spi-

2088 5476 2108 5502 ιι
2152 5454 2381 5521 ritualis,
2414 5460 2710 5525 cognoscat
2742 5469 2863 5524 qua:
2893 5452 3071 5508 scribo
3101 5452 3275 5517 vobis,
3310 5451 3436 5522 quia
3458 5450 3676 5505 Domini

2085 5566 2107 5591 ιι
2152 5550 2277 5599 sunt
2322 5542 2592 5598 mandata.
2628 5541 2683 5597 Si
2711 5541 2833 5613 quis
2872 5548 3051 5597 autem
3096 5540 3329 5613 ignorat,
3373 5539 3671 5613 ignorabi-
