3960 6050
178 238 280 291 197

807 229 1187 287 EXPOSITIO
1224 230 1299 284 IN
1336 222 1720 283 EPISTOLAS
1761 218 1985 275 PAULI.
2020 249 2088 259 —
2124 219 2197 274 ΙΝ
2233 218 2453 273 EPIST.
2486 217 2506 271 Ι
2538 217 2631 272 ΑΙ)
2676 214 2834 271 COR.

3382 208 3484 262 198

189 380 211 408 α
247 368 354 414 tur.
388 360 593 430 Itaque,
625 358 838 422 fratres,
872 355 1199 413 mmulamini
1252 353 1600 424 prophetare,
1636 354 1688 402 et
1717 346 1797 399 lo—
1818 344 1867 406 A
1899 344 1966 398 de
1995 343 2308 415 Scripturis.
2344 342 2442 398 Vel
2472 340 2775 396 doctrinam
2832 338 2898 393 de
2952 335 3214 403 moribus,
3271 316 3336 430 in
3381 346 3488 403 quo

190 472 211 494 υ
250 449 342 519 qui
392 448 592 520 linguis
641 446 805 501 nolite
848 446 1161 516 prohibere.
1214 442 1407 498 Omnia
1460 447 1636 495 autem
1685 437 1789 490 ho-

192 559 214 586 ι
248 545 403 591 neste
436 544 485 592 et
517 536 816 592 secundum
848 534 1095 591 ordinem
1138 532 1269 587 ﬁant
1298 532 1354 585 in
1380 529 1557 585 vobis.
1596 552 1617 577 »ι

835 737 1149 778 EXPOSITIO.

258 868 550 938 Postquam
581 867 649 920 de
696 865 954 920 charitate
1000 864 1269 934 probavit,
1322 861 1467 933 quod
1516 860 1792 916 excellen-

188 957 292 1011 tior
322 964 469 1010 esset
510 972 619 1009 non
664 954 835 1010 solum
889 954 1110 1025 linguis,
1162 952 1258 1006 sed
1300 959 1352 1005 et
1399 950 1547 1004 omni
1579 950 1790 1013 virtute,

188 1041 383 1112 probat
411 1041 557 1111 quod
589 1040 915 1110 prophetare
964 1037 1182 1108 dignius
1213 1045 1265 1091 et
1295 1036 1474 1089 utilius
1507 1035 1576 1088 sit
1606 1034 1660 1087 in
1691 1035 1794 1088 Ec-

191 1132 377 1198 clesia,
431 1146 594 1200 quam
642 1129 789 1199 loqui
837 1127 1061 1199 linguis.
1110 1127 1180 1180 Et
1225 1127 1331 1180 hoc
1374 1125 1569 1195 probat
1613 1121 1796 1177 multis

191 1218 394 1278 modis.
429 1218 619 1274 dicens
656 1218 831 1272 :Licet
855 1217 1034 1271 dicam
1058 1232 1173 1285 prie
1200 1214 1453 1269 omnibus
1496 1211 1798 1268 sectamini

193 1310 558 1371 charitatem,
592 1306 716 1360 volo
756 1313 939 1360 tamen
983 1304 1335 1359 wmulemini
1362 1302 1710 1374 spiritualia,
1742 1299 1797 1353 id

194 1406 273 1451 est
319 1396 649 1451 desideretis
701 1393 1015 1465 spirituales
1064 1394 1290 1465 gratias.
1339 1392 1409 1445 Et
1455 1407 1578 1446 cum
1607 1404 1799 1443 omnes

194 1486 353 1540 utiles
389 1486 514 1549 sint,
554 1489 744 1539 tamen
772 1482 1083 1537 desiderate
1112 1486 1176 1536 ut
1206 1479 1553 1553 prOphetetis
1599 1480 1796 1549 magis,

193 1590 353 1646 quam
386 1573 533 1643 loqui
563 1572 783 1642 linguis.
815 1573 883 1625 Et
912 1570 1086 1642 magis
1130 1570 1319 1640 utique
1348 1577 1430 1623 est
1477 1568 1799 1622 desideran-

1892 434 2111 505 operari
2143 441 2355 504 oportet
2390 447 2401 485 :
2438 431 2717 487 scientiam
2743 430 2809 483 de
2829 426 3038 482 naturis
3068 439 3262 488 rerum,
3297 422 3349 475 in
3385 436 3492 492 quo

1892 522 2191 593 speculatio
2224 522 2341 576 sola
2372 519 2582 575 sufficit.
2618 517 2959 588 PrOphetiam
2994 521 3152 569 vocat
3181 510 3489 567 continuam

1890 610 2189 666 futurorum
2223 610 2606 681 cognitionem,
2632 623 2739 662 non
2770 623 2870 677 per
2901 605 3102 677 figuras
3132 601 3360 672 aliquas,
3395 597 3495 652 sed

1893 700 2006 755 sola
2080 700 2443 753 insinuatione
2502 696 2734 767 Spiritus
2815 693 3026 759 sancti;
3111 688 3497 746 revelationem

1893 805 2044 855 vero,
2080 789 2309 842 subitam
2342 787 2707 859 cognitionem
2736 784 3062 847 futurorum,
3094 788 3151 835 ut
3178 778 3371 850 aliquis
3403 777 3499 830 ab-

1894 888 2143 948 reptusa
2176 876 2375 947 Spiritu
2406 875 2585 930 subito
2644 873 2820 927 futura
2879 870 3203 942 przedixerit,
3264 876 3316 923 et
3372 880 3497 921 mox

1896 967 2125 1038 Spiritus
2151 967 2219 1020 ab
2252 982 2318 1021 eo
2349 964 2673 1030 recesserit;
2706 962 2793 1017 vel
2851 960 3255 1023 revelationem,
3312 956 3367 1010 id
3414 961 3498 1010 est

1896 1054 2262 1127 cognitionem
2292 1054 2593 1108 futurorum
2622 1068 2722 1123 per
2760 1050 2988 1118 somnia,
3020 1055 3079 1102 ut
3107 1048 3161 1101 in
3192 1044 3418 1101 Daniele
3448 1051 3501 1098 et

1900 1145 2125 1215 Joseph,
2160 1143 2246 1198 vel
2274 1158 2376 1212 per
2404 1158 2493 1196 res
2522 1149 2728 1213 gestas,
2754 1148 2816 1193 ut
2846 1139 2965 1193 Noe
2995 1154 3095 1209 per
3121 1151 3323 1191 arcam.

1970 1233 2168 1287 Probat
2197 1231 2339 1286 idem
2393 1229 2740 1284 similitudine
2796 1228 3237 1291 inanimatorum,
3270 1223 3456 1279 dicens
3490 1237 3502 1276 :

1898 1320 2046 1377 Licet
2076 1321 2143 1375 de
2172 1336 2260 1375 me
2289 1320 2407 1390 ipso
2426 1318 2733 1389 exemplum
2755 1317 2908 1371 vobis
2940 1314 3279 1379 adduxerim,
3315 1318 3507 1368 tamen

1899 1426 2009 1463 non
2033 1409 2271 1480 oportuit
2296 1428 2309 1473 ;
2345 1408 2467 1479 quia
2496 1408 2549 1461 in
2588 1408 2673 1460 his
2702 1423 2823 1477 qua:
2850 1408 2986 1459 sunt
3023 1406 3143 1459 sine
3174 1404 3390 1469 anima,
3412 1418 3508 1457 vo-

1900 1515 2038 1566 cem,
2073 1498 2127 1551 id
2157 1506 2238 1552 est
2266 1513 2459 1551 sonum
2491 1497 2599 1551 dan
2611 1497 2690 1550 tia
2718 1496 2867 1559 ;sive
2897 1496 3000 1548 hoc
3024 1493 3092 1545 sit
3115 1492 3269 1557 tibia,
3302 1493 3415 1546 sive
3434 1491 3508 1546 ci-

1903 1588 2069 1641 thara
2084 1606 2101 1641 :
2114 1588 2227 1641 nisi
2241 1585 2502 1641 dederint
2518 1585 2943 1639 distinctionem
2958 1583 3267 1646 sonituum,
3284 1595 3510 1652 quomo-

202 1664 326 1717 dum
357 1682 370 1726 ;
406 1664 537 1734 quia
568 1661 658 1715 ille
682 1662 776 1732 qui
796 1661 1043 1732 loquitur
1067 1660 1265 1728 lingua
1292 1657 1588 1727 incognita,
1626 1656 1799 1727 loqui-

1918 1676 1975 1729 lo
2006 1676 2216 1730 scietur
2237 1675 2379 1747 quod
2395 1676 2648 1739 canitur,
2676 1672 2940 1743 autquod
2958 1671 3341 1726 citharizatur
3367 1669 3395 1721 ?
3418 1667 3507 1723 Sic

200 1758 295 1807 tur
324 1769 442 1807 non
475 1751 809 1814 hominibus,
844 1749 897 1802 id
922 1756 1004 1803 est
1034 1764 1141 1802 non
1171 1747 1238 1801 ad
1267 1745 1684 1801 aediticationnm
1715 1744 1807 1797 ho-

201 1840 430 1904 minum,
475 1840 569 1894 sed
592 1841 718 1899 Deo.
771 1838 824 1891 id
854 1845 936 1891 est
994 1837 1063 1890 ad
1108 1838 1370 1891 honorem
1421 1834 1519 1888 Dei
1576 1841 1802 1897 tantum,

196 1930 283 2000 qui
316 1930 561 2000 linguam
594 1927 759 1981 dedit.
792 1928 931 1980 Vere
963 1943 1077 1980 non
1109 1925 1444 1988 honiinibus,
1476 1940 1612 1977 nam
1643 1938 1807 1978 nemo

194 2018 477 2072 hominum
500 2017 680 2081 audit,
714 2016 767 2068 id
797 2023 879 2070 est
934 2014 1187 2085 intelligit
1245 2030 1363 2083 qum
1406 2012 1496 2065 ille
1549 2011 1804 2082 loquitur,

196 2107 293 2161 sed
322 2106 453 2161 licet
484 2120 643 2159 nemo
674 2104 872 2169 audiat,
900 2111 1080 2158 tamen
1110 2104 1356 2174 Spiritus
1387 2108 1604 2157 sanctus
1636 2102 1811 2172 loqui-

199 2201 293 2251 tur
326 2196 603 2266 mysteria
634 2210 732 2263 per
762 2193 912 2247 illum
960 2193 1271 2263 loquentem
1301 2190 1486 2261 lingua
1513 2189 1807 2260 incognita.

197 2285 339 2339 Vere
374 2284 549 2353 magis
578 2283 710 2336 utile
738 2290 817 2337 est
840 2283 1171 2352 prOphetare
1195 2295 1360 2351 quam
1390 2278 1540 2350 loqui
1569 2278 1770 2351 linguis
1795 2296 1809 2343 ;

198 2374 327 2444 quia
353 2373 446 2426 ille
478 2372 571 2443 qui
599 2372 890 2442 prephetat
937 2370 1173 2441 loquitur
1217 2368 1528 2424 hominibus
1575 2368 1645 2421 ad
1675 2368 1813 2422 tedi-

199 2460 532 2516 ﬁcationem.
581 2460 680 2514 Vel
717 2461 1011 2532 jungamus
1057 2458 1127 2512 ad
1171 2457 1497 2527 proximum,
1532 2464 1590 2509 ut
1633 2463 1812 2510 tamen

201 2551 397 2605 eadem
414 2550 480 2603 sit
498 2549 764 2603 sententia
790 2548 1147 2617 :propterhoc
1162 2546 1304 2617 quod
1323 2563 1478 2609 nam,
1504 2545 1651 2616 quia,
1671 2545 1815 2599 enim

200 2639 464 2710 proximis
497 2638 833 2707 respondere
863 2637 1100 2701 debent;
1133 2635 1581 2706 loquenslinguis
1598 2650 1707 2687 non
1736 2634 1816 2688 lo-

203 2728 397 2799 quitur
441 2727 775 2781 hominibus.
817 2728 959 2781 Nam
998 2725 1089 2780 ille
1121 2733 1327 2780 tantum
1359 2728 1455 2797 qui
1491 2724 1812 2796 prophetat,

201 2817 255 2871 id
315 2824 403 2871 est
455 2816 546 2886 qui
612 2815 971 2870 obscuritates
1027 2815 1429 2884 Scripturarum
1501 2813 1697 2883 aperit,
1730 2812 1817 2868 hic

209 2908 467 2977 loquitur
498 2905 818 2959 hominibus
857 2903 928 2957 ad
957 2903 1414 2972 aediﬁcationem,
1449 2902 1503 2956 id
1533 2909 1615 2957 est
1645 2908 1702 2955 ut
1730 2901 1818 2953 in-

206 3004 382 3049 struat
416 2993 703 3047 ruditatem
722 2991 945 3048 I40
960 3008 1149 3047 eorum
1173 3012 1186 3057 ;
1211 3000 1263 3047 et
1293 3000 1579 3062 postquam
1607 2990 1814 3043 instru-

1908 1773 1960 1819 et
1993 1779 2109 1828 vos,
2145 1764 2271 1834 quia
2303 1762 2645 1817 indistinctos
2678 1776 2843 1815 sonos
2900 1758 3247 1834 confunditis,
3281 1774 3389 1812 non
3420 1757 3508 1810 in-

1907 1832 2177 1925 telligitur
2199 1852 2343 1923 quod
2376 1851 2573 1907 dicitis.
2633 1852 2835 1904 Iterum
2882 1865 2983 1919 per
3024 1832 3169 1902 aliud
3200 1847 3374 1918 probo
3403 1862 3511 1901 non

1910 1958 2033 1997 esse
2088 1941 2449 2012 appetendam
2506 1938 2879 1995 confusionem
2935 1938 3265 2008 linguarum.
3299 1935 3512 1990 Etenim

1910 2034 1959 2086 si
1991 2032 2122 2085 tuba
2153 2031 2247 2085 det
2276 2030 2557 2084 incertam
2616 2044 2820 2093 vocem,
2853 2043 2975 2081 cum
3032 2026 3281 2080 distincta
3313 2024 3381 2078 sit
3411 2039 3514 2079 vox

1910 2120 2071 2183 tubae,
2105 2118 2335 2173 invitans
2365 2118 2431 2171 ad
2462 2117 2683 2184 bellum,
2716 2117 2837 2186 quis
2874 2122 3096 2186 propter
3122 2114 3385 2169 incertam
3415 2128 3517 2168 vo-

1913 2224 2031 2264 cem
2058 2209 2283 2279 parabit
2315 2223 2371 2261 se
2401 2205 2474 2262 ad
2504 2207 2750 2261 bellum?
2800 2205 2973 2259 Nemo
3013 2203 3216 2275 utique.
3258 2203 3357 2259 Vel
3385 2203 3517 2257 illud

1915 2296 2109 2352 etenim
2138 2295 2384 2367 jungitur
2415 2295 2484 2349 ad
2507 2294 2831 2364 proximum.
2864 2292 3075 2347 Cithara
3109 2292 3195 2347 vel
3224 2291 3352 2345 tibia
3382 2307 3520 2347 con-

1914 2385 2033 2439 fuse
2067 2400 2269 2439 sonans
2294 2399 2402 2438 non
2458 2382 2801 2454 intelligitur.
2859 2381 2997 2435 Nam
3060 2381 3185 2435 tuba
3215 2397 3313 2451 per
3342 2380 3517 2435 simile

1916 2474 2052 2528 dans
2091 2488 2279 2527 vocem
2312 2472 2575 2527 incertam
2602 2487 2711 2526 non
2738 2470 3073 2541 intelligitur.
3124 2470 3192 2523 Et
3223 2470 3361 2525 sicut
3390 2470 3521 2523 tuba

1915 2559 2053 2613 dans
2074 2557 2338 2612 incertam
2362 2572 2553 2611 vocem
2575 2571 2682 2609 non
2706 2554 3043 2627 intelligitur,
3075 2556 3159 2609 ita
3177 2558 3235 2608 et
3260 2570 3369 2619 vos,
3404 2555 3520 2609 nisi

1914 2664 2015 2719 per
2048 2649 2300 2717 linguam
2340 2646 2614 2700 dederitis
2632 2646 3009 2714 manifestum
3033 2659 3372 2710 sermonem,
3388 2660 3523 2716 quo-

1916 2736 2075 2791 modo
2108 2737 2325 2790 scietur
2344 2734 2409 2787 ab
2424 2733 2762 2788 auditoribus
2790 2733 2847 2787 id
2858 2732 3000 2805 quod
3030 2748 3060 2785 a
3081 2731 3235 2787 vobis
3257 2732 3522 2789 dicetur?

1916 2823 2204 2878 Nescietur
2231 2824 2436 2894 utique.
2472 2824 2612 2879 Nam
2633 2838 2732 2876 vos
2754 2823 2915 2877 eritis
2952 2822 3238 2892 loquentes
3268 2822 3330 2875 in
3360 2837 3514 2887 aera,

1919 2912 1973 2965 id
2004 2920 2087 2967 est
2144 2912 2339 2965 frustra
2371 2912 2727 2966 verberantes
2772 2926 2979 2965 aerem.
3038 2910 3346 2980 Loquentes
3401 2910 3524 2966 dico

1920 3005 2038 3055 tam
2050 3002 2239 3056 multa
2259 3006 2325 3055 ut
2342 3005 2499 3072 puta,
2520 3001 2574 3053 id
2586 3008 2668 3055 est
2685 3000 2821 3054 sicut
2858 3014 3066 3071 genera
3092 2999 3421 3069 linguarum
3441 2999 3522 3053 in-

211 3083 280 3139 cti
314 3091 440 3137 sunt
460 3082 532 3138 ad
551 3081 1030 3147 exhortationem,
1063 3090 1120 3135 ut
1142 3081 1211 3135 ad
1243 3080 1468 3135 meliora
1488 3095 1547 3133 se
1564 3078 1777 3151 erigant
1800 3095 1815 3144 ;
1841 3062 1887 3123 C
1915 3088 2062 3143 ﬁnita
2092 3094 2231 3144 ,ςαηι
2258 3092 2320 3144 in
2342 3062 2693 3155 ’νιοοινὴυηίίοι
2728 3062 3111 3159 ειίῐινεὶῃςυιίε
3140 3062 3341 3159 linguis
3372 3088 3523 3143 nihil

209 3178 263 3228 et
293 3173 363 3226 ad
394 3172 841 3227 consolationem
888 3180 945 3224 ut
974 3171 1027 3224 in
1071 3169 1500 3224 tribulationibus
1530 3168 1694 3222 fortes
1722 3183 1816 3236 ap-

212 3268 463 3332 pareant.
498 3261 593 3314 Ille
621 3275 749 3314 vero
778 3262 872 3331 qui
924 3261 1175 3332 loquitur
1208 3260 1403 3329 lingua
1433 3256 1726 3327 incognita,
1762 3262 1819 3309 ut

209 3352 334 3420 plus
365 3350 613 3417 wdiﬁcat
641 3350 1008 3420 semetipsum
1043 3363 1054 3400 :
1081 3348 1406 3418 quandoque
1434 3362 1535 3401 nec
1567 3362 1657 3409 se;
1693 3345 1817 3415 quia

212 3456 321 3493 non
353 3438 627 3508 intelligit,
662 3438 911 3507 opposita
954 3436 1240 3491 sententia.
1306 3435 1413 3490 Sed
1444 3434 1531 3488 ille
1562 3434 1657 3503 qui
1684 3450 1817 3504 pro-

211 3529 434 3598 phetat,
468 3526 596 3580 dum
630 3526 938 3596 Scripturas
956 3525 1322 3595 aperit,totam
1357 3524 1664 3578 Ecclesiam
1693 3522 1821 3576 (edi-

210 3619 367 3685 ﬁcat.
401 3617 468 3670 Et
497 3615 623 3686 quia
651 3622 795 3668 tanta
823 3614 1024 3668 utilitas
1053 3621 1137 3668 est
1166 3610 1546 3683 prophetandi,
1583 3612 1704 3667 volo
1717 3609 1822 3664 uti-

213 3722 317 3777 que
352 3722 443 3760 vos
465 3721 657 3759 omnes
688 3705 835 3775 loqui
861 3704 1094 3773 linguis,
1130 3702 1226 3756 sed
1263 3706 1457 3756 tamen
1486 3701 1666 3772 magis
1695 3699 1820 3754 volo

214 3810 316 3849 vos
347 3793 705 3865 praphetare.
756 3794 1066 3863 Propterea,
1121 3791 1249 3863 quia
1276 3790 1366 3845 ille
1396 3792 1492 3863 qui
1519 3789 1821 3862 prophetat

213 3886 403 3951 major
432 3886 516 3938 est
545 3882 830 3953 dignitate,
864 3882 1148 3945 etmerilo,
1182 3888 1233 3935 et
1262 3879 1509 3944 utilitate,
1542 3894 1708 3951 quam
1730 3877 1821 3930 ille

218 3973 315 4044 qui
350 3973 603 4042 loquitur
635 3972 864 4041 linguis,
894 3970 1010 4024 nisi
1037 3973 1184 4041 forte
1216 3968 1385 4039 (quod
1415 3967 1501 4021 vix
1534 3965 1820 4036 contingit)

216 4060 308 4114 ille
361 4062 801 4131 interpretetur,
858 4059 912 4112 id
942 4066 1023 4112 est
1077 4064 1309 4128 exponat
1340 4056 1555 4126 cognita
1610 4056 1819 4127 lingua,

219 4148 366 4219 quod
399 4148 679 4220 incognita
735 4147 989 4219 loquitur,
1051 4150 1117 4201 ut
1175 4146 1253 4200 sic
1293 4146 1544 4200 Ecclesia
1574 4147 1821 4217 accipiat

220 4238 668 4305 ludiﬁcationem
698 4252 798 4306 per
826 4233 1476 4305 ejusinterpretationem,
1511 4249 1632 4304 qua:
1661 4233 1825 4287 inter-

218 4327 458 4397 pretatio
489 4324 634 4379 idem
667 4325 809 4380 valet
857 4324 1003 4395 quod
1048 4323 1349 4394 prophetia.
1385 4323 1585 4377 Probat
1628 4340 1725 4393 per
1754 4323 1825 4376 si-

1916 3182 2001 3233 est
2032 3178 2155 3232 sine
2184 3194 2312 3233 voce
2344 3197 2361 3232 :
2392 3177 2819 3248 unumquodque
2841 3176 3004 3231 habet
3028 3176 3307 3246 prOprium
3340 3183 3392 3230 et
3420 3176 3524 3230 dis-

1916 3267 2140 3321 tinctum
2185 3267 2253 3319 ab
2299 3267 2418 3320 aliis
2467 3266 2811 3321 vocabulum.
2847 3267 2988 3337 Ergo
3019 3264 3145 3336 quia
3173 3264 3372 3335 linguat-
3402 3273 3527 3319 sunt

1918 3356 2165 3417 diversas,
2192 3362 2245 3409 et
2262 3370 2425 3409 voces
2445 3354 2730 3420 distinctae,
2753 3356 2804 3409 si
2828 3370 2933 3424 ego
2956 3356 3208 3409 nesciero
3232 3355 3523 3420 virtutem,

1918 3444 1973 3498 id
2004 3452 2082 3497 est
2115 3441 2567 3515 signiﬁcationem
2598 3444 2746 3497 vocis
2797 3457 2959 3512 quam
3006 3441 3247 3511 profero,
3282 3458 3374 3497 ero
3404 3444 3527 3498 bar-

1919 3531 2086 3587 barus
2115 3534 2170 3587 ei
2200 3532 2293 3587 cui
2331 3532 2556 3603 loquar;
2590 3535 2646 3585 et
2673 3533 2770 3602 qui
2802 3531 3057 3602 loquitur
3076 3531 3239 3599 mihi,
3261 3532 3531 3587 barbarus

1921 3620 2169 3675 similiter
2229 3620 2534 3685 videbitur;
2570 3619 2648 3674 sic
2706 3619 2837 3674 estis
2868 3626 2921 3673 et
2975 3634 3074 3673 vos
3102 3619 3158 3672 in
3213 3619 3527 3674 alterutrum

1921 3709 2154 3763 barbari.
2185 3709 2284 3763 Vel
2316 3716 2373 3762 ut
2419 3708 2505 3763 hic
2553 3707 2773 3778 incipiat
2828 3723 3040 3762 versus.
3086 3708 3198 3775 Sic,
3230 3707 3284 3761 id
3316 3715 3399 3763 est
3429 3709 3529 3765 hac

1920 3798 2166 3863 ratione;
2201 3797 2327 3868 quia
2374 3797 2650 3869 incognite
2704 3795 2961 3868 loquitur,
3023 3796 3290 3851 barbarus
3312 3797 3529 3865 judica-

1921 3896 2007 3942 tur
2029 3906 2043 3954 ;
2064 3904 2155 3943 vos
2171 3888 2367 3953 etiam,
2384 3887 2650 3957 quoniam
2664 3888 2798 3942 estis
2811 3886 3174 3941 cemulatores
3201 3887 3527 3958 spirituum,

1921 3976 1976 4030 id
2008 3984 2091 4030 est
2119 3976 2522 4030 desideratores
2571 3974 2932 4045 spiritualium
2980 3974 3265 4041 bonorum,
3299 3976 3533 4047 quwrite

1922 4070 1991 4120 ut
2022 4066 2326 4120 abundetis
2357 4064 2412 4117 in
2440 4063 2527 4118 his
2559 4063 2718 4119 donis
2749 4080 2870 4135 quae
2932 4063 3114 4118 valent
3168 4064 3240 4118 ad
3284 4065 3532 4133 aediﬁca-

1927 4154 2142 4209 tionem
2172 4154 2465 4221 Ecclesia,
2525 4160 2583 4206 ut
2640 4152 2948 4223 prophetia.
3014 4154 3078 4207 Et
3134 4169 3204 4206 ne
3242 4153 3531 4207 intendatis

1924 4242 2279 4297 varietatibus
2334 4241 2687 4313 linguarum;
2740 4241 2865 4313 quia
2920 4242 3017 4296 illa
3072 4242 3217 4297 dona
3272 4249 3530 4312 appetere

1925 4330 2170 4397 debetis,
2260 4347 2380 4401 qua:
2462 4330 2678 4385 valeant
2747 4330 2817 4383 ad
2895 4329 3302 4386 aedificationem
3334 4330 3536 4387 I41

220 4415 587 4470 militudinem
616 4414 719 4477 sui,
753 4414 897 4484 quod
926 4428 1036 4467 non
1088 4412 1322 4467 debeant
1367 4412 1619 4467 insistere
1659 4413 1831 4468 varie-
1858 4418 2210 4483 DEcclesize.
2245 4419 2367 4474 Ideo
2397 4418 2486 4473 ille
2516 4420 2612 4490 qui
2668 4419 2917 4490 loquitur
2970 4421 3166 4491 lingua
3232 4420 3531 4492 incognita,

226 4504 431 4559 tatibus
487 4503 797 4575 linguarum
853 4502 1089 4557 dicens:
1146 4501 1286 4570 Quia
1327 4517 1426 4571 per
1479 4501 1721 4575 linguam
1752 4502 1834 4555 in-

222 4593 499 4663 cognitam
530 4591 779 4647 Ecclesia
816 4606 926 4644 non
973 4588 1287 4656 aedificatur,
1318 4606 1424 4644 non
1481 4598 1605 4644 sunt
1634 4590 1836 4662 linguae

225 4681 352 4736 ideo
408 4681 637 4735 multum
695 4680 1044 4750 appetenda,
1080 4694 1182 4733 nec
1240 4678 1401 4733 etiam
1428 4678 1571 4743 ideo,
1606 4680 1728 4750 quia
1760 4679 1836 4733 sic

231 4785 337 4841 ego
364 4787 520 4825 nunc
548 4769 711 4823 etiam
741 4784 862 4823 cum
886 4768 1000 4836 jam
1050 4767 1301 4822 conversi
1359 4766 1507 4832 estis,
1543 4776 1595 4821 et
1626 4768 1837 4839 linguas

229 4859 677 4921 habetis,venero
698 4857 770 4912 ad
790 4873 898 4921 vos,
918 4859 1151 4926 fratres,
1190 4857 1416 4927 loquens
1451 4857 1658 4926 tinguis
1679 4857 1838 4910 inau-

229 4947 379 5015 ditis,
413 4947 547 5019 quid
578 4948 742 5011 vobis,
772 4946 1022 5016 prodere,
1057 4945 1173 5000 nisi
1218 4946 1411 5016 loquar
1443 4946 1607 5012 vobis,
1644 4949 1745 5000 aut
1776 4948 1838 5000 in

230 5036 661 5101 reuelationem,
677 5039 779 5090 aut
792 5035 851 5088 in
866 5035 1129 5099 scientia,
1145 5037 1245 5087 aut
1259 5035 1321 5086 in
1333 5034 1758 5105 praphctia,aut
1776 5036 1839 5088 in

229 5125 518 5183 doctrina,
555 5124 606 5177 id
635 5131 715 5177 est
746 5123 789 5176 si
808 5122 938 5175 nihil
960 5122 1151 5192 loquar
1172 5121 1327 5175 vobis
1358 5121 1410 5174 in
1433 5122 1614 5193 aliquo
1636 5138 1839 5193 genere

233 5212 629 5268 instructionis.
661 5211 1067 5266 Revelationem
1098 5218 1149 5265 et
1180 5210 1532 5280 prophetiam,
1569 5212 1709 5265 dona
1741 5210 1841 5265 Dei

232 5301 511 5372 intelligit,
573 5300 849 5356 scientiam
880 5307 932 5354 et
964 5298 1262 5354 doctrinam
1318 5298 1656 5353 industrialia
1693 5314 1704 5351 :
1736 5300 1841 5354 ha-

233 5390 432 5445 bentur
466 5389 609 5444 enim
640 5406 737 5459 per
764 5388 1083 5443 industriam
1139 5388 1394 5443 hominis.
1425 5388 1494 5441 Et
1551 5396 1707 5442 vocat
1736 5388 1840 5443 do-

236 5480 489 5547 ctrinam,
523 5478 672 5550 quod
696 5478 816 5549 quis
849 5476 1083 5533 addiscit
1110 5477 1176 5531 ab
1229 5476 1356 5532 alio.
1408 5476 1699 5532 Scientiam
1738 5491 1842 5530 au-

234 5575 344 5623 tem
374 5569 501 5634 hoc,
538 5567 685 5639 quod
714 5566 891 5621 studio
923 5574 975 5623 et
1004 5565 1228 5637 proprio
1269 5564 1559 5622 excercitio
1592 5564 1845 5635 intelligit

1934 4512 2053 4565 oret
2101 4509 2275 4563 Deum
2323 4511 2390 4562 ut
2431 4509 2865 4579 interpretetur,
2915 4508 2970 4562 id
3001 4516 3082 4563 est
3112 4516 3168 4563 ut
3201 4509 3333 4565 sciat
3362 4509 3536 4570 inter-

1934 4592 2139 4663 pretari
2194 4592 2558 4659 audientibus,
2592 4592 2736 4662 quod
2792 4592 2974 4647 aliena
3030 4593 3220 4666 lingua
3275 4593 3529 4663 loquitur.

1937 4682 2035 4738 Vel
2066 4682 2139 4735 ita
2165 4696 2177 4735 :
2205 4682 2308 4748 Qui
2341 4682 2590 4753 loquitur
2621 4681 2837 4751 lingua,
2870 4685 3011 4745 oret,
3037 4682 3093 4736 id
3124 4690 3206 4736 est
3236 4681 3491 4752 loquatur
3518 4695 3530 4735 :

1936 4772 2007 4825 ita
2036 4770 2255 4841 utquod
2278 4778 2497 4839 perorat
2515 4771 2950 4840 interpretetur.
2976 4770 3252 4841 Sicutique
3275 4771 3517 4841 loquen-

1938 4860 2069 4913 dum
2098 4866 2199 4922 est,
2218 4865 2277 4911 ut
2298 4857 2665 4927 interpretatio
2687 4873 2872 4912 comes
2902 4857 2987 4912 sit.
3022 4859 3161 4913 Nam
3190 4859 3237 4912 si
3268 4874 3375 4930 ego
3406 4858 3526 4929 ipse

1939 4964 2113 5009 orem,
2145 4947 2200 5000 id
2218 4953 2300 5000 est
2316 4946 2527 5016 loquar,
2545 4945 2628 5001 vel
2651 4962 2802 5000 orem
2824 4947 2992 5001 Deum
3018 4948 3215 5017 lingua
3233 4946 3530 5020 incognita,

1940 5036 2175 5108 spiritus
2195 5051 2373 5099 meus,
2405 5035 2461 5088 id
2493 5042 2575 5089 est
2607 5034 2835 5105 Spiritus
2870 5044 3087 5090 sanctus
3152 5036 3286 5090 mihi
3324 5036 3482 5091 datus
3518 5050 3532 5090 :

1942 5124 2027 5179 vel
2055 5124 2289 5195 spiritus
2306 5138 2479 5189 meus,
2506 5123 2559 5176 id
2578 5130 2659 5177 est
2678 5123 2815 5177 ratio
2833 5139 2969 5191 mea,
2997 5140 3136 5195 quae,
3160 5124 3286 5181 licet
3315 5141 3423 5180 non
3445 5125 3534 5179 in-

1939 5212 2167 5283 telligat,
2198 5213 2400 5266 bonum
2429 5220 2609 5266 tamen
2639 5212 2740 5268 scit
2769 5228 2891 5266 esse
2947 5213 3093 5284 quod
3123 5214 3271 5280 dicit,
3306 5214 3433 5285 quia
3462 5229 3528 5267 ex

1944 5302 2087 5357 dono
2121 5302 2218 5356 Dei
2251 5316 2262 5354 :
2296 5301 2448 5367 ratio,
2474 5301 2712 5372 inquam,
2772 5300 2858 5355 vel
2912 5302 3135 5372 spiritus
3174 5318 3331 5357 meus
3360 5302 3415 5355 in
3444 5316 3533 5357 me

1943 5395 2070 5447 orat
2092 5391 2284 5445 Deum.
2310 5390 2409 5445 Vel
2424 5394 2571 5459 orat,
2593 5390 2743 5444 idest
2772 5389 3010 5462 loquitur
3030 5406 3041 5445 :
3062 5392 3157 5447 sed
3176 5406 3353 5457 mens,
3379 5389 3433 5444 id
3455 5397 3537 5444 est

1944 5479 2247 5534 intellectus
2275 5495 2449 5545 meus,
2487 5483 2571 5535 est
2594 5480 2719 5534 sine
2737 5481 2957 5550 fructu,
2981 5480 3037 5535 id
3059 5488 3140 5535 est
3165 5480 3281 5534 sine
3310 5478 3538 5535 utilitate

1946 5568 2399 5638 compunctionis,
2454 5567 2581 5639 quia
2619 5584 2717 5639 per
2762 5569 2865 5624 hoc
2916 5569 3060 5640 quod
3116 5584 3227 5625 non
3267 5567 3534 5640 intelligo,
