3960 6050
414 169 516 224 199

951 173 1012 228 S.
1078 174 1433 231 BRUNONIS
1492 176 2142 236 CARTHUSIANORUM
2198 180 2684 239 INSTITUTORIS
2714 180 2865 238 OPP.
2898 182 3074 239 PARS
3105 183 3174 237 II.

3604 188 3710 242 200

411 295 704 367 compungi
725 312 956 368 nequeo.
977 297 1428 371 Quandoquidem
1452 301 1496 356 si
1519 302 1698 373 lingua
1736 303 2012 374 incognita
2032 308 2081 367 A
2117 306 2314 362 ctando
2346 306 2561 378 linguas
2592 323 2823 379 quarum
2846 324 3067 363 sensum
3096 324 3205 363 non
3241 307 3506 379 habeatis,
3538 310 3723 365 nolite

412 383 626 455 loquor,
662 386 777 440 sine
808 386 982 442 fructu
1015 406 1153 455 sum,
1190 391 1317 461 quia
1346 407 1453 445 non
1496 392 1841 463 interpretor.
1882 395 2021 462 Quid

416 489 540 544 ergo
570 478 671 541 est,
704 475 758 530 id
789 484 871 531 est
912 479 1187 549 quomodo
1228 480 1494 534 orandum
1544 482 1673 536 est?
1713 483 1791 535 Ita
1837 482 2022 554 utique

412 562 688 630 orabo,vel
716 564 906 637 loquar
933 568 1161 638 spiritu,
1189 568 1243 622 id
1273 576 1354 623 est
1387 585 1521 625 voce
1550 569 1827 642 incognita
1859 586 2023 641 quam

415 654 635 723 spiritus
662 654 769 720 dat,
794 655 882 710 vel
913 657 1051 711 ratio
1073 665 1153 711 est
1184 662 1238 713 et
1259 657 1333 711 ita
1362 656 1525 713 orabo
1544 666 1599 711 ut
1628 658 1789 712 etiam
1810 664 2018 729 mente,

411 743 467 798 id
499 753 580 798 est
609 744 982 815 intelligentia,
1017 745 1142 816 quia
1172 746 1315 817 quod
1370 747 1687 819 intelligam,
1745 747 1875 802 illud
1907 756 2021 801 tan-

408 852 518 902 tum
552 834 842 905 proferam.
887 836 1023 888 Vere
1081 836 1251 889 orabo
1310 836 1497 905 spiritu
1546 844 1597 890 et
1624 844 1847 891 mente:
1895 852 2021 890 nam

410 940 514 994 ego
542 925 787 996 psallam
807 924 1019 994 spiritu
1034 926 1278 995 psallam
1301 928 1356 979 et
1378 930 1586 980 mente.
1614 925 1852 980 Psallere
1891 926 2021 981 dicit

414 1028 576 1067 orare
606 1013 778 1066 Deum
810 1028 1053 1067 consona
1083 1012 1231 1068 vocis
1260 1013 1650 1081 modulatione,
1685 1030 1805 1085 quae
1835 1030 2025 1069 conso-

417 1100 601 1155 nantia
630 1101 968 1156 diversarum
996 1117 1190 1157 vocum
1221 1102 1275 1155 in
1320 1102 1566 1157 Ecclesia
1622 1102 1793 1156 innuit
1832 1118 2021 1156 omnes

414 1190 468 1243 in
499 1190 848 1245 consonantia
879 1188 1004 1245 fidei
1036 1198 1086 1245 et
1115 1190 1237 1245 vitae
1286 1191 1489 1245 debere
1522 1190 1770 1245 laudare.
1810 1192 2017 1246 Bonum

415 1287 497 1333 est
528 1279 717 1349 spiritu
738 1279 897 1333 simul
929 1286 980 1333 et
1002 1287 1180 1333 mente
1203 1294 1357 1333 orare
1384 1297 1396 1332 ε
1430 1282 1720 1345 caeterum,
1744 1280 1796 1333 id
1820 1288 1898 1334 est
1920 1281 2017 1334 sed

416 1369 465 1424 si
497 1375 552 1422 tu
583 1369 719 1423 bene
743 1368 961 1423 dixeris
982 1369 1211 1440 spiritu,
1240 1368 1292 1421 id
1325 1376 1404 1423 est
1435 1384 1569 1424 voce
1598 1368 1875 1439 incognita
1896 1377 2017 1423 tan-

416 1465 549 1527 tum,
582 1461 704 1530 quis
735 1457 789 1510 in
820 1464 910 1511 tua
937 1457 1183 1512 oratione
1212 1459 1434 1529 supplet
1484 1459 1689 1523 locum,
1723 1458 1775 1511 id
1807 1466 1890 1511 est
1921 1474 2015 1512 vo-

413 1562 531 1603 cem
563 1546 754 1603 idiotce
774 1547 800 1599 ἱ)
829 1546 1175 1601 Consuetudo
1219 1554 1335 1601 erat
1366 1547 1419 1600 in
1451 1546 1698 1602 Ecclesia
1727 1554 1782 1600 ut
1813 1546 2011 1613 idiotas,

412 1636 466 1690 id
497 1644 579 1691 est
609 1636 774 1690 rudes
803 1635 856 1689 in
887 1634 1012 1699 fide,
1047 1635 1211 1689 etiam
1239 1635 1501 1689 illitterati
1533 1636 1750 1706 quando
1782 1651 2011 1705 perora-
2033 1668 2083 1726 Β

414 1724 503 1778 bat
524 1724 801 1788 sacerdos,
819 1724 1413 1794 responderentamen,
1430 1728 1627 1778 etcum
1639 1724 1851 1796 spiritu
1875 1728 1972 1778 tuo
1990 1744 2007 1778 :

416 1814 513 1868 sed
542 1814 705 1867 modo
735 1820 1025 1883 perorante
1075 1812 1271 1884 aliquo
1305 1812 1492 1885 lingua
1521 1812 1815 1883 incognita,
1850 1812 2012 1867 etiam

412 1902 791 1973 prudentiores
820 1901 1137 1957 nesciebant
1184 1901 1274 1955 ubi
1324 1900 1465 1969 ﬁnis,
1499 1901 1587 1955 ubi
1620 1902 1854 1955 medium
1885 1917 2009 1956 ora-

411 1991 593 2058 tionis,
644 1991 768 2062 quia
810 2006 920 2045 non
967 1989 1342 2062 intelligebant
1377 2008 1389 2043 :
1435 1998 1487 2044 et
1517 1990 1595 2046 sic
1628 2006 1736 2044 non
1762 1998 2011 2060 poterant

412 2080 608 2146 facere,
643 2095 744 2135 nec
771 2079 903 2133 illud
934 2079 1077 2150 quod
1124 2079 1303 2132 idiotae
1355 2086 1749 2134 consueverant
1782 2094 2009 2149 respon-

402 2168 557 2223 dere.
599 2168 804 2222 Idioma
833 2167 1030 2222 dicitur
1049 2166 1349 2237 proprium,
1382 2166 1507 2221 inde
1537 2167 1794 2222 dicuntur
1827 2167 2009 2222 idiotas

411 2258 502 2328 qui
532 2257 586 2310 in
613 2256 945 2327 proprietate
968 2264 1179 2310 natura“:
1208 2256 1382 2310 adhuc
1404 2264 1527 2309 sunt
1564 2271 1575 2309 :
1610 2256 1742 2309 nihil
1773 2256 2009 2311 scientes

406 2346 511 2400 nisi
543 2345 686 2417 quod
716 2360 749 2399 a
777 2345 1044 2399 matribus
1096 2344 1249 2415 pueri
1312 2344 1619 2401 didicerunt
1652 2363 1664 2399 :
1726 2344 1813 2399 vel
1850 2344 2003 2411 illud,

410 2443 685 2503 caeterum,
717 2450 917 2489 nomen
947 2433 1017 2487 sit
1046 2433 1118 2487 ita
1154 2449 1165 2486 ε
1200 2434 1428 2504 Propter
1457 2435 1561 2489 hoc
1593 2433 1737 2504 quod
1769 2433 2009 2504 praemis-

410 2541 532 2579 sum
562 2531 665 2590 est,
695 2539 803 2577 non
832 2522 1045 2577 debetis
1095 2538 1252 2577 orare
1299 2523 1487 2595 lingua
1530 2530 1737 2577 tantum
1776 2538 1787 2575 :
1837 2527 2005 2578 ecete-

406 2630 555 2679 rum,
587 2612 642 2667 id
673 2620 755 2667 est
774 2612 938 2677 aliud,
964 2620 1187 2682 prOpter
1204 2611 1349 2683 quod
1369 2628 1436 2666 ne
1455 2610 1662 2667 faciatis
1692 2611 1855 2675 idem,
1882 2611 2006 2682 quia

404 2705 455 2758 si
484 2711 542 2756 tu
564 2702 698 2756 bene
719 2701 935 2756 dixeris
952 2702 1180 2773 spiritu,
1205 2708 1306 2755 etc.
1335 2701 1475 2755 Vere
1502 2716 1663 2755 nemo
1690 2699 1905 2770 supplet
1926 2700 2005 2755 lo-

409 2807 533 2846 cum
563 2790 787 2845 idiotae:
841 2788 1060 2859 quando
1089 2796 1147 2842 tu
1203 2788 1482 2859 incognita
1538 2804 1671 2843 voce
1727 2804 1953 2858 peroras
1988 2806 2000 2841 :

406 2880 670 2954 quomodo
684 2877 829 2933 enim
841 2878 988 2932 dicet
999 2893 1186 2942 amen,
1204 2894 1376 2949 super
1388 2882 1545 2932 tuam
1559 2878 2005 2933 benedictionem

405 2970 567 3025 etiam
591 2966 811 3038 sapiens
835 2985 846 3019 :
867 2968 1131 3039 quoniam
1148 2968 1332 3021 nescit
1355 2967 1486 3038 quid
1505 2966 1658 3020 dicas
1682 2966 1839 3020 ?Non
1857 2965 2000 3020 enim

403 3026 675 3129 intelligit,
708 3026 923 3127 quando
971 3063 1044 3121 tu,
1090 3026 1377 3126 incognita.
1412 3054 1600 3126 lingua
1649 3055 1900 3125 loquens,
1936 3053 1997 3107 fi-
2028 3026 2073 3085 Ο

406 3148 525 3202 nire
554 3146 756 3200 debeas
795 3152 887 3199 aut
929 3144 1253 3214 procedere.
1306 3145 1384 3197 De
1415 3143 1517 3197 hoc
1547 3143 1692 3215 quod
1720 3143 1999 3213 proximus

403 3246 454 3291 te
480 3252 588 3290 non
619 3232 871 3303 intelligit
888 3233 1224 3303 reprehendo
1254 3241 1305 3287 te
1340 3248 1501 3286 :nam
1536 3233 1837 3287 secundum
1867 3248 2000 3302 pro-

402 3325 573 3396 priam
603 3338 891 3393 personam
921 3329 971 3376 te
1002 3337 1111 3376 non
1128 3321 1487 3391 reprehendo.
1508 3322 1648 3376 Nam
1680 3324 1743 3375 tu
1772 3321 2000 3392 quidam

400 3415 536 3469 bene
564 3413 780 3483 gratias
810 3413 932 3481 agis
963 3419 1218 3481 quantum
1242 3409 1297 3463 in
1326 3417 1378 3465 te
1409 3418 1491 3464 est
1524 3428 1536 3463 :
1561 3410 1657 3464 sed
1680 3409 1801 3464 ideo
1831 3410 1994 3476 male,

404 3502 529 3575 quia
559 3502 726 3564 alter,
763 3499 817 3554 id
863 3508 945 3555 est
989 3500 1289 3570 proximus,
1333 3516 1448 3555 non
1478 3498 1795 3566 wdiﬁcatur
1820 3518 1837 3553 :
1870 3499 1998 3570 quia

400 3607 501 3647 nec
531 3589 802 3661 intelligit.
838 3588 936 3643 Vel
966 3589 1037 3641 ibi
1070 3603 1235 3658 supra
1259 3588 1500 3660 jungitur
1533 3602 1544 3640 :
1576 3588 1727 3642 Juste
1757 3587 1866 3641 dixi
1896 3588 1991 3642 be-

392 3678 667 3736 nedixeris
693 3697 706 3745 ;
739 3694 867 3732 nam
897 3686 951 3732 tu
981 3677 1200 3749 quidem
1233 3676 1371 3731 bene
1400 3676 1604 3747 gratias
1633 3676 1775 3747 agis,
1810 3692 1988 3746 quan-

395 3778 508 3824 tum
540 3768 595 3822 in
622 3775 675 3822 te
708 3775 789 3822 est
821 3782 833 3820 :
859 3766 955 3820 sed
985 3765 1151 3819 frater
1182 3780 1291 3820 non
1322 3764 1621 3819 instruitur.
1655 3765 1849 3819 Probat
1880 3765 1985 3819 ite-

394 3874 515 3913 rum
548 3856 797 3926 exemplo
827 3862 878 3909 et
908 3854 1225 3910 auctoritate
1255 3869 1373 3922 sua,
1407 3854 1553 3924 quod
1582 3869 1687 3908 non
1720 3854 1858 3908 adeo
1888 3854 1989 3907 de-

394 3947 554 4002 beant
585 3944 781 4000 sectari
829 3943 1065 4015 linguas,
1112 3942 1300 3998 dicens
1335 3957 1346 3995 :
1380 3942 1557 3996 Nolite
1602 3942 1749 4012 loqui
1777 3941 1982 4011 lingua,

392 4035 463 4089 ita
492 4042 548 4089 ut
576 4049 686 4087 non
716 4031 783 4086 sit
824 4030 1109 4086 instructio
1153 4030 1386 4100 proximi
1422 4045 1433 4083 :
1480 4047 1615 4085 nam
1657 4047 1772 4101 ego,
1823 4046 1986 4100 quem

393 4123 595 4178 imitari
624 4121 853 4186 debetis,
888 4122 1007 4176 volo
1031 4120 1178 4191 loqui
1198 4121 1261 4174 in
1283 4120 1531 4175 Ecclesia
1551 4119 1897 4191 quandoque,
1932 4118 1989 4173 id

393 4220 475 4268 est
503 4227 677 4282 pauca
705 4212 868 4266 verba
885 4225 1005 4264 meo
1035 4225 1226 4273 sensu,
1252 4208 1307 4262 id
1333 4217 1414 4263 est
1434 4208 1728 4273 intellectu,
1762 4215 1819 4261 ut
1840 4207 1986 4278 quod

390 4301 585 4371 loquar
614 4299 934 4370 intelligam.
970 4298 1072 4352 Per
1102 4298 1206 4353 hoc
1244 4304 1391 4351 notat
1424 4312 1517 4352 eos
1549 4297 1627 4352 sic
1658 4296 1985 4367 quandoque

2123 398 2289 467 pueri
2318 398 2461 466 efﬁci
2481 396 2750 463 sensibus,
2785 397 2876 468 qui
2896 397 3192 468 loquuntur
3212 398 3357 468 quod
3380 414 3488 453 non
3528 398 3727 453 intelli-

2125 493 2295 555 gunt;
2347 486 2443 540 sed
2490 489 2666 540 estote
2709 487 2936 557 parvuli
2971 486 3281 541 secundum
3299 485 3521 542 I42
3550 488 3720 542 mali-

2126 574 2266 628 tiam
2285 593 2301 628 :
2317 582 2366 628 et
2383 575 2485 629 hoc
2497 573 2645 639 dicit,
2664 574 2788 644 quia
2801 582 2950 628 erant
2964 574 3187 628 multum
3200 574 3451 629 malitiosi
3471 575 3722 630 sensibus

2124 662 2209 716 vel
2240 662 2593 734 cogitatione,
2625 663 2794 717 verbo
2827 671 2878 716 et
2909 671 3050 717 actu.
3089 663 3298 717 Parvuli
3328 664 3541 735 quidem
3573 664 3724 718 mali-

2123 750 2213 818 tia,
2234 752 2328 806 sed
2340 749 2591 806 sensibus
2606 755 2783 806 estote
2810 752 3070 823 perfecti,
3088 750 3142 805 id
3159 759 3242 805 est
3253 752 3547 822 perfectam
3571 752 3724 807 intel-

2120 838 2401 911 ligentiam
2431 847 2767 910 appetentes,
2802 848 2858 893 ut
2887 841 3210 910 prophetare
3240 841 3480 910 possitis.
3516 842 3716 895 Iterum

2121 927 2245 982 ideo
2275 928 2477 1001 linguae
2507 945 2612 983 non
2648 936 2772 983 sunt
2792 929 3109 999 appetendaz
3136 929 3291 983 vobis
3328 946 3339 983 :
3370 929 3497 1000 quia
3528 928 3717 985 ﬁdeles

2122 1017 2251 1070 estis
2283 1026 2334 1071 et
2365 1019 2576 1088 lingua:
2603 1035 2719 1072 non
2766 1016 3052 1086 ﬁdelibus,
3107 1018 3202 1072 sed
3232 1017 3555 1085 inﬁdelibus
3582 1034 3715 1088 pro-

2122 1114 2264 1160 sunt.
2300 1108 2367 1160 Et
2398 1113 2542 1177 quod
2574 1106 2648 1161 ita
2697 1106 2783 1170 sit,
2830 1106 3206 1160 auctoritatem
3255 1106 3530 1175 praemittit
3562 1107 3716 1162 Isaiae

2121 1194 2346 1264 (xxvui,
2376 1196 2463 1264 11)
2504 1209 2515 1246 :
2542 1210 2701 1265 quam
2726 1202 2904 1247 tamen
2926 1193 2980 1247 in
2999 1194 3123 1263 lege
3143 1210 3266 1248 esse
3288 1194 3435 1259 dicit,
3458 1194 3597 1266 legis
3618 1211 3718 1250 no-

2119 1284 2265 1337 mine
2294 1283 2640 1353 prophetiam
2671 1282 2987 1354 designans.
3024 1283 3163 1337 Vere
3192 1298 3301 1338 non
3333 1281 3583 1337 fidelibus
3615 1285 3714 1339 sed

2118 1369 2447 1425 infidelibus.
2480 1372 2618 1425 Nam
2650 1372 2712 1425 in
2738 1373 2854 1442 lege
2875 1372 3150 1442 scriptum
3173 1376 3254 1426 est
3276 1371 3426 1437 illud,
3453 1372 3707 1442 quoniam

2118 1459 2205 1513 vel
2232 1458 2305 1512 ibi
2334 1459 2695 1528 continuatur,
2729 1459 2814 1513 vel
2847 1459 2934 1513 hic
2964 1459 3184 1528 ponitur
3214 1475 3311 1529 pro
3343 1460 3489 1530 quod
3523 1478 3535 1513 :
3572 1461 3706 1528 Hoc,

2118 1547 2359 1617 inquam,
2394 1548 2649 1618 scriptum
2677 1556 2777 1615 cst,
2804 1548 2947 1619 quod
2972 1547 3033 1601 in
3060 1548 3192 1602 aliis
3216 1548 3442 1618 linguis,
3477 1548 3531 1603 id
3552 1557 3633 1603 est
3653 1549 3711 1603 in

2116 1637 2376 1691 varietate
2407 1636 2732 1708 linguarum,
2765 1640 2820 1691 et
2844 1637 2903 1689 in
2926 1637 3058 1691 aliis
3111 1635 3292 1701 labiis,
3317 1636 3371 1689 id
3403 1645 3485 1691 est
3505 1636 3560 1690 in
3590 1638 3712 1692 aliis

2113 1725 2456 1779 sermonibus
2490 1740 2502 1777 :
2536 1724 2661 1795 quia
2689 1724 2842 1794 prius
2872 1724 2939 1778 de
2990 1724 3320 1788 carnalibus,
3354 1741 3497 1780 nunc
3526 1733 3708 1781 autem

2111 1814 2179 1869 de
2210 1814 2581 1885 spiritualibus
2616 1814 2811 1884 loquar
2839 1814 3047 1885 populo
3071 1814 3201 1868 huic
3222 1813 3448 1869 Judaico
3480 1813 3705 1886 infideli,

2110 1911 2166 1956 ut
2212 1903 2470 1957 mirantes
2516 1902 2807 1956 novitatem
2857 1901 3186 1971 linguarum,
3238 1902 3456 1956 audiant
3484 1919 3570 1958 me
3603 1921 3616 1957 :
3652 1909 3709 1960 et

2111 1999 2292 2045 tamen
2313 2009 2415 2047 nec
2436 1994 2534 2056 sic,
2558 1991 2613 2045 id
2635 1999 2715 2044 est
2737 2006 2834 2061 pro
2856 1998 2965 2044 tam
2994 1989 3229 2045 evidenti
3270 1991 3552 2061 miraculo,
3595 2009 3703 2048 ea:-

2111 2081 2348 2136 audient
2372 2097 2480 2135 me.
2518 2078 2786 2149 Quodque
2810 2079 2883 2133 ita
2915 2078 2983 2133 sit
3004 2078 3205 2133 credite
3241 2079 3401 2149 :quia
3425 2080 3541 2135 haec
3561 2081 3701 2137 dicit

2109 2170 2381 2224 Dominus
2411 2169 2508 2238 (ait
2539 2168 2592 2221 in
2614 2168 2735 2222 aliis
2756 2167 2911 2221 labiis
2934 2167 3067 2220 nihil
3088 2167 3159 2221 ad
3179 2167 3576 2237 probationem,
3606 2171 3702 2225 sed

2108 2275 2227 2313 mos
2258 2266 2340 2313 est
2369 2265 2427 2311 ut
2456 2257 2807 2312 auctoritates
2836 2256 3089 2326 perfectae
3118 2258 3432 2327 ponantur).

2178 2349 2334 2401 Nunc
2364 2346 2431 2401 de
2464 2346 2586 2416 lege
2617 2344 2900 2415 praemissa
2956 2344 3120 2399 infert
3169 2344 3380 2399 Paulus.
3433 2343 3572 2412 Quia
3602 2359 3700 2415 po-

2107 2436 2232 2507 pulo
2260 2435 2536 2490 incredulo
2569 2435 2801 2489 diversae
2830 2434 3029 2506 linguae
3058 2434 3351 2504 propositae
3383 2442 3505 2487 sunt
3539 2449 3550 2487 :
3584 2434 3702 2489 ita-

2107 2543 2209 2596 que
2237 2542 2338 2597 pcr
2367 2525 2468 2579 hoc
2498 2531 2737 2594 apparet,
2763 2522 2909 2593 quod
2934 2524 3140 2593 lingua:
3176 2524 3235 2576 in
3267 2525 3507 2593 signum,
3532 2522 3587 2576 id
3615 2530 3699 2577 est

2106 2629 2269 2669 causa
2297 2612 2545 2668 miraculi
2576 2620 2699 2666 sunt
2729 2628 2845 2665 non
2864 2610 3142 2680 ﬁdelibus,
3167 2627 3394 2681 quorum
3425 2611 3561 2666 fides
3588 2627 3699 2666 non

2105 2711 2230 2775 aget
2259 2701 2553 2767 miraculis,
2588 2701 2683 2756 sed
2714 2698 3053 2768 inﬁdelibus,
3089 2700 3179 2771 qui
3200 2700 3436 2754 novitate
3456 2700 3692 2756 miracu-

2104 2791 2275 2846 lorum
2306 2791 2377 2845 ad
2405 2789 2570 2845 fidem
2604 2789 2853 2844 trahendi
2898 2796 3041 2843 sunt.
3092 2787 3355 2859 Opposita
3403 2789 3689 2844 sententia.

2103 2880 2327 2952 Linguae
2354 2895 2461 2933 non
2496 2877 2747 2934 fidelibus
2769 2878 2865 2932 sed
2886 2875 3195 2932 infidelibus
3229 2895 3240 2930 :
3264 2878 3571 2949 prophetia:
3600 2896 3696 2934 au-

2105 2973 2217 3023 tem
2247 2985 2362 3023 non
2384 2966 2661 3037 ﬁdelibus,
2697 2967 2920 3020 stultum
2943 2966 3087 3020 enim
3117 2974 3258 3019 esset
3282 2968 3537 3036 mysteria
3567 2965 3694 3022 fidei

2104 3057 2353 3112 revelare
2382 3056 2695 3121 incredulis,
2733 3055 2827 3110 sed
2865 3053 3140 3123 ﬁdelibus.
3176 3056 3240 3108 Et
3269 3056 3394 3124 quia
3426 3070 3521 3110 vos
3551 3054 3694 3111 fide-

2102 3145 2184 3200 les
2215 3146 2363 3213 estis,
2387 3145 2608 3216 quaerite
2638 3144 2979 3214 prOpbetiam
3004 3158 3122 3214 quae
3145 3141 3397 3197 fidelibus
3418 3145 3688 3218 congruit.

2102 3236 2301 3289 lterum
2330 3234 2476 3288 aliud
2526 3249 2693 3304 quare
2740 3249 2849 3286 non
2882 3239 3137 3302 appetant
3188 3231 3404 3302 linguas
3441 3249 3452 3286 :
3492 3234 3617 3305 quia
3648 3235 3695 3289 si

2101 3323 2206 3377 illis
2236 3322 2581 3394 loquentibus
2611 3322 2665 3375 in
2695 3321 2943 3376 Ecclesia
2972 3320 3137 3374 variis
3171 3320 3394 3391 linguis,
3431 3321 3569 3377 forte
3598 3324 3684 3377 in-

2100 3410 2289 3467 fideles
2330 3411 2694 3466 intraverint:
2746 3409 3007 3480 putabunt
3055 3425 3148 3463 eos
3199 3409 3454 3464 insanire.
3488 3411 3690 3467 Littera

2099 3500 2177 3555 sic
2199 3500 2444 3572 jungitur
2476 3518 2489 3553 :
2532 3498 2670 3567 Quia
2691 3497 2892 3569 lingua:
2928 3513 3035 3551 non
3073 3504 3196 3550 sunt
3224 3496 3279 3549 in
3310 3498 3526 3563 signum
3556 3498 3690 3556 fide-

2095 3588 2281 3642 libus:
2316 3605 2448 3660 ergo
2479 3604 2579 3642 vos
2625 3586 2716 3657 qui
2765 3585 2895 3639 estis
2942 3584 3204 3650 Ecclesia,
3253 3600 3418 3654 quare
3465 3595 3689 3657 propter

2093 3677 2310 3748 linguas
2338 3676 2514 3730 insani
2545 3672 2865 3745 reputamini
2888 3673 2915 3727 ?
2945 3674 3004 3729 Si
3033 3675 3186 3727 enim
3217 3675 3514 3729 conveniat
3546 3678 3683 3731 uni-

2094 3782 2249 3820 versa
2270 3765 2518 3820 Ecclesia
2540 3766 2601 3818 in
2624 3779 2823 3827 unum,
2851 3766 2907 3817 et
2928 3777 3118 3816 omnes
3143 3763 3451 3834 loquantur
3474 3765 3683 3837 linguis

2092 3853 2404 3925 incognitis,
2440 3852 2545 3906 illis
2574 3861 2752 3906 autem
2793 3850 3048 3905 varietate
3092 3850 3401 3922 linguarum
3457 3855 3683 3910 concla-

2090 3942 2380 4007 mantibus,
2415 3943 2639 3997 intrent
2685 3942 2875 3995 idiota:
2928 3938 3247 4005 Ecclesium,
3299 3949 3387 3995 aut
3434 3941 3679 3999 inﬁdeles

2087 4030 2271 4101 aliqui,
2295 4046 2485 4085 nonne
2505 4030 2761 4085 dicerent
2783 4028 2926 4101 quod
2946 4044 3038 4083 vos
3060 4030 3350 4097 insanitis,
3376 4030 3499 4101 quia
3519 4032 3684 4101 phre-

2085 4120 2261 4175 netico
2291 4135 2445 4174 more
2470 4118 2805 4173 tumultuatis
2825 4118 2851 4171 ‘l
2890 4117 3161 4172 Varietate
3209 4116 3514 4189 linguarum
3545 4136 3681 4176 con-

2084 4208 2377 4263 clamantes
2406 4208 2629 4263 insanos
2658 4208 2857 4263 dicent.
2886 4207 2990 4261 Sed
3016 4206 3065 4260 si
3112 4221 3304 4259 omnes
3347 4206 3399 4259 in
3432 4208 3682 4265 Ecclesia

2077 4300 2440 4371 pr0phetent,
2464 4297 2760 4368 aperiendo
2784 4295 3109 4364 Scripturas,
3155 4295 3337 4347 intret
3358 4299 3550 4350 autem
3571 4298 3679 4353 illis

392 4389 560 4460 loqui,
596 4388 742 4459 quod
771 4403 871 4442 nec
901 4386 1003 4457 ipsi
1032 4403 1091 4440 se
1120 4386 1503 4457 intelligerent.
1550 4385 1704 4454 Volo,
1738 4385 1977 4456 inquam,
2002 4387 2529 4457 DprOphetantibus
2574 4386 2780 4455 aliquis
2828 4381 3076 4451 inﬁdelis
3126 4382 3210 4436 vel
3257 4382 3451 4449 idiota,
3495 4386 3674 4441 statim

384 4477 537 4549 loqui
564 4492 687 4531 meo
718 4492 881 4531 sensu
918 4490 930 4529 :
964 4480 1029 4530 ut
1051 4479 1208 4530 etme
1231 4483 1283 4529 et
1311 4476 1452 4530 alios
1472 4475 1779 4539 instruam,
1814 4491 1982 4546 quam

388 4566 693 4634 electivum,
720 4564 863 4636 quod
883 4564 1033 4619 nullo
1049 4564 1212 4618 modo
1230 4563 1353 4619 volo
1390 4581 1402 4616 :
1426 4563 1573 4634 loqui
1608 4578 1619 4615 :
1645 4562 1867 4629 scilicet,
1888 4563 1982 4617 de-

384 4671 503 4711 cem
530 4655 737 4721 millia,
770 4653 824 4708 id
846 4660 927 4708 est
946 4651 1265 4707 infinitatem
1284 4652 1574 4707 verborum
1614 4652 1810 4720 lingua
1830 4650 1981 4705 inco-

2083 4476 2445 4531 convincitur
2465 4472 2531 4528 ab
2562 4471 2819 4527 omnibus
2843 4470 2916 4523 ibi
2939 4469 3406 4539 prophetautibus.
3438 4474 3679 4530 Audiens

2083 4564 2227 4618 enim
2258 4570 2531 4633 praecepta
2561 4560 2661 4616 Dei
2691 4558 2948 4630 mysteria
3000 4556 3146 4622 fidei,
3199 4574 3297 4613 sua
3345 4562 3679 4619 conscientia

2081 4652 2351 4707 convincit
2383 4667 2507 4705 eum
2537 4658 2590 4705 et
2619 4648 2795 4721 arguit
2828 4664 2840 4701 :
2875 4654 2927 4701 et
2975 4646 3047 4699 ita
3090 4647 3459 4719 dijudicatur,
3493 4650 3547 4705 id
3595 4662 3677 4708 est

384 4744 533 4815 guita
569 4759 581 4797 :
616 4743 761 4814 quod
791 4742 974 4813 utique
1004 4758 1225 4812 possem
1255 4740 1301 4795 si
1346 4740 1562 4807 vellem,
1596 4748 1648 4794 et
1672 4738 1797 4793 inde
1844 4756 1977 4810 gra-
2073 4740 2422 4808 judicabilem
2455 4748 2505 4793 et
2535 4737 2895 4792 damnabilem
2928 4751 2987 4789 se
3030 4736 3331 4805 cognoscit,
3382 4738 3672 4797 instructus

383 4834 492 4887 tias
514 4849 615 4903 ago
637 4833 745 4887 Deo
780 4851 796 4886 :
826 4833 1092 4903 quoniam
1112 4845 1237 4902 ego,
1273 4829 1316 4883 si
1333 4829 1530 4900 placet,
1553 4830 1743 4900 loquor
1783 4829 1978 4898 lingua

380 4922 638 4977 omnium
660 4937 747 4976 ves
756 4924 907 4975 trum
926 4940 942 4974 :
965 4920 1079 4988 sed,
1102 4919 1158 4973 id
1171 4926 1252 4973 est
1263 4925 1443 4972 tamen
1460 4958 1472 4981 ,
1498 4919 1559 4972 in
1574 4918 1819 4973 Ecclesia
1833 4917 1971 4982 volo,

379 5016 487 5064 etc.
519 5008 648 5064 Ideo
679 5008 876 5063 Paulus
906 5024 965 5063 se
997 5007 1130 5062 dixit
1160 5007 1362 5061 habere
1393 5021 1603 5078 genera
1642 5004 1969 5075 linguarum,

378 5113 448 5151 ne
478 5096 722 5152 dicerent
752 5096 1034 5162 Corinthii,
1067 5095 1192 5167 quia
1218 5110 1329 5149 non
1371 5094 1530 5148 habet
1574 5093 1809 5165 linguas.
1843 5092 1972 5146 Ideo

377 5184 534 5241 nobis
556 5185 622 5240 de
654 5185 853 5256 linguis
888 5186 1239 5255 improperat.
1288 5183 1482 5236 lterum
1504 5182 1649 5235 aliud
1673 5196 1840 5251 quare
1862 5196 1970 5235 non

376 5281 631 5345 appetant
659 5274 891 5345 linguas,
946 5272 1071 5343 quia
1131 5269 1437 5325 efficiuntur
1492 5270 1572 5325 sic
1601 5268 1830 5340 parvuli.
1863 5268 1971 5323 Sed

373 5362 549 5417 littera
580 5362 660 5417 sic
682 5361 929 5433 jungitur
961 5360 1029 5414 ad
1058 5358 1363 5429 proximum
1397 5376 1409 5411 :
1444 5358 1596 5413 Sicut
1620 5358 1674 5411 in
1705 5374 1791 5412 me
1820 5357 1969 5413 vide-

372 5450 460 5517 tis,
496 5449 779 5522 loquimini
809 5455 989 5505 vestro
1019 5463 1183 5503 sensu
1217 5462 1228 5500 :
1263 5455 1316 5503 et
1345 5446 1607 5519 similiter,
1640 5450 1852 5519 fratres
1875 5461 1968 5502 se-

2077 4827 2144 4883 ab
2172 4827 2449 4895 omnibus,
2484 4828 2574 4899 qui
2604 4827 2807 4881 ibidem
2835 4825 3174 4895 prophetant,
3209 4833 3260 4879 et
3288 4833 3417 4883 tunc
3446 4832 3671 4886 occulta

2076 4917 2261 4972 cordis
2288 4918 2409 4987 ejus
2430 4919 2741 4987 manifesta
2763 4917 2901 4970 sunt
2930 4912 3031 4965 sibi
3063 4912 3166 4982 ipsi
3197 4932 3211 4968 :
3237 4914 3364 4984 quia
3393 4916 3448 4970 in
3478 4919 3672 4989 quibus

2076 5022 2135 5059 se
2165 5020 2427 5075 peccasse
2456 5020 2565 5059 non
2594 5004 2840 5075 putabat,
2865 5017 2963 5072 per
2984 5000 3279 5056 doctrinam
3310 5020 3472 5074 quam
3502 5007 3668 5074 audit,

2075 5094 2314 5165 graviter
2337 5110 2396 5148 se
2425 5110 2574 5148 reum
2597 5094 2897 5167 cognoscit.
2920 5090 2990 5143 Et
3028 5091 3115 5145 ita
3137 5092 3430 5159 convictus,
3465 5094 3670 5151 cadens

2075 5183 2135 5237 in
2158 5184 2366 5252 faciem
2384 5224 2397 5250 ,
2431 5181 2687 5237 adorabit
2714 5185 2917 5252 Deum,
2950 5193 3008 5239 ut
3036 5183 3265 5254 accipiat
3291 5182 3670 5238 remissionem

2071 5278 2443 5341 peccatorum,
2459 5274 2842 5343 pronuntians
2863 5272 3024 5327 etiam
3037 5273 3212 5343 palam
3234 5272 3503 5337 omnibus,
3527 5272 3671 5343 quod

2072 5360 2217 5415 Deus
2251 5376 2376 5416 vere
2406 5362 2483 5415 sit
2516 5361 2576 5414 in
2608 5359 2754 5416 vobis
2776 5361 3225 5433 prophetautibus
3257 5378 3270 5413 :
3302 5375 3439 5432 quos
3467 5359 3671 5433 linguis

2071 5448 2461 5504 tumultuantes
2488 5449 2650 5520 paulo
2679 5457 2804 5506 ante
2843 5450 3058 5507 dicebat
3106 5449 3365 5507 insanire.
3399 5449 3539 5518 Qma
3565 5465 3671 5506 nec
