3960 6050
206 220 309 273 201

834 219 1212 299 EXPOSITIO
1253 222 1327 276 IN
1364 220 1739 277 EPISTOLAS
1779 222 2001 278 PAULI.
2046 254 2115 264 —
2154 225 2227 281 IN
2264 226 2483 283 EPIST.
2526 228 2547 281 I
2584 228 2679 282 AD
2719 227 2878 284 COR.

3399 233 3503 286 202

214 342 516 397 indiscrete
546 357 640 398 eos
666 344 776 399 vult
808 345 959 416 loqui
986 346 1189 417 linguis
1214 390 1225 413 ,
1276 363 1345 401 ne
1382 346 1692 415 judicentur
1720 346 1807 400 iu-
1838 352 1891 408 Α
1912 348 2036 405 dico
2066 350 2219 406 vobis
2242 352 2419 406 :sieut
2451 368 2555 423 ego
2585 352 2729 407 idem
2748 353 2911 408 doceo
2934 354 2994 407 in
3025 353 3278 409 omnibus
3308 354 3502 408 Eccle-

217 430 378 497 sani;
412 447 513 487 nec
544 432 739 487 iterum
787 434 898 488 vult
942 449 1034 488 eos
1081 435 1294 505 penitus
1338 435 1567 504 rejicere
1611 435 1814 489 donum

212 520 334 585 Dei,
371 520 589 586 scilicet,
642 521 789 591 loqui
818 522 1037 593 linguis,
1071 523 1392 577 determinat
1421 524 1691 594 quomodo
1722 532 1813 577 ut-

214 616 380 661 antur
409 610 511 664 hoc
541 610 811 679 praacipue
843 618 895 665 et
942 611 1061 665 aliis
1102 612 1259 667 donis
1295 627 1306 665 :
1341 612 1523 667 omnia
1568 612 1813 667 faciendo

218 697 290 749 ad
323 696 609 751 utilitatem
641 698 893 768 proximi.
929 699 1122 754 Littera
1144 700 1221 756 sic
1245 700 1529 772 jungitur:
1565 700 1816 768 Quando-

215 784 441 856 quidem
481 786 679 858 linguis
719 787 1103 843 tumultuantes
1151 788 1328 843 insani
1375 789 1623 844 dicimur.
1676 790 1812 843 Pro-

210 874 498 943 phetantes
526 890 658 929 vero
688 876 859 930 Deum
892 876 947 929 in
976 876 1134 931 nobis
1155 877 1357 931 habere
1380 877 1633 932 dicimur.
1675 877 1813 945 Quid

213 978 343 1032 ergo
374 961 683 1017 faciendum
713 968 816 1029 est,
842 966 1055 1035 fratres
1081 969 1103 1019 ?
1134 965 1529 1035 Prophetabitis
1571 981 1809 1035 semper,

214 1050 485 1121 neglectis
514 1051 729 1121 penitus
769 1052 1012 1125 linguis?
1052 1053 1268 1108 Minime
1303 1069 1313 1107 :
1341 1055 1439 1109 sed
1460 1071 1589 1110 cum
1610 1071 1813 1111 conve-

210 1139 381 1203 nitis,
413 1141 794 1213 unusquisque
818 1142 984 1197 habet
1012 1142 1216 1197 donum
1249 1159 1427 1198 suum.
1463 1143 1613 1197 Alius
1650 1142 1813 1198 habet

206 1228 522 1297 psalmum,
572 1237 629 1282 ut
673 1237 871 1295 cantet,
922 1230 1010 1284 vel
1045 1230 1429 1301 interpretetur
1468 1232 1709 1302 psalmos
1758 1231 1814 1284 in

210 1315 483 1370 Ecclesia.
510 1317 662 1370 Alius
685 1319 847 1373 habet
868 1319 1208 1386 doctrinam,
1232 1327 1289 1373 ut
1310 1320 1445 1375 sciat
1464 1320 1729 1374 instruere
1744 1319 1813 1373 de

214 1404 483 1458 moribus.
507 1405 658 1459 Alius
690 1405 851 1462 habet
880 1408 1293 1480 Apocalypsim,
1317 1409 1371 1462 id
1420 1417 1501 1463 est
1520 1408 1813 1463 revelatio-

214 1508 343 1547 nem
375 1494 729 1549 occultorum.
779 1497 905 1550 Haec
950 1496 1050 1550 tria
1096 1497 1277 1566 posuit
1316 1496 1493 1552 solum
1521 1498 1587 1550 ad
1619 1496 1813 1550 simili-

214 1581 460 1637 tudinem
494 1602 508 1647 ;
542 1583 650 1638 duo
681 1600 802 1653 quas
829 1592 1150 1655 sequuntur,
1177 1586 1245 1639 ad
1267 1586 1640 1641 intentionem.
1663 1584 1812 1639 Alius

211 1669 382 1725 habet
412 1671 665 1760 linguam
698 1672 1054 1745 incognitam.
1080 1673 1235 1728 Alius
1256 1675 1419 1729 habet
1440 1675 1811 1745 .interpreta-
1831 1701 1882 1760 Β

215 1760 436 1813 tionem
485 1759 902 1830 Seripturarum,
951 1761 1008 1815 id
1054 1770 1135 1816 est
1172 1762 1509 1832 prophetiam
1546 1777 1557 1815 :
1590 1770 1641 1817 et
1687 1776 1811 1816 cum

208 1846 329 1901 haec
360 1846 544 1901 omnia
571 1848 814 1902 habeatis
848 1866 859 1901 :
895 1850 1086 1904 omnia
1116 1848 1248 1904 fiant
1277 1851 1332 1903 in
1378 1850 1532 1906 vobis
1560 1850 1633 1904 ad
1673 1851 1807 1905 cedi-

209 1935 545 2001 ﬁcationem
562 1938 841 1991 Ecclesiae.
867 1936 991 1993 Sive
1020 1937 1152 1991 illud
1185 1938 1409 2003 faciatis,
1432 1937 1545 1992 sive
1576 1937 1808 1992 143

212 2022 365 2076 aliud
416 2038 428 2075 :
474 2025 589 2078 sive
656 2025 861 2096 aliquis
939 2026 1189 2097 loquitur
1248 2027 1443 2096 lingua
1498 2025 1809 2097 incognita,

210 2110 319 2165 hoc
352 2109 444 2164 fiat
472 2112 784 2167 secundum
816 2112 972 2179 duos,
1023 2113 1078 2167 id
1123 2121 1203 2168 est
1241 2114 1455 2168 duobus
1484 2121 1694 2168 tantum
1735 2112 1814 2167 sic

208 2198 363 2269 loqui
392 2199 646 2269 permitto
681 2215 692 2254 :
727 2205 829 2256 aut
863 2201 1158 2255 secundum
1193 2207 1325 2266 tres,
1348 2206 1414 2257 ut
1444 2203 1694 2257 multum
1724 2200 1812 2255 di-

208 2302 330 2341 cam
367 2303 379 2341 :
420 2303 528 2342 non
578 2289 721 2342 enim
743 2289 867 2359 plus
897 2305 1059 2360 quam
1090 2290 1265 2344 tribus
1298 2290 1400 2344 hoc
1421 2289 1585 2345 licere
1615 2304 1812 2345 conce-

208 2374 279 2429 do
312 2393 324 2428 :
360 2391 463 2430 nec
494 2375 580 2430 hic
611 2376 717 2431 duo
749 2377 835 2431 vel
864 2384 973 2431 tres
1004 2377 1057 2430 in
1089 2377 1277 2432 eadem
1299 2386 1452 2447 parte
1472 2377 1656 2448 templi
1678 2393 1813 2431 con-

207 2462 444 2517 clament
478 2482 493 2530 ;
528 2464 623 2518 sed
650 2481 754 2535 per
780 2470 995 2535 partes,
1030 2473 1089 2518 ut
1136 2465 1181 2519 si
1224 2465 1315 2519 ille
1345 2466 1400 2519 in
1422 2465 1617 2536 capite,
1653 2465 1811 2520 hicin

207 2549 317 2605 fine
349 2550 617 2607 ecclesiae.
655 2552 751 2607 Vel
778 2568 877 2622 per
906 2560 1094 2622 partes
1124 2552 1252 2622 diei,
1286 2561 1343 2606 ut
1372 2553 1458 2608 hic
1476 2555 1607 2607 hora
1631 2553 1809 2623 tertia,

210 2637 302 2692 ille
334 2647 509 2693 sexta.
537 2640 651 2694 Nec
682 2640 735 2692 hi
766 2640 1058 2710 loquantur
1088 2641 1204 2695 sine
1233 2642 1515 2711 propheta,
1548 2642 1643 2695 sed
1668 2657 1813 2695 sem-

206 2742 307 2795 per
336 2744 488 2782 unus
518 2736 717 2798 praesto
749 2728 816 2781 sit
852 2746 865 2782 :
900 2736 956 2781 ut
988 2729 1133 2799 quod
1180 2728 1435 2784 inusitato
1480 2729 1642 2784 modo
1671 2728 1813 2784 dici-

205 2815 588 2884 tur,‘populari
609 2815 794 2886 lingua
815 2817 1241 2887 interpretetur.
1267 2818 1326 2873 Si
1342 2821 1534 2871 autem
1555 2817 1809 2886 objicitis,

204 2902 348 2972 quod
382 2904 709 2974 quandoque
737 2921 854 2959 non
884 2906 1063 2974 fuerit
1090 2913 1293 2975 preesto
1330 2907 1635 2977 interpres,
1665 2905 1811 2961 malo

208 2998 263 3042 ut
292 2989 525 3061 loquens
552 2992 737 3063 lingua
769 2994 831 3047 in
863 2993 1101 3047 ecclesia
1138 2998 1344 3057 taceat,
1381 3009 1541 3063 quam
1574 2993 1689 3048 sine
1722 2994 1810 3047 in-

1910 439 2031 502 siis,
2093 439 2397 494 doctrinam
2470 457 2630 511 quam
2696 440 2979 495 imitamini
3015 460 3027 494 :
3062 441 3189 512 quia
3242 440 3504 496 Ecclesiis

1913 532 2258 583 sanctorum.
2283 529 2381 583 Vel
2410 529 2544 583 illud
2564 529 2707 584 idem
2730 530 2974 600 sequenti
3006 529 3196 585 litterae
3220 530 3463 599 jungitur
3487 545 3501 582 :

1914 615 2119 671 Omnes
2149 617 2363 687 quidem
2395 617 2495 670 viri
2524 620 2852 688 pr0phetare
2892 626 3139 688 possunt,
3165 618 3262 673 sed
3305 617 3503 671 mulie-

1914 721 2004 759 res
2033 720 2311 775 nunquam
2346 721 2356 759 :
2392 714 2443 759 et
2473 706 2576 761 hoc
2607 706 2729 761 dico
2774 706 2909 762 sicut
2942 706 2995 760 in
3026 706 3276 761 omnibus
3306 705 3504 760 Eccle-

1914 792 2008 847 siis
2039 794 2211 849 doceo
2244 810 2255 846 :
2288 793 2397 848 imo
2428 798 2657 849 taceant
2687 796 2957 850 mulieres
2980 796 3044 849 in
3077 795 3326 850 ecclesiis
3349 814 3366 848 :
3389 810 3504 849 non

1914 884 2066 936 enim
2095 897 2127 935 a
2156 898 2243 936 me
2271 882 2357 936 vel
2386 882 2491 936 alio
2521 883 2746 937 doctore
2770 884 3127 954 permittitur
3148 882 3304 953 eis_in
3334 881 3508 936 eccle-

1915 969 1991 1023 sia
2025 972 2210 1041 loqui:
2238 972 2333 1025 sed
2364 970 2619 1041 praecipio
2648 986 2742 1025 eas
2771 971 2971 1041 ubique
3002 972 3253 1026 subditas
3283 986 3400 1025 esse
3425 971 3504 1025 vi-

1914 1059 2014 1125 ris,
2049 1058 2246 1128 quibus
2272 1075 2330 1113 se
2365 1057 2726 1128 parificarent,
2761 1059 2805 1111 si
2836 1059 2892 1112 in
2924 1058 3153 1114 ecclesia
3182 1058 3329 1129 loqui
3359 1074 3505 1128 prae-

1915 1153 2209 1200 sumerent.
2243 1146 2312 1199 Et
2342 1146 2444 1200 hoc
2476 1147 2543 1200 de
2578 1146 2896 1200 mulieribus
2946 1146 3090 1210 dico,
3125 1146 3271 1216 quod
3310 1146 3505 1199 subdi-

1914 1241 1982 1288 tae
2009 1234 2133 1299 sint,
2168 1235 2316 1290 sicut
2348 1236 2521 1289 etiam
2548 1235 2643 1290 lex
2665 1235 2803 1290 dicit
2833 1235 2887 1288 in
2921 1234 3123 1289 Genesi
3158 1252 3169 1287 :
3206 1257 3227 1281 α
3266 1234 3374 1289 Sub
3404 1233 3505 1288 viri

1913 1330 2182 1391 potestate
2200 1322 2328 1391 eris,
2356 1331 2407 1377 et
2420 1322 2536 1392 ipse
2559 1322 2927 1377 dominabitur
2948 1322 3023 1376 tui
3044 1322 3203 1392 (Gen.
3228 1338 3308 1391 III,
3338 1321 3444 1391 l6).
3476 1342 3497 1369 ι

1912 1410 2169 1465 Dicerent
2198 1410 2303 1465 illa:
2336 1429 2347 1464 :
2381 1410 2649 1465 Nolumus
2697 1410 2844 1482 loqui
2882 1411 2979 1465 sed
3027 1418 3231 1464 tantum
3263 1410 3502 1465 interro-

1915 1515 2065 1571 gare.
2090 1500 2213 1554 Non
2246 1500 2325 1555 sic
2355 1499 2557 1570 utique.
2582 1499 2687 1554 Sed
2714 1500 2763 1553 si
2785 1500 2915 1571 quid
2936 1501 3133 1555 volunt
3154 1500 3387 1565 discere,
3407 1499 3505 1553 in-

1917 1592 2198 1659 terrOgent
2230 1589 2373 1642 viros
2403 1604 2547 1653 suos,
2583 1603 2692 1641 non
2724 1587 2777 1641 in
2809 1587 3060 1651 ecclesia,
3108 1588 3204 1643 sed
3234 1588 3424 1642 domi:
3448 1586 3503 1640 in

1914 1676 2147 1731 ecclesia
2178 1690 2477 1746 nunquam.
2512 1676 2653 1730 Nam
2675 1677 2823 1747 loqui
2854 1678 2916 1730 in
2948 1677 3205 1742 ecclesia,
3235 1680 3399 1747 turpe
3421 1678 3505 1731 est

1915 1765 2163 1831 mulieri,
2198 1763 2252 1817 id
2285 1771 2367 1817 est
2400 1770 2613 1833 turpem
2636 1772 2688 1817 et
2736 1763 3104 1833 impudentem
3145 1764 3334 1834 probat
3378 1780 3504 1818 mu-

1914 1851 2122 1906 lierem.
2157 1852 2284 1907 Haec
2314 1852 2382 1906 de
2411 1851 2691 1922 prophetis
2722 1858 2774 1905 et
2806 1851 3141 1917 mulieribus,
3176 1859 3228 1906 et
3247 1866 3507 1922 quascun-

1916 1956 2020 2011 que
2052 1956 2214 2010 supra
2256 1939 2436 2004 docui,
2484 1940 2648 1994 nolite
2696 1939 3060 2009 superbiendo
3113 1939 3397 2010 repellere,
3450 1946 3505 1993 ut

1914 2028 2178 2085 novitates
2210 2035 2420 2083 vestras
2442 2027 2710 2083 inducatis
2737 2045 2747 2083 :
2767 2028 2889 2098 quia
2906 2045 2984 2083 an
3011 2045 3045 2082 a
3069 2029 3212 2083 vobis
3232 2028 3505 2099 processit

1916 2117 2141 2173 verbum
2167 2117 2266 2171 Dei
2286 2116 2355 2170 ad
2385 2115 2516 2170 alias
2544 2116 2843 2182 Ecclesias,
2869 2124 2925 2169 ut
2955 2116 3118 2171 modo
3150 2132 3317 2170 novas
3347 2115 3507 2169 indu-

1915 2204 2049 2260 catis
2080 2203 2363 2276 [inferatis]
2394 2204 2674 2259 doctrinas
2694 2204 2722 2256 ‘P
2750 2206 2863 2258 Aut
2905 2203 3212 2276 gloriamini
3242 2203 3398 2274 quasi
3441 2204 3506 2258 in

1916 2310 2005 2349 vos
2032 2294 2174 2348 solos
2205 2295 2523 2361 pervenerit
2569 2292 2795 2347 verbum
2824 2293 2941 2357 Dei,
2978 2300 3030 2347 et
3074 2309 3173 2347 vos
3202 2292 3302 2346 soli
3335 2293 3507 2347 Deum

1915 2381 2155 2437 credatis
2177 2382 2204 2435 ?
2233 2382 2407 2435 Nemo
2430 2388 2669 2435 vestrum
2702 2381 3083 2451 praesumendo
3115 2381 3271 2451 quasi
3290 2380 3506 2450 sapiens

1915 2470 1985 2524 sit
2014 2470 2254 2542 negligat
2282 2477 2557 2539 praecepta
2577 2484 2701 2524 mea
2736 2483 2746 2522 :
2781 2470 2879 2523 sed
2900 2471 2947 2525 si
2965 2472 3088 2541 quis
3108 2470 3330 2525 videtur
3349 2470 3508 2523 inter

1914 2575 2006 2614 vos
2036 2574 2151 2614 esse
2175 2558 2468 2630 propheta,
2502 2557 2558 2611 id
2588 2564 2669 2612 est
2700 2558 3008 2628 Scripturas
3028 2557 3339 2629 intelligens
3364 2574 3377 2611 :
3400 2559 3505 2611 aut

1916 2647 2075 2701 etiam
2106 2647 2443 2717 spiritualis,
2479 2645 2533 2698 id
2586 2654 2667 2700 est
2697 2646 3027 2717 spiritualem
3078 2646 3242 2703 vitam
3271 2645 3498 2709 ducens,

1916 2735 2225 2806 quicunque
2257 2734 2344 2799 sit,
2396 2739 2691 2806 cognoscat
2732 2751 2794 2790 ea
2850 2751 2970 2807 qua:
3008 2735 3184 2792 scribo
3241 2735 3402 2799 vobis,
3453 2738 3507 2788 et

1914 2831 2125 2893 Oportet
2160 2838 2171 2876 :
2203 2824 2335 2895 quia
2364 2823 2482 2877 haec
2513 2823 2786 2878 mandata
2812 2838 2921 2877 non
2950 2838 3069 2877 mea
3091 2827 3245 2891 sunt,
3274 2822 3371 2877 sed
3400 2823 3505 2879 Do-

1912 2913 2075 2966 mini.
2113 2911 2169 2965 Si
2198 2910 2317 2981 quis
2346 2918 2524 2965 autem
2555 2911 2944 2966 contumeliose
2975 2927 3034 2965 se
3074 2909 3307 2966 eﬂ‘erens
3338 2910 3503 2982 igno-

1914 3006 2017 3066 rat,
2051 2998 2352 3069 dedignans
2382 2999 2662 3053 attendere
2705 3000 2823 3054 haec
2860 2999 3129 3065 mandata,
3178 2999 3299 3053 dico
3345 2998 3503 3054 vobis

207 3053 452 3148 terprete
482 3053 780 3133 barbarum
832 3079 1069 3135 frendat.
1121 3053 1414 3136 Ecclesiae.
1434 3096 1560 3146 non,
1594 3082 1689 3136 sed
1732 3082 1811 3137 Io-
1845 3053 1890 3112 Ο
1912 3087 1979 3141 de
2004 3053 2125 3152 illo,
2159 3053 2301 3157 quuod
2332 3102 2431 3157 pro
2462 3095 2609 3142 certo
2655 3087 2997 3159 ignorabitur
3024 3103 3053 3141 a
3084 3053 3217 3141 Deo.
3252 3086 3508 3154 Quando—

208 3170 464 3237 quantur
491 3169 599 3222 sibi
624 3172 679 3223 et
715 3169 841 3236 Deo,
874 3168 930 3223 id
962 3176 1043 3223 est
1073 3168 1414 3223 instructioni
1438 3169 1591 3223 suiet
1612 3169 1808 3224 divinae

210 3252 383 3309 laudi.
435 3255 583 3310 Sicut
631 3256 915 3327 loquentes
946 3256 1168 3327 linguis,
1222 3256 1299 3312 sic
1329 3257 1493 3311 etiam
1520 3258 1810 3329 prophetae

217 3342 323 3398 duo
355 3347 460 3398 aut
504 3348 618 3399 tres
650 3344 828 3399 dicant
856 3345 911 3397 in
942 3345 1194 3408 ecclesia,
1230 3352 1281 3399 et
1310 3360 1408 3414 per
1437 3353 1623 3414 partes
1653 3345 1808 3399 simi-

211 3426 353 3480 liter.
406 3427 660 3482 Dicerent
731 3427 867 3481 alii:
917 3429 1032 3482 Nos
1071 3428 1162 3499 qui
1206 3428 1537 3483 tantumdem
1584 3428 1804 3497 scirrus,

210 3530 395 3569 nonne
409 3515 858 3585 pr0phetabimus
882 3516 909 3569 ἱ)
924 3516 1175 3579 Minime;
1195 3516 1293 3570 sed
1314 3518 1807 3589 cwteripmphetw

207 3604 527 3672 dijudicent
565 3618 631 3657 ea
662 3619 781 3673 quze
810 3603 1076 3658 docentur
1120 3604 1189 3657 ab
1228 3603 1334 3657 illis
1364 3604 1641 3670 fratribus,
1673 3612 1729 3658 ut
1761 3606 1807 3659 si

204 3691 334 3761 quid
380 3690 524 3744 male
556 3690 806 3756 doceant,
853 3691 1038 3746 caeteri
1086 3692 1360 3763 corrigant
1406 3692 1550 3747 illos.
1602 3694 1806 3747 Iterum

202 3777 347 3831 aliud
379 3778 448 3831 de
479 3779 773 3847 prophetis.
808 3779 865 3834 Si
884 3795 1008 3833 vero
1029 3786 1253 3849 repente
1283 3781 1464 3849 fuerit
1492 3780 1806 3835 revelatum

205 3866 340 3938 quid
368 3882 399 3919 a
431 3866 623 3936 spiritu
652 3867 756 3920 alii
784 3866 1024 3935 sedenti,
1072 3875 1263 3938 surgat
1313 3874 1363 3921 et
1391 3867 1642 3938 loquatur
1689 3867 1801 3934 ille,

205 3961 256 4007 et
288 3953 380 4024 qui
404 3955 566 4024 prior
611 3953 951 4024 loquebatur,
999 3956 1164 4009 modo
1195 3962 1392 4009 taceat.
1446 3955 1806 4026 Contingebat

203 4041 352 4095 enim
398 4042 722 4113 plerumque
785 4050 842 4096 ut
890 4042 1109 4112 spiritus
1150 4042 1327 4097 subito
1380 4042 1649 4112 arriperet
1698 4044 1804 4097 ali-

202 4146 365 4200 quem
401 4147 414 4183 :
448 4137 498 4183 et
539 4130 608 4183 de
647 4131 752 4185 hoc
809 4130 1051 4201 praecipit
1107 4130 1422 4200 Apostolus,
1484 4139 1540 4185 ut
1586 4132 1804 4201 quando

201 4219 303 4273 hoc
335 4217 644 4289 contigerit,
674 4217 766 4272 hic
810 4217 933 4271 talis
977 4218 1320 4288 permittatur
1364 4218 1530 4289 loqui.
1583 4219 1803 4290 Loqua-

200 4314 285 4359 tur
316 4306 409 4376 qui
439 4305 590 4374 prius
621 4305 867 4373 sedebat,
902 4313 955 4360 et
1000 4306 1135 4359 alter
1165 4313 1363 4361 taceat.
1407 4306 1476 4359 Et
1519 4306 1625 4361 hoc
1672 4306 1799 4362 ideo

1910 3174 2128 3245 quidem
2158 3177 2426 3246 ignorans
2455 3175 2569 3230 harc
2600 3176 2871 3241 mandata,
2905 3191 2937 3229 a
2967 3177 3081 3230 Deo
3112 3176 3496 3245 ignorabitur.

1910 3263 2121 3334 Itaque,
2153 3265 2367 3332 fratres
2398 3264 2528 3328 mei,
2576 3264 2951 3331 cemulamini,
2996 3263 3050 3316 id
3082 3271 3165 3318 est
3194 3263 3503 3318 desiderate

1906 3350 2266 3422 prophetare,
2300 3350 2438 3405 sicut
2468 3350 2745 3421 praecipio,
2807 3360 2857 3405 et
2889 3359 3068 3406 tamen
3102 3353 3250 3423 l0qui
3295 3352 3503 3422 linguis

1909 3439 2087 3494 nolite
2135 3440 2446 3510 prohibere,
2497 3438 2633 3494 sicut
2681 3454 2850 3509 supra
2896 3439 3273 3494 determinavi.
3322 3439 3502 3494 Nolite

1909 3526 2218 3596 prohibere,
2253 3527 2350 3581 sed
2380 3527 2570 3582 omnia
2596 3527 2742 3594 ﬁant
2773 3527 2837 3581 in
2869 3528 3015 3583 vobis
3047 3528 3297 3591 honeste,
3329 3527 3385 3580 id
3417 3534 3502 3580 est

1908 3614 1977 3668 ad
2005 3614 2425 3670 aediﬁcationem
2478 3614 2738 3671 Ecclesiae
2772 3632 2785 3667 :
2826 3622 2879 3669 et
2918 3614 3157 3670 144
3186 3614 3499 3670 secundum

1908 3702 2183 3769 ordinem,
2217 3719 2377 3773 quem
2433 3718 2591 3772 supra
2635 3702 2897 3773 disposui,
2932 3710 2991 3757 ut
3018 3702 3180 3773 pauci
3210 3702 3503 3774 loquantur

1907 3790 1994 3846 vel
2022 3792 2369 3863 prophetent,
2404 3798 2457 3845 et
2484 3806 2584 3861 per
2608 3798 2810 3861 partes.

2510 3983 2733 4039 CAPUT
2761 3984 2862 4040 XV
2875 4025 2888 4039 .

1981 4154 2003 4183 α
2039 4132 2238 4187 Notum
2268 4139 2449 4187 autem
2478 4133 2634 4188 vobis
2688 4134 2850 4204 facio,
2882 4134 3106 4201 fratres,
3134 4134 3497 4207 Evangelium

1911 4242 1931 4269 α
1969 4220 2115 4291 quod
2141 4220 2430 4289 praedicavi
2460 4221 2635 4289 vobis,
2694 4223 2839 4293 quod
2883 4229 2934 4277 et
2964 4222 3266 4293 accepistis,
3300 4222 3357 4277 in
3390 4239 3497 4295 quo

1909 4329 1930 4354 α
1968 4316 2019 4361 et
2048 4307 2217 4361 statis.
2252 4308 2356 4363 Per
2384 4309 2529 4379 quod
2559 4316 2611 4363 et
2642 4310 2924 4364 salvamini
2949 4325 2961 4363 :
2995 4325 3102 4381 qua
3122 4310 3331 4366 ratione
3349 4327 3498 4382 pras-

204 4393 347 4457 dico,
381 4393 506 4464 quia
526 4409 624 4448 vos
644 4409 834 4448 omnes
852 4394 1091 4464 potestis
1110 4393 1446 4465 prophetare
1471 4394 1684 4449 :eundo
1706 4410 1803 4465 per
1829 4402 1882 4461 1)
1908 4417 1928 4442 «
1961 4394 2257 4450 dicaverim
2278 4396 2452 4462 vobis,
2486 4397 2532 4450 si
2574 4397 2787 4463 tenetis,
2808 4397 2911 4451 nisi
2940 4397 3145 4453 frustra
3165 4399 3491 4456 credidistis.

204 4481 453 4554 singulos
486 4498 497 4535 :
534 4481 877 4536 solummodo
908 4481 1179 4546 videatur,
1215 4486 1283 4535 ut
1313 4498 1505 4537 omnes
1552 4484 1796 4547 discant,

200 4570 253 4624 id
297 4577 382 4625 est
433 4568 769 4624 instruantur
828 4586 928 4639 per
972 4571 1409 4640 prophetantem.
1474 4570 1799 4641 Plerumque

202 4657 347 4711 enim
376 4657 719 4727 contingitut
766 4657 857 4728 qui
897 4657 1202 4727 sapientem
1252 4673 1311 4711 se
1357 4658 1598 4727 putabat,
1644 4658 1799 4711 addi-

204 4754 381 4801 sceret
432 4745 577 4815 quod
626 4745 881 4809 nesciret,
913 4761 1015 4815 per
1044 4746 1193 4799 illum
1242 4745 1421 4800 subito
1450 4746 1792 4816 inspiratum.

202 4834 426 4889 Discant
454 4833 596 4898 dico,
631 4840 684 4888 et
714 4833 794 4888 sic
814 4850 1007 4889 omnes
1039 4833 1421 4890 exhortentur
1442 4834 1511 4888 ad
1538 4833 1791 4889 meliora:

200 4922 323 4977 ideo
354 4921 612 4992 praecipio
644 4929 699 4974 ut
727 4921 877 4990 prior
904 4930 1099 4976 taceat.
1130 4923 1272 4977 Nam
1299 4923 1532 4993 spiritus
1558 4921 1795 4993 pr0phe-

201 5015 392 5065 tarum
422 5010 703 5079 subjectus
732 5014 819 5064 est
852 5011 1160 5081 pr0phetis,
1196 5010 1251 5063 id
1282 5017 1363 5064 est
1395 5009 1627 5079 Spiritus
1654 5010 1793 5065 San-

196 5108 314 5153 ctus
344 5114 455 5152 non
486 5097 760 5167 compellit
790 5113 885 5152 eos
910 5097 1078 5168 loqui,
1112 5098 1279 5153 velint
1300 5097 1487 5163 nolint,
1522 5098 1643 5168 quia
1669 5113 1794 5153 cum

197 5187 417 5258 spiritus
445 5186 512 5240 sit
529 5187 695 5251 Deus,
721 5202 834 5241 non
856 5191 943 5241 est
966 5188 1111 5241 Deus
1130 5185 1514 5255 dissensionis,
1535 5203 1656 5257 quas
1683 5186 1793 5240 uti-

195 5293 296 5347 que
327 5274 600 5329 dissensio
630 5273 801 5341 ﬁeret,
850 5275 894 5328 si
924 5274 1319 5330 conclamando
1351 5274 1643 5344 litigarent.
1687 5276 1793 5331 Sed

194 5372 273 5418 est
300 5365 455 5418 Deus
480 5363 638 5433 pacis
688 5369 740 5417 et
777 5363 1088 5418 concordia:
1123 5379 1135 5417 :
1170 5380 1288 5432 quae
1331 5377 1437 5433 pax
1467 5370 1718 5417 servatur
1747 5362 1793 5416 si

196 5468 251 5507 se
281 5450 590 5507 alternatim
621 5451 1085 5522 supportaverint.
1119 5452 1235 5507 Hoc
1281 5458 1459 5505 autem
1490 5451 1559 5505 de
1588 5450 1792 5522 linguis

198 5548 247 5595 et
303 5540 595 5612 prophetia
643 5548 696 5594 et
740 5540 1038 5609 charitate,
1087 5548 1141 5596 et
1187 5539 1441 5597 omnibus
1494 5540 1791 5610 praemissis

330 5664 577 5719 PATBOL.
618 5663 796 5721 CLIII.

1907 4502 1928 4531 α
1962 4482 2181 4537 Tradidi
2237 4483 2377 4537 enim
2426 4484 2580 4539 vobis
2628 4484 2891 4554 imprimis
2947 4486 3089 4556 quod
3151 4495 3204 4541 et
3259 4488 3491 4559 accepi:

1908 4590 1930 4619 α
1965 4570 2223 4641 quoniam
2271 4571 2517 4625 Christus
2564 4580 2809 4627 mortuus
2857 4580 2939 4627 est
2981 4590 3082 4643 pro
3121 4576 3359 4645 peccatis
3389 4591 3495 4631 no-

1905 4680 1927 4706 u
1963 4658 2090 4713 stris
2120 4660 2418 4715 secundum
2446 4660 2753 4731 Scripturas
2786 4678 2799 4714 :
2833 4669 2886 4715 et
2929 4662 3053 4734 quia
3098 4664 3343 4733 sepultus
3386 4672 3487 4731 est,

1904 4768 1924 4793 «
1964 4754 2018 4801 et
2046 4747 2173 4818 quia
2204 4748 2492 4803 resurrexit
2522 4749 2677 4803 tertia
2707 4749 2795 4804 die
2818 4751 3115 4806 secundum
3141 4752 3489 4822 Scripturas;

1904 4855 1926 4884 α
1963 4842 2013 4888 et
2045 4836 2169 4905 quia
2198 4836 2345 4890 visus
2392 4844 2473 4891 est
2518 4837 2732 4907 Cephea,
2785 4846 2868 4892 est
2911 4846 3036 4908 post
3052 4840 3169 4894 haec
3199 4840 3479 4895 undecim.

1904 4942 1925 4971 κ
1962 4923 2170 4978 Deinde
2215 4924 2365 4978 visus
2422 4932 2504 4979 est
2541 4925 2823 4996 plusquam
2873 4926 3186 4999 quingentis
3232 4926 3491 4983 fratribus

1901 5030 1923 5055 υ
1960 5010 2139 5077 simul,
2196 5029 2260 5066 ex
2319 5012 2514 5083 quibus
2570 5014 2721 5067 multi
2776 5024 2993 5069 manent
3049 5032 3221 5087 usque
3291 5018 3489 5085 adhuc,

1901 5122 1923 5151 α
1959 5100 2179 5170 quidam
2206 5107 2386 5154 autem
2415 5101 2772 5157 dormierunt.
2826 5103 3034 5158 Deinde
3081 5104 3231 5159 visus
3280 5114 3364 5160 est
3391 5107 3489 5160 Ja-

1900 5212 1920 5235 α
1958 5189 2115 5253 cobo,
2166 5188 2363 5242 deinde
2406 5189 2663 5259 apostolis
2708 5191 2961 5245 omnibus
2995 5208 3008 5245 :
3050 5192 3346 5247 novissime
3394 5210 3488 5248 au-

1899 5299 1921 5327 «
1958 5285 2065 5331 tem
2096 5276 2333 5330 omnium
2367 5284 2623 5348 tanquam
2650 5278 2914 5345 abortivo,
2948 5280 3097 5335 visus
3124 5289 3203 5335 est
3236 5289 3287 5335 et
3315 5281 3471 5335 mihi.

1899 5386 1920 5416 α
1953 5365 2074 5435 Ego
2123 5365 2267 5419 enim
2324 5382 2443 5419 sum
2490 5366 2745 5421 minimus
2787 5368 3183 5437 apostolorum,
3232 5369 3322 5439 qui
3375 5383 3483 5422 non

1898 5476 1919 5501 α
1955 5469 2075 5506 sum
2102 5453 2301 5524 dignus
2330 5454 2516 5509 vocari
2545 5455 2844 5524 apostolus,
2879 5456 3132 5527 quoniam
3163 5463 3485 5525 persecutus

1898 5561 1919 5592 ι
1955 5557 2077 5596 sum
2110 5540 2407 5597 Ecclesiam
2467 5543 2587 5597 Dei.
2649 5544 2836 5601 Gratia
2888 5553 3066 5600 autem
3122 5543 3224 5600 Dei
3272 5560 3393 5599 sum
3431 5545 3486 5601 id

3287 5670 3323 5723 7
