3934 6054
451 203 555 258 203

948 200 1004 254 8.
1065 200 1419 256 BRUNONIS
1479 197 2120 255 CARTHUSIANORUM
2178 196 2665 253 INSTITUTORIS
2724 196 2875 252 OPP.
2937 196 3112 252 PARS
3170 198 3239 250 II.

3645 200 3757 253 204

461 343 483 373 α
521 324 665 394 quod
699 340 819 377 sum
853 339 866 376 :
899 330 951 377 et
979 323 1151 395 gratia
1203 324 1320 392 ejus
1367 323 1421 377 in
1469 340 1556 378 me
1587 338 1761 379 vacua
1787 338 1894 377 non
1931 321 2044 389 fuit,
2068 323 2123 381 Α
2158 342 2180 370 α
2214 329 2393 376 autem
2424 321 2779 376 terrestrium.
2813 320 2928 375 Alia
2962 320 3180 375 claritas
3210 320 3360 389 solis,
3392 320 3498 374 alia
3527 320 3754 375 claritas

459 431 481 461 α
516 412 613 466 sed
662 412 1025 465 abundantius
1058 411 1165 464 illis
1214 412 1462 465 omnibus
1493 411 1757 466 laboravi.
1790 412 1913 465 Non
1943 426 2046 481 ego

454 520 476 550 α
513 507 712 565 autem,
749 500 844 553 sed
867 499 1038 569 gratia
1069 500 1168 553 Dei
1197 515 1428 555 mecum.
1463 499 1587 554 Sive
1617 499 1761 554 enim
1783 515 1906 570 ego,
1932 499 2047 553 sive

461 610 481 633 ιε
518 586 614 656 illi,
663 587 743 642 sic
787 587 1220 656 praedicavimus,
1264 596 1318 642 et
1368 588 1447 643 sic
1496 587 1824 642 credidistis.
1858 586 1915 640 Si
1943 602 2043 640 au-

456 697 478 721 ιι
514 683 622 729 tem
652 673 898 729 Christus
928 676 1270 745 praedicatur,
1323 676 1467 746 quod
1504 675 1802 730 resurrexit
1829 690 1861 728 a
1889 690 2043 729 mor-

454 785 475 809 ιι
513 763 635 829 tuis,
669 763 941 834 quomodo
988 763 1209 834 quidam
1257 764 1443 818 dicunt
1489 762 1547 816 in
1586 763 1744 818 vobis
1791 763 2043 833 quoniam

453 873 474 897 α
515 850 843 906 resurrectio
870 858 1210 905 mortuorum
1262 867 1371 906 non
1420 859 1520 917 est,
1570 866 1747 922 neque
1796 851 2042 905 Christus

456 959 479 989 ι
515 939 828 994 resurrexit.
916 939 972 994 Si
1026 946 1204 994 autem
1261 939 1503 993 Christus
1561 955 1670 994 non
1719 938 2037 1003 resurrexit,

454 1047 475 1072 α
513 1025 689 1081 inanis
745 1035 827 1082 est
880 1027 1195 1097 pradicatio
1250 1036 1458 1092 nostra,
1505 1028 1681 1082 inanis
1712 1035 1795 1082 cst
1825 1036 1877 1081 et
1907 1026 2040 1081 ﬁdes

453 1139 474 1163 «
508 1122 707 1171 vestra.
768 1115 1077 1171 Invenimur
1104 1123 1284 1170 autem
1314 1123 1367 1169 et
1397 1115 1519 1169 falsi
1566 1123 1732 1170 testes
1761 1115 1880 1180 Dei,
1908 1130 2040 1185 quo-

454 1226 476 1250 u
510 1203 653 1257 niam
700 1203 1064 1257 testimonium
1113 1203 1343 1257 diximus
1374 1203 1636 1258 adversus
1665 1204 1860 1271 Deum,
1896 1203 2040 1272 quod

456 1310 476 1342 κ
512 1291 858 1346 suscitaverit
897 1291 1188 1356 Christum,
1239 1306 1400 1361 quem
1448 1307 1559 1345 non
1610 1291 1935 1357 suscitavit,
1994 1290 2039 1344 si

450 1401 471 1427 «ι
506 1379 706 1434 mortui
739 1395 847 1433 non
878 1386 1193 1448 resurgunt.
1227 1380 1367 1432 Nam
1401 1378 1448 1432 si
1476 1378 1672 1433 mortui
1702 1394 1810 1432 non
1848 1394 2036 1432 resur-

450 1488 472 1517 ι
507 1475 660 1538 gunt,
697 1482 875 1537 neque
908 1466 1154 1521 Christus
1184 1467 1500 1520 resurrexit.
1550 1466 1685 1534 Quia
1718 1467 1762 1519 si
1791 1466 2036 1520 Christus

449 1577 470 1603 α
510 1570 617 1609 non
648 1554 961 1619 resurrexit,
999 1570 1131 1609 vana
1162 1563 1243 1608 est
1274 1552 1408 1609 ﬁdes
1439 1562 1639 1609 vestra.
1674 1554 1863 1609 Adhuc
1891 1554 2034 1607 enim

446 1666 467 1689 «
507 1642 638 1696 estis
668 1642 723 1695 in
754 1643 992 1712 peccatis
1022 1642 1239 1697 vestris.
1272 1643 1423 1714 Ergo
1466 1652 1517 1697 et
1570 1642 1659 1713 qui
1699 1643 2035 1696 dormierunt

447 1750 470 1780 α
504 1730 558 1783 in
592 1730 828 1797 Christo,
883 1730 1178 1800 perierunt.
1232 1730 1289 1785 Si
1330 1730 1383 1782 in
1431 1731 1533 1784 hac
1573 1731 1677 1785 vita
1726 1737 1933 1784 tantum
1980 1730 2036 1783 in

446 1841 468 1865 α
505 1817 719 1873 Christo
771 1826 1052 1888 sperantes
1109 1835 1315 1884 sumus,
1377 1818 1801 1873 miserabiliores
1849 1834 2035 1872 sumus

443 1929 465 1953 «ι
502 1906 752 1961 omnibus
782 1907 1107 1961 hominibus.
1158 1907 1314 1961 Nunc
1360 1914 1539 1960 autem
1569 1906 1815 1960 Christus
1845 1922 2033 1960 resur-

444 2018 464 2042 σι
505 1994 645 2049 rexit
674 2010 704 2047 a
755 1994 979 2049 mortuis
1026 1994 1277 2064 primitim
1324 1994 1729 2060 dormientium,
1781 1994 2033 2064 quoniam

449 2100 470 2131 π
501 2082 719 2154 quidem
749 2099 849 2153 per
878 2082 1153 2136 hominem
1183 2098 1353 2147 mors,
1407 2090 1459 2135 et
1486 2098 1586 2152 per
1636 2082 1911 2137 hominem
1941 2098 2033 2136 re-

443 2192 465 2221 «
503 2171 765 2225 surrectio
810 2178 1165 2225 mortuorum.
1212 2172 1279 2224 Et
1347 2169 1483 2223 sicut
1521 2170 1577 2223 in
1624 2170 1795 2224 Adam
1843 2186 2033 2224 omnes

442 2279 465 2308 α
498 2258 819 2324 moriuntur,
873 2258 947 2313 ita
987 2259 1044 2311 in
1086 2258 1300 2313 Christo
1358 2273 1549 2312 omnes
1596 2256 2031 2313 vivificabuntur.

440 2368 462 2396 ι
498 2346 881 2417 Unusquisque
956 2354 1137 2400 autem
1191 2346 1245 2400 in
1322 2360 1418 2399 suo
1476 2345 1687 2413 ordine,
1778 2346 2032 2416 primitiae

441 2458 463 2483 α
499 2434 742 2489 Christus
777 2450 788 2487 :
823 2434 1020 2489 deinde
1051 2434 1107 2487 hi
1138 2434 1228 2505 qui
1260 2442 1385 2488 sunt
1415 2434 1631 2499 Christi,
1674 2434 1767 2505 qui
1823 2434 1877 2487 in
1934 2435 2029 2489 ad-

436 2543 459 2573 α
496 2529 660 2577 ventu
691 2523 807 2591 ejus
836 2522 1205 2578 crediderunt.
1242 2521 1448 2577 Deinde
1494 2520 1636 2591 ﬁnis,
1685 2537 1810 2577 cum
1857 2522 2029 2576 tradi-

433 2637 454 2660 ι.
493 2610 629 2665 derit
660 2627 887 2682 regnum
916 2613 1030 2665 Deo
1061 2619 1113 2665 et
1145 2611 1305 2676 Patri,
1364 2626 1486 2665 cum
1517 2610 1857 2666 evacuaverit
1905 2626 2028 2664 om-

432 2720 454 2750 «
491 2714 616 2753 nem
674 2699 1057 2769 principatum,
1110 2707 1162 2754 et
1220 2706 1564 2769 potestatem,
1628 2706 1679 2754 et
1736 2699 2017 2754 virtutem.

434 2811 456 2836 ι
493 2786 719 2856 Oportet
747 2796 925 2841 autem
957 2787 1107 2841 illum
1138 2803 1394 2859 regnare,
1437 2787 1612 2842 donec
1643 2796 1809 2858 ponat
1838 2804 2027 2842 omnes

433 2898 455 2927 α
490 2875 737 2930 inimicos
770 2876 870 2929 sub
900 2875 1130 2946 pedibus
1189 2877 1307 2944 ejus
1339 2876 1513 2943 (Psal.
1548 2890 1661 2941 cxx,
1716 2878 1789 2944 1).
1821 2876 2025 2930 Novis-

434 2986 456 3015 α
493 2964 629 3018 sime
657 2971 838 3018 autem
866 2963 1086 3019 inimica
1115 2963 1421 3017 destruetur
1449 2978 1619 3017 mors.
1655 2962 1849 3018 Omnia
1878 2962 2021 3017 enim

434 3076 457 3101 κ
495 3051 722 3120 subjecit
750 3052 849 3105 sub
880 3052 1110 3121 pedibus
1147 3052 1264 3120 ejus
1296 3052 1470 3121 (Psal.
1505 3067 1619 3116 vm,
1653 3051 1727 3121 8).
1761 3052 1895 3105 Cum
1925 3066 2020 3105 au-

436 3163 458 3190 «
494 3149 604 3195 tem
661 3139 847 3194 dicat:
910 3139 1108 3194 Omnia
1166 3140 1403 3207 subjecta
1433 3147 1555 3192 sunt
1578 3140 1647 3207 ei,
1696 3138 1813 3193 sine
1858 3139 2021 3194 dubio

433 3250 455 3279 ι
491 3235 694 3299 przeter
736 3244 860 3282 eum
905 3228 997 3298 qui
1036 3227 1267 3297 subjecit
1314 3227 1364 3281 ei
1410 3227 1608 3283 omnia.
1660 3230 1793 3281 Cum
1840 3236 2019 3282 autem

432 3337 453 3367 ι
489 3316 651 3388 [Nam
681 3314 823 3377 cum]
854 3315 1098 3385 subjecta
1153 3315 1352 3369 fuerint
1378 3315 1454 3369 illi
1484 3314 1685 3381 omnia,
1746 3323 1873 3371 tunc
1901 3315 2019 3385 ipse

432 3427 455 3454 α
489 3404 631 3458 ﬁlius
663 3404 938 3472 subjectus
986 3404 1089 3458 erit
1142 3404 1218 3457 illi
1256 3403 1348 3474 qui
1400 3403 1628 3472 subjecit
1676 3403 1777 3457 sibi
1816 3404 2015 3470 omnia,

430 3514 453 3545 α
488 3501 548 3548 ιιι
577 3492 645 3546 sit
671 3493 819 3546 Deus
850 3492 1031 3546 omnia
1061 3493 1116 3546 in
1167 3492 1439 3546 omnibus.
1491 3492 1745 3562 Alioquin
1776 3492 1904 3562 quid
1936 3491 2019 3546 fa-

427 3602 451 3632 ι
486 3581 646 3649 cient,
681 3580 773 3652 qui
821 3580 1161 3650 baptizantur
1214 3595 1313 3650 pro
1371 3580 1650 3634 mortuis?
1709 3579 1764 3634 Si
1793 3580 2017 3635 omnino

430 3693 451 3716 α
488 3669 685 3724 mortui
739 3684 849 3723 non
907 3676 1216 3739 resurgunt,
1275 3676 1331 3721 ut
1388 3668 1517 3738 quid
1575 3675 1628 3721 et
1677 3668 2018 3738 baptizantur

429 3779 451 3807 ι
486 3773 587 3828 pro
617 3756 768 3809 illis?
798 3757 865 3810 Ut
890 3756 1021 3825 quid
1050 3764 1102 3809 et
1131 3772 1231 3809 nos
1262 3755 1637 3825 periclitamur
1659 3756 1807 3809 omni
1834 3756 2017 3811 hora?

429 3844 741 3912 «Quotidie
797 3843 1001 3897 morior
1057 3850 1281 3912 propter
1343 3851 1577 3896 vestram
1629 3843 1857 3913 gloriam
1898 3843 2015 3916 [pro

425 3954 449 3980 ιι
485 3939 668 3985 vestra
698 3929 917 4002 gloria],
952 3928 1167 3996 fratres,
1200 3946 1360 3999 quam
1395 3930 1571 3985 habeo
1603 3930 1657 3983 in
1679 3931 1890 3985 Christo
1920 3933 2014 3985 Je-

428 4043 449 4066 «
486 4036 549 4072 su
580 4018 813 4073 Domino
842 4026 1045 4072 nostro.
1084 4018 1139 4071 Si
1169 4018 1464 4072 secundum
1494 4019 1772 4073 hominem
1802 4020 1872 4073 ad
1914 4020 2014 4074 be-

427 4129 448 4157 α
486 4107 618 4161 stias
648 4106 887 4177 pugnavi
918 4106 1140 4175 Ephesi,
1171 4106 1299 4176 quid
1330 4106 1460 4160 mihi
1490 4107 1715 4177 prodest
1745 4108 1790 4161 si
1820 4108 2015 4162 mortui

428 4218 449 4243 «
485 4212 594 4251 non
624 4202 921 4267 resurgunt
951 4195 979 4248 ?
1017 4194 1406 4249 Manducemus
1462 4203 1514 4249 et
1572 4195 1841 4257 bibamus,
1892 4211 2014 4251 cras

424 4304 446 4334 α
484 4284 628 4337 enim
658 4283 955 4337 moriemur
983 4283 1133 4353 (Sap.
1168 4298 1227 4349 ιι,
1261 4285 1327 4349 6;
1360 4283 1463 4338 13a.
1506 4299 1644 4349 xxu,
1690 4287 1798 4354 13).
1834 4283 2013 4338 Nolite

2150 433 2172 456 «
2208 410 2369 474 lunae,
2406 418 2456 463 et
2478 410 2584 464 alia
2600 409 2821 464 claritas
2845 410 3147 465 stellarum.
3171 409 3335 464 Stella
3358 409 3502 464 enim
3530 426 3560 463 a
3592 409 3755 463 stella

2150 518 2173 547 ι
2207 496 2385 551 differt
2415 499 2469 551 in
2498 498 2745 553 claritate
2781 513 2791 551 :
2828 498 2905 553 sic
2936 506 2989 553 et
3020 498 3352 553 resurrectio
3382 505 3747 552 mortuorum.

2151 606 2173 635 ι
2210 586 2522 641 Seminatur
2578 587 2632 640 in
2677 586 3039 656 corruptione,
3074 593 3263 657 surget
3292 586 3348 640 in
3376 586 3750 655 incorruptio-

2148 696 2169 720 «
2205 690 2292 729 ne.
2329 674 2634 729 Seminatur
2670 675 2725 727 in
2773 675 3132 745 ignobilitate,
3194 683 3384 746 surget
3429 674 3485 727 in
3533 674 3741 746 gloria.

2150 780 2167 813 ι
2207 761 2515 816 Seminatur
2544 762 2599 815 in
2631 761 2963 827 infirmitate,
3001 770 3189 834 surget
3236 762 3291 816 in
3324 763 3536 817 virtute.
3572 762 3753 817 Semi-

2147 870 2170 899 ι
2206 858 2367 903 natur
2405 849 2636 905 145
2670 866 2868 921 corpus
2897 851 3152 917 animale,
3186 858 3372 923 surget
3390 866 3593 921 corpus
3626 851 3749 920 spi-

2146 960 2167 983 α
2203 937 2417 992 rituale.
2460 938 2515 994 Si
2548 946 2629 992 est
2657 954 2852 1009 corpus
2903 940 3160 1007 animale,
3213 947 3295 993 est
3340 947 3393 994 et
3435 938 3745 1009 spirituale,

2145 1046 2169 1076 ι
2205 1026 2344 1081 sicut
2380 1025 2641 1097 scriptum
2682 1035 2761 1082 est
2795 1043 2808 1082 :
2854 1028 3091 1083 «Factus
3138 1027 3343 1097 primus
3366 1028 3531 1082 homo
3562 1028 3745 1082 Adam

2146 1134 2167 1164 α
2200 1113 2254 1167 in
2310 1114 2545 1168 animam
2594 1115 2867 1170 viventem
2915 1116 3137 1186 (Gener.
3167 1131 3226 1181 ιι,
3260 1118 3315 1185 7)
3355 1139 3375 1164 ιο
3408 1115 3746 1171 novissimus

2144 1222 2167 1252 ι
2203 1202 2379 1256 Adam
2426 1203 2482 1257 in
2528 1202 2775 1273 spiritum
2809 1202 3193 1259 viviﬁcantem.
3239 1203 3347 1257 Sed
3401 1220 3513 1258 non
3580 1204 3741 1273 prius

2144 1310 2166 1340 α
2205 1291 2352 1361 quod
2382 1291 2664 1361 spirituale
2695 1300 2795 1355 est,
2831 1292 2928 1346 sed
2959 1292 3106 1363 quod
3138 1291 3369 1346 animale
3400 1300 3503 1357 est,
3538 1292 3743 1348 deinde

2143 1401 2164 1425 α
2202 1379 2347 1449 quod
2378 1379 2660 1448 spirituale
2690 1388 2790 1434 est.
2823 1380 3037 1436 Primus
3090 1381 3255 1435 homo
3285 1380 3353 1435 de
3382 1389 3527 1434 terra
3558 1388 3742 1437 terre-

2144 1487 2165 1515 α
2200 1483 2300 1520 nus
2334 1485 2346 1521 :
2407 1468 2677 1522 secundus
2708 1468 2872 1522 homo
2928 1468 2997 1522 de
3054 1468 3196 1523 c0210
3246 1468 3504 1523 caelestis.
3542 1466 3737 1536 Qualis

2140 1577 2161 1602 α
2198 1562 2465 1621 terrenus,
2501 1556 2637 1610 tales
2668 1564 2721 1610 et
2780 1556 2983 1610 terreni
3018 1574 3032 1622 ;
3067 1566 3119 1611 et
3149 1556 3321 1627 qualis
3365 1557 3628 1624 ccelestis,
3660 1566 3742 1611 ta-

2054 1671 2107 1730 B
2141 1663 2163 1692 «
2198 1642 2278 1696 les
2309 1650 2360 1697 et
2393 1643 2663 1697 ccelestes.
2698 1644 2867 1714 Igitur
2898 1644 3035 1699 sicut
3058 1645 3396 1713 portavimus
3436 1644 3738 1715 imaginem

2143 1752 2165 1781 α
2201 1730 2425 1797 terreni,
2460 1740 2742 1801 portemus
2786 1740 2837 1786 et
2867 1732 3160 1804 imaginem
3195 1732 3453 1787 caelestis.
3488 1734 3605 1788 Hoc
3636 1749 3739 1787 au-

2141 1839 2162 1868 α
2198 1827 2306 1872 tem
2336 1819 2479 1883 dico,
2512 1819 2723 1885 fratres,
2761 1820 3017 1890 quoniam
3035 1836 3166 1875 caro
3188 1829 3236 1875 et
3256 1821 3479 1891 sanguis
3502 1837 3733 1891 regnum

2139 1927 2161 1956 α
2198 1906 2297 1960 Dei
2327 1906 2611 1976 possidere
2642 1923 2752 1961 non
2807 1915 3053 1977 possunt,
3113 1925 3291 1979 neque
3332 1909 3612 1979 corruptio
3646 1909 3734 1963 in-

2138 2015 2159 2044 «
2198 1995 2567 2065 corruptelam
2614 1996 2932 2065 possidebit.
3002 1998 3147 2052 Ecce
3203 1997 3523 2068 mysterium
3576 1998 3735 2051 vobis

2138 2102 2160 2131 α
2195 2083 2317 2137 dico
2352 2098 2363 2135 :
2400 2082 2605 2138 Omnes
2637 2083 2860 2154 quidem
2883 2101 3261 2158 resurgemus,
3286 2085 3386 2139 sed
3405 2100 3515 2140 non
3537 2102 3732 2141 omnes

2139 2191 2160 2217 α
2197 2170 2624 2225 immutabimur.
2658 2172 2715 2224 In
2764 2181 3061 2241 momento,
3095 2172 3150 2226 in
3180 2172 3287 2227 ictu
3337 2172 3504 2238 oculi,
3538 2174 3593 2226 in
3624 2188 3731 2227 no-

2137 2280 2158 2305 ‹‹
2195 2257 2415 2313 vissima
2448 2259 2612 2313 tuba:
2646 2268 2803 2314 canet
2832 2260 2977 2314 enim
3025 2260 3171 2326 tuba,
3222 2269 3273 2315 et
3310 2261 3507 2315 mortui
3539 2277 3731 2315 resur-

2136 2367 2157 2395 ι
2194 2354 2323 2418 gent
2380 2347 2701 2416 incorrupti,
2758 2355 2811 2403 et
2868 2364 2970 2403 nos
3026 2348 3455 2403 immutabimur.
3501 2348 3732 2419 Oportet

2135 2451 2157 2476 α
2193 2430 2336 2483 enim
2393 2430 2745 2500 corruptibile
2790 2431 2895 2487 hoc
2954 2431 3176 2487 induere
3233 2431 3726 2503 incorruptionem,

2133 2536 2161 2568 α
2190 2525 2242 2572 et
2268 2518 2495 2572 mortale
2524 2519 2628 2573 hoc
2656 2518 2878 2574 induere
2924 2519 3402 2575 immortalitatem.
3456 2521 3592 2574 Cum
3622 2536 3728 2575 au-

2134 2627 2155 2652 ιι
2191 2612 2301 2660 tem
2344 2606 2572 2660 mortale
2624 2607 2725 2661 hoc
2765 2606 3001 2662 induerit
3047 2608 3531 2674 immortalitatem,
3595 2617 3727 2664 tunc

2135 2716 2154 2742 α
2193 2692 2283 2748 ﬁet
2315 2710 2492 2748 sermo
2523 2695 2613 2766 qui
2644 2695 2881 2765 scriptus
2929 2703 3011 2750 est
3045 2714 3059 2750 :
3097 2717 3119 2746 α
3155 2697 3430 2766 Absorpta
3460 2705 3543 2751 est
3571 2713 3726 2752 mors

2133 2803 2155 2832 ι
2190 2782 2246 2834 in
2271 2781 2496 2837 victoria
2517 2783 2662 2851 (Ose.
2697 2799 2819 2849 xm,
2857 2784 2965 2853 14).
2999 2806 3026 2836 ι
3059 2784 3162 2840 Ubi
3181 2792 3283 2850 est,
3304 2801 3471 2850 mors,
3495 2785 3724 2839 victoria

2132 2891 2154 2919 κ
2189 2878 2279 2923 tua
2301 2870 2329 2923 ?
2356 2870 2459 2925 Ubi
2491 2878 2591 2937 est,
2625 2887 2797 2937 mors,
2833 2871 3082 2925 stimulus
3112 2881 3237 2927 tuus
3257 2873 3283 2926 ?
3315 2872 3574 2928 Stimulus
3620 2890 3724 2949 au-

2133 2981 2156 3006 «
2191 2966 2296 3011 tem
2328 2959 2515 3013 mortis
2546 2968 2825 3029 peccatum
2857 2968 2956 3027 est,
2992 2960 3158 3015 virtus
3189 2976 3321 3016 vero
3350 2961 3559 3031 peccati
3597 2961 3713 3016 lex.

2127 3069 2148 3093 ιι
2185 3047 2299 3101 Deo
2330 3056 2510 3101 autem
2542 3047 2762 3119 gratias,
2796 3048 2887 3119 qui
2918 3049 3066 3103 dedit
3095 3049 3255 3103 nobis
3284 3049 3585 3117 victoriam,
3618 3066 3723 3120 per

2126 3157 2147 3181 «ι
2182 3135 2474 3189 Dominum
2504 3144 2747 3190 nostrum
2776 3136 2960 3191 Jesum
2991 3137 3263 3191 Christum
3293 3138 3344 3206 (Ι
3366 3139 3527 3193 Joan.
3554 3153 3611 3206 v,
3637 3138 3717 3208 5).

2125 3243 2147 3273 α
2183 3224 2389 3294 Itaque,
2420 3222 2614 3279 fratres
2664 3224 2771 3278 mei
2800 3225 3002 3289 dilecti,
3038 3224 3258 3279 stabiles
3305 3233 3476 3280 estote
3532 3233 3585 3279 et
3614 3226 3718 3279 im-

2126 3331 2147 3359 «
2182 3311 2411 3366 mobiles
2443 3329 2455 3364 :
2489 3312 2827 3367 abundantes
2856 3312 2913 3365 in
2943 3312 3091 3366 omni
3121 3328 3286 3383 opere
3310 3312 3544 3378 Domini,
3569 3329 3717 3367 sem-

2126 3423 2147 3445 ι
2180 3415 2280 3468 per
2309 3400 2543 3455 scientes
2575 3400 2721 3471 quod
2774 3401 2932 3455 labor
2974 3408 3160 3456 vester
3203 3416 3312 3456 non
3343 3409 3424 3457 est
3452 3401 3629 3455 inanis
3656 3401 3715 3456 in

2123 3510 2145 3535 α
2181 3486 2435 3543 Domino.
2472 3512 2494 3535 ι

2763 3696 3076 3739 ΕΧΡΟΒΙΤΙΟ.

2189 3847 2478 3917 Postquam
2512 3847 2695 3903 docuit
2725 3864 2819 3904 eos
2849 3850 2917 3904 de
2947 3850 3237 3920 baptismo,
3289 3851 3357 3906 de
3386 3868 3615 3923 corpore
3655 3862 3712 3910 et

2117 3935 2384 4006 sanguine
2430 3936 2645 3990 Domini
2690 3945 2741 3991 et
2797 3938 2865 3992 de
2908 3938 3068 3992 donis
3118 3939 3347 4009 Spiritus
3392 3941 3584 4008 sancti,
3639 3943 3712 3997 ad

2116 4023 2361 4077 ultimum
2392 4023 2607 4078 instruit
2639 4041 2735 4079 eos
2774 4026 2843 4079 de
2896 4027 3293 4082 resurrectione
3347 4037 3707 4099 mortuorum,

2116 4127 2278 4181 quam
2309 4112 2503 4181 partim
2548 4112 2863 4179 credebant,
2913 4114 3109 4183 partim
3158 4116 3448 4187 negabant.
3497 4118 3710 4173 Crede-

2115 4198 2245 4252 bant
2274 4200 2419 4253 enim
2450 4200 2716 4254 Christum
2758 4217 2883 4256 vere
2912 4203 3213 4257 surrexisse
3243 4219 3275 4257 a
3304 4205 3532 4259 mortuis
3563 4224 3578 4271 ;
3612 4221 3713 4261 eos

2115 4286 2276 4340 etiam
2306 4287 2397 4357 qui
2425 4287 2479 4341 in
2511 4288 2804 4342 novissima
2847 4290 2975 4343 tuba
3009 4299 3376 4360 morerentur,
3410 4300 3463 4347 et
3489 4292 3711 4363 integra

427 4393 451 4423 ι
488 4371 692 4426 seduci.
729 4372 1092 4441 Corrumpunt
1131 4387 1313 4425 mores
1343 4372 1516 4426 bonos
1544 4372 1817 4443 colloquia
1844 4371 2005 4426 mala.
2038 4365 2091 4425 D
2111 4389 2275 4429 carne
2304 4374 2481 4428 statim
2515 4376 2921 4446 reviviscerent,
2976 4378 3077 4432 hos
3106 4379 3243 4434 tales
3290 4380 3591 4435 credebant
3621 4397 3712 4436 re-

425 4482 446 4507 «
484 4459 753 4530 Evigilate
802 4459 951 4527 justi,
1012 4467 1064 4513 et
1119 4460 1284 4514 nolite
1338 4475 1571 4530 peccare
1608 4477 1620 4513 :
1654 4459 2012 4531 ignorantiam

425 4569 447 4599 α
484 4547 628 4603 enim
686 4546 785 4602 Dei
843 4547 1061 4618 quidam
1119 4547 1335 4602 habent.
1396 4548 1480 4602 Ad
1526 4547 1886 4601 reverentiam
1917 4562 2013 4602 v0-

425 4658 447 4688 α
484 4637 567 4690 bis
596 4636 809 4708 loquor.
845 4636 953 4689 Sed
982 4635 1127 4690 dicet
1156 4635 1353 4706 aliquis
1378 4653 1390 4689 :
1416 4633 1702 4702 Quomodo
1722 4643 2013 4707 resurgent

423 4749 445 4773 κ
482 4724 725 4780 mortui?
754 4724 911 4793 Quali
961 4732 1143 4778 autem
1174 4739 1404 4793 corpore
1436 4722 1690 4777 venient?
1721 4722 2007 4792 Insipiens,

424 4832 444 4866 ι
481 4822 536 4867 tu
568 4813 712 4883 quod
764 4812 997 4866 seminas
1051 4828 1160 4865 non
1217 4809 1534 4878 viviticatur,
1572 4810 1674 4864 nisi
1703 4810 1853 4880 prius
1894 4826 2011 4866 mo-

425 4924 446 4949 u
483 4902 671 4956 riatur.
704 4902 769 4954 Et
802 4900 946 4970 quod
978 4899 1235 4963 seminas,
1288 4914 1394 4952 non
1452 4913 1650 4968 corpus
1688 4898 1831 4968 quod
1862 4897 2009 4953 futu-

423 5016 445 5038 ε
480 5006 600 5043 rum
646 4996 728 5043 est
779 4989 1037 5053 seminas,
1084 4988 1180 5042 sed
1230 4986 1433 5040 nudum
1483 5003 1731 5055 granum,
1784 4994 1840 5040 ut
1879 4995 2010 5057 puta

428 5077 661 5143 «tritici,
718 5085 809 5131 aut
855 5077 1086 5145 alicujus
1146 5082 1489 5129 caeterorum.
1530 5075 1676 5129 Deus
1707 5083 1887 5129 autem
1916 5075 2009 5129 dat

422 5188 444 5217 ε
476 5166 553 5219 illi
611 5181 809 5236 corpus
840 5166 981 5219 sicut
1012 5164 1141 5229 vult,
1175 5170 1226 5215 et
1257 5161 1548 5232 unicuique
1578 5163 1847 5217 seminum
1879 5179 2007 5233 pro-

421 5279 442 5303 «α
478 5255 657 5325 prium
687 5270 905 5323 corpus.
940 5254 1065 5306 Non
1094 5250 1270 5305 omnis
1299 5265 1426 5305 caro
1483 5251 1671 5306 eadem
1702 5268 1828 5307 caro
1863 5270 1875 5305 :
1909 5253 2007 5307 sed

420 5366 441 5391 α
480 5344 585 5398 alia
613 5342 912 5406 hominum,
943 5339 1046 5393 alia
1103 5354 1378 5408 pecorum,
1413 5339 1520 5393 alia
1562 5340 1866 5407 volucrum,
1902 5340 2007 5394 alia

419 5451 443 5482 ι
479 5438 661 5486 autem
691 5428 941 5500 piscium.
975 5428 1043 5482 Et
1069 5442 1301 5497 corpora
1357 5427 1617 5495 coelestia,
1670 5436 1723 5483 et
1771 5444 2007 5499 corpora

422 5535 444 5572 ι
483 5517 765 5573 terrestria
798 5534 811 5571 :
838 5516 935 5573 sed
965 5515 1070 5571 alia
1090 5514 1311 5587 quidem
1342 5515 1644 5572 caelestium
1674 5516 1871 5589 gloria,
1902 5516 2005 5572 alia

2114 4471 2472 4517 surrecturos.
2528 4463 2636 4518 Sed
2688 4480 2782 4519 eos
2826 4481 3057 4536 quorum
3102 4482 3337 4537 corpora
3380 4467 3437 4521 in
3489 4468 3706 4525 cineres

2111 4550 2558 4616 dissolverentur,
2592 4551 2843 4607 dicebant
2870 4553 3021 4607 nulla
3060 4554 3271 4609 ratione
3313 4571 3478 4625 posse
3507 4573 3705 4611 resur-

2110 4654 2261 4708 gere.
2294 4639 2644 4694 Naturalibus
2674 4656 2843 4711 supra
2896 4642 3120 4696 modum
3159 4644 3501 4699 adhaerentes
3530 4661 3705 4715 argu-

2110 4726 2327 4780 mentis.
2360 4727 2557 4781 Littera
2582 4728 2666 4782 sic
2690 4729 2967 4799 jungitur:
3000 4731 3080 4784 De
3109 4730 3311 4803 linguis
3342 4740 3391 4786 et
3420 4734 3705 4803 prophetia

2109 4813 2189 4869 sic
2218 4830 2315 4869 vos
2345 4814 2536 4870 doceo.
2570 4818 2644 4871 De
2665 4819 3076 4873 resurrectione
3097 4824 3292 4874 autem
3322 4826 3700 4892 mortuorum,

2108 4906 2307 4957 notum
2341 4904 2489 4973 facio
2535 4905 2697 4973 vobis,
2732 4908 2985 4977 fratres:
3016 4909 3234 4972 notum,
3268 4908 3509 4979 inquam,
3560 4908 3702 4965 facio

2107 4991 2492 5061 Evangelium,
2553 4992 2608 5046 id
2654 5002 2754 5059 est,
2802 4995 3257 5050 resurrectionem
3306 5005 3698 5063 mortuorum;

2109 5078 2253 5148 quod
2285 5079 2514 5132 maxima
2570 5097 2694 5150 pars
2750 5090 2832 5135 est
2877 5098 3013 5137 meae
3069 5082 3470 5152 praedicationis
3504 5103 3519 5151 ;
3552 5086 3697 5153 quod

2108 5166 2464 5237 Evangelium
2494 5168 2562 5223 de
2593 5170 2992 5225 resurrectione
3023 5186 3127 5241 ego
3170 5172 3477 5243 praedicam:
3526 5175 3697 5240 vobis,

2106 5270 2174 5307 ne
2204 5254 2509 5309 obtendatis
2556 5272 2653 5311 vos
2701 5257 2858 5327 quasi
2896 5257 3213 5328 ignoranter
3242 5276 3517 5330 peccare;
3552 5262 3699 5333 quod

2106 5343 2281 5397 etiam
2330 5346 2649 5415 accepistis,
2684 5351 2737 5399 et
2777 5353 2935 5416 turpe
2978 5362 3100 5402 esse
3147 5348 3310 5403 debet
3340 5349 3487 5419 quod
3522 5348 3700 5404 semel

2105 5430 2245 5486 bene
2265 5431 2567 5487 credidistis
2592 5450 2605 5486 :
2629 5432 2822 5488 iterum
2842 5450 3067 5506 negare,
3092 5436 3154 5490 in
3176 5453 3281 5507 quo
3302 5440 3478 5493 etiam
3493 5439 3699 5505 statis;

2106 5518 2209 5575 nisi
2237 5519 2383 5575 enim
2424 5520 2876 5578 resurrectionem
2925 5522 3181 5593 credatis,
3226 5523 3430 5581 frustra
3472 5526 3528 5581 in
3582 5526 3698 5584 ﬁde
