3960 6050
244 216 357 270 205

856 215 1229 272 EXPOSITIO
1278 217 1351 272 IN
1388 215 1767 273 EPISTOLAS
1824 214 2047 271 PAULI.
2088 247 2156 258 —
2203 218 2275 275 IN
2327 218 2544 275 EPIST.
2592 220 2614 274 1
2653 220 2747 276 AD
2780 202 2937 277 COR.

3439 223 3543 277 206

249 337 426 402 stetis;
482 354 583 409 per
646 339 788 411 quod
843 341 1016 395 etiam
1056 341 1415 412 Evangelium
1455 340 1925 400 salvabimini:A
1951 340 2176 395 vertitur
2221 343 2289 397 ad
2337 343 2482 415 quod
2510 359 2696 415 supra.
2730 346 2871 400 Vere
2905 342 3166 400 Christus
3195 346 3537 400 resurrexit.

247 426 433 479 carnis
463 427 606 481 enim
657 429 1112 484 resurrectionem
1160 438 1372 499 partem
1419 430 1650 485 dicimus
1697 428 1843 491 fidei,

250 514 372 567 sine
430 532 532 585 qua
581 532 743 570 nemo
795 518 967 587 possit
997 518 1214 573 salvari.
1248 519 1619 573 Salvabimini
1648 518 1769 573 dico
1798 518 1848 572 si

249 605 459 657 tenetis
492 604 594 659 hoc
622 605 981 676 Evangelium
1011 622 1073 660 ea
1104 609 1325 662 ratione
1355 624 1464 679 qua
1511 607 1669 661 vobis
1696 622 1847 678 prte-

245 690 435 746 dicavi
458 712 475 746 :
496 700 550 747 et
578 694 693 748 nisi
726 695 827 748 hoc
858 694 1090 764 sitquod
1120 711 1217 750 vos
1256 698 1477 765 frustra
1508 696 1843 761 credidistis,

244 779 303 832 id
333 788 437 846 est,
472 781 574 834 nisi
604 780 768 837 fidem
798 792 1039 837 vestram
1066 783 1310 839 inutilem
1340 784 1535 851 dicitis,
1563 784 1708 855 quod
1738 784 1847 837 Co-

246 866 435 921 rinthii
483 869 630 924 nullo
681 871 843 925 modo
890 870 1193 926 faterentur
1241 888 1356 937 eos,
1408 872 1614 927 scilicet
1658 872 1849 926 frustra

242 956 567 1011 credidisse.
598 958 775 1013 Trado
805 959 961 1014 vobis
989 960 1372 1031 Evangelium.
1398 962 1539 1015 Nam
1568 962 1670 1014 hoc
1701 959 1847 1031 quod

243 1059 353 1115 ego
374 1044 587 1099 tradidi
608 1046 755 1101 vobis
776 1048 838 1101 in
854 1048 1080 1119 primis,
1105 1048 1161 1102 id
1183 1056 1283 1117 est,
1308 1048 1448 1102 inter
1467 1048 1679 1118 potiora
1699 1046 1845 1115 ﬁdei;

242 1134 391 1202 quod
421 1133 579 1187 etiam
608 1150 719 1189 non
746 1151 776 1188 a
806 1150 893 1189 me
924 1136 1117 1201 habeo,
1146 1137 1245 1190 sed
1283 1138 1475 1208 accepi
1503 1154 1535 1191 a
1557 1139 1687 1193 Deo.
1711 1138 1843 1202 Hoc,

241 1220 475 1287 scilicet,
500 1222 860 1293 Evangelium
886 1238 898 1277 :
922 1225 1065 1295 quod
1089 1224 1345 1280 Christus
1357 1229 1616 1280 mortuus
1638 1228 1723 1281 est
1742 1240 1846 1296 pro

242 1309 496 1379 peccatis
517 1312 728 1366 nostris
756 1311 1035 1378 delendis;
1069 1320 1121 1367 et
1152 1312 1197 1366 si
1226 1321 1451 1383 peccata
1473 1321 1657 1367 nostra
1673 1312 1848 1367 deleta

244 1404 394 1462 sunt,
439 1413 666 1468 quorum
704 1415 866 1469 poena
908 1416 1057 1454 mors
1084 1408 1185 1465 est,
1222 1416 1391 1472 quare
1418 1401 1473 1455 in
1503 1408 1679 1456 morte
1705 1400 1846 1455 deti—

240 1486 486 1538 nemur?
528 1487 766 1541 Mortuus
814 1496 896 1542 est
922 1488 1164 1542 Christus
1200 1504 1211 1542 :
1268 1497 1319 1543 et
1362 1491 1465 1543 hoc
1495 1490 1618 1544 dico
1644 1504 1847 1543 secun-

244 1570 379 1623 dum
430 1570 753 1641 Scripturas
808 1573 1195 1641 prophetarum
1250 1572 1396 1627 idem
1441 1573 1837 1627 attestantium.

242 1658 378 1711 Cum
425 1658 587 1712 modo
632 1659 829 1713 debeat
877 1660 1111 1730 probare
1147 1661 1216 1715 de
1244 1661 1663 1727 resurrectione,
1698 1676 1845 1730 prae-
1875 1693 1926 1751 B

240 1746 407 1799 mittit
432 1746 706 1801 Christum
735 1764 865 1802 vere
894 1749 1062 1803 fuisse
1102 1757 1390 1813 mortuum,
1424 1757 1481 1803 ut
1514 1765 1656 1803 verm
1686 1748 1847 1803 morti

239 1850 370 1888 vera
425 1835 491 1888 sit
547 1837 893 1892 resurrectio.
953 1838 1069 1893 Hoc
1122 1838 1285 1893 etiam
1336 1837 1531 1891 tradidi
1578 1836 1733 1892 vobis
1779 1837 1846 1891 de

239 1922 462 1977 Christo
509 1925 651 1996 quod
696 1926 954 1997 sepultus
998 1930 1101 1995 est,
1158 1942 1225 1981 ne
1254 1926 1437 1980 statim
1466 1933 1589 1996 post
1618 1933 1846 1980 mortem

238 2027 558 2082 resurgens,
606 2013 925 2068 diceretur:
978 2014 1099 2069 Non
1143 2030 1274 2069 vere
1322 2022 1566 2069 mortuus
1596 2022 1697 2068 est.
1732 2015 1847 2068 Hoc

238 2099 404 2153 etiam
436 2100 632 2154 tradidi
660 2101 813 2155 vobis
835 2102 902 2156 de
932 2118 997 2156 eo
1026 2103 1168 2174 quod
1196 2104 1523 2157 resurrexit
1552 2105 1722 2157 tertia
1734 2102 1841 2157 die.

240 2187 311 2241 Et
341 2190 448 2243 hoc
478 2189 603 2244 dico
634 2190 943 2245 secundum
988 2191 1331 2262 Scripturas,
1366 2207 1488 2261 quae
1524 2191 1628 2246 hoc
1657 2191 1844 2261 perhi-

241 2274 394 2331 bent.

313 2364 571 2418 Probavit
624 2381 720 2434 per
785 2366 1095 2421 testimonia
1166 2367 1593 2437 Scripturarum,
1648 2367 1843 2437 probat

238 2451 401 2506 etiam
434 2453 706 2507 Christum
733 2455 1121 2521 resurrexisse,
1156 2471 1255 2525 per
1304 2455 1613 2509 testimonia
1653 2472 1843 2510 eorum

239 2540 443 2611 quibus
479 2549 603 2610 post
642 2542 1096 2597 resurrectionem
1143 2543 1292 2598 visus
1339 2552 1440 2597 est.
1490 2545 1557 2597 Et
1587 2544 1692 2598 hoc
1722 2551 1840 2597 tra-

239 2628 353 2682 didi
368 2628 547 2689 vobis,
581 2630 713 2700 quia
742 2631 891 2685 visus
921 2636 1005 2685 est
1041 2631 1255 2703 Cephea,
1288 2631 1343 2685 id
1364 2638 1462 2697 est,
1491 2633 1669 2687 Petro.
1689 2632 1841 2687 Hanc

241 2716 641 2785 apparitionem
670 2718 781 2783 ubi,
812 2726 865 2773 et
894 2720 1165 2790 quomodo
1194 2719 1333 2775 facta
1356 2720 1424 2773 sit
1442 2736 1553 2775 non
1581 2720 1836 2792 legimus,

240 2804 335 2857 sed
364 2806 740 2860 tantummodo
770 2807 1030 2876 scriptum
1052 2816 1168 2863 est:
1192 2809 1459 2863 Surrexit
1488 2810 1759 2863 Dominus
1782 2812 1839 2863 et

238 2893 511 2963 apparuit
545 2895 729 2960 Petro,
764 2898 819 2948 et
833 2900 960 2966 post
980 2896 1095 2950 haec
1133 2898 1286 2951 visus
1311 2900 1395 2951 est
1420 2897 1687 2953 undecim
1699 2912 1839 2966 apo-

239 2980 413 3043 stolis,
456 2979 692 3036 146
723 2983 939 3053 quando
971 2984 1207 3038 Thomas
1240 2992 1352 3039 erat
1411 3000 1533 3038 cum
1565 2984 1645 3038 eis
1676 2986 1833 3052 (Luc.

240 3083 402 3134 xxiv,
440 3072 557 3138 39).
592 3070 802 3125 Deinde
840 3073 991 3125 visus
1023 3076 1107 3126 est
1142 3074 1273 3143 plus
1303 3089 1471 3143 quam
1514 3074 1837 3144 quingentis

242 3158 523 3227 fratribus
554 3160 731 3213 simul
764 3178 781 3213 :
812 3176 886 3214 ex
930 3160 1125 3230 quibus
1155 3161 1328 3214 multi
1378 3165 1619 3215 manent
1663 3177 1837 3231 usque

240 3246 310 3299 ad
342 3245 447 3300 hoc
478 3250 730 3317 tempus;
752 3254 802 3300 et
822 3247 868 3300 si
892 3246 1088 3317 placet,
1115 3247 1338 3317 qumrite
1368 3248 1438 3301 ab
1459 3248 1572 3314 eis;
1607 3249 1837 3319 quidam

240 3338 433 3387 autem
464 3350 659 3389 eorum
679 3335 1057 3391 dormierunt.
1092 3335 1369 3389 Christum
1389 3335 1519 3389 dicit
1540 3344 1832 3405 mortuum,

241 3420 339 3475 hos
356 3421 650 3476 dormisse.
683 3423 895 3478 Deinde
926 3424 1101 3478 etiam
1130 3424 1281 3479 visus
1303 3429 1386 3479 est
1414 3425 1608 3479 Jacobo
1638 3424 1835 3478 Hiero-

240 3509 566 3579 solymitano
599 3510 876 3581 episcopo,
912 3511 1004 3581 qui
1029 3512 1219 3565 videns
1259 3513 1532 3567 Christum
1567 3512 1622 3565 in
1649 3528 1832 3577 cruce,

238 3597 455 3653 devovit
483 3614 544 3652 se
589 3614 698 3653 non
727 3599 1185 3653 manducaturum
1214 3615 1432 3669 panem,
1466 3600 1642 3655 donec
1679 3599 1835 3654 vide-

238 3695 317 3740 ret
362 3686 640 3740 Christum
688 3688 1071 3742 resurrexisse.
1127 3689 1207 3741 De
1256 3688 1340 3741 his
1369 3688 1582 3742 duabus
1612 3686 1835 3757 appari-

237 3774 494 3841 tionibus,
526 3774 659 3828 nihil
688 3776 742 3829 in
772 3775 1086 3847 Evangeliis
1114 3775 1414 3831 invenitur.
1448 3776 1663 3831 Deinde
1688 3776 1837 3828 visus

236 3870 316 3916 est
345 3864 603 3918 omnibus
634 3865 899 3935 apostolis
930 3865 1075 3932 (Act.
1107 3879 1187 3931 1x,
1224 3868 1299 3934 3),
1335 3864 1390 3917 in
1421 3864 1508 3918 die
1538 3863 1835 3918 Ascensio-

236 3950 339 4003 nis.
372 3951 680 4007 Novissime
700 3957 892 4007 autem
925 3953 1180 4008 omnium
1214 3953 1366 4007 visus
1408 3956 1492 4007 est
1522 3953 1666 4006 mihi
1686 3951 1832 4020 (Act.

235 4052 377 4103 χχιι,
414 4042 543 4105 17);
577 4040 728 4109 prius
755 4040 812 4093 in
838 4040 944 4105 via,
982 4048 1104 4109 post
1133 4040 1189 4093 in
1230 4040 1435 4110 templo
1466 4040 1659 4093 oranti.
1706 4038 1837 4093 Mihi

235 4126 376 4191 dico,
404 4131 675 4198 tanquam
692 4129 960 4194 abortivo,
984 4128 1039 4181 id
1061 4136 1142 4183 est
1161 4128 1214 4183 vi
1250 4128 1491 4199 quadam
1510 4136 1561 4182 et
1583 4127 1835 4197 compul-

236 4213 389 4267 sione
418 4214 473 4267 in
502 4216 861 4284 apostolatum
891 4224 1033 4270 nato.
1081 4216 1405 4271 Abortivum
1430 4232 1488 4270 se
1519 4216 1668 4282 dicit,
1711 4214 1836 4286 quia

235 4309 384 4355 extra
431 4310 642 4372 tempus
669 4311 824 4356 natus
854 4303 909 4356 in
938 4303 1169 4368 Christo,
1206 4304 1569 4373 apostolatum
1599 4303 1831 4373 accepit,

1948 430 2087 483 Nam
2118 433 2198 486 sic
2228 433 2620 503 praedicamus,
2655 435 2767 489 sive
2789 450 2903 505 ego,
2928 436 3041 489 sive
3061 435 3152 488 illi
3171 432 3261 486 alii
3291 432 3541 503 apostoli,

1947 517 2102 573 locus
2133 520 2201 573 ab
2234 521 2574 575 auctoritate.
2610 522 2720 575 Vos
2742 522 2905 576 etiam
2923 523 3002 577 sic
3033 522 3374 587 credidistis,
3402 520 3547 591 quod

1950 607 2195 662 Christus
2226 625 2356 663 vere
2404 609 2737 664 resurrexit:
2780 610 2943 664 nolite
2972 625 3197 682 negare.
3244 611 3302 665 Si
3348 613 3543 664 autem

1949 697 2293 767 prazdicatur
2324 704 2375 752 et
2398 698 2592 769 negari
2620 713 2728 751 non
2759 706 2952 767 potest,
2989 699 3130 769 quod
3149 696 3406 752 Christus
3419 713 3547 752 sur-

1948 786 2103 839 rexit
2134 802 2167 839 a
2196 786 2456 850 mortuis,
2486 787 2750 857 quomodo
2782 786 3010 857 quidam
3046 787 3108 839 in
3138 786 3283 840 vobis
3321 786 3540 853 dicunt,

1948 873 2090 943 quod
2112 890 2227 927 non
2241 878 2326 929 est
2349 873 2528 928 futura
2542 876 2886 929 resurrectio
2907 878 3264 929 mortuorum
3281 877 3303 928 ?
3319 873 3375 927 Si
3394 872 3548 927 Chri-

1948 968 2063 1013 stus
2095 961 2386 1015 resurrexit
2416 962 2435 1032 (
2466 962 2609 1032 quod
2639 962 2825 1032 utique
2853 978 3040 1016 verum
3072 962 3176 1029 est)
3216 959 3549 1015 resurrectio

1948 1057 2279 1104 mortuorum
2323 1050 2563 1121 sequitur
2590 1066 2657 1105 ex
2700 1049 3048 1105 necessitate.
3096 1049 3348 1104 Probavit
3380 1064 3548 1119 supe-

1947 1137 2061 1191 rius
2106 1138 2511 1193 auctoritatibus
2541 1138 2937 1208 Scripturarum
2967 1146 3019 1193 et
3071 1136 3393 1192 testimoniis
3424 1152 3551 1191 san-
3623 1209 3629 1215 .

1949 1228 2180 1286 ctorum,
2235 1221 2326 1292 qui
2382 1222 2635 1276 viderunt
2672 1222 2949 1276 Christum
2987 1236 3119 1276 vere
3168 1219 3471 1275 surrexisse
3514 1235 3548 1274 a

1947 1309 2196 1375 mortuis,
2250 1317 2303 1364 et
2349 1325 2415 1364 ex
2459 1325 2524 1365 eo
2553 1309 2753 1376 intulit,
2789 1310 2917 1380 quia
2948 1309 2993 1363 si
3020 1309 3265 1364 Christus
3295 1307 3542 1378 surrexit,

1948 1404 2002 1451 et
2042 1397 2370 1452 resurrectio
2418 1406 2756 1453 mortuorum
2786 1398 2904 1452 erit.
2949 1398 3102 1452 Hanc
3132 1405 3311 1452 autem
3343 1412 3545 1452 conse-

1949 1486 2227 1555 quentiam
2275 1485 2355 1540 sic
2402 1486 2594 1555 probat
2628 1504 2641 1539 :
2694 1487 2829 1541 Vere
2878 1485 2923 1539 si
2956 1485 3203 1541 Christus
3234 1485 3465 1540 surrexit
3495 1492 3547 1539 et

1948 1573 2282 1627 resurrectio
2314 1587 2649 1629 mortuorum
2681 1583 2781 1629 est.
2803 1576 2943 1629 Nam
2960 1576 3011 1629 si
3032 1575 3375 1629 resurrectio
3396 1588 3547 1627 mor-

1950 1665 2175 1717 tuorum
2192 1678 2306 1717 non
2323 1666 2427 1727 est,
2448 1679 2625 1734 neque
2650 1661 2907 1717 Christus
2922 1662 3260 1717 resurrexit.
3278 1660 3545 1716 Hiclocus

1950 1764 1983 1802 a
2012 1748 2173 1802 simili
2227 1758 2327 1814 est,
2381 1757 2433 1804 et
2461 1749 2600 1804 inter
2674 1765 2895 1804 causam
2944 1758 2994 1805 et
3025 1748 3275 1804 effectum
3306 1748 3542 1804 diversis

1948 1837 2305 1908 respectibus.
2368 1838 2671 1893 Similitudo
2728 1838 2784 1891 in
2812 1844 2972 1893 eoest
2992 1836 3119 1907 quia
3153 1836 3200 1890 si
3222 1836 3469 1891 Christus
3490 1836 3547 1890 in

1946 1933 2123 1981 morte
2150 1924 2376 1980 detineri
2406 1941 2515 1980 non
2544 1925 2736 1996 potuit,
2771 1925 2898 1995 quia
2941 1931 3243 1995 peccatum,
3276 1922 3421 1994 quod
3462 1930 3546 1979 est

1947 2029 2114 2069 causa
2144 2014 2353 2082 mortis,
2384 2013 2441 2067 in
2470 2030 2535 2068 eo
2564 2030 2672 2068 non
2716 2013 2832 2080 fuit,
2864 2029 2965 2067 nec
2989 2028 3090 2067 nos
3119 2027 3217 2083 pro
3246 2011 3409 2066 modo
3439 2026 3545 2065 no-

1947 2110 2057 2156 stro
2081 2100 2357 2169 justificati
2387 2118 2417 2155 a
2447 2105 2687 2171 peccatis
2716 2101 2771 2155 in
2803 2108 2978 2155 morte
3000 2100 3379 2155 detinebimur.
3407 2098 3544 2166 Quia

1946 2190 1990 2244 si
2038 2198 2265 2244 mortem
2313 2190 2613 2257 evadimus,
2661 2198 2789 2245 tunc
2840 2205 3212 2261 resurgemus,
3262 2204 3362 2257 per
3404 2188 3544 2241 hanc

1946 2278 2370 2343 similitudinem,
2423 2278 2650 2343 scilicet,
2700 2277 2843 2348 quod
2872 2276 3111 2347 peccatis
3134 2274 3415 2344 justiﬁcati
3445 2291 3542 2328 su-

1944 2382 2084 2431 mus,
2135 2382 2259 2421 cum
2304 2367 2517 2421 Christo
2564 2381 2954 2435 resurgemus;
3009 2364 3107 2419 sed
3136 2363 3265 2435 quia
3294 2362 3541 2417 Christus
3630 2402 3635 2415 .

1942 2454 2104 2525 longe
2133 2454 2307 2522 major
2335 2454 2494 2508 nobis
2525 2461 2609 2508 est
2656 2453 2710 2506 in
2736 2453 2962 2521 justitia,
2998 2452 3122 2507 ideo
3150 2452 3327 2519 major
3354 2451 3452 2505 erit
3482 2450 3539 2505 in

1943 2542 2121 2614 gloria
2176 2541 2609 2597 resurrectionis.
2658 2542 2858 2596 Iterum
2899 2540 3229 2596 resurrectio
3260 2538 3457 2594 Christi
3487 2544 3542 2593 et

1942 2647 2277 2702 quaecunque
2323 2638 2579 2702 operatus
2620 2630 2787 2684 estin
2824 2630 3005 2695 terris,
3039 2629 3219 2684 omnia
3252 2635 3540 2699 spectave-

1942 2727 2064 2773 runt
2092 2727 2149 2772 ut
2177 2720 2341 2773 homo
2373 2719 2751 2774 restitueretur
2780 2718 3006 2788 perdita:
3034 2716 3373 2772 beatitudini.
3399 2715 3543 2783 Quia

1942 2806 2104 2862 si.hic
2131 2806 2375 2873 effectus,
2426 2806 2651 2871 scilicet,
2703 2805 3032 2861 resurrectio
3062 2814 3401 2860 mortuorum
3430 2819 3541 2858 non

1940 2895 2201 2965 sequitur,
2270 2894 2470 2949 frustra
2544 2910 2721 2950 causa;
2797 2894 2904 2948 illae
2959 2900 3378 2964 praecesserunt,
3443 2893 3541 2947 sed

1941 2983 2185 3037 Christus
2215 2983 2511 3038 resurrexit
2545 2998 2557 3036 :
2590 2990 2641 3037 et
2670 2983 2773 3036 hoc
2802 2981 2994 3052 probat
3023 2997 3123 3052 per
3150 2981 3319 3035 multa
3349 2980 3539 3035 incon-

1938 3071 2230 3137 venientia,
2264 3088 2331 3126 ex
2372 3087 2437 3126 eo
2477 3087 2585 3126 non
2614 3077 2933 3140 resurgente
2973 3068 3370 3139 provenientia.
3405 3068 3540 3124 Dico

1939 3160 2084 3229 quod
2117 3158 2373 3214 Christus
2395 3161 2670 3215 surrexit.
2703 3159 2844 3213 Nam
2885 3158 2935 3211 si
2978 3157 3234 3213 Christus
3262 3174 3378 3213 non
3407 3173 3539 3212 sur-

1936 3248 2109 3311 rexit,
2144 3263 2271 3317 ergo
2288 3247 2619 3317 praedicatio
2659 3250 2855 3302 nostra
2878 3250 2961 3301 est
2984 3246 3197 3313 inanis,
3230 3245 3283 3299 id
3313 3253 3396 3300 est
3422 3245 3540 3299 sine

1937 3350 1995 3389 re
2023 3352 2037 3399 ;
2070 3334 2201 3404 quia
2232 3351 2319 3387 res
2349 3334 2443 3387 illa
2474 3349 2637 3404 quam
2682 3333 2941 3403 praedicat
2988 3349 3099 3388 non
3129 3334 3207 3388 sic
3238 3341 3357 3399 est;
3393 3340 3445 3388 et
3473 3332 3541 3387 de

1935 3421 2131 3476 eodem
2162 3420 2309 3474 aliud
2340 3420 2749 3485 inconveniens,
2783 3420 3040 3491 quoniam
3068 3422 3205 3489 ﬁdes
3236 3424 3422 3475 vestra
3453 3422 3540 3474 est

1936 3510 2153 3575 inanis,
2179 3508 2235 3562 id
2265 3516 2346 3562 est
2370 3509 2724 3575 infructuosa,
2753 3508 2797 3561 si
2819 3508 3066 3562 Christus
3087 3524 3198 3563 non
3218 3507 3537 3573 resurrexit,

1938 3596 2085 3667 quod
2134 3596 2415 3661 Corinthii,
2470 3596 2693 3662 scilicet,
2746 3596 2910 3650 fidem
2961 3611 3111 3649 suam
3158 3611 3281 3649 esse
3319 3595 3538 3649 inanem

1934 3684 2082 3739 nullo
2121 3684 2286 3738 modo
2333 3684 2651 3739 faterentur.
2703 3685 2902 3738 Iterum
2951 3683 3095 3737 aliud
3124 3682 3534 3750 inconveniens,

1936 3773 1983 3827 si
2013 3773 2256 3827 Christus
2285 3788 2394 3827 non
2424 3773 2720 3827 resurrexit
2752 3791 2765 3837 ;
2800 3772 2923 3843 quia
2944 3779 3072 3826 tunc
3090 3774 3418 3826 invenimur
3437 3786 3541 3826 nos

1935 3862 2075 3931 falsi
2106 3865 2277 3916 testes
2306 3860 2406 3915 Dei
2436 3861 2629 3927 Patris,
2662 3861 2786 3915 ideo
2808 3861 3074 3932 quoniam
3095 3860 3349 3915 diximus
3374 3861 3539 3914 testi-

1936 3951 2191 4004 monium
2222 3953 2427 4004 contra
2448 3950 2623 4004 Deum
2646 3966 2658 4002 :
2692 3964 2802 4003 non
2825 3948 2968 4002 enim
2989 3947 3167 4018 placet
3188 3949 3321 4015 Deo,
3348 3947 3394 4001 si
3416 3947 3538 4017 quis

1936 4037 2081 4107 quod
2110 4052 2217 4091 non
2252 4036 2442 4092 fecerit
2470 4039 2618 4092 Deus
2646 4037 2901 4091 attribuat
2939 4036 3008 4101 ei;
3042 4038 3164 4101 hoc,
3199 4035 3407 4090 scilicet
3452 4043 3538 4090 te-

1936 4125 2249 4180 stimonium
2278 4126 2420 4197 quod
2447 4127 2593 4180 Deus
2622 4126 2991 4180 suscitaverit
3029 4123 3336 4189 Christum,
3372 4139 3538 4195 quem

1934 4229 2032 4282 pro
2072 4222 2222 4269 certo
2262 4230 2379 4269 non
2417 4214 2715 4269 suscitavit
2749 4213 2799 4268 si
2819 4214 3035 4268 mortui
3062 4229 3177 4268 non
3204 4216 3531 4283 resurgunt.

1935 4301 2135 4355 Verum
2164 4308 2246 4355 est
2276 4301 2421 4371 quod
2452 4300 2651 4355 mortui
2699 4308 2992 4372 resurgunt
3036 4306 3173 4356 sicut
3202 4315 3302 4355 vos
3333 4299 3535 4355 dicitis.

232 4389 287 4443 in
341 4389 483 4444 ccelo
540 4399 763 4460 recepto
817 4391 1049 4445 Domino
1107 4406 1230 4445 cum
1282 4406 1465 4447 carne.
1518 4393 1660 4446 Bene
1706 4391 1829 4445 dico
1858 4389 2075 4453 DNam
2102 4391 2153 4443 si
2181 4390 2553 4447 mortuinon
2583 4392 2909 4459 resurgunt,
2950 4405 3129 4460 neque
3154 4387 3411 4444 Christus
3439 4404 3535 4444 re-

231 4478 498 4533 abortivo.
522 4479 663 4533 Nam
681 4494 777 4549 ego
827 4495 954 4533 sum
982 4480 1255 4535 minimus
1293 4481 1693 4551 apostolorum,
1731 4479 1829 4550 qui

233 4581 336 4620 nec
358 4567 536 4620 etiam
558 4566 763 4636 dignus
776 4582 901 4621 sum
916 4568 1099 4622 vocari
1112 4569 1418 4639 apostolus,
1434 4568 1697 4640 quoniam
1706 4583 1831 4637 per-

230 4658 461 4709 secutus
487 4670 611 4708 sum
643 4655 953 4710 Ecclesium
977 4657 1091 4710 Dei.
1125 4657 1189 4709 Et
1218 4656 1341 4711 licet
1360 4656 1555 4728 dignus
1576 4671 1684 4709 non
1705 4654 1821 4709 fue-

230 4742 354 4809 rim,
390 4749 574 4796 tamen
598 4760 727 4798 sum
757 4743 832 4809 id,
868 4743 923 4796 id
954 4751 1035 4797 est
1060 4744 1337 4814 apostolus
1366 4744 1459 4815 qui
1484 4743 1668 4814 utique
1704 4759 1825 4797 sum

226 4846 329 4901 per
357 4833 605 4900 gratiam
650 4833 769 4896 Dei,
819 4838 871 4886 et
915 4830 1042 4886 licet
1069 4832 1222 4902 prius
1253 4839 1568 4902 persecutor
1609 4830 1821 4900 fuerim,

228 4925 412 4973 tamen
446 4935 513 4973 ex
541 4934 647 4990 quo
674 4919 860 4991 recepi
900 4920 1136 4990 gratiam
1165 4921 1303 4989 ejus,
1336 4920 1455 4991 ipsa
1483 4920 1670 4990 gratia
1708 4936 1824 4974 non

226 5008 343 5075 fuit
372 5023 569 5074 vacua,
604 5008 658 5061 id
688 5016 771 5062 est
816 5008 987 5063 otiosa
1016 5009 1081 5063 in
1121 5024 1226 5075 me,
1264 5009 1361 5064 sed
1404 5008 1648 5063 laboravi
1676 5007 1823 5061 omni

226 5111 435 5166 genere
465 5096 736 5165 passionis
764 5096 1152 5151 abundantius
1184 5098 1439 5151 omnibus
1464 5095 1583 5149 aliis
1614 5103 1823 5165 aposto-

225 5182 311 5236 lis.
342 5183 413 5237 Et
443 5183 570 5238 licet
599 5184 776 5238 dicam
812 5184 1077 5252 laboravi,
1112 5192 1290 5238 tamen
1320 5200 1434 5239 non
1464 5199 1560 5253 ego
1608 5199 1706 5253 per
1734 5198 1822 5237 me

222 5270 327 5326 hoc
358 5271 526 5340 potui,
560 5272 655 5326 sed
682 5274 871 5341 gratia
899 5274 1000 5327 Dei
1030 5279 1255 5342 operata
1284 5276 1368 5327 est
1410 5287 1652 5326 mecum.
1686 5272 1823 5325 Cum

222 5357 368 5413 dicat
396 5375 457 5413 se
487 5366 563 5413 tot
592 5366 645 5413 et
674 5367 814 5413 tanta
845 5359 1186 5427 sustinuisse,
1218 5375 1318 5429 per
1338 5360 1443 5414 hoc
1461 5358 1595 5413 satis
1624 5374 1823 5428 appro-

223 5445 313 5501 bat
363 5446 837 5513 resurrectionem,
887 5464 986 5519 spe
1026 5448 1180 5517 cujus
1227 5447 1412 5503 omnia
1459 5447 1678 5519 patitur.
1710 5447 1821 5502 Re-

1928 4478 2220 4531 surrexit:
2247 4477 2395 4531 idem
2426 4476 2678 4546 superius
2713 4484 2989 4547 posuerat,
3024 4477 3121 4531 sed
3152 4477 3221 4531 ad
3250 4476 3398 4531 aliud
3423 4494 3435 4532 :
3461 4475 3539 4531 ibi

1929 4565 2073 4619 enim
2132 4573 2190 4619 ut
2247 4564 2397 4620 illam
2452 4565 2711 4636 probaret
2766 4581 2951 4619 veram
3008 4565 3054 4619 si
3108 4565 3357 4620 Christus
3406 4582 3533 4619 sur-

1928 4653 2069 4708 rexit
2098 4661 2151 4707 et
2183 4653 2379 4708 mortui
2411 4661 2725 4725 resurgent.
2758 4654 2860 4709 Hic
2889 4661 3072 4708 autem
3100 4660 3157 4707 ut
3186 4653 3411 4707 inferret
3439 4669 3533 4707 ve-

1926 4757 2041 4794 ram
2073 4756 2192 4795 eam
2226 4758 2344 4812 qua:
2365 4741 2494 4796 dicit
2516 4757 2625 4795 non
2648 4742 2965 4797 suscitatum
2989 4758 3111 4797 esse
3132 4740 3402 4795 Christum
3429 4740 3535 4795 nisi

1934 4828 2166 4884 14⁸7
2199 4830 2393 4883 mortui
2429 4838 2734 4902 resurgant.
2770 4830 2992 4885 Diceret
3024 4828 3334 4884 Corinthius
3360 4846 3373 4883 :
3396 4828 3532 4883 Mal-

1924 4916 2033 4972 lem
2061 4932 2269 4989 negare
2299 4918 2759 4973 resurrectionem
2790 4917 3008 4983 Christi,
3032 4932 3195 4989 quam
3224 4918 3529 4973 concedere

1924 5006 2066 5075 quod
2104 5014 2397 5077 resurgant
2430 5006 2648 5060 mortui.
2691 5007 2890 5060 Probat
2912 5006 3105 5060 iterum
3127 5022 3225 5076 per
3261 5005 3524 5062 inconve-

1922 5092 2078 5146 niens
2095 5092 2368 5147 Christum
2390 5094 2754 5148 resurrexisse
2776 5113 2794 5149 :
2820 5095 2961 5149 Vere
2991 5094 3239 5148 Christus
3268 5095 3522 5161 surrexit,

1922 5195 2051 5235 nam
2069 5182 2117 5236 si
2136 5197 2251 5237 non
2270 5184 2591 5237 resurrexit
2617 5182 2893 5248 Christus,
2917 5182 3053 5251 ﬁdes
3072 5186 3261 5238 vestra
3273 5182 3341 5236 de
3363 5182 3525 5236 Chri-

1924 5276 2007 5324 sto
2024 5286 2171 5323 vana
2191 5272 2297 5323 est.
2320 5268 2482 5323 Nulla
2506 5268 2605 5323 fuit
2623 5269 2714 5322 illa
2735 5268 2893 5335 fides,
2916 5285 3076 5340 quam
3089 5270 3392 5339 accepistis.
3415 5270 3524 5323 Ve-

1923 5373 1984 5411 re
2015 5356 2061 5411 si
2088 5356 2337 5411 Christus
2367 5373 2478 5412 non
2526 5358 2839 5424 resurrexit,
2874 5374 3011 5413 vana
3041 5366 3125 5412 est
3154 5356 3289 5411 ﬁdes
3319 5364 3519 5413 vestra.

1924 5446 2069 5501 Nam
2098 5445 2285 5501 adhuc
2332 5446 2471 5501 estis
2513 5446 2577 5501 in
2609 5448 2860 5517 peccatis
2908 5445 3360 5515 vestris.Legitur
3390 5460 3507 5498 sur-
