3960 6050
422 197 529 256 207

928 200 983 255 S.
1016 199 1371 257 BRUNONIS
1428 200 2071 258 CARTHUSIANORUM
2125 201 2608 259 INSTITUTORIS
2665 201 2818 258 OPP.
2876 200 3050 256 PARS
3104 200 3177 254 ΙΙ.

3599 199 3704 253 208

425 322 632 377 rexisse
660 329 885 393 propter
905 323 1341 391 justificationem
1371 333 1631 380 nostram.
1668 325 1803 394 Quia
1836 324 1881 379 si
1902 340 2010 380 non
2030 326 2083 386 Α
2114 326 2379 380 creaturis
2426 335 2706 398 paternam
2736 325 3080 381 dilectionem
3111 322 3389 378 adhibere.
3424 321 3558 377 Cum
3589 328 3705 375 tra-

423 411 738 476 resurrexit,
790 426 891 467 nec
940 427 1040 466 nos
1080 412 1410 480 justificavit,
1457 415 1537 469 sic
1566 414 1734 487 igitur
1760 429 1902 468 vana
1932 422 2014 468 est
2113 413 2309 469 diderit
2339 416 2459 470 dico
2508 432 2741 489 regnum
2777 432 2788 469 :
2832 423 2884 469 et
2933 430 3062 468 cum
3095 413 3450 468 evacuaverit
3480 426 3702 466 omnem

425 496 562 554 fides
611 507 813 554 vestra.
871 500 939 554 Et
985 500 1111 572 quia
1144 502 1322 556 adhuc
1369 504 1616 557 homines
1646 510 1771 557 sunt
1799 503 1853 556 in
1884 519 2013 573 pec-

421 587 576 653 catis,
614 603 741 659 ergo
790 589 882 642 illi
924 591 1018 659 qui
1066 590 1421 645 dormierunt
1470 593 1531 645 in
1566 590 1803 655 Christo,
1847 590 1901 644 id
1929 598 2015 646 est

414 676 613 731 mortui
643 675 697 730 in
728 676 925 730 Christi
958 674 1063 731 fide
1085 680 1398 749 perierunt,
1418 678 1473 732 id
1495 686 1578 733 est
1602 678 1843 733 damnati
1865 688 2009 733 sunt.

416 766 616 820 Iterum
662 765 808 819 aliud
857 765 1268 821 inconveniens.
1326 768 1393 821 Et
1435 768 1623 822 sinon
1653 768 2010 823 resurrecturi

411 857 705 925 sperantes
726 870 920 909 sumus
940 855 1004 908 in
1028 854 1245 910 Christo
1258 856 1649 911 tantummodo
1664 858 1725 911 in
1748 856 1850 911 hac
1870 858 2007 923 vita,

411 942 549 996 sicut
576 957 674 997 vos
704 941 900 1008 dicitis,
952 941 1180 996 futuram
1213 958 1321 997 non
1352 944 1605 1013 habituri,
1657 952 1783 1000 tunc
1814 962 2009 1000 sumus

410 1030 842 1086 miserabiliores
879 1030 1134 1086 omnibus
1183 1031 1505 1087 hominibus
1544 1051 1557 1086 :
1592 1033 1719 1105 quia
1753 1049 1855 1089 nec
1886 1034 2005 1101 hac,

410 1134 512 1174 nec
557 1117 662 1173 alia
707 1118 811 1173 vita
858 1117 1148 1172 fruemur:
1186 1134 1307 1174 cum
1359 1120 1597 1191 quotidie
1641 1122 1694 1175 in
1744 1122 2007 1192 angustiis

410 1206 811 1262 devolvamur:
867 1207 1307 1278 quandoquidem
1356 1217 1431 1263 tot
1475 1210 1907 1265 inconvenientia
1942 1227 2006 1265 ex

408 1302 607 1365 negata
635 1296 1033 1352 resurrectione
1064 1312 1122 1350 se
1138 1296 1394 1368 ingerunt
1434 1315 1446 1351 :
1472 1297 1635 1369 igitur
1651 1315 1827 1366 nunc,
1850 1299 1904 1353 id
1927 1306 2007 1353 est

411 1399 478 1438 ex
527 1384 827 1454 praemissis
877 1384 1172 1438 rationibus
1204 1385 1475 1457 colligitur
1503 1387 1650 1457 quod
1679 1403 1807 1441 vere
1842 1388 2004 1442 Chri-

408 1478 531 1528 stus
560 1473 884 1527 res-‘urrexit
908 1491 941 1527 α
962 1475 1221 1529 mortuis.
1248 1474 1492 1527 Christus
1516 1475 1638 1529 dico
1659 1477 1931 1547 primitiae
1951 1483 2005 1531 et

409 1561 707 1616 secundum
740 1567 973 1630 tempus,
1005 1569 1055 1615 et
1100 1562 1401 1617 secundum
1432 1563 1769 1634 dignitatem,
1797 1565 1920 1635 quia
1951 1572 2004 1619 et

408 1648 454 1701 si
476 1648 691 1720 quidam
719 1656 843 1703 ante
874 1665 996 1703 eum
1027 1650 1271 1704 suscitati
1301 1650 1515 1707 fuerunt
1548 1666 1656 1706 non
1687 1667 1719 1706 a
1748 1652 1997 1717 mortuis,
2021 1680 2074 1739 B

407 1737 506 1790 sed
535 1737 587 1789 in
631 1752 855 1791 numero
906 1737 1250 1791 morientium
1297 1739 1497 1809 relapsi
1530 1748 1673 1794 sunt.
1708 1740 1998 1810 Dignitate,

408 1820 533 1891 quia
561 1822 820 1890 majorem
848 1822 1098 1875 omnibus
1128 1823 1360 1892 gloriam
1391 1824 1629 1889 habebit,
1649 1832 1704 1879 et
1746 1825 2004 1896 quidquid

407 1909 517 1974 alii,
551 1916 721 1963 totum
764 1909 1038 1963 habebunt
1086 1910 1153 1963 ab
1181 1911 1291 1977 illo,
1345 1922 1395 1965 et
1421 1929 1520 1982 per
1549 1913 1721 1967 illum.
1758 1914 2004 1968 Christus

411 1997 536 2053 dico
584 1999 855 2069 primitiae
883 1998 1313 2055 dormientium.
1376 2002 1478 2055 Per
1507 2002 1610 2057 hoc
1665 2001 1853 2064 innuit,
1879 2017 2003 2057 cum

410 2085 540 2141 dicit
612 2085 884 2139 Christum
958 2086 1226 2156 primitim,
1305 2089 1451 2158 quod
1515 2089 1607 2143 a-lii
1674 2089 2004 2145 dormientes

413 2173 650 2227 secuturi
682 2173 787 2226 sint
818 2189 940 2228 eum
972 2174 1025 2227 in
1071 2176 1485 2231 resurrectione.
1518 2178 1732 2232 Diceret
1761 2177 1955 2248 aliquis
1988 2195 2001 2231 :

409 2262 533 2316 Non
579 2261 795 2315 videtur
838 2269 894 2314 ut
940 2276 1040 2331 per
1071 2263 1322 2317 meritum
1356 2264 1514 2318 unius
1542 2265 1777 2319 hominis
1806 2265 2003 2320 Christi

411 2364 602 2403 omnes
671 2348 918 2404 homines
991 2366 1276 2422 resurgere
1339 2352 1567 2422 possint.
1644 2354 1845 2408 Contra
1902 2354 2004 2409 hoc

410 2437 608 2492 Paulus
642 2453 655 2489 :
692 2437 833 2491 Vere
863 2438 1046 2492 caeteri
1074 2439 1407 2495 dormientes
1436 2457 1537 2510 per
1564 2441 1828 2511 primitias
1856 2458 2001 2509 suas,

408 2525 463 2580 id
494 2532 574 2580 est
616 2525 906 2593 Christum,
967 2535 1274 2597 resurgent,
1334 2532 1599 2601 quoniam
1636 2531 1858 2602 quidem
1905 2547 2005 2601 per

409 2615 693 2669 hominem
709 2630 872 2668 unum
894 2613 989 2667 fuit
1006 2631 1157 2670 mors
1169 2616 1427 2686 omnium,
1444 2620 1527 2672 ita
1538 2622 1594 2673 et
1606 2635 1709 2690 per
1721 2618 2004 2674 hominem

407 2718 576 2757 unum
592 2702 693 2756 erit
712 2704 1050 2758 resurrectio
1070 2708 1441 2760 mortuorum.
1467 2706 1622 2761 Unde
1640 2707 1744 2762 hoc
1764 2722 1796 2760 a
1817 2707 1999 2762 simili.

408 2792 551 2846 Nam
572 2792 726 2845 sicut
745 2792 808 2845 in
841 2790 957 2844 solo
987 2792 1163 2846 Adam
1180 2809 1371 2848 omnes
1388 2795 1734 2864 moriuntur,
1760 2796 1843 2849 ita
1868 2798 2002 2851 etin

406 2877 523 2933 solo
566 2877 784 2933 Christo
829 2893 1021 2933 omnes
1071 2880 1523 2948 viviﬁcabuntur.
1567 2882 1624 2936 Si
1667 2883 1811 2937 enim
1844 2883 2003 2953 culpa

405 2965 574 3021 solius
638 2966 788 3035 Adae,
850 2965 919 3019 ad
967 2966 1364 3023 damnationem
1424 2971 1663 3024 omnium
1728 2970 2001 3026 sufficiens

2106 505 2516 576 principatum,
2541 510 2596 559 et
2616 508 2978 576 potestatem,
3012 507 3066 557 et
3092 503 3378 557 virtutem.

2182 594 2491 648 Notandum
2521 602 2600 648 est
2629 594 2772 664 quod
2802 593 2857 646 in
2887 591 3097 663 angelis
3128 588 3463 645 diversitates
3491 586 3702 642 officio-

2110 698 2229 736 rum
2274 684 2417 737 Deus
2462 681 2723 753 posuerit,
2777 689 2829 735 et
2873 681 2976 735 hoc
3004 686 3172 734 totum
3204 692 3370 734 causa
3400 676 3698 742 hominum,

2108 780 2166 825 ut
2214 771 2395 842 angeli
2443 771 2818 825 administrent
2849 767 3008 823 saluti
3035 784 3245 823 eorum.
3279 766 3384 821 Sed
3416 773 3702 835 postquam

2108 859 2356 914 homines
2396 860 2508 928 jam
2541 859 2595 912 in
2622 858 2949 929 perfectione
2980 863 3156 922 erunt,
3201 863 3251 910 et
3291 854 3438 908 nulla
3467 851 3702 907 admini-

2108 947 2364 1003 stratione
2394 948 2650 1020 egebunt,
2676 946 2898 1001 nomina
2916 945 3004 999 illa
3029 946 3374 999 destruentur
3394 942 3448 995 in
3468 940 3696 1011 angelis,

2108 1036 2304 1108 quibus
2336 1036 2672 1091 vocabantur
2702 1051 2800 1105 pro
2829 1033 3145 1089 diversitate
3191 1033 3437 1085 humanae
3466 1028 3704 1083 admini-

2108 1124 2403 1180 strationis.
2472 1125 2607 1180 Sunt
2664 1124 2808 1179 enim
2865 1122 3079 1194 quidam
3127 1120 3267 1175 inter
3312 1118 3560 1191 angelos,
3609 1116 3701 1188 qui

2104 1213 2462 1284 principatum
2480 1213 2680 1267 habent
2703 1228 2868 1282 super
2888 1227 3077 1266 omnes
3117 1209 3272 1263 alios.
3307 1206 3539 1263 148
3566 1206 3702 1260 Sunt

2105 1302 2267 1355 etiam
2298 1301 2387 1355 alii
2419 1300 2510 1371 qui
2539 1300 2863 1371 potestative
2912 1297 3193 1369 perficiunt
3227 1313 3308 1365 ea,
3343 1311 3464 1366 quae
3492 1310 3525 1348 a
3545 1293 3699 1364 prin-

2104 1390 2283 1459 cipatu
2315 1390 2668 1461 injunguntur
2698 1388 2797 1443 eis.
2833 1388 2969 1442 Sunt
2998 1386 3090 1441 alii
3124 1385 3215 1457 qui
3246 1385 3496 1439 dicuntur
3523 1382 3699 1436 virtu-
3748 1402 3765 1417 ο

2102 1481 2203 1535 tes,
2257 1473 2384 1544 quia
2424 1472 2803 1527 miraculorum
2835 1479 2959 1525 sunt
2986 1478 3324 1540 Operatores.
3357 1466 3615 1522 Similiter
3648 1472 3701 1519 et

2102 1560 2157 1614 in
2183 1561 2341 1615 malis
2371 1560 2582 1633 angelis
2613 1560 2831 1631 quidam
2853 1567 2976 1612 sunt
3005 1557 3281 1629 principes
3312 1572 3476 1625 super
3506 1569 3697 1609 omnes
3794 1583 3799 1585 -

2104 1649 2260 1704 alios.
2294 1649 2399 1703 Alii
2426 1650 2690 1703 habentes
2721 1654 3043 1718 potestatem
3075 1644 3342 1700 eﬂ‘iciendi
3369 1643 3513 1714 quod
3543 1641 3700 1713 prin-

2103 1739 2253 1809 cipes
2309 1738 2710 1808 praeceperint:
2770 1736 2860 1789 alii
2904 1735 3146 1801 virtutes,
3196 1733 3287 1805 qui
3335 1732 3513 1803 aliqua
3559 1746 3702 1785 nova

2104 1826 2360 1881 inducant
2410 1826 2564 1897 quasi
2622 1824 2906 1879 miracula.
2962 1824 3032 1877 Et
3089 1823 3207 1877 haec
3260 1821 3454 1875 iterum
3512 1820 3565 1873 in
3595 1818 3701 1873 ﬁne

2105 1915 2529 1969 evacuabuntur.
2593 1912 2732 1981 Quia
2787 1913 2925 1968 sicut
2982 1910 3109 1966 boni
3167 1909 3351 1982 angeli
3404 1908 3542 1963 ultra
3590 1923 3698 1962 non

2062 2052 2069 2058 .
2103 2002 2376 2057 habebunt
2416 2002 2472 2056 in
2502 2017 2608 2073 quo
2640 2000 2886 2056 homines
2928 2007 3212 2063 tueantur;
3248 1998 3326 2052 sic
3355 2012 3456 2052 nec
3486 1995 3611 2050 mali
3645 1995 3701 2049 in

2104 2107 2211 2163 quo
2259 2099 2493 2145 noceant
2540 2090 2867 2144 hominibus.
2922 2088 3011 2143 Sic
3061 2087 3221 2142 etiam
3261 2087 3403 2140 inter
3450 2084 3699 2140 homines

2103 2179 2279 2233 omnis
2309 2177 2613 2233 differentia
2642 2176 2974 2248 praelationis
3004 2176 3092 2230 vel
3121 2174 3466 2243 subjectionis
3495 2174 3705 2227 destru-

2104 2275 2223 2321 etur
2255 2285 2267 2320 :
2300 2267 2439 2320 inter
2468 2282 2605 2336 quos
2636 2266 2786 2319 nulla
2816 2265 2918 2319 erit
2950 2263 3231 2336 regiminis
3261 2261 3614 2332 inaequalitas.
3640 2262 3699 2314 In

2102 2354 2208 2410 fine
2239 2355 2412 2409 tradet
2440 2354 2686 2409 Christus
2707 2369 2941 2426 regnum
2963 2368 3119 2405 suum
3142 2351 3285 2406 Patri
3310 2368 3323 2405 :
3357 2350 3452 2404 sed
3483 2349 3702 2403 interim

2102 2443 2229 2498 dum
2259 2443 2498 2498 nondum
2530 2440 2652 2496 finis
2684 2450 2782 2507 est,
2818 2444 3039 2512 oportet
3072 2456 3327 2511 regnare,
3352 2438 3405 2492 id
3426 2445 3506 2493 est
3544 2437 3699 2492 Chri-

2102 2539 2237 2585 stum
2268 2546 2391 2586 cum
2419 2530 2656 2601 potentia
2688 2528 2986 2585 Ecclesiam
3021 2543 3177 2583 suam
3217 2543 3435 2599 regere.
3472 2527 3699 2598 Oportet

2100 2618 2223 2675 ideo
2252 2620 2418 2675 dicit:
2453 2619 2575 2690 quia
2635 2618 2714 2673 sic
2760 2619 3137 2689 prOphetatum
3168 2623 3248 2670 est
3282 2618 3335 2668 in
3379 2613 3693 2683 Scripturis,

2103 2724 2239 2779 quas
2287 2725 2354 2762 ex
2398 2707 2721 2763 necessitate
2751 2714 2967 2777 oportet
2996 2704 3229 2775 impleri.
3269 2704 3519 2775 Regnare
3549 2702 3693 2767 dico,

2101 2798 2273 2852 donec
2292 2798 2438 2852 Deus
2460 2799 2632 2866 ponat
2651 2811 2842 2851 omnes
2900 2796 3163 2849 inimicos
3185 2792 3382 2847 Christi
3419 2791 3517 2846 sub
3538 2790 3700 2862 pedi-

2101 2885 2199 2939 bus
2220 2886 2357 2956 ejus,
2394 2885 2449 2938 id
2480 2891 2562 2938 est
2592 2892 2700 2938 tam
2738 2883 2985 2953 plenaria
3018 2880 3368 2949 subjectione,
3404 2879 3543 2935 sicut
3572 2885 3696 2933 sunt

2099 2972 2263 3043 aliqui
2318 2972 2550 3042 pedibus
2599 2972 2827 3026 aliorum
2873 2969 3151 3040 prostrati.
3215 2970 3304 3025 Vel
3349 2970 3447 3023 sub
3465 2967 3695 3038 pedibus

406 3053 523 3118 fuit,
553 3061 611 3107 ut
641 3053 1012 3124 praetermissa
1040 3055 1343 3124 majoritate
1387 3057 1795 3113 similitudinem
1825 3059 1992 3113 solam
2020 3037 2066 3097 Ο
2094 3037 2233 3130 ejus,
2286 3037 2341 3115 id
2388 3069 2471 3115 est
2518 3061 2789 3128 subjectos
2829 3037 3147 3112 humanitati
3180 3056 3399 3111 Christi.
3433 3037 3566 3122 Quae
3596 3069 3697 3125 per

398 3140 703 3211 loquamur,
739 3158 903 3212 quare
926 3143 1087 3197 simili
1107 3144 1269 3199 modo
1284 3146 1492 3213 justitia
1513 3146 1681 3201 solius
1705 3147 1902 3202 Christi
1924 3148 1994 3203 ad

392 3228 832 3297 justificationem
862 3232 1105 3286 omnium
1135 3248 1243 3287 non
1277 3232 1565 3289 sufﬁceret.

466 3318 759 3388 Postquam
816 3319 1064 3388 probavit
1093 3321 1542 3377 resurrectionem
1577 3322 1818 3377 omnium
1864 3339 1993 3379 vere

390 3404 651 3471 futuram,
683 3422 926 3478 congrue
958 3408 1138 3461 subdit
1169 3408 1235 3463 de
1266 3409 1457 3465 ordine
1489 3411 1605 3479 ejus
1634 3412 1993 3467 resurrectio-

394 3494 481 3547 nis
512 3512 525 3548 :
559 3502 617 3547 ut
645 3510 746 3564 per
773 3495 878 3550 hoc
929 3496 1106 3568 magis
1153 3496 1478 3552 certificaret
1518 3514 1612 3553 eos
1660 3508 1712 3553 et
1740 3499 1993 3555 invitaret

392 3582 461 3636 ad
512 3582 760 3637 eamdem
803 3584 1277 3650 resurrectionem,
1332 3585 1566 3640 dicens:
1609 3587 1756 3642 Licet
1803 3604 1993 3644 omnes

393 3686 549 3741 aeque
598 3679 907 3743 resurgant,
967 3680 1148 3727 tamen
1190 3676 1573 3746 unusquisque
1619 3675 1720 3729 erit
1774 3678 1836 3731 in
1892 3695 1994 3733 suo

390 3759 631 3813 ordine:
695 3758 785 3829 qui
842 3758 985 3813 enim
1043 3760 1162 3829 plus
1217 3762 1530 3830 promeruit,
1588 3762 1711 3832 plus
1767 3764 1994 3835 accipiet

392 3845 584 3917 gloria
609 3863 622 3899 :
658 3854 710 3901 et
740 3847 813 3901 ita
844 3847 988 3916 quod
1021 3848 1277 3903 Christus
1307 3849 1409 3903 erit
1436 3851 1710 3920 primitiae
1748 3858 1992 3922 tempore

394 3940 447 3987 et
501 3932 784 4004 dignitate,
837 3935 973 3989 sicut
1003 3934 1268 4005 superius.
1318 3938 1528 3993 Deinde
1558 3947 1680 4007 post
1717 3940 1992 3994 Christum

394 4027 553 4075 erunt
602 4021 657 4074 in
705 4022 885 4092 gloria
912 4023 956 4077 ii
986 4025 1083 4095 qui
1111 4028 1246 4079 sunt
1295 4026 1522 4081 Christi.
1556 4027 1617 4080 In
1647 4042 1712 4082 eo
1742 4029 1865 4083 dico
1896 4045 1992 4084 eos

396 4124 518 4163 esse
550 4109 765 4175 Christi,
801 4109 1026 4177 scilicet,
1069 4112 1161 4183 qui
1203 4113 1564 4169 crediderunt
1603 4117 1666 4169 in
1696 4117 1990 4171 secundum

393 4198 697 4253 adventum
738 4200 878 4267 ejus,
912 4199 964 4252 id
996 4208 1078 4253 est
1107 4201 1559 4257 resurrectionem
1595 4218 1606 4255 :
1641 4210 1693 4257 et
1722 4203 1797 4258 ita
1817 4205 1994 4259 credi-

394 4286 591 4340 derunt
608 4286 918 4357 integritate
943 4286 1068 4342 fidei
1087 4296 1139 4342 et
1160 4289 1286 4342 boni
1312 4290 1494 4359 Operis
1520 4306 1531 4343 :
1559 4299 1748 4345 euntes
1768 4292 1987 4347 obviam

2094 3148 2264 3223 pedes
2312 3148 2435 3203 ideo
2452 3148 2695 3221 signatur
2721 3167 2733 3201 :
2788 3163 2914 3218 quia
2944 3162 3043 3217 per
3069 3145 3453 3199 humanitatem
3485 3159 3696 3197 assum-

2091 3245 2259 3307 ptam,
2293 3237 2546 3291 divinitas
2578 3237 2723 3293 venit
2752 3238 2822 3291 ad
2853 3235 3125 3291 homines.
3160 3235 3225 3287 Et
3257 3240 3548 3304 postquam
3572 3233 3688 3286 haec

2095 3325 2277 3380 omnia
2307 3333 2466 3380 erunt
2496 3334 2770 3389 evacuata,
2806 3332 2935 3378 tunc
2992 3323 3152 3377 etiam
3186 3321 3516 3376 destruetur
3542 3334 3692 3375 mors

2094 3413 2399 3469 novissima
2437 3431 2450 3467 :
2484 3412 2609 3483 quia
2634 3422 2924 3483 postquam
2954 3427 3062 3465 non
3093 3409 3192 3464 erit
3221 3416 3507 3479 peccatum
3540 3423 3551 3461 :
3593 3422 3693 3463 nec

2092 3517 2253 3571 paena
2308 3501 2538 3572 peccati,
2602 3501 2808 3556 scilicet
2837 3514 2988 3553 mors
3014 3497 3340 3552 remanebit.
3391 3498 3537 3550 Mors
3569 3496 3692 3551 dico

2091 3590 2332 3645 inimica
2362 3609 2380 3645 :
2433 3589 2520 3644 cui
2571 3597 2625 3642 et
2670 3587 2921 3642 homines
2951 3586 3317 3649 inimicantur,
3351 3592 3402 3637 et
3433 3599 3554 3653 quae
3583 3582 3691 3636 ini-

2093 3678 2321 3733 micatur
2377 3675 2703 3731 hominibus.
2730 3676 2868 3728 Vere
2887 3672 3092 3729 inimici
3130 3679 3399 3742 ponentur
3421 3671 3522 3725 sub
3545 3669 3689 3741 pedi-

2094 3765 2194 3819 bus
2224 3763 2438 3819 Christi.
2469 3765 2611 3818 Nam
2661 3763 2922 3832 scriptum
2954 3769 3031 3816 est
3062 3760 3117 3814 in
3149 3760 3365 3815 Psalmo
3391 3775 3403 3814 :
3442 3780 3464 3809 α
3500 3757 3693 3814 Omnia

2094 3849 2315 3916 subjecit
2340 3850 2487 3903 Deus
2520 3848 2619 3902 sub
2672 3847 2903 3918 pedibus
2951 3847 3069 3915 ejus
3100 3846 3277 3916 (Psal.
3310 3860 3431 3909 vm,
3468 3844 3540 3913 8),
3582 3868 3602 3891 ιι
3637 3843 3693 3898 id

2093 3946 2175 3991 est
2207 3936 2426 4002 Christi,
2486 3937 2626 3992 sicut
2674 3935 2980 4006 expositum
3032 3942 3111 3989 est
3142 3934 3197 3988 in
3222 3932 3456 3987 Psalmo.
3491 3934 3694 3987 Tamen

2093 4027 2339 4093 habetur,
2404 4025 2704 4093 subjecisti.
2768 4025 2905 4080 Cum
2955 4030 3149 4080 autem
3200 4022 3484 4092 Scriptura
3529 4020 3692 4086 dicat,

2093 4117 2285 4170 omnia
2307 4115 2423 4169 sine
2434 4114 2595 4169 dubio
2615 4115 2866 4184 subjecta
2878 4117 3015 4168 sunt
3034 4112 3269 4175 Christo,
3285 4110 3467 4165 omnia
3485 4112 3695 4180 praeter

2094 4219 2222 4258 eum
2244 4204 2339 4275 qui
2366 4203 2436 4267 ei,
2470 4202 2677 4258 scilicet
2707 4202 2941 4263 Christo,
2974 4200 3209 4270 subjecit
3236 4199 3447 4261 omnia,
3491 4196 3696 4251 scilicet

2094 4300 2292 4360 praeter
2321 4290 2676 4345 divinitatem.
2702 4292 2868 4353 Deus,
2894 4289 2986 4359 qui
3008 4288 3218 4342 Christo
3240 4285 3470 4352 subjecit
3488 4284 3691 4347 omnia,

392 4372 449 4426 in
494 4373 781 4427 adventum
829 4375 1045 4429 Christi.
1114 4377 1380 4433 Potuisset
1425 4379 1628 4445 dicere,
1679 4380 1771 4450 qui
1817 4381 2065 4448 credi-1)
2095 4394 2204 4433 non
2250 4388 2332 4434 est
2388 4379 2602 4434 Christo
2659 4378 2955 4445 subjectus.
3005 4374 3113 4429 Sed
3162 4375 3279 4444 ipse
3312 4370 3554 4425 Christus
3585 4373 3697 4427 erit

397 4459 592 4514 derunt
640 4460 694 4514 in
733 4462 1072 4518 nativitatem
1120 4465 1317 4519 Christi
1366 4466 1450 4521 vel
1498 4467 1849 4536 passionem;
1901 4469 1997 4524 sed

397 4548 522 4603 ideo
553 4548 608 4602 in
654 4549 949 4605 adventum
997 4552 1145 4616 dixit,
1182 4554 1305 4624 quia
1352 4555 1807 4610 resurrectionem
1841 4572 1996 4612 com-

398 4637 660 4692 mandare
720 4639 799 4693 eis
858 4639 1191 4695 intendebat.
1245 4642 1312 4695 Et
1360 4649 1654 4713 postquam
1683 4643 1720 4695 ii
1750 4643 1842 4715 qui
1872 4652 1996 4698 sunt

399 4725 599 4779 Christi
631 4735 937 4797 resurgent,
971 4728 1171 4784 deinde
1219 4730 1318 4783 erit
1364 4731 1517 4797 ﬁnis,
1548 4730 1603 4784 id
1645 4738 1726 4785 est
1753 4730 1995 4801 impletio

395 4812 683 4882 promissae
731 4815 1080 4869 beatitudinis
1130 4832 1142 4871 :
1203 4833 1332 4872 cum
1387 4817 1633 4871 Christus
1694 4819 1997 4874 tradiderit

400 4916 656 4971 regnum,
688 4902 743 4956 id
773 4911 853 4957 est
874 4904 1177 4959 Ecclesiam
1205 4920 1375 4971 suam,
1412 4920 1573 4975 quam
1605 4920 1728 4960 cum
1758 4906 1994 4976 potentia

398 4988 557 5057 regit.
591 4989 889 5045 Tradiderit
921 4990 1044 5047 dico
1087 4994 1193 5047 Deo
1223 4996 1278 5046 et
1322 4994 1486 5047 Patri
1518 5010 1531 5045 :
1582 4999 1707 5047 tunc
1752 4993 1994 5049 Christus

402 5076 611 5130 dicetur
641 5079 859 5133 tradere
889 5095 1111 5149 regnum
1146 5080 1309 5146 Patri,
1362 5095 1481 5135 cum
1511 5080 1812 5135 Ecclesiam
1842 5098 1995 5136 suam

395 5162 593 5217 locahit
624 5164 678 5218 in
708 5167 879 5221 oculis
902 5167 1019 5235 Dei,
1053 5174 1109 5220 ut
1140 5167 1282 5236 quod
1318 5166 1405 5222 hic
1427 5167 1558 5221 vidit
1587 5183 1683 5237 per
1711 5169 1993 5238 speculum

396 5259 450 5305 et
480 5252 535 5305 in
564 5253 870 5324 aenigmate,
904 5254 979 5307 ibi
1007 5254 1188 5309 videat
1217 5254 1357 5309 facie
1386 5255 1456 5309 ad
1486 5254 1701 5310 faciem.
1728 5257 1843 5311 Deo
1864 5257 1994 5313 dicit

396 5346 449 5392 et
494 5341 650 5410 patri,
698 5349 753 5394 ut
802 5342 1051 5395 ostendat
1100 5357 1224 5395 eum
1272 5342 1364 5413 qui
1410 5343 1480 5396 ab
1510 5342 1614 5398 alio
1644 5343 1853 5398 initium
1883 5361 1991 5401 non

388 5426 595 5485 habuit.
648 5430 714 5484 Ut
762 5429 922 5484 etiam
969 5436 1119 5485 notet
1162 5446 1287 5485 eum
1318 5439 1371 5487 et
1412 5432 1720 5489 Creatorem
1751 5448 1897 5501 esse,
1939 5443 1993 5490 et

2098 4468 2378 4537 subjectus
2397 4468 2504 4531 illi,
2521 4467 2576 4521 id
2606 4472 2687 4520 est
2706 4464 2901 4519 Deitati
2924 4478 3073 4533 :qux
3098 4460 3334 4527 subiecit
3353 4460 3544 4514 omnia
3560 4461 3691 4530 ipsi,

2095 4555 2149 4608 id
2205 4563 2287 4609 est
2333 4554 2565 4608 Christo.
2625 4553 2843 4607 Diceret
2896 4550 3093 4620 aliquis
3136 4563 3148 4601 :
3199 4546 3419 4602 Interim
3477 4548 3696 4618 quidem

2098 4642 2340 4697 Christus
2388 4641 2490 4695 erit
2534 4640 2809 4708 subjectus
2857 4640 2993 4707 Deo,
3045 4638 3221 4692 donec
3250 4636 3353 4689 sibi
3383 4637 3529 4691 Deus
3559 4637 3694 4691 sub-

2090 4730 2284 4798 jecerit
2339 4728 2563 4783 omnia:
2626 4728 2723 4782 sed
2778 4735 2967 4799 postea
3022 4741 3149 4780 non.
3201 4724 3319 4778 Erit
3367 4724 3550 4794 utique
3600 4724 3697 4795 (ait

2094 4816 2315 4887 Paulus)
2365 4816 2492 4887 quia
2535 4831 2659 4871 cum
2706 4816 2950 4884 subjecta
2996 4813 3196 4869 fuerint
3227 4811 3438 4867 Christo
3484 4812 3686 4881 omnia,

2095 4912 2223 4959 tunc
2277 4905 2393 4974 ipse
2451 4904 2703 4959 Christus
2761 4904 3035 4973 subjectus
3092 4901 3196 4958 erit
3252 4901 3389 4966 Deo,
3449 4900 3539 4971 qui
3586 4900 3690 4970 ipsi

2095 4992 2321 5061 subjecit
2341 4993 2543 5047 omnia.
2593 4993 2673 5047 Ita
2702 5001 2885 5047 tamen
2912 4992 3208 5059 subjectus,
3239 4993 3305 5043 ut
3334 4989 3411 5042 sit
3439 4988 3685 5058 aequalis,

2095 5080 2321 5146 scilicet,
2378 5088 2436 5135 ut
2465 5081 2710 5136 Christus
2741 5082 2808 5135 sit
2838 5082 2987 5136 Deus
3016 5082 3078 5135 in
3128 5077 3406 5141 omnibus,
3437 5075 3492 5129 id
3523 5084 3605 5130 est
3634 5076 3692 5131 in

2093 5169 2322 5242 singulis
2377 5171 2683 5226 creaturis:
2743 5178 2796 5224 et
2823 5169 2899 5224 ita
2926 5169 2981 5223 in
3027 5166 3280 5223 omnibus
3326 5164 3470 5234 quod
3500 5168 3692 5222 omnia

2094 5258 2343 5329 singulis,
2378 5258 2431 5311 id
2480 5265 2562 5312 est
2589 5257 2831 5328 perfecta
2861 5256 3151 5321 beatitudo,
3202 5251 3440 5323 perfecta
3488 5253 3682 5325 gloria,

2093 5353 2145 5400 et
2186 5361 2292 5415 pax
2341 5361 2605 5417 superans
2654 5346 2815 5401 etiam
2847 5362 3007 5399 omne
3056 5345 3287 5400 hominis
3331 5343 3684 5399 desiderium.

2092 5433 2398 5490 Revertitur
2453 5442 2511 5489 ut
2580 5435 2771 5505 probet
2828 5434 3279 5490 resurrectionem
3342 5442 3686 5490 mortuorum
