3960 6050
258 137 365 191 209

883 132 1265 190 EXPOSITIO
1297 135 1372 190 IN
1397 133 1777 192 EPISTOLAS
1835 135 2058 192 PAULI.
2091 166 2159 178 —
2188 137 2263 192 IN
2292 136 2509 193 EPIST.
2553 138 2706 214 ILAD
2747 137 2905 194 (ΞΟΠ.

3441 142 3546 195 210

262 257 453 313 dicens
489 271 501 311 :
534 256 677 311 Mors
707 272 805 328 per
854 257 1128 313 Christum
1158 259 1485 326 destruetur,
1521 268 1575 316 et
1603 258 1850 315 homines
1870 262 1925 321 Α
1956 258 2117 316 ﬁdem
2148 261 2589 318 resurrectionis.
2629 262 2735 318 Per
2752 263 2857 318 hoc
2887 261 3031 334 quod
3060 260 3188 316 dicit
3215 262 3426 332 seduci,
3450 278 3548 317 no-

265 353 396 401 tunc
426 354 719 416 resurgant
753 361 765 399 :
807 347 1079 419 alioquin,
1112 347 1167 401 id
1200 356 1280 402 est
1311 348 1355 401 si
1386 348 1536 403 dicas
1593 364 1702 403 non
1732 364 1854 403 esse

266 434 723 490 resurrectionem
744 442 1098 499 mortuorum,
1123 437 1253 507 quid
1275 438 1492 507 facient
1516 436 1592 491 illi
1612 437 1707 509 qui
1726 438 1855 509 bap-

268 525 531 577 tizantur
557 541 658 594 pro
706 525 948 580 mortuis
970 525 997 579 ?
1036 524 1229 597 Tangit
1260 524 1347 580 hic
1403 525 1701 596 reprobum
1732 542 1853 579 mo-

262 628 376 665 rem
411 611 791 684 quorumdam,
832 613 943 683 qui,
995 613 1175 668 audito
1209 614 1354 682 quod
1410 614 1737 669 resurrectio
1766 613 1853 667 fu-

264 706 388 753 tura
445 706 587 753 esset
643 715 830 754 eorum
890 700 979 771 qui
1037 701 1459 771 baptizarentur,
1494 718 1614 758 cum
1672 709 1855 757 essent

262 788 541 858 baptizati,
573 788 771 842 iterum
818 788 940 844 loco
996 788 1230 843 infidelis
1287 791 1455 860 patris
1487 792 1598 859 jam
1655 790 1854 846 mortui

262 876 605 947 baptizabant
636 893 694 930 se
729 892 740 930 :
776 885 831 931 ut
862 878 939 932 sic
967 885 1117 947 pater
1160 879 1246 933 vel
1288 887 1462 933 mater
1516 879 1854 934 salvarentur

258 965 317 1019 in
349 965 768 1020 resurrectione.
819 967 886 1020 Et
926 967 1027 1022 hoc
1080 967 1294 1022 adducit
1343 968 1409 1021 ad
1467 968 1853 1023 verecundiam

263 1054 662 1107 Corinthiorum
696 1071 708 1107 :
743 1054 867 1124 quia
901 1054 947 1108 si
974 1054 1048 1109 illi
1079 1055 1326 1125 perversi
1356 1064 1557 1110 tantam
1595 1055 1753 1110 ﬁdem
1784 1056 1852 1111 de

262 1142 655 1197 resurrectione
712 1142 1004 1209 habebant,
1083 1151 1285 1214 quanto
1360 1144 1534 1215 magis
1593 1144 1853 1200 Corinthii

261 1229 525 1285 deberent
555 1230 1008 1286 resurrectionem
1050 1231 1323 1286 credere?
1358 1232 1556 1287 Littera
1613 1232 1690 1288 sic
1721 1241 1803 1288 est
1837 1252 1849 1287 :

261 1317 406 1386 Quid
435 1318 630 1372 facient
677 1318 755 1371 illi
786 1319 877 1390 qui
932 1319 1272 1389 baptizantur
1326 1336 1422 1391 pro
1470 1320 1697 1375 mortuis
1754 1339 1852 1392 spe

258 1406 609 1478 resurgendi,
643 1408 692 1461 si
713 1409 943 1462 omnino
974 1410 1187 1463 mortui
1218 1425 1333 1464 non
1391 1414 1696 1480 resurgunt
1722 1411 1749 1464 ?
1785 1414 1849 1469 Ut

255 1496 391 1569 quid
413 1496 586 1550 etiam
607 1496 974 1567 baptizantur
1008 1513 1107 1567 pro
1144 1496 1641 1564 illisjustificandis
1676 1513 1688 1551 :
1727 1515 1848 1553 cum

254 1598 359 1639 nec
431 1583 509 1636 illi
572 1582 975 1652 justificentur‘?
1023 1584 1079 1638 Si
1146 1584 1291 1639 enim
1349 1585 1772 1654 justificarentur
1818 1602 1849 1641 a

250 1671 495 1742 peccatis
553 1679 606 1726 et
656 1680 1024 1744 resurgerent.
1069 1672 1165 1729 Vel
1205 1673 1360 1728 aliter
1406 1674 1483 1729 sic
1519 1690 1529 1727 :
1564 1676 1846 1747 Alioquin,

253 1760 309 1813 id
344 1769 426 1814 est
457 1759 502 1813 si
534 1761 857 1815 resurrectio
888 1777 994 1814 non
1016 1768 1114 1827 est,
1140 1761 1272 1834 quid
1289 1764 1505 1832 facient
1528 1762 1714 1833 illiqui
1727 1763 1851 1835 bap-

255 1849 520 1903 tizantur
536 1866 635 1919 pro
656 1849 896 1904 mortuis
930 1848 1207 1918 operibus,
1233 1849 1287 1903 id
1335 1857 1417 1903 est
1452 1865 1551 1919 pro
1583 1851 1844 1920 peccatis,

255 1952 379 2007 qua?
404 1944 633 1990 mortem
650 1943 946 2006 operantur
962 1938 989 1991 ?
1010 1937 1358 2007 Baptizantur
1378 1937 1500 1992 dico
1548 1954 1645 2009 spe
1666 1954 1847 1993 resur-

252 2024 529 2079 rectionis.
580 2025 646 2077 Et
686 2023 817 2095 quid
879 2023 1097 2091 facient,
1142 2026 1187 2079 si
1235 2026 1456 2080 omnino
1502 2026 1696 2081 mortui
1739 2042 1849 2080 non

252 2112 598 2184 resurgunt?
622 2115 687 2169 Ut
716 2112 848 2184 quid
889 2113 1052 2167 etiam
1101 2115 1467 2186 baptizantur
1495 2131 1595 2186 pro
1620 2115 1761 2181 illis,
1793 2114 1847 2169 id

252 2210 355 2269 est,
390 2209 449 2253 ut
472 2199 838 2268 justificentur
868 2217 899 2255 a
928 2202 1169 2271 peccatis
1190 2202 1216 2255 ‘I
1250 2203 1344 2257 Vel
1366 2202 1523 2257 aliter
1542 2223 1559 2258 :
1583 2204 1847 2276 Alioquin

250 2290 296 2343 si
327 2305 440 2342 non
470 2296 763 2359 resurgunt
794 2289 1013 2354 mortui,
1048 2290 1182 2361 quid
1201 2291 1419 2361 facient
1444 2291 1519 2344 illi
1541 2293 1637 2363 qui
1654 2292 1844 2363 bapti-

252 2382 393 2432 stant
403 2395 471 2432 ur
485 2394 584 2449 pro
608 2394 666 2432 sc
684 2379 940 2442 mortuis,
975 2378 1031 2441 id
1063 2387 1143 2434 est
1161 2378 1551 2435 mortificandis
1580 2387 1803 2450 peccato
1830 2398 1842 2434 :

250 2466 351 2520 Vel
384 2482 488 2537 pro
510 2483 568 2520 se
620 2466 960 2521 mortificatis
988 2483 1088 2537 per
1143 2475 1425 2538 peccatum
1457 2470 1597 2522 Deo.
1638 2468 1846 2523 Caetera

251 2556 394 2610 sicut
425 2555 565 2609 dicta
596 2562 736 2609 sunt.
789 2557 989 2610 lterum
1020 2556 1063 2609 si
1123 2556 1451 2611 resurrectio
1508 2563 1844 2611 mortuorum

250 2659 363 2697 non
395 2651 496 2709 est,
523 2644 732 2711 utquid
749 2644 923 2697 etiam
945 2660 1045 2698 nos
1063 2644 1290 2714 apostoli
1311 2646 1711 2716 periclitamur
1729 2662 1844 2700 om-

251 2734 315 2786 ni
334 2732 471 2785 hora
496 2736 518 2785 ?
536 2732 657 2785 Non
673 2731 818 2785 enim
840 2730 1002 2785 ﬁnem
1018 2732 1215 2786 habent
1233 2731 1605 2787 tribulationes
1623 2740 1838 2801 nostrai,

249 2835 391 2890 quas
403 2819 707 2891 gaudemus
720 2819 828 2889 pati
842 2836 938 2890 spe
953 2818 1140 2874 futura:
1163 2819 1222 2875 1
1236 2820 1398 2875 49
1412 2821 1839 2876 resurrectionis.

252 2909 399 2962 Vere
458 2908 876 2977 periclitamur:
910 2924 1033 2961 nam
1089 2908 1338 2980 quotidie
1384 2910 1611 2974 morior,
1659 2909 1711 2962 id
1762 2916 1843 2963 est

246 2995 494 3066 pericula
513 2996 703 3050 mortis
731 2996 923 3066 patior,
948 2999 1163 3062 fratres,
1192 3001 1423 3068 propter
1462 3001 1702 3053 vestram
1724 2999 1840 3067 glo-

248 3087 423 3151 riam,
474 3092 533 3138 ut
563 3100 661 3139 vos
721 3084 873 3155 digni
904 3084 1019 3138 sitis
1073 3084 1248 3155 gloria
1275 3086 1706 3140 resurrectionis.
1745 3086 1841 3140 Vel

248 3172 551 3226 secundum
609 3173 1254 3244 Augustinum:Morior,
1315 3181 1369 3227 et
1424 3174 1527 3228 hoc
1584 3174 1702 3241 iuro
1742 3190 1841 3242 per

246 3269 487 3315 vestram
511 3260 763 3332 gloriam,
790 3260 985 3315 fratres
1023 3278 1035 3315 :
1067 3279 1232 3334 quam
1256 3262 1487 3333 gloriam
1504 3278 1600 3331 spe
1622 3262 1842 3333 quidem

241 3350 352 3417 jam
416 3348 605 3415 habeo,
664 3351 727 3404 in
778 3349 995 3405 Christo
1026 3351 1158 3407 Iesu
1210 3351 1446 3406 Domino
1475 3354 1668 3407 nostro
1700 3370 1717 3405 :
1749 3349 1841 3420 qui

240 3438 355 3505 jam
388 3437 443 3490 in
466 3437 640 3509 gloria
670 3453 789 3492 cum
812 3454 975 3493 carne
1005 3454 1128 3494 mea
1158 3439 1476 3493 resurrexit.
1543 3438 1646 3506 Qui
1678 3438 1839 3493 etiam

249 3534 306 3579 ut
337 3542 522 3579 secum
555 3542 898 3597 resurgerem
926 3527 1247 3596 promeruit.
1293 3527 1350 3582 Si
1406 3527 1596 3581 iterum
1647 3526 1842 3581 mortui

247 3631 358 3668 non
390 3622 725 3686 resurgunt:
761 3614 888 3685 quid
908 3615 1039 3668 mihi
1070 3616 1291 3686 prodest
1323 3617 1370 3671 si
1397 3615 1706 3670 secundum
1738 3615 1839 3669 ho-

243 3704 482 3768 minem,
510 3703 561 3756 id
594 3711 675 3757 est
706 3704 1003 3758 secundum
1051 3704 1302 3759 humana:
1359 3704 1583 3758 rationis
1642 3712 1837 3773 poten-

240 3791 390 3844 tiam.
428 3790 521 3843 Vel
544 3791 842 3845 secundum
885 3791 1160 3845 hominem
1195 3806 1205 3844 :
1240 3791 1367 3862 quia
1398 3807 1502 3861 ego
1532 3793 1727 3856 homo,
1760 3790 1838 3844 illi

240 3878 453 3934 bestia}.
486 3879 793 3933 Secundum
820 3878 1092 3933 hominem
1140 3879 1322 3950 utique
1362 3881 1607 3950 pugnavi
1637 3884 1837 3935 contra

242 3968 452 4022 bestias
484 3967 700 4038 Ephesi,
737 3967 789 4020 id
821 3974 902 4020 est
932 3975 1123 4022 contra
1162 3967 1501 4037 Ephesianos
1529 3968 1787 4022 bestiales
1820 3983 1831 4021 :

243 4055 367 4127 quia
443 4054 890 4110 resurrectionem
950 4055 1224 4127 negando,
1286 4056 1561 4110 hominem
1615 4056 1669 4109 in
1730 4057 1835 4111 hoc

243 4144 447 4197 mundo
522 4142 697 4197 solum
751 4143 934 4198 vivere
987 4144 1216 4210 dicunt,
1280 4144 1423 4215 quod
1511 4152 1563 4198 et
1646 4145 1833 4199 bestiae

244 4233 469 4288 faciunt.

1952 355 2029 403 tat
2061 350 2380 405 seductores
2409 366 2531 406 esse
2561 351 2703 405 inter
2733 366 2847 406 eos.
2898 350 3076 405 Nolite
3119 350 3346 406 credere
3376 351 3544 404 sedu-

1954 437 2211 492 ctoribus.
2244 439 2385 492 Nam
2415 440 2691 510 colloquia
2709 439 2929 493 illorum
2956 440 3110 494 mala
3132 454 3241 493 non
3270 438 3444 493 solum
3476 437 3544 491 fi-

1953 526 2078 580 dem
2106 526 2311 581 violant
2344 542 2355 580 :
2390 527 2487 581 sed
2517 527 2678 582 etiam
2738 530 3113 599 corrumpunt
3142 528 3307 583 bonos
3337 543 3539 584 mores.

1953 612 2055 681 Qui
2086 613 2229 668 enim
2260 612 2494 669 futuram
2525 614 2690 669 vitam
2729 630 2839 671 non
2887 615 3075 681 credit,
3132 615 3319 670 nescio
3377 630 3546 686 quare

1953 701 2111 756 bonis
2140 702 2381 757 moribus
2410 703 2620 758 laboret
2658 704 2956 759 adhaerere.
2990 704 3058 757 Et
3094 720 3164 758 ne
3184 720 3214 757 a
3235 702 3544 759 seductori-

1954 788 2055 844 bus
2086 791 2525 861 corrumpamini,
2558 792 2822 863 evigilate
2852 792 2922 846 ad
2952 793 3055 847 hoc
3112 799 3169 846 ut
3224 790 3342 846 sitis
3368 792 3539 862 justi,

1954 886 2005 933 et
2028 885 2083 932 ut
2109 878 2374 947 justitiam
2400 880 2757 935 conservetis.
2794 881 2977 935 Nolite
3008 879 3236 934 ulterius
3271 895 3503 951 peccare
3525 898 3543 934 :

1952 967 2322 1022 necessarium
2341 974 2500 1021 estut
2529 968 2822 1040 evigiletis.
2853 968 3089 1034 Quidam
3110 969 3266 1023 enim
3286 967 3426 1022 inter
3445 982 3544 1022 vos

1953 1056 2159 1110 habent
2190 1057 2575 1125 ignorantiam
2594 1056 2711 1123 Dei,
2741 1056 2796 1110 id
2818 1063 2899 1111 est
2930 1056 3177 1127 ignorant
3207 1056 3536 1127 aequitatem,

1954 1151 2008 1198 et
2046 1141 2209 1197 ﬁdem
2227 1144 2358 1198 Dei:
2381 1152 2433 1198 et
2464 1144 2567 1199 hoc
2590 1146 2779 1217 loquor
2798 1144 2943 1201 vobis
2972 1145 3043 1199 ad
3072 1146 3469 1209 reverentiam,
3490 1143 3545 1197 id

1952 1240 2033 1286 est
2064 1233 2133 1286 ad
2165 1232 2643 1302 erubescentiam),
2677 1240 2734 1287 ut
2760 1232 3203 1288 verecundemini
3244 1232 3311 1287 de
3340 1247 3539 1303 pecca-

1952 1320 2018 1374 tis
2065 1321 2279 1376 vestris.

2024 1410 2314 1480 Postquam
2345 1409 2545 1464 Paulus
2574 1425 2670 1480 per
2690 1409 3031 1465 necessarias
3052 1409 3305 1475 rationes,
3338 1425 3438 1480 per
3467 1408 3541 1463 in-

1952 1497 2325 1553 convenientia
2356 1515 2476 1569 quae
2506 1498 2630 1553 inde
2660 1498 3002 1569 proveniunt,
3063 1498 3257 1553 iterum
3308 1514 3404 1568 per
3437 1513 3540 1567 po-

1955 1585 2174 1639 tentiam
2207 1586 2423 1653 Christi,
2458 1586 2692 1640 futuram
2752 1586 3214 1641 resurrectionem
3270 1586 3541 1657 approba-

1952 1673 2045 1739 vit,
2070 1673 2181 1728 vult
2211 1673 2355 1727 illam
2385 1675 2684 1744 approbare
2738 1690 2835 1744 per
2893 1674 3071 1745 legem
3127 1683 3335 1729 natura:
3369 1690 3380 1727 :
3416 1674 3540 1745 quia

1950 1762 2187 1815 humana
2243 1761 2507 1832 sapientia
2552 1762 2730 1833 magis
2788 1770 3194 1833 argumentatur
3242 1762 3540 1817 secundum

1956 1850 2371 1921 passibilitatem
2432 1850 2881 1922 [possibilitatem]
2936 1858 3160 1905 naturae.
3196 1850 3364 1919 Quasi
3393 1850 3541 1905 dice-

1949 1946 2028 1992 ret
2061 1954 2073 1993 :
2108 1938 2254 1994 Licet
2285 1938 2536 2008 superius
2568 1939 3022 1993 resurrectionem
3057 1938 3187 1992 satis
3260 1939 3539 2008 approba-

1950 2026 2140 2092 verim,
2180 2031 2368 2081 tamen
2398 2027 2698 2082 secundum
2728 2026 2906 2098 legem
2965 2035 3170 2081 naturae
3207 2026 3534 2094 objiciendo,

1949 2115 2089 2169 dicit
2109 2114 2241 2167 mihi
2273 2116 2480 2186 aliquis
2510 2134 2528 2169 :
2573 2113 2840 2185 quomodo
2897 2119 3205 2185 resurgunt
3244 2116 3457 2169 mortui
3484 2114 3539 2168 in

1950 2202 2230 2273 pulverem
2257 2203 2370 2270 jam
2394 2201 2685 2257 dissoluti?
2704 2202 2912 2256 Natura
2932 2218 3041 2257 non
3054 2202 3266 2257 videtur
3283 2203 3385 2257 hoc
3405 2202 3537 2273 pati.

1950 2292 2150 2345 lterum
2182 2290 2229 2345 si
2255 2291 2436 2361 aliquo
2461 2291 2637 2354 \modo
2666 2290 2843 2361 pulvis
2874 2290 2964 2345 ille
3019 2290 3439 2363 conglutinatur,
3473 2298 3545 2344 ta-

1950 2395 2076 2433 men
2102 2381 2258 2451 quali
2285 2395 2511 2451 corpore
2544 2380 2768 2434 venient
2812 2378 3060 2433 homines
3090 2378 3181 2449 qui
3206 2380 3541 2450 resurgent?

1948 2469 2091 2522 Num
2133 2467 2282 2523 credi
2312 2474 2487 2537 potest
2517 2474 2574 2521 ut
2604 2475 2753 2521 tanta
2783 2466 2959 2537 gloria
2987 2466 3159 2537 possit
3206 2466 3391 2521 venire
3420 2466 3538 2520 dis-

1950 2556 2128 2610 soluto
2145 2555 2374 2625 pulveri,
2402 2562 2458 2608 ut
2481 2562 2537 2609 tu
2558 2555 2826 2625 praedicas
2847 2556 2875 2609 ?
2892 2554 3061 2610 Priori
3083 2556 3376 2625 respondet
3397 2572 3540 2625 quaa-

1949 2644 2131 2698 stioni.
2166 2645 2367 2697 Natura
2398 2644 2535 2698 bene
2567 2644 2766 2713 patitur
2820 2651 3063 2698 mortuos
3120 2659 3424 2714 resurgere.
3459 2643 3533 2697 Il-

1947 2732 2039 2787 lud
2061 2732 2204 2787 enim
2220 2732 2365 2803 quod
2398 2740 2451 2785 tu
2480 2733 2776 2804 insipiens,
2803 2732 2891 2804 qui
2909 2733 2977 2787 de
3005 2731 3409 2787 resurrectione
3435 2732 3536 2785 du-

1948 2821 2107 2886 bitas,
2138 2837 2345 2887 semen,
2378 2819 2618 2891 inquam,
2654 2820 2804 2886 illud,
2856 2821 2998 2892 quod
3032 2825 3097 2875 tu
3140 2821 3388 2875 seminas
3416 2837 3533 2875 non

1946 2910 2287 2977 viviﬁcatur,
2320 2908 2375 2963 id
2430 2916 2511 2963 est
2561 2909 2708 2963 nullo
2740 2910 2901 2964 modo
2959 2909 3141 2964 vivere
3196 2916 3395 2978 potest,
3422 2909 3535 2964 nisi

1944 3000 2106 3067 prius
2153 2998 2452 3062 moriatur,
2487 3004 2539 3052 et
2585 3004 2986 3067 computrescat
3020 3012 3032 3051 :
3072 2996 3528 3068 quemadmodum

1942 3085 2097 3140 vides
2146 3085 2290 3155 quod
2329 3093 2544 3155 oportet
2574 3102 2763 3140 semen
2821 3084 3118 3155 putrefieri,
3151 3093 3206 3139 ut
3234 3084 3314 3139 sic
3342 3092 3529 3155 postea

1942 3173 2086 3228 vivat
2112 3190 2123 3226 :
2150 3189 2217 3227 ne
2248 3173 2461 3228 dubites
2486 3174 2599 3241 jam
2630 3173 2903 3228 hominem
2936 3173 3123 3228 iterum
3155 3181 3279 3244 post
3306 3182 3532 3228 mortem

1944 3261 2125 3316 vivere
2154 3276 2339 3331 posse,
2367 3277 2488 3316 cum
2520 3278 2619 3331 per
2648 3271 2877 3316 mortem
2889 3269 3137 3331 oporteat
3154 3262 3356 3317 vivere.
3394 3263 3529 3317 Pro-

1940 3349 2027 3402 bat
2058 3347 2219 3403 aliam
2249 3348 2621 3419 quaestionem,
2654 3349 2887 3403 futuram
2917 3349 3121 3404 scilicet
3151 3349 3383 3421 gloriam
3400 3365 3529 3405 cor-

1945 3453 2162 3507 porum,
2197 3436 2442 3504 ejusdem
2473 3436 2695 3490 seminis
2744 3437 3113 3506 similitudine,
3142 3437 3330 3492 dicens
3355 3451 3367 3490 :
3392 3438 3532 3491 Vere

1942 3524 1996 3578 in
2028 3524 2222 3593 majori
2253 3524 2431 3595 gloria
2462 3539 2752 3594 corporum
2781 3525 3169 3579 venient.Nam
3202 3525 3344 3596 quod
3363 3526 3528 3580 semi-

1944 3630 2049 3667 nas
2081 3621 2155 3682 tu,
2189 3629 2304 3668 non
2328 3612 2565 3667 seminas
2596 3612 2727 3666 illud
2741 3629 2940 3684 corpus
2970 3612 3113 3684 quod
3139 3617 3403 3683 futurum
3420 3616 3524 3678 est,

1939 3702 2034 3757 sed
2052 3702 2300 3756 seminas
2322 3702 2539 3756 nudum
2567 3717 2811 3772 granum
2839 3716 2850 3754 :
2882 3717 3077 3771 corpus
3093 3708 3271 3755 autem
3289 3699 3357 3753 de
3378 3699 3525 3754 nudo

1938 3806 2114 3862 grano
2148 3789 2379 3843 futurum
2434 3790 2603 3843 multa
2634 3805 2826 3861 grana,
2876 3789 3065 3859 paleas
3097 3798 3148 3843 et
3179 3788 3386 3843 culmos
3443 3795 3526 3842 est

1937 3878 2262 3932 habiturum.
2288 3878 2545 3932 Similiter
2574 3894 2681 3932 non
2713 3878 2778 3931 sit
2801 3877 2897 3931 tibi
2943 3877 3261 3945 absurdum,
3297 3876 3340 3930 si
3369 3876 3525 3932 dica-

1936 3983 2056 4020 mus
2088 3982 2322 4037 corpora
2352 3974 2540 4020 nostra
2571 3966 2626 4019 in
2674 3966 2871 4035 majori
2926 3966 3101 4037 gloria
3152 3972 3527 4020 resurrectura

1935 4071 2096 4125 quam
2128 4054 2216 4109 hic
2248 4054 2597 4109 seminentur.
2630 4056 2707 4108 Tu
2736 4054 2972 4109 seminas
3019 4054 3219 4107 nudum
3267 4068 3519 4125 granum,

1933 4147 2160 4213 utputa,
2185 4142 2239 4195 id
2269 4151 2350 4195 est
2383 4142 2520 4197 sicut
2542 4150 2624 4197 est
2656 4158 2883 4213 granum
2907 4142 3110 4208 tritici,
3142 4145 3243 4195 aut
3266 4156 3520 4212 granum,

1935 4231 2182 4298 alicujus
2214 4234 2553 4285 caaterarum
2585 4234 2856 4301 segetum.
2882 4232 2960 4284 Tu
3018 4229 3257 4284 seminas
3314 4228 3520 4282 nudum

317 4321 478 4387 Quid,
513 4319 750 4391 inquam,
786 4319 877 4373 illa
916 4337 1095 4392 pugna
1124 4322 1269 4375 mihi
1296 4320 1544 4392 prodest,
1578 4319 1680 4373 nisi
1709 4325 1833 4389 post
1860 4308 1912 4367 D
1934 4334 2202 4387 granum;
2263 4319 2357 4372 sed
2413 4320 2561 4373 Deus
2602 4319 2701 4372 dat
2752 4320 2843 4373 illi
2923 4333 3094 4388 grano
3126 4334 3325 4390 corpus
3373 4318 3524 4372 sicut

242 4418 472 4463 mortem
502 4408 783 4463 habiturus
816 4409 917 4462 sim
971 4408 1199 4479 gloriam
1221 4408 1249 4461 ἱ)
1286 4409 1510 4477 Ephesii
1558 4408 1833 4479 negabant

244 4497 703 4552 resurrectionem
740 4512 751 4550 :
791 4504 978 4551 contra
1009 4513 1144 4567 quos
1192 4496 1391 4550 Paulus
1420 4497 1589 4551 multo
1645 4496 1831 4550 labore

243 4586 552 4656 disputavit,
589 4586 895 4654 approbans
924 4584 1158 4639 futuram
1190 4601 1311 4639 esse
1355 4585 1829 4639 resurrectionem.

246 4674 313 4726 Et
371 4674 809 4744 quandoquidem
862 4674 1159 4728 secundum
1218 4690 1318 4727 vos
1366 4674 1474 4727 vita
1518 4688 1627 4727 non
1669 4681 1833 4727 restat

246 4770 364 4831 post
398 4763 539 4816 hanc
572 4779 584 4813 :
618 4761 749 4814 nihil
802 4762 911 4828 jam
963 4762 1107 4815 aliud
1167 4762 1435 4832 agendum
1485 4769 1566 4815 est
1602 4777 1612 4814 :
1646 4760 1748 4814 nisi
1778 4768 1834 4814 ut

244 4851 598 4919 desperantes
655 4848 1062 4905 manducemus
1118 4854 1174 4905 et
1231 4851 1530 4905 bibamus:
1568 4849 1694 4920 quia
1724 4864 1831 4903 non

242 4938 383 4991 ultra
433 4936 627 4991 victuri
682 4937 979 4992 moriemur
1028 4938 1156 5003 (Isa.
1211 4953 1353 5004 xx",
1382 4941 1476 5001 l3;
1508 4938 1634 5009 Sap.
1669 4954 1727 5003 ιι,
1753 4937 1831 5006 6.)

242 5027 357 5080 Hoc
397 5026 623 5080 verbum
671 5026 929 5080 dixerunt
983 5026 1172 5091 Judaei,
1209 5042 1331 5081 cum
1376 5025 1748 5099 affligerentur
1777 5024 1830 5078 in

244 5114 555 5183 captivitate
598 5114 903 5184 Babylonis,
940 5122 990 5168 et
1039 5114 1389 5184 desperarent
1442 5116 1510 5168 de
1566 5113 1831 5182 adjutorio

243 5202 361 5256 Dei.
389 5201 646 5256 Similiter
675 5202 763 5273 qui
793 5202 1248 5257 resurrectionem
1278 5209 1498 5274 negant,
1532 5202 1599 5255 de
1630 5201 1831 5256 auxilio

244 5298 293 5343 et
322 5289 566 5360 potentia
593 5290 692 5344 Dei
722 5290 1033 5360 desperant.
1069 5292 1138 5344 Et
1185 5290 1330 5362 quia,
1367 5289 1581 5354 fratres,
1616 5306 1722 5343 non
1753 5290 1830 5345 sic

242 5388 323 5433 est
348 5378 769 5448 desperandum,
805 5378 899 5433 sed
917 5379 985 5433 de
1001 5379 1403 5434 resurrectione
1426 5377 1827 5444 confidendum,

242 5468 360 5523 ideo
394 5468 574 5522 nolite
603 5467 794 5523 seduci
825 5482 857 5523 ο.
884 5467 1370 5539 pseudoapostolis,
1397 5467 1486 5540 qui
1508 5482 1616 5522 non
1634 5467 1833 5523 habent

1931 4409 2073 4470 vult,
2110 4404 2384 4460 fertilitate
2415 4421 2742 4477 granorum,
2777 4406 3051 4476 spicarum
3111 4414 3163 4460 et
3218 4404 3520 4460 culmorum

1933 4493 2231 4565 gloriosum
2268 4510 2279 4547 :
2313 4498 2369 4549 et
2417 4495 2721 4565 unicuique
2756 4502 2935 4548 tamen
2972 4493 3208 4549 150
3240 4494 3521 4549 seminum

1934 4582 2112 4637 reddit
2156 4585 2450 4654 proprium
2497 4599 2697 4653 corpus
2734 4603 2751 4637 :
2789 4582 2915 4652 quia
2970 4583 3016 4636 si
3061 4582 3381 4636 seminatum
3441 4588 3526 4636 est

1932 4671 2185 4733 triticum,
2218 4670 2439 4740 pullulat
2499 4670 2726 4725 triticum
2754 4689 2767 4736 ;
2802 4678 2853 4724 et
2883 4670 2964 4725 sic
3016 4670 3071 4723 in
3127 4669 3403 4723 identitate
3438 4685 3523 4724 se-

1932 4759 2135 4813 minum
2160 4758 2375 4829 singula
2404 4774 2575 4830 grana
2630 4766 2943 4830 resurgunt,
2985 4767 3033 4812 et
3090 4758 3195 4812 hoc
3238 4757 3290 4810 in
3339 4773 3525 4811 exem-

1932 4848 2079 4917 plum
2110 4847 2403 4901 melioratai
2459 4846 2899 4915 resurrectionis,
2958 4862 3066 4900 non
3122 4844 3337 4900 amissae
3395 4846 3524 4900 sub-

1934 4935 2162 4989 stantia).
2197 4935 2437 5006 Cumque
2466 4950 2655 4988 omnes
2687 4934 2742 4987 in
2798 4935 2903 4988 hoc
2958 4934 3319 4999 conveniant,
3376 4933 3521 5006 quod

1934 5022 2341 5077 resurrectionis
2399 5022 2628 5093 gloriam
2696 5030 2821 5075 sunt
2878 5022 3111 5076 habituri
3160 5023 3213 5075 in
3245 5038 3311 5077 eo
3341 5030 3522 5077 tamen

1932 5111 2184 5165 differunt
2243 5110 2389 5182 quod
2437 5110 2652 5181 quidam
2710 5110 3084 5181 gloriosiorem
3114 5118 3236 5165 sunt
3264 5110 3520 5174 habituri,

1934 5199 2151 5270 quidam
2208 5215 2315 5254 non
2344 5199 2500 5265 adeo,
2548 5199 2845 5254 secundum
2876 5197 3236 5253 differentiam
3292 5199 3519 5251 merito-

1932 5304 2070 5341 rum.
2105 5288 2322 5343 Diceret
2351 5288 2543 5359 aliquis
2578 5306 2589 5341 :
2625 5287 2760 5341 Cum
2791 5286 2967 5341 omnis
3026 5288 3299 5341 hominum
3355 5292 3525 5337 mate-

1935 5377 2013 5431 ria
2044 5394 2108 5431 ex
2141 5377 2346 5432 eisdem
2378 5384 2584 5431 constet
2618 5376 2922 5443 elementis,
2957 5375 3167 5429 videtur
3186 5372 3245 5427 ut
3262 5372 3522 5443 quidquid

1934 5465 2025 5522 uni
2061 5466 2385 5534 conferetur,
2430 5472 2600 5520 totum
2633 5465 2687 5520 in
2716 5465 2822 5521 alio
2879 5463 3157 5537 possideat
3182 5460 3376 5517 similis
3406 5476 3524 5516 ma-
