3960 6050
377 156 474 210 211

938 155 994 212 S.
1034 151 1392 213 BRUNONIS
1429 146 2074 211 CARTHUSIANORUM
2109 147 2594 208 INSTITUTORIS
2630 149 2784 209 OPP.
2824 151 3001 210 PARS
3037 152 3105 210 Il.

3561 155 3665 210 212

386 278 543 335 teria.
590 278 751 349 Quod
781 278 976 334 Paulus
1005 284 1086 348 (ut
1116 278 1183 333 ad
1213 278 1440 333 meliora
1480 293 1699 348 semper
1724 279 1983 348 provocet
2008 274 2064 332 A
2085 271 2207 339 bus,
2237 281 2290 329 et
2318 290 2428 329 non
2455 274 2755 332 viviﬁcans.
2789 278 2856 331 Et
2884 293 3014 334 vere
3045 284 3233 350 surget
3268 292 3469 348 corpus
3499 276 3662 348 spiri-

384 367 503 438 eos)
534 384 633 437 per
660 367 1068 422 similitudinem
1091 367 1318 421 aliarum
1340 374 1717 421 creaturarum
1766 364 1978 434 impro-

388 456 481 510 bat
506 470 518 509 :
544 456 672 527 quia
693 456 1151 527 quemadmodum
1181 454 1361 510 omnia
1397 454 1653 509 animalia
1678 469 1744 507 ex
1773 451 1981 506 eisdem

387 543 671 598 elementis
709 543 849 599 facta
880 552 1021 609 sunt,
1066 544 1259 598 eadem
1291 550 1472 597 tamen
1502 540 1729 597 materia
1748 556 1858 594 non
1886 554 1979 592 au-

387 630 512 698 fert,
539 632 667 703 quin
697 632 804 686 alia
836 640 887 687 et
918 631 1024 686 alia
1076 632 1217 685 inter
1273 647 1333 685 se
1372 630 1498 684 sint.
1541 632 1602 683 In
1664 627 1982 683 coelestibus

390 719 549 776 etiam
581 720 838 776 creaturis
869 738 934 775 ex
972 719 1181 773 eisdem
1209 718 1451 773 materiis
1498 716 1805 772 constitutis
1834 713 1984 769 diﬁ‘e-

390 808 570 864 rentia
626 816 710 863 est
762 808 831 863 ad
880 807 1113 864 invicem
1183 806 1480 873 claritatis;
1526 805 1603 861 sic
1633 805 1688 859 in
1741 803 1981 859 homini-

389 896 491 951 bus
538 903 730 951 natura
785 895 963 952 carnis
1019 895 1271 949 omnibus
1328 894 1522 949 eadem
1575 908 1684 947 non
1759 891 1984 962 impedit

391 985 519 1056 quin
549 984 760 1055 possint
806 981 1161 1039 diversiﬁcari
1214 982 1270 1036 in
1326 982 1505 1055 gloria
1545 979 1979 1036 resurrectionis.

394 1072 590 1127 Littera
618 1071 696 1127 sic
722 1072 971 1142 jungitur
996 1070 1173 1125 :Licet
1204 1085 1394 1126 omnes
1432 1076 1725 1141 resurgant
1778 1067 1834 1121 in
1860 1082 1983 1121 ma-

384 1160 489 1229 jori
518 1159 694 1230 gloria
723 1158 918 1225 carnis,
948 1167 1130 1213 tamen
1159 1157 1478 1213 diﬁ‘erenter
1514 1174 1526 1213 :
1559 1172 1662 1212 nec
1718 1157 1823 1211 hoc
1876 1155 1983 1209 im-

390 1248 541 1318 pedit
574 1246 763 1302 eadem
795 1247 1047 1303 omnibus
1078 1246 1306 1302 materia
1335 1245 1659 1301 conditionis
1694 1262 1706 1299 :
1742 1245 1877 1299 sicut
1907 1243 1987 1298 vi-

391 1336 489 1390 des
520 1335 665 1407 quod
687 1353 801 1391 non
836 1338 1018 1392 omnis
1049 1352 1199 1403 caro,
1235 1333 1430 1390 eadem
1481 1350 1632 1400 caro,
1654 1332 1779 1389 licet
1809 1331 1985 1387 omnis

393 1441 458 1479 ex
489 1426 682 1480 eadem
727 1425 973 1491 materia,
1005 1426 1100 1480 sed
1138 1425 1258 1479 alia
1311 1431 1393 1478 est
1424 1438 1553 1477 caro
1612 1422 1905 1478 hominum
1935 1429 1988 1475 et

393 1514 511 1568 alia
541 1521 620 1567 est
652 1529 934 1585 pecorum.
978 1513 1105 1567 Alia
1135 1520 1316 1567 autem
1346 1519 1428 1565 est
1456 1526 1588 1566 caro
1644 1511 1937 1567 volucrum
1971 1526 1984 1563 :

2079 361 2254 421 tuale;
2287 377 2415 417 nam
2442 366 2779 420 novissimus
2809 366 3012 431 Adam,
3046 365 3102 420 id
3133 373 3212 420 est
3239 365 3500 431 Christus,
3526 365 3665 420 dici-

2081 456 2165 503 tur
2194 450 2384 519 Adam,
2419 452 2545 522 quia
2576 462 2736 508 natus
2765 454 2832 509 de
2861 454 2980 524 ipso
3002 455 3305 510 secundum
3332 454 3530 508 lineam
3550 468 3667 510 car-

2081 538 2166 591 nis
2203 553 2214 591 :
2249 539 2369 593 ideo
2400 549 2577 595 autem
2608 542 2957 607 novissimus,
2991 542 3116 612 quia
3146 550 3270 613 post
3301 558 3425 597 eum
3454 557 3561 597 non
3585 550 3669 597 est

2081 625 2294 681 futurus
2325 628 2463 682 alius
2492 630 2686 695 Adam,
2721 631 2813 701 qui
2848 646 3046 685 novam
3085 631 3305 685 inducat
3356 630 3670 701 generatio-

2087 731 2232 769 nem.
2260 714 2452 770 Omnis
2481 717 2625 772 enim
2658 719 2839 785 homo,
2874 718 2961 773 vel
2988 718 3225 774 carnalis
3253 720 3385 773 Adae
3413 718 3553 773 filius
3582 720 3670 774 vel

2083 803 2396 873 spiritualis.
2435 804 2555 871 Hic,
2587 806 2826 877 inquam,
2846 806 3173 861 novissimus
3202 807 3397 873 Adam,
3431 807 3659 864 151

2081 894 2272 962 factus
2286 897 2372 947 est
2390 893 2454 947 in
2476 894 2743 964 spiritum
2763 910 2873 949 non
2905 894 3194 964 viventem,
3229 895 3325 950 sed
3374 896 3670 965 viviﬁcan-

2087 983 2216 1034 tem.
2252 980 2313 1034 In
2358 980 2452 1035 illa
2492 981 2637 1035 enim
2676 982 3077 1038 resurrectione
3107 983 3185 1039 sic
3240 984 3415 1037 anima
3472 998 3672 1054 corpus

2083 1066 2393 1135 vivificabit,
2425 1077 2485 1123 ut
2512 1070 2658 1125 nullo
2697 1087 2868 1143 egens
2898 1071 3153 1126 alimento
3199 1071 3345 1127 vivat
3389 1079 3667 1142 perpetuo.

2155 1156 2369 1211 Diceret
2402 1157 2494 1211 ille
2526 1173 2538 1211 :
2570 1157 2719 1214 Licet
2777 1158 3022 1214 Christus
3079 1159 3171 1231 qui
3226 1161 3375 1215 Deus
3430 1159 3565 1225 fuit,
3600 1160 3673 1214 ita

2082 1243 2256 1313 potuit
2283 1243 2563 1310 viviﬁcari,
2614 1262 2719 1319 ego
2766 1263 2876 1302 non
2933 1247 3011 1303 sic
3065 1257 3255 1319 potero
3280 1290 3293 1315 ,
3326 1247 3419 1320 qui
3464 1255 3675 1302 tantum

2084 1332 2247 1387 homo
2305 1349 2445 1388 sum.
2495 1334 2642 1388 Nihil
2702 1335 2958 1406 impedit,
2998 1336 3072 1390 ait
3120 1336 3353 1403 Paulus,
3396 1336 3520 1407 quia
3546 1336 3674 1393 licet

2087 1419 2329 1475 Christus
2359 1422 2506 1477 Deus
2537 1422 2624 1491 sit,
2658 1430 2840 1478 tamen
2868 1441 2980 1480 non
3009 1426 3170 1497 prius
3191 1424 3288 1479 fuit
3317 1424 3446 1479 illud
3476 1439 3675 1496 corpus

2085 1509 2225 1580 quod
2253 1513 2337 1564 est
2365 1512 2688 1582 spirituale,
2728 1512 2825 1566 sed
2846 1512 2995 1583 prius
3020 1513 3117 1566 fuit
3143 1513 3275 1567 illud
3303 1529 3503 1584 corpus
3532 1520 3675 1586 quod

399 1602 517 1655 alia
554 1608 734 1656 autem
768 1608 850 1655 est
880 1615 1011 1656 caro
1034 1601 1301 1671 piscium.
1336 1601 1403 1654 Et
1433 1599 1573 1654 sicut
1602 1605 1815 1653 terrena
1854 1614 1984 1653 cor-
2012 1624 2066 1683 B
2087 1604 2169 1651 est
2197 1598 2448 1653 animale
2479 1618 2495 1653 :
2526 1607 2577 1653 et
2634 1600 2832 1655 deinde
2876 1600 2973 1654 fuit
3004 1601 3137 1655 illud
3167 1617 3387 1672 corpus,
3413 1603 3555 1674 quod
3586 1609 3671 1657 est

392 1705 527 1759 pora
559 1689 700 1743 inter
729 1705 789 1744 se
819 1688 1091 1755 differunt,
1128 1688 1207 1743 sic
1235 1687 1478 1743 caelestia
1505 1704 1535 1741 a
1565 1686 1818 1742 terrenis.
1842 1687 1986 1741 Sunt

397 1777 538 1832 enim
586 1794 818 1850 corpora
864 1779 1135 1842 caelestia,
1179 1780 1237 1832 et
1284 1792 1519 1848 corpora
1567 1776 1904 1831 terrestria:
1935 1782 1988 1829 et

394 1881 519 1921 cum
546 1866 600 1920 in
632 1867 736 1921 hoc
763 1866 910 1936 quod
938 1880 1168 1935 corpora
1203 1871 1359 1926 sunt,
1400 1863 1726 1919 conveniant
1759 1881 1772 1917 :
1806 1871 1988 1918 tamen

393 1953 449 2008 in
478 1955 582 2010 hoc
611 1952 865 2008 differunt
896 1953 1041 2024 quod
1062 1954 1181 2008 alia
1199 1952 1418 2024 quidem
1438 1957 1525 2008 est
1544 1953 1854 2008 ccelestium
1873 1968 1992 2007 cor-

393 2058 599 2116 porum
627 2043 826 2112 gloria,
884 2043 1001 2096 alia
1054 2045 1248 2096 autem
1299 2042 1679 2096 terrestrium.
1724 2042 1792 2095 Et
1850 2041 1989 2096 sicut

396 2130 635 2187 ccelestia
663 2145 696 2183 a
726 2129 957 2184 terrenis
986 2127 1263 2195 differunt,
1305 2128 1384 2184 sic
1414 2129 1530 2198 ipsa
1560 2128 1804 2183 coelestia
1850 2127 1989 2183 inter

398 2234 478 2274 se.
506 2218 649 2272 Nam
678 2218 797 2272 alia
818 2223 901 2271 est
944 2217 1179 2272 claritas
1208 2218 1360 2282 solis,
1395 2220 1450 2272 et
1480 2216 1598 2271 alia
1647 2224 1729 2270 est
1771 2216 1987 2271 claritas

400 2307 569 2371 lunae,
603 2313 655 2359 et
683 2305 801 2360 alia
834 2312 919 2359 est
947 2305 1191 2360 claritas
1224 2306 1543 2360 stellarum.
1574 2304 1633 2357 In
1662 2304 1795 2374 ipsis
1827 2304 1989 2359 etiam

407 2393 578 2448 stellis
607 2391 908 2448 diﬁ‘erentia
940 2408 952 2446 :
986 2409 1124 2447 nam
1144 2394 1311 2448 stella
1329 2393 1523 2463 diﬁ‘ert
1542 2410 1575 2447 a
1596 2392 1765 2447 stella
1781 2394 1843 2447 in
1864 2394 1988 2447 cla-

398 2484 573 2539 ritate
605 2501 622 2536 :
654 2489 707 2535 et
736 2480 875 2536 sicut
903 2481 989 2535 hae
1015 2488 1276 2535 creaturae
1314 2480 1557 2536 vicissim
1587 2496 1619 2535 a
1646 2496 1704 2536 se
1735 2479 1991 2535 diti‘erunt

397 2570 656 2637 claritate,
680 2571 761 2625 sic
791 2572 966 2625 etiam
998 2569 1337 2626 resurrectio
1355 2574 1709 2625 mortuorum
1730 2568 1989 2624 ditferens

398 2658 664 2727 eritjustis
680 2658 734 2712 in
750 2657 993 2713 claritate
1012 2657 1217 2728 gloriae.
1238 2658 1307 2711 Et
1321 2658 1446 2713 licet
1457 2657 1513 2711 in
1533 2658 1711 2729 gloria
1722 2673 1992 2714 resurrec-

404 2746 566 2802 tionis
583 2745 855 2813 dit'ferant,
879 2746 983 2801 hoc
1004 2753 1184 2801 tamen
1209 2745 1578 2801 indifferenter
1617 2746 1817 2801 habent
1847 2746 1991 2816 quod

405 2836 491 2891 hic
503 2837 824 2891 seminatur
835 2850 1034 2905 corpus
1051 2834 1284 2889 hominis
1296 2837 1359 2890 in
1376 2835 1816 2906 corruptionem,
1833 2834 1886 2889 id
1910 2842 1994 2889 est

403 2925 471 2979 ad
499 2925 602 2979 hoc
622 2931 680 2978 ut
699 2922 1034 2994 corruptioni
1051 2923 1351 2991 subjaceat.
1378 2923 1657 2978 Seminare
1678 2923 1807 2979 dicit
1852 2939 1881 2976 a
1905 2922 1991 2977 die

404 3028 511 3085 quo
543 3011 844 3083 concipitur
873 3012 1036 3066 homo
1054 3054 1066 3077 ,
1098 3027 1273 3083 usque
1302 3012 1371 3066 ad
1397 3011 1543 3066 diem
1573 3011 1994 3067 resurrectionis

408 3100 670 3158 omnium.
732 3099 1043 3156 Seminatur
1100 3099 1317 3171 quidem
1375 3100 1430 3153 in
1470 3099 1816 3170 corruptione
1851 3117 1863 3153 :
1897 3100 1993 3155 sed

406 3193 599 3261 surget
630 3190 692 3243 in
722 3190 1171 3260 incorruptione,
1206 3187 1261 3243 id
1292 3195 1375 3242 est
1413 3195 1469 3242 ut
1496 3189 1561 3241 ab
1593 3188 1741 3243 omni
1796 3204 1992 3243 corru-

403 3278 589 3348 ptione
618 3276 855 3332 alienum
874 3276 963 3342 sit,
993 3284 1045 3331 et
1072 3277 1180 3332 hoc
1209 3292 1431 3348 surgere
1463 3276 1565 3331 erit
1591 3276 1646 3329 in
1667 3276 1755 3331 die
1780 3277 1992 3345 judicii.

406 3366 739 3421 Seminatur
766 3381 876 3419 non
905 3364 1083 3420 solum
1110 3365 1164 3418 in
1199 3364 1575 3435 corruptione,
1610 3364 1707 3420 sed
1739 3365 1900 3420 etiam
1932 3367 1995 3421 in

405 3454 781 3526 ignobilitate.
814 3455 876 3508 In
904 3454 1074 3508 multa
1105 3453 1251 3509 enim
1280 3453 1481 3509 vilitate
1510 3453 1689 3509 carnis
1720 3455 1882 3508 homo
1906 3470 1994 3525 ge-

406 3550 648 3609 neratur,
664 3548 759 3598 sed
781 3550 908 3598 tunc
928 3547 1121 3612 surget
1141 3543 1204 3597 in
1221 3543 1419 3613 gloria,
1444 3550 1705 3613 perpetua
1724 3543 1992 3597 habenda.

407 3632 736 3687 Seminatur
756 3629 843 3686 hic
862 3631 926 3686 in
957 3632 1321 3699 inﬁrmitate,
1340 3630 1593 3707 omnibus
1624 3630 1765 3685 enim
1789 3631 1997 3686 morbis

408 3726 460 3773 et
488 3718 716 3775 diversis
744 3718 834 3774 hic
865 3719 1104 3787 subjacet
1132 3718 1368 3774 miseriis
1403 3735 1416 3772 :
1447 3719 1542 3774 sed
1575 3726 1702 3775 tunc
1723 3724 1915 3789 surget
1934 3720 1998 3774 in

407 3809 621 3863 virtute
650 3806 1097 3877 impassibilitatis
1128 3814 1179 3861 et
1208 3806 1649 3861 immortalitatis.
1669 3809 1998 3863 Seminatur

408 3894 499 3950 hic
527 3910 727 3965 corpus
786 3895 1058 3961 animale,
1092 3894 1237 3965 quod
1286 3895 1615 3965 quotidianis
1637 3895 1881 3951 ciborum
1910 3895 1999 3951 fo-

409 3982 609 4038 mentis
665 3982 959 4037 sustentari
1028 3990 1259 4053 oportet,
1316 3991 1373 4036 ut
1410 3983 1690 4055 quodlibet
1752 3984 1996 4038 animal:

412 4071 509 4126 sed
532 4077 653 4126 tunc
682 4074 871 4141 surget
901 4086 1104 4142 corpus
1136 4072 1456 4141 spirituale,
1492 4072 1636 4143 quod
1669 4072 1855 4142 spiritu
1885 4072 2000 4126 solo

414 4158 642 4230 regitur,
676 4158 794 4212 sine
841 4175 943 4213 usu
983 4160 1234 4230 corporei
1287 4159 1413 4214 cibi.
1448 4161 1586 4215 Vere
1617 4160 1848 4215 animale
1876 4176 2002 4216 cor-

409 4262 513 4317 pus
544 4246 841 4301 seminatur
873 4263 885 4300 :
920 4246 1190 4316 siquidem
1222 4248 1326 4302 hoc
1355 4255 1594 4302 vestrum
1624 4264 1826 4319 corpus
1870 4249 2002 4303 ani-

2087 1686 2408 1755 spirituale.
2433 1686 2575 1741 Vere
2602 1687 2809 1757 primus
2839 1688 3001 1744 homo
3031 1688 3207 1744 factus
3236 1696 3317 1745 est
3344 1689 3401 1744 in
3437 1690 3675 1745 animam

2087 1773 2378 1839 viventem,
2412 1789 2540 1828 nam
2581 1774 2791 1845 primus
2832 1777 2997 1831 homo
3046 1777 3221 1833 factus
3277 1786 3359 1833 est
3404 1777 3470 1834 de
3520 1782 3676 1833 terra

2091 1864 2373 1928 terrenus,
2409 1870 2463 1917 et
2491 1864 2766 1918 secundus
2805 1865 2977 1918 Adam
3010 1864 3180 1921 factus
3209 1873 3292 1920 est
3328 1866 3382 1920 in
3427 1866 3675 1937 spiritum

2088 1948 2472 2005 vivificantem.
2508 1951 2650 2005 Nam
2678 1952 2959 2008 secundus
2992 1954 3151 2010 homo
3180 1953 3356 2010 factus
3376 1962 3457 2010 est
3487 1956 3673 2010 cretes-

2090 2038 2163 2092 tis
2189 2038 2412 2093 veniens
2442 2040 2507 2094 de
2524 2041 2678 2097 ccelo.
2704 2040 2770 2094 Et
2801 2043 2982 2113 qualis
3004 2041 3103 2096 fuit
3147 2043 3355 2112 primus
3384 2043 3473 2097 ille
3495 2048 3677 2098 terre-

2087 2142 2214 2191 nus,
2252 2128 2394 2182 tales
2425 2136 2549 2181 sunt
2580 2132 2636 2183 et
2659 2130 2893 2197 terreni,
2928 2129 3018 2201 qui
3048 2130 3329 2186 adhaerent
3358 2131 3475 2199 ejus
3499 2139 3676 2185 terre-

2088 2214 2262 2268 nitati.
2280 2216 2349 2269 Et
2361 2216 2542 2286 qualis
2558 2215 2655 2271 fuit
2673 2218 2945 2272 secundus
2959 2218 3047 2274 ille
3064 2220 3321 2287 ccelestis,
3342 2222 3484 2275 tales
3505 2222 3679 2274 etiam

2090 2310 2245 2357 erunt
2302 2302 2595 2359 imitatores
2642 2305 2756 2374 ejus
2803 2307 3074 2361 ccelestes.
3132 2308 3203 2361 Et
3239 2307 3678 2378 quandoquidem

2090 2390 2181 2461 qui
2211 2398 2488 2445 terrenum
2510 2392 2821 2461 sectabitur,
2848 2402 3096 2473 terrenus
3125 2396 3263 2460 erit;
3297 2404 3347 2450 et
3368 2396 3457 2467 qui
3478 2396 3679 2451 coeles-

2091 2486 2218 2544 tem,
2243 2478 2517 2546 caelestis;
2549 2482 2726 2551 igitur
2756 2484 2905 2537 sicut
2962 2485 3314 2554 portavimus
3372 2485 3679 2556 imaginem

2094 2568 2309 2623 terreni
2330 2568 2461 2621 Adaa
2482 2584 2580 2638 per
2594 2578 2890 2638 peccatum,
2917 2573 2996 2626 sic
3018 2572 3213 2627 amodo
3232 2576 3517 2644 portemus
3538 2575 3679 2628 ima—

2090 2656 2279 2726 ginem
2303 2656 2544 2711 cazlestis
2568 2658 2719 2723 Adae,
2743 2674 2843 2729 per
2859 2659 3119 2727 justitiam
3141 2660 3263 2715 vitae
3294 2677 3308 2716 :
3332 2669 3408 2726 ut,
3432 2661 3679 2731 deposito

2094 2758 2258 2797 onere
2278 2744 2630 2811 terrenitatis,
2661 2747 2997 2818 gaudeamus
3026 2747 3083 2801 in
3110 2748 3329 2804 levitate
3359 2749 3549 2821 gloriae
3564 2766 3679 2804 coe-

2094 2830 2264 2885 lestis.
2300 2830 2435 2899 Quia
2464 2833 2629 2887 modo
2658 2834 2868 2889 dixerat
2897 2835 3071 2906 qualis
3100 2836 3199 2891 fuit
3246 2837 3503 2903 ccnlestis,
3545 2837 3682 2893 tales

2096 2927 2251 2973 erunt
2282 2920 2622 2976 adhaerentes
2652 2922 2720 2977 ei.
2756 2922 2976 2978 Dixerat
3006 2924 3168 2979 etiam
3190 2933 3467 2995 portemus
3483 2925 3679 2998 imagi-

2096 3024 2219 3062 nem
2253 3009 2523 3063 caelestis:
2556 3026 2626 3065 ne
2646 3012 2935 3067 occasione
2974 3013 3169 3068 horum
3197 3015 3489 3070 verborum
3520 3023 3681 3086 puta-

2096 3112 2278 3150 remus
2307 3097 2464 3151 nobis
2491 3098 2559 3152 ad
2587 3098 2939 3155 salvationem
2961 3100 3206 3158 sufﬁcere
3235 3111 3472 3158 veterem
3502 3103 3683 3159 homi-

2096 3201 2221 3238 nem
2250 3184 2305 3238 in
2337 3186 2601 3256 baptismo
2621 3188 2913 3258 deponere,
2948 3198 3000 3244 et
3028 3206 3227 3246 novum
3258 3192 3530 3247 hominem
3576 3192 3683 3246 ibi-

2097 3273 2221 3327 dem
2242 3289 2544 3330 assumere.
2572 3276 2910 3332 Determinat
2930 3278 3131 3333 Paulus
3151 3295 3259 3334 non
3282 3281 3416 3335 satis
3436 3298 3559 3337 esse
3581 3283 3685 3338 hoc

2096 3362 2260 3416 modo
2289 3362 2580 3433 imaginem
2610 3366 2849 3419 caelestis
2882 3374 3118 3436 portare,
3162 3368 3266 3422 nisi
3295 3369 3545 3424 continua
3564 3363 3686 3424 imi-

2098 3450 2300 3505 latione
2355 3466 2582 3521 operum
2657 3461 2954 3523 portemus.
3017 3454 3215 3509 Littera
3259 3456 3338 3511 sic
3390 3457 3680 3527 jungitur:

2098 3538 2245 3594 Licet
2292 3532 2521 3593 dixerim
2552 3581 2568 3607 ,
2626 3549 2907 3611 portemus
2971 3542 3267 3614 imaginem
3325 3544 3579 3611 cmlestis,
3632 3554 3686 3601 et

2099 3627 2301 3681 erimus
2324 3627 2591 3693 caelestes,
2626 3636 2803 3682 tamen
2836 3630 2934 3685 hoc
2985 3630 3125 3698 dico,
3180 3631 3236 3685 id
3266 3640 3349 3686 est
3378 3632 3683 3688 determino

2098 3715 2272 3780 vobis,
2306 3718 2537 3785 fratres,
2573 3718 2858 3788 quoniam,
2894 3717 2949 3771 id
3001 3726 3082 3773 est
3112 3720 3277 3791 quod,
3310 3736 3439 3778 caro
3469 3726 3525 3777 et
3552 3738 3686 3777 san-

2097 3805 2241 3873 guis,
2275 3803 2330 3856 id
2362 3810 2462 3872 est,
2487 3803 2577 3874 qui
2609 3804 2756 3859 carni
2787 3806 3135 3877 acquiescuut
3166 3819 3219 3863 et
3247 3809 3516 3881 sanguini,
3541 3827 3689 3881 quae-

2100 3890 2226 3944 dam
2255 3891 2398 3946 enim
2424 3900 2646 3961 peccata
2680 3902 2803 3947 sunt
2831 3910 2898 3948 ex
2926 3896 3261 3964 carnalitate,
3298 3906 3355 3953 ut
3402 3898 3581 3953 mollis
3600 3900 3688 3953 lu-

2101 3979 2253 4033 xuria
2280 3995 2290 4032 :
2316 3980 2567 4050 quaadam
2599 3997 2663 4036 ex
2694 3982 2823 4038 vitio
2847 3985 3147 4055 sanguinis,
3182 3994 3237 4040 ut
3264 3987 3343 4040 ira
3381 4003 3446 4041 ex
3476 3987 3688 4042 melan-

2102 4066 2281 4122 cholia
2307 4086 2319 4121 :
2344 4074 2396 4123 et
2425 4069 2732 4142 quicunque
2766 4087 2990 4127 carnem
3019 4083 3072 4128 et
3104 4076 3426 4145 sanguinem
3481 4076 3690 4146 peccati

2104 4164 2397 4222 sectantur,
2430 4158 2484 4210 hi
2515 4176 2630 4213 non
2657 4166 2895 4230 possunt
2923 4163 3206 4233 possidere
3239 4180 3471 4229 regnum
3494 4166 3610 4230 Dei,
3635 4165 3691 4219 id

2104 4252 2186 4298 est
2215 4245 2426 4316 seipsos
2454 4247 2510 4300 in
2532 4247 2706 4301 futura
2735 4248 2924 4319 gloria.
2960 4250 3209 4321 Regnum
3238 4251 3383 4305 enim
3412 4250 3511 4305 Dei
3558 4251 3693 4307 nihil

411 4335 562 4390 male
583 4339 686 4402 est,
716 4339 908 4405 surget
940 4334 1084 4389 idem
1126 4337 1429 4407 spirituale
1459 4352 1656 4407 corpus
1689 4354 1701 4389 :
1734 4336 2001 4407 siquidem
2029 4329 2082 4389 D
2105 4333 2247 4388 aliud
2278 4343 2389 4402 est,
2425 4351 2585 4406 quam
2642 4336 2743 4404 ipsi
2796 4337 3045 4391 homines
3070 4380 3082 4403 ,
3124 4338 3179 4390 in
3226 4338 3329 4393 hac
3376 4338 3484 4392 vita
3531 4355 3692 4396 nemo

414 4421 695 4493 spirituale
728 4429 853 4478 tunc
883 4422 1003 4477 erit.
1041 4423 1137 4477 Vel
1167 4423 1324 4478 aliter
1359 4440 1370 4477 :
1407 4425 1546 4479 Vere
1587 4440 1784 4495 corpus
1815 4434 2006 4497 surget

416 4509 726 4580 spirituale;
758 4525 886 4565 nam
917 4509 961 4564 si
982 4526 1181 4581 corpus
1203 4512 1367 4567 modo
1398 4512 1590 4567 dicitur
1619 4513 1867 4579 animale,
1904 4529 2005 4568 vo-

417 4598 649 4654 candum
679 4605 761 4652 est
790 4598 950 4652 etiam
981 4598 1123 4654 idem
1156 4616 1355 4670 corpus
1378 4599 1657 4670 spirituale
1693 4617 1705 4654 :
1738 4616 1860 4653 nam
1882 4602 2005 4654 ani-

416 4685 560 4741 male
608 4701 717 4740 non
773 4686 1065 4753 diceretur,
1127 4687 1234 4741 nisi
1294 4694 1542 4757 respectu
1597 4687 1916 4757 spiritualis,
1949 4696 2008 4743 ut

418 4774 575 4845 quasi
606 4773 714 4829 vim
758 4774 1104 4830 relativorum
1158 4775 1410 4841 habeant,
1472 4774 1705 4830 animale
1735 4784 1787 4830 et
1844 4776 2006 4847 spiri-

418 4861 565 4915 tuale
597 4879 610 4915 :
644 4877 771 4917 vere
800 4877 996 4933 corpus
1025 4864 1128 4918 hoc
1159 4870 1241 4917 est
1268 4862 1523 4927 animale,
1549 4865 1698 4918 sicut
1734 4866 2007 4935 scriptum

422 4953 506 5005 est
530 4948 586 5002 in
615 4949 817 5004 Genesi
846 4951 1011 5020 (Gen.
1052 4967 1111 5016 ιι,
1146 4953 1233 5021 7):
1269 4951 1495 5006 Primus
1523 4950 1702 5017 homo,
1724 4951 1809 5006 hic
1827 4959 2006 5007 autem

419 5036 597 5092 dictus
627 5045 709 5091 est
740 5038 939 5106 Adam,
969 5042 1161 5110 factus
1190 5042 1273 5093 est
1293 5038 1348 5092 in
1380 5038 1618 5093 animam
1668 5056 1777 5093 non
1827 5039 2002 5095 viviti-

419 5131 633 5181 cantem
662 5141 861 5197 corpus
896 5144 907 5182 :
944 5127 1070 5198 quia
1103 5127 1209 5181 cito
1236 5134 1413 5181 morte
1434 5126 1756 5181 dissolutum
1778 5136 1878 5194 est,
1913 5129 2009 5183 sed

420 5214 482 5268 in
510 5214 765 5269 animam
800 5217 1098 5279 viventem,
1132 5214 1186 5268 id
1217 5221 1299 5269 est
1321 5230 1440 5284 qum
1470 5213 1677 5268 viveret
1704 5215 1780 5269 ibi
1811 5215 1864 5269 in
1894 5232 2008 5270 car-

420 5317 489 5355 ne
520 5318 532 5354 :
568 5301 673 5355 nisi
704 5308 847 5357 enim
876 5318 1076 5371 corpus
1107 5302 1241 5357 cibis
1290 5302 1543 5367 aleretur,
1576 5302 1756 5357 anima
1786 5319 1893 5358 non
1923 5304 2009 5358 vi-

422 5396 570 5444 veret
589 5388 683 5443 ibi.
734 5389 803 5443 Et
830 5389 952 5445 ideo
983 5388 1182 5444 dicitur
1220 5389 1427 5455 vivens,
1461 5390 1617 5461 quasi
1648 5390 1839 5447 alienis
1871 5391 2004 5448 viri-

2105 4422 2348 4492 possidet
2373 4439 2432 4476 se
2460 4439 2471 4477 :
2498 4424 2622 4493 quia
2645 4423 2792 4476 nulla
2823 4424 2941 4477 dies
2989 4432 3088 4491 est,
3164 4441 3268 4495 qua
3296 4441 3403 4480 non
3462 4427 3695 4499 quisque

2106 4511 2448 4580 possideatur
2506 4526 2538 4563 a
2604 4518 2849 4579 peccato,
2885 4511 2982 4566 sed
3037 4512 3091 4565 in
3149 4512 3324 4568 futura
3364 4514 3693 4572 beatitudine

2108 4598 2337 4668 quisque
2362 4599 2630 4665 justorum
2652 4598 2953 4667 possidebit
2974 4616 3052 4654 se.
3087 4601 3190 4656 Ubi
3219 4618 3379 4657 nemo
3401 4604 3695 4660 tentatione

2108 4686 2289 4740 carnis
2317 4685 2720 4755 inquietabitur.
2758 4688 2893 4742 Vere
2919 4702 3044 4744 caro
3074 4696 3127 4743 et
3172 4692 3395 4763 sanguis
3423 4708 3531 4747 non
3561 4708 3694 4763 pos-

2108 4773 2361 4827 sidcbunt
2418 4790 2646 4845 regnum
2702 4775 2799 4829 Dei
2834 4792 2846 4830 :
2881 4792 3006 4830 nam
3064 4794 3190 4833 caro
3238 4787 3291 4834 et
3351 4780 3572 4853 sanguis
3615 4790 3697 4836 est

2109 4861 2401 4931 corruptio.
2438 4862 2687 4931 Regnum
2717 4871 2896 4917 autem
2927 4865 3026 4919 Dei
3067 4874 3149 4920 est
3179 4866 3525 4938 incorruptio.
3561 4870 3695 4925 Cor-

2110 4950 2299 5019 ruptio
2329 4964 2459 5004 vero
2490 4965 2605 5004 non
2657 4952 2955 5022 possidebit
3014 4954 3461 5020 incorruptelam
3492 4976 3509 5010 :
3534 4956 3698 5027 igitur

2110 5051 2236 5091 caro
2310 5045 2363 5091 et
2408 5038 2633 5108 sanguis
2692 5055 2801 5093 non
2876 5042 3231 5110 possidebunt
3284 5061 3513 5117 regnum
3574 5044 3694 5098 Dei.

2111 5124 2251 5192 Quia
2313 5127 2477 5181 modo
2527 5128 2776 5198 superius
2850 5129 3060 5184 dixerat
3115 5148 3127 5185 :
3189 5131 3506 5204 Quicunque
3562 5149 3698 5202 por-

2113 5215 2301 5269 taverit
2362 5214 2651 5286 imaginem
2736 5217 2991 5283 omlestis,
3060 5228 3309 5289 resurget
3365 5221 3420 5274 in
3504 5222 3693 5293 gloria.

2111 5302 2331 5358 Dixerat
2361 5304 2552 5359 iterum
2585 5306 2731 5376 quod
2784 5322 2912 5361 caro
2959 5316 3010 5361 et
3066 5308 3291 5379 sanguis
3360 5310 3507 5364 nullo
3536 5311 3698 5365 modo

2110 5391 2466 5462 possidebunt
2536 5410 2765 5467 regnum
2822 5395 2919 5451 Dei
2985 5411 2997 5451 :
3058 5413 3125 5452 ne
3200 5398 3315 5452 hinc
3395 5399 3561 5454 verba
3610 5399 3698 5453 in-
