3960 6050
270 118 374 173 213

823 114 1204 172 EXPOSITIO
1262 116 1338 172 IN
1388 114 1771 173 EPISTOLAS
1826 114 2050 172 PAULI.
2084 145 2152 156 —-
2182 116 2258 171 IN
2312 115 2538 171 EPIST.
2602 116 2757 172 IAD
2814 114 2979 171 COR.

3464 118 3569 173 2M

273 238 547 309 telligeret
577 236 780 309 aliquis
830 255 953 295 esse
1000 240 1295 305 contraria,
1330 240 1490 295 solvit
1518 240 1655 295 illud
1687 240 1876 295 absol-
1896 244 1951 302 Α
1979 238 2034 293 in
2066 240 2257 296 aculeo
2289 257 2403 296 sum
2429 241 2636 309 caudae,
2659 248 2892 296 mortem
2912 240 3034 296 loco
3055 239 3252 296 veneni
3272 240 3522 313 gestabat
3547 241 3575 295 ?

277 328 458 381 vendo
487 343 706 382 omnem
739 328 1203 394 contrarietatem,
1235 329 1425 384 dicens
1458 346 1470 383 :
1502 329 1585 383 Ne
1615 328 1873 399 praedicta

272 416 439 469 verba
503 431 627 469 mea
678 416 819 470 male
874 417 1317 487 interpretemini,
1383 433 1507 472 ecce
1548 417 1669 472 dico
1726 418 1873 473 vobis

276 504 635 575 mysterium,
683 505 737 558 id
777 513 859 558 est
900 505 1088 576 aperio
1131 506 1287 560 vobis
1325 521 1442 559 rem
1489 505 1771 571 occultam,
1814 514 1873 559 ut

273 608 374 661 per
405 592 522 660 ejus
569 593 904 662 apertionem
944 593 1186 647 auferam
1216 609 1249 648 a
1277 594 1432 648 vobis
1470 594 1628 661 hujus
1656 593 1736 647 rei
1766 593 1869 647 du-

269 680 551 735 bietatem.
609 682 748 735 Vere
801 683 1024 753 quidem
1070 691 1152 736 est
1210 682 1373 752 (sicut
1421 681 1677 752 praefatus
1726 682 1868 751 sum)

266 769 415 839 quod
446 785 638 823 omnes
662 786 1037 839 resurgcmus,
1060 770 1114 825 id
1131 778 1213 825 est
1243 786 1433 825 omnes
1464 785 1697 840 corpora
1725 786 1871 825 resu-

268 873 505 921 memus,
530 858 625 912 sed
647 864 828 911 tamen
848 874 963 913 non
987 875 1179 914 omnes
1197 860 1647 925 immutabimur,
1662 859 1717 912 in
1729 858 1866 913 acci-

267 944 474 1015 piendo
504 945 738 1015 gloriam
773 962 785 1000 :
820 947 947 1017 quia
980 947 1197 1018 quidam
1225 954 1518 1017 resurgent
1548 946 1617 1001 ad
1646 961 1865 1016 poenam

264 1032 370 1086 sibi
421 1034 875 1103 augmentandam
910 1052 922 1089 :
956 1034 1043 1089 alii
1081 1036 1151 1089 ad
1192 1036 1441 1106 gloriam.
1494 1035 1864 1106 Resurgemus

260 1121 483 1191 quidem
538 1122 601 1175 in
656 1128 962 1189 momento,
1024 1132 1074 1178 et
1133 1131 1191 1177 ut
1245 1125 1509 1193 majorem
1552 1122 1862 1178 facilitatem

264 1210 691 1266 resurrectionis
759 1211 988 1281 aperiat,
1057 1211 1275 1282 corripit
1318 1211 1462 1282 quod
1519 1207 1745 1274 dixerat,
1806 1210 1861 1264 in

262 1307 564 1367 momento,
598 1298 787 1353 dicens
818 1315 829 1353 :
862 1302 1232 1371 Resurgemus
1254 1302 1317 1355 in
1345 1301 1465 1354 ictu
1486 1301 1654 1364 oculi,
1678 1298 1733 1352 id
1756 1308 1855 1366 est,

258 1403 425 1458 quam
456 1387 562 1442 cito
592 1387 779 1443 oculus
824 1388 1021 1442 transit
1064 1388 1131 1442 ad
1180 1387 1574 1458 pervidendum
1606 1387 1809 1459 aliquid
1841 1404 1854 1441 :

252 1475 360 1540 vel,
396 1491 559 1546 quam
613 1475 719 1531 cito
773 1476 1036 1546 palpebra
1091 1476 1369 1546 palpebrae
1415 1476 1680 1547 jungitur.
1742 1476 1858 1531 Hoc

251 1572 437 1617 autem
462 1563 551 1619 fiet
578 1565 644 1618 in
685 1563 820 1619 tuba
858 1566 1166 1620 novissima
1201 1580 1212 1618 :
1247 1581 1358 1618 non
1390 1566 1538 1636 quod
1576 1580 1678 1619 vox
1713 1564 1855 1618 tubae
1882 1593 1934 1652 B

256 1652 332 1705 ibi
362 1652 632 1717 audiatur,
680 1653 777 1707 sed
828 1653 965 1707 sicut
1004 1669 1107 1708 vox
1138 1655 1281 1708 tubae
1311 1654 1540 1709 victores
1570 1652 1759 1708 invitat
1791 1652 1861 1706 ad

256 1739 534 1810 palmam;
580 1740 737 1795 victis
785 1757 914 1794 vero
952 1740 1007 1794 fit
1053 1741 1122 1795 ad
1160 1749 1423 1796 terrorem
1458 1758 1471 1794 :
1506 1741 1579 1795 ita
1624 1757 1729 1795 vox
1769 1739 1862 1794 illa

261 1828 481 1900 signum
531 1828 631 1882 erit
673 1829 833 1895 justis
878 1836 933 1881 ut
962 1829 1219 1899 triumphi
1267 1830 1522 1883 meritum
1570 1827 1856 1898 accipiant,

255 1915 441 1985 impiis
488 1923 668 1970 autem
718 1923 981 1971 terrorem
1050 1933 1225 1986 pcena:
1274 1917 1513 1973 incutiat.
1547 1916 1858 1972 Novissima

259 2002 414 2069 ideo,
464 2003 588 2073 quia
635 2018 758 2057 cum
787 2004 988 2058 multas
1034 2021 1199 2059 voces
1248 2005 1463 2059 dederit
1510 2003 1756 2058 Christus
1804 2003 1857 2057 in

252 2092 484 2155 mundo,
516 2091 659 2147 unde
692 2100 921 2146 terreret
943 2092 1159 2163 impios,
1186 2092 1481 2148 laetificaret
1498 2093 1674 2161 justos
1711 2107 1722 2145 :
1757 2107 1857 2146 vox

253 2180 350 2233 illa
365 2180 557 2247 judicii
578 2179 872 2234 novissima
900 2181 999 2234 erit
1019 2197 1402 2237 eonsummans
1421 2182 1579 2249 justis
1601 2180 1852 2251 gloriam,

256 2268 442 2337 impiis
470 2268 607 2321 iram
637 2268 1055 2323 indeficientem.
1089 2270 1157 2323 Et
1181 2270 1303 2340 quia
1334 2271 1401 2324 de
1434 2270 1565 2324 tuba
1593 2271 1694 2325 hac
1724 2269 1859 2323 nihil

243 2356 483 2426 amplius
543 2356 787 2421 dixerat,
840 2357 1022 2411 subdit
1059 2372 1070 2410 :
1107 2358 1329 2413 I52
1372 2359 1515 2412 Bene
1546 2357 1675 2412 dico
1706 2358 1853 2411 tuba.

245 2446 391 2501 Nam
410 2448 577 2499 canet
600 2443 754 2499 tuba.
779 2444 900 2498 Non
931 2445 1253 2499 determinat
1282 2453 1458 2499 utrum
1490 2445 1740 2500 Christus
1769 2444 1858 2500 vel

247 2532 482 2602 angelus
528 2532 659 2587 tuba
697 2532 787 2586 illa
814 2549 1013 2589 canere
1043 2534 1258 2588 debeat.
1294 2533 1392 2588 Vel
1421 2541 1479 2587 ut
1510 2534 1579 2587 sit
1606 2533 1855 2588 nomina-

251 2620 419 2688 tivus,
472 2620 598 2673 tuba
645 2620 737 2674 illa
784 2628 942 2675 canet
971 2626 1029 2676 et
1077 2622 1130 2676 in
1178 2637 1314 2676 voce
1361 2622 1504 2676 tubae
1550 2624 1853 2692 resurgant

250 2709 470 2763 mortui
497 2710 838 2779 incorrupti,
863 2709 917 2762 id
956 2717 1039 2764 est
1067 2709 1123 2764 in
1153 2710 1460 2781 integritate
1489 2709 1853 2764 membrorum

244 2796 541 2850 restaurati
574 2813 586 2851 :
620 2796 839 2866 quidam
867 2804 1049 2852 tamen
1081 2798 1270 2853 dolore
1292 2813 1572 2868 pinnarum
1602 2812 1849 2853 corrum-

246 2884 436 2954 pendi,
472 2884 568 2938 sed
598 2900 701 2939 nos
731 2885 886 2940 electi
918 2886 1017 2940 Dei
1046 2884 1499 2952 immutabimur,
1532 2886 1852 2957 accipiendo

241 2972 476 3043 gloriam
525 2973 955 3027 resurrectionis.
1011 2974 1152 3029 Vere
1200 2973 1634 3029 immutabimur
1661 2994 1679 3041 ;
1711 2991 1848 3029 nam
1885 2945 1931 3006 Ο

241 3064 487 3132 Oportet,
539 3060 593 3114 id
624 3068 709 3115 est
755 3069 834 3132 tut
864 3077 994 3116 vere
1038 3061 1143 3115 sint
1174 3062 1488 3132 Scripturae)
1538 3062 1849 3119 inevitabile

247 3156 331 3203 est
365 3167 379 3201 :
409 3152 647 3219 oportet,
669 3148 892 3218 inquam
912 3148 1278 3221 corruptibile
1300 3152 1413 3217 hoc,
1446 3150 1501 3204 id
1522 3158 1627 3218 est,
1647 3167 1845 3222 corpus

248 3244 329 3290 tot
358 3236 597 3291 miseriis
625 3236 883 3303 attritum,
937 3238 1172 3293 induere
1220 3239 1727 3310 incorruptionem.
1779 3242 1847 3294 Et

246 3325 375 3397 quia
406 3325 775 3395 incorruptum
812 3334 998 3395 posset
1045 3342 1165 3380 esse
1196 3325 1263 3380 ad
1296 3334 1529 3396 tempus,
1560 3335 1616 3381 ut
1664 3335 1846 3383 tamen

242 3430 351 3467 non
382 3413 639 3468 evaderet
664 3432 678 3477 ;
711 3414 992 3469 addiditet
1020 3422 1234 3485 Oportet
1257 3417 1503 3471 mortale
1525 3416 1626 3471 hoc
1648 3431 1844 3486 corpus

242 3503 481 3557 induere
510 3503 1027 3557 immortalitatem.

312 3591 455 3644 Vere
502 3590 605 3644 hoc
668 3590 897 3645 mortale
968 3590 1057 3644 fiet
1122 3591 1473 3647 immortale:
1508 3608 1645 3647 nam
1691 3608 1842 3647 mors

239 3678 525 3748 absorpta,
551 3678 603 3731 id
629 3686 706 3732 est
731 3679 1010 3733 destructa
1033 3687 1085 3733 et
1105 3680 1368 3752 deglutita
1396 3688 1495 3745 est,
1520 3683 1582 3735 in
1606 3682 1844 3737 victoria

236 3766 457 3830 Christi,
510 3767 727 3836 quando
774 3775 947 3821 morte
992 3784 1091 3822 sua
1130 3776 1360 3823 mortem
1409 3770 1678 3839 superavit
1712 3785 1723 3822 :
1757 3770 1843 3825 vel

235 3856 298 3908 in
332 3855 574 3909 victoria
623 3872 749 3921 sua,
779 3854 835 3908 id
876 3863 960 3909 est
990 3856 1182 3910 mortis
1218 3871 1230 3909 :
1262 3873 1361 3926 per
1390 3858 1492 3912 hoc
1523 3858 1666 3911 enim
1697 3858 1843 3928 quod

229 3958 384 3995 mors
418 3941 672 3997 invadere
694 3943 966 3997 Christum
987 3944 1356 4015 praesumpsit,
1392 3944 1447 3998 in
1470 3961 1576 4016 quo
1600 3961 1707 4000 non
1731 3954 1842 4000 erat

229 4038 536 4101 peccatum,
573 4031 719 4101 quod
748 4039 831 4086 est
860 4047 1022 4086 causa
1055 4033 1267 4096 mortis,
1320 4034 1373 4087 in
1404 4033 1524 4104 ipsa
1555 4048 1654 4087 sua
1693 4051 1841 4104 prae-

233 4119 542 4188 sumptione
564 4119 836 4174 occubuit.
861 4121 984 4175 Haec
1005 4128 1186 4175 autem
1209 4122 1501 4175 auctoritas
1520 4121 1575 4174 in
1596 4121 1740 4177 Osee
1762 4122 1842 4177 sic

230 4206 509 4261 invenitur
541 4223 553 4261 :
593 4229 614 4257 ι
654 4207 699 4262 Ο
741 4223 887 4261 mors
917 4224 1012 4263 ero
1059 4224 1204 4264 mors
1234 4218 1324 4263 tua
1354 4210 1510 4278 (Osee
1541 4210 1679 4279 xm).
1719 4231 1739 4259 »
1774 4211 1842 4265 Et

1974 328 2063 383 Ait
2094 329 2293 383 Paulus
2318 348 2331 383 :
2364 330 2504 384 bene
2532 330 2652 384 dico
2683 329 2934 383 stimulus
2967 345 2978 383 :
3014 345 3141 384 nam
3170 333 3469 401 peccatum
3490 334 3574 385 est

1973 418 2243 473 stimulus
2273 420 2495 486 mortis,
2530 418 2581 471 id
2612 426 2697 472 est
2725 418 2918 473 aculeo
2952 434 3050 473 suo
3080 426 3310 472 mortem
3341 417 3573 472 homini-

1971 505 2072 559 bus
2116 506 2476 560 instimulans.
2528 508 2631 560 Pro
2677 522 2743 561 eo
2791 508 2937 577 quod
2988 506 3185 561 Paulus
3217 506 3344 577 quid
3376 506 3444 559 sit
3474 505 3573 559 sti-

1970 594 2149 647 mulus
2204 594 2442 663 exponit,
2509 594 2877 663 praecedentia
2939 594 3107 648 verba
3163 601 3413 663 putantur
3460 608 3571 647 non

1971 698 2092 735 esse
2123 681 2292 751 ipsius
2327 696 2338 734 :
2372 681 2458 736 vel
2490 682 2534 735 si
2564 690 2688 735 sunt
2728 681 2899 745 Pauli,
2951 697 3074 736 non.
3106 690 3285 736 tamen
3333 688 3571 735 mutatur

1970 770 2254 824 sententia.
2310 769 2626 824 Insultando
2675 769 2819 823 enim
2868 769 2997 824 dicit
3035 770 3217 837 morti,
3251 770 3377 841 quia
3405 769 3568 823 modo

1968 858 2226 927 absorpta
2239 874 2317 913 es.
2340 858 2433 914 Ubi
2445 862 2548 919 est,
2573 874 2601 913 ο
2622 874 2792 924 mors,
2807 860 2911 912 tua
2922 858 3162 913 victoria
3180 858 3207 911 ἱ)
3229 857 3435 912 Caetera
3458 872 3566 912 non

1968 954 2256 1000 mutantur.
2318 946 2401 1001 Ne
2474 946 2665 1000 iterum
2725 946 2967 1001 dicerent
3016 963 3027 1001 :
3088 946 3222 1000 Cum
3288 946 3566 1001 destructo

1966 1042 2194 1103 peccato
2255 1034 2562 1089 destruatur
2607 1050 2775 1103 mors,
2836 1034 2975 1089 bene
3031 1034 3192 1089 modo
3247 1034 3406 1088 nobis
3461 1042 3563 1101 est,

1968 1121 2095 1193 quia
2124 1138 2223 1193 per
2261 1121 2441 1194 legem
2485 1123 2829 1177 destruemus
2875 1130 3177 1192 peccatum.
3238 1122 3436 1177 Contra
3464 1124 3568 1177 hoc

1968 1210 2213 1265 Paulus:
2257 1212 2539 1265 Peccatum
2578 1219 2658 1265 est
2706 1210 2958 1264 stimulus
2999 1210 3208 1265 mortis.
3259 1212 3377 1266 Lex
3434 1226 3565 1266 vero

1965 1298 2111 1353 nullo
2155 1298 2317 1353 modo
2364 1298 2605 1353 debilitat
2646 1307 2932 1368 peccatum
2964 1316 2977 1351 :
3012 1298 3118 1354 imo
3165 1303 3251 1355 est
3280 1300 3480 1366 virtus,
3515 1307 3567 1353 et

1966 1394 2318 1456 augmentum
2344 1388 2585 1457 peccati.
2638 1387 2705 1440 Et
2749 1388 2851 1442 hoc
2908 1402 3153 1457 congrue
3210 1386 3460 1453 removit,
3507 1394 3567 1441 ut

1965 1473 2100 1529 sicut
2125 1490 2226 1543 per
2255 1473 2523 1528 Christum
2556 1474 2880 1544 probaverat
2931 1474 3049 1530 fieri
3079 1474 3559 1539 resurrectionem,

1964 1561 2043 1616 sic
2070 1577 2171 1631 per
2212 1562 2463 1616 eumdem
2501 1562 2736 1616 ostendit
2792 1579 2915 1617 esse
2962 1578 3182 1618 omnem
3224 1562 3436 1633 peccati
3474 1578 3564 1617 re-

1963 1649 2301 1704 missionem.
2337 1650 2403 1703 Et
2433 1650 2561 1720 quia
2591 1649 2679 1704 lex
2707 1659 2871 1721 auget
2914 1658 3219 1720 peccatum,
3266 1650 3389 1704 ideo
3419 1649 3568 1704 nulla

1961 1738 2071 1808 legi
2130 1739 2336 1809 gratia,
2400 1738 2495 1791 sed
2558 1739 2663 1793 Deo
2713 1753 2904 1792 omnes
2934 1754 3163 1809 agamus
3188 1739 3393 1811 gratias
3428 1754 3441 1793 :
3472 1738 3570 1810 qui

1961 1824 2115 1880 dedit
2161 1826 2317 1880 nobis
2356 1826 2653 1880 victoriam
2695 1826 2902 1895 peccati
2933 1834 2986 1879 et
3013 1827 3219 1891 mortis,
3255 1834 3307 1880 et
3337 1827 3438 1880 hoc
3467 1842 3568 1897 per

1963 1913 2264 1967 Dominum
2295 1917 2560 1970 nostrum
2588 1916 2781 1970 Iesum
2807 1913 3111 1969 Christum.
3133 1914 3203 1967 Et
3225 1913 3351 1984 quia
3366 1929 3431 1968 ex
3448 1913 3564 1968 Deo

1958 2010 2010 2055 et
2038 2017 2139 2070 per
2160 2001 2431 2055 Christum
2458 2001 2637 2055 omnis
2660 2001 2925 2067 victoria;
2951 2003 3157 2072 itaque,
3181 2005 3392 2071 fratres
3430 2002 3561 2065 mei,

1956 2097 2013 2143 ut
2044 2089 2162 2143 sitis
2192 2090 2308 2143 Deo
2338 2089 2558 2155 dilecti,
2591 2094 2769 2145 estote
2814 2090 3042 2144 stabiles
3072 2089 3127 2142 in
3157 2089 3321 2155 bono,
3353 2089 3481 2142 dum
3510 2088 3566 2141 in

1959 2177 2141 2248 quiete
2196 2177 2346 2247 pacis
2389 2177 2541 2233 estis.
2586 2180 2775 2232 Estote
2828 2177 2988 2231 etiam
3033 2179 3341 2234 immobiles
3372 2192 3405 2231 a
3432 2175 3561 2241 fide,

1958 2266 2019 2323 si.
2033 2266 2259 2320 adversa
2289 2265 2565 2320 irruerint.
2611 2267 2721 2320 Vos
2771 2265 2895 2321 dico
2927 2266 3279 2321 abundantes
3299 2267 3372 2320 in
3402 2280 3565 2337 opere

1958 2355 2204 2418 Domini,
2227 2362 2284 2408 ut
2315 2370 2535 2425 semper
2564 2353 2761 2407 melius
2792 2361 2845 2409 et
2874 2352 3070 2408 melius
3100 2352 3418 2423 operamini.
3452 2352 3563 2407 Vos

1956 2440 2080 2496 dico
2111 2457 2326 2512 semper
2357 2443 2600 2499 scientes
2626 2442 2769 2514 quod
2803 2443 2956 2497 labor
2984 2446 3166 2497 vester
3196 2458 3309 2497 non
3338 2445 3421 2496 est
3442 2442 3563 2496 ina-

1955 2531 2066 2597 nis,
2102 2529 2155 2583 id
2196 2538 2276 2584 est
2333 2530 2451 2585 sine
2510 2530 2713 2595 fructu;
2747 2530 2844 2584 sed
2901 2530 2955 2583 in
3012 2529 3186 2602 gloria
3244 2544 3447 2601 magna
3477 2544 3563 2583 re-

1957 2618 2249 2672 surrecturi
2282 2618 2431 2683 estis,
2466 2626 2519 2672 et
2546 2619 2650 2673 hoc
2683 2620 2746 2674 in
2768 2620 3025 2685 Domino,
3054 2619 3109 2672 id
3139 2625 3222 2673 est
3248 2633 3346 2689 per
3376 2616 3559 2672 Domi-

1954 2722 2083 2762 num
2113 2706 2541 2762 misericorditer
2572 2716 2833 2779 agentem
2864 2708 2919 2761 in
2948 2706 3124 2763 vobis.

2551 2900 2777 2955 CAPUT
2806 2901 2950 2955 XVI.

2025 3097 2046 3127 ι
2087 3077 2164 3130 De
2195 3074 2437 3131 collectis
2474 3082 2673 3139 autem,
2717 3092 2839 3147 quae
2882 3075 3015 3130 ﬁunt
3054 3075 3110 3130 in
3140 3083 3375 3142 sanctos,
3412 3076 3553 3133 sicut

1952 3186 1973 3215 ι
2010 3164 2257 3219 ordinavi
2286 3164 2339 3217 in
2368 3162 2620 3218 Ecclesia
2659 3162 2904 3231 Galatiae,
2938 3164 3013 3218 ita
3042 3172 3095 3218 et
3119 3180 3217 3219 vos
3240 3163 3414 3220 facite.
3449 3166 3552 3219 Per

1951 3273 1972 3302 ι
2008 3266 2169 3306 unam
2218 3250 2443 3306 Sabbati
2516 3252 2886 3323 unusquisque
2950 3260 3192 3307 vestrum
3268 3252 3412 3323 apud
3488 3268 3550 3308 se

1951 3362 1972 3390 κ
2003 3346 2258 3410 reponat,
2303 3338 2611 3395 recondens
2668 3340 2813 3411 quod
2870 3339 2919 3394 ei
2973 3340 3113 3395 bene
3148 3340 3407 3411 placuerit
3441 3358 3454 3395 :
3488 3348 3547 3395 ut

1950 3452 1970 3475 α
2007 3444 2135 3493 ιιοιι,
2195 3442 2317 3483 cum
2373 3442 2605 3493 venero,
2652 3434 2781 3482 tunc
2821 3426 3062 3483 collectae
3091 3426 3240 3482 fiant.
3275 3428 3411 3483 Cum
3440 3443 3545 3483 au-

1947 3538 1969 3563 ‹‹
2006 3523 2111 3570 tem
2144 3531 2384 3586 praesens
2416 3514 2566 3570 fuero
2587 3557 2600 3580 ,
2635 3530 2772 3585 quos
2800 3514 3161 3585 probaveritis
3190 3531 3291 3585 per
3317 3516 3542 3586 Episto-

1946 3627 1966 3652 ιι
2007 3604 2108 3670 las,
2141 3605 2242 3661 hos
2270 3604 2481 3657 mittam
2510 3602 2753 3673 perferre
2791 3602 3020 3675 gratiam
3077 3612 3317 3658 vestram
3364 3604 3417 3656 in
3446 3606 3543 3659 Je-

1948 3716 1969 3740 u
2005 3690 2261 3746 rusalem.
2305 3690 2461 3759 Quod
2519 3691 2565 3745 si
2620 3691 2846 3762 dignum
2903 3690 3081 3755 fuerit,
3143 3699 3201 3745 ut
3258 3707 3364 3763 ego
3395 3707 3537 3758 eam,

1946 3803 1966 3831 ι
2005 3795 2219 3835 mecum
2246 3780 2416 3834 ibunt.
2451 3778 2677 3834 Veniam
2708 3786 2889 3834 autem
2933 3778 3002 3833 ad
3044 3794 3159 3844 vos,
3203 3795 3328 3834 cum
3356 3781 3541 3835 Mace-

1944 3892 1964 3915 «ε
2001 3869 2219 3923 doniam
2295 3868 2685 3939 pertransiero.
2760 3868 2897 3922 Nam
2972 3868 3345 3923 Macedoniam
3412 3885 3541 3939 per-

1944 3957 2251 4012 «transibo.
2377 3956 2533 4026 Apud
2632 3971 2730 4011 vos
2819 3963 2998 4011 autem
3097 3955 3322 4012 forsitan
3411 3972 3535 4011 ma-

1944 4069 1964 4093 «
2002 4045 2163 4113 nebo,
2224 4044 2311 4099 vel
2377 4043 2542 4098 etiam
2624 4044 2911 4114 hyemabo,
2998 4051 3055 4098 ut
3134 4060 3234 4099 vos
3288 4060 3376 4099 me
3433 4045 3537 4099 de-

1944 4154 1966 4183 ι
2001 4132 2209 4189 ducatis
2239 4132 2457 4187 153
2494 4147 2817 4203 quocunque
2871 4131 3002 4185 iero.
3036 4132 3175 4186 Nolo
3233 4132 3379 4187 enim
3438 4149 3537 4187 vos

1944 4242 1964 4271 α
2002 4221 2165 4275 modo
2194 4221 2248 4273 in
2279 4220 2509 4274 transitu
2540 4219 2741 4274 videre.
2778 4220 2949 4288 Spero
2978 4219 3121 4273 enim
3161 4236 3250 4275 me
3280 4220 3529 4292 aliquan-

230 4295 354 4365 quia
386 4296 526 4348 hanc
576 4295 896 4365 scripturam
945 4296 1163 4366 quidam
1211 4297 1348 4351 male
1400 4297 1910 4368 interpretaban-D
1946 4330 1967 4358 α
2003 4309 2174 4362 mlum
2230 4307 2488 4377 temporis
2538 4322 2755 4360 manere
2812 4307 2955 4376 apud
3004 4323 3120 4375 vos,
3176 4308 3221 4361 si
3265 4309 3533 4363 Dominus

230 4389 338 4446 tur,
392 4382 637 4436 dicentes
687 4384 789 4438 hoc
837 4383 1096 4453 scriptum
1139 4400 1261 4439 esse
1315 4385 1382 4438 de
1413 4393 1585 4440 morte
1617 4386 1833 4456 animae,

231 4485 340 4523 non
390 4470 657 4539 corporis,
708 4472 984 4541 praemittit
1030 4472 1225 4526 Paulus
1255 4473 1645 4542 expositionem
1676 4474 1836 4542 hujus

229 4557 562 4612 auctoritatis
588 4557 776 4613 dicens
812 4576 823 4613 :
859 4559 991 4614 Cum
1023 4568 1201 4614 autem
1232 4562 1336 4615 hoc
1376 4562 1601 4617 mortale
1635 4578 1833 4633 corpus

232 4644 469 4699 induerit
508 4646 983 4701 immortalitatem.
1041 4649 1161 4702 Non
1212 4648 1355 4703 enim
1405 4650 1567 4719 (sicut
1611 4650 1833 4721 quidam

232 4734 371 4787 male
401 4735 760 4805 suspicantur)
809 4736 991 4789 anima
1036 4736 1156 4790 sola
1202 4752 1435 4793 evasura
1465 4746 1547 4793 est
1576 4747 1827 4802 mortem,

230 4822 329 4876 sed
396 4838 519 4877 cum
584 4823 763 4877 anima
819 4824 980 4878 etiam
1030 4840 1231 4894 corpus
1266 4841 1277 4878 :
1311 4834 1436 4880 tunc
1484 4825 1595 4892 fiet,
1645 4827 1700 4881 id
1749 4835 1830 4882 est

230 4909 541 4979 implebitur
571 4926 751 4965 sermo
774 4911 862 4965 ille
884 4912 974 4982 qui
996 4912 1249 4966 scribitur
1270 4912 1325 4966 in
1347 4913 1489 4968 Osee
1515 4932 1527 4967 :
1561 4915 1827 4985 Absorpta

229 5006 311 5051 est
341 5012 490 5051 mors
520 4997 572 5051 in
605 4998 844 5063 victoria,
879 5000 1018 5054 sicut
1048 5000 1249 5055 dictum
1279 5009 1379 5056 est.
1406 5002 1582 5057 Verba
1602 5019 1719 5073 quae
1741 5020 1827 5058 se-

230 5093 471 5156 quuntur
500 5085 744 5153 ejusdem
774 5088 1052 5157 prophetae
1073 5104 1193 5142 esse
1224 5088 1497 5154 dicuntur,
1521 5089 1824 5145 insultantis

227 5173 328 5243 ipsi
360 5173 540 5237 morti,
575 5173 701 5243 quia
747 5174 1017 5229 destructa
1047 5175 1133 5239 sit,
1195 5184 1247 5229 et
1294 5177 1539 5231 dicentis.
1593 5177 1822 5245 Quando

231 5262 453 5331 quidem
483 5261 738 5332 absorpta
768 5270 867 5327 est,
898 5262 995 5317 ubi
1015 5268 1117 5328 est,
1152 5281 1181 5319 ο
1209 5281 1383 5333 mors,
1415 5282 1574 5331 nunc,
1612 5270 1712 5321 tua
1742 5268 1823 5322 vi-

228 5350 429 5412 ctoria,
462 5362 569 5418 qua
591 5348 696 5416 juri
725 5357 817 5403 tuo
846 5350 1030 5404 omnia
1070 5351 1399 5419 subjiciebas
1420 5354 1447 5407 ‘2
1474 5354 1562 5417 Et,
1587 5370 1615 5408 ο
1644 5370 1816 5421 mors,

226 5438 319 5492 ubi
348 5440 437 5493 est
464 5436 628 5491 modo
660 5441 789 5493 tuus
828 5439 1119 5507 stimulus,
1161 5440 1217 5495 id
1247 5448 1328 5495 est
1358 5449 1643 5512 peccatum
1672 5445 1818 5515 quod

1942 4420 1961 4444 α
2000 4396 2323 4466 permiserit.
2376 4394 2710 4450 Permanebo
2761 4402 2941 4449 autem
2989 4395 3195 4465 Ephesi
3240 4413 3413 4467 usque
3460 4396 3530 4451 ad

1940 4508 1961 4531 «ι
1996 4486 2374 4539 Pentecosten.
2427 4482 2639 4538 Ostium
2669 4483 2811 4538 enim
2856 4482 2989 4536 mihi
3018 4493 3263 4554 apertum
3297 4494 3380 4539 est
3412 4502 3532 4540 ma-

1938 4597 1948 4619 ι
1994 4589 2181 4644 gnum,
2228 4579 2279 4627 et
2330 4571 2571 4640 evidens,
2620 4579 2672 4625 et
2711 4570 3008 4626 adversarii
3051 4572 3225 4626 multi.
3259 4572 3315 4627 Si
3344 4581 3528 4627 autem

1938 4684 1959 4711 α
2004 4661 2210 4716 venerit
2238 4660 2573 4727 Timotheus,
2608 4660 2786 4714 videte
2818 4667 2875 4713 ut
2906 4660 3023 4713 sine
3055 4659 3249 4714 timore
3278 4661 3347 4714 sit
3383 4662 3527 4731 apud

1937 4770 1958 4798 ι
2002 4766 2100 4803 vos
2135 4766 2148 4802 :
2179 4764 2316 4819 Opus
2350 4748 2494 4803 enim
2539 4747 2755 4802 Domini
2802 4755 3060 4817 Operatur
3105 4748 3243 4802 sicut
3292 4756 3344 4802 et
3393 4764 3519 4819 ego.

1933 4861 1953 4883 α
1999 4838 2081 4891 Ne
2111 4836 2233 4907 quis
2263 4851 2395 4908 ergo
2424 4836 2574 4890 illum
2604 4844 2821 4905 spernat
2855 4834 3141 4890 :deducite
3162 4843 3340 4890 autem
3372 4836 3522 4891 illum

1932 4948 1953 4971 α
2000 4925 2053 4978 in
2084 4939 2238 4994 pace,
2280 4932 2336 4978 ut
2373 4924 2553 4979 veniat
2609 4923 2679 4978 ad
2727 4939 2815 4978 me
2850 4938 2862 4976 :
2897 4930 3153 4993 exspecto
3195 4923 3341 4978 enim
3370 4924 3524 4979 illum

1931 5038 1951 5060 ‹‹
1997 5029 2122 5067 cum
2180 5011 2457 5067 fratribus.
2516 5014 2596 5067 De
2648 5011 2840 5082 Apollo
2898 5019 3081 5065 autem
3138 5010 3307 5067 fratre
3367 5014 3527 5069 vobis

1931 5122 1952 5151 α
1996 5110 2184 5155 notum
2214 5100 2375 5165 facio,
2404 5100 2658 5171 quoniam
2688 5099 2913 5153 multum
2944 5100 3135 5170 rogavi
3166 5116 3311 5167 eum,
3344 5109 3403 5156 ut
3433 5119 3528 5157 ve-

1928 5210 1949 5238 α
1995 5189 2133 5243 niret
2191 5189 2261 5242 ad
2316 5204 2415 5242 vos
2469 5203 2592 5243 cum
2650 5187 2905 5241 fratribus
2938 5202 2948 5239 :
2982 5194 3035 5241 et
3064 5188 3249 5259 utique
3281 5206 3389 5243 non
3427 5189 3526 5243 fuit

1926 5301 1946 5323 ‹‹
1993 5277 2246 5332 voluntas
2301 5277 2437 5345 ejus,
2498 5284 2554 5330 ut
2609 5291 2751 5330 nunc
2798 5274 3009 5330 veniret
3044 5294 3056 5330 :
3091 5276 3269 5331 veniet
3310 5284 3514 5344 autem,

1924 5389 1946 5414 α
1991 5382 2115 5422 cum
2144 5373 2197 5420 et
2227 5381 2456 5420 vacuum
2488 5363 2667 5419 fuerit.
2703 5363 2963 5435 Vigilate,
3000 5372 3135 5418 state
3166 5364 3218 5418 in
3250 5362 3355 5418 fide
3382 5383 3395 5429 ;
3427 5364 3513 5417 vi-

1926 5475 1947 5506 α
1990 5454 2159 5510 riliter
2186 5454 2331 5527 agite
2377 5460 2431 5509 et
2468 5451 2848 5510 confortamini
2879 5467 2890 5509 :
2923 5452 3108 5509 omnia
3151 5452 3294 5508 enim
3341 5460 3525 5511 vestra
