3960 6050
386 131 491 185 215

937 127 992 182 S.
1032 125 1387 182 BRUNONIS
1425 122 2065 182 CARTHUSIANORUM
2102 121 2587 179 INSTITUTORIS
2627 121 2785 178 OPP.
2833 121 3009 178 PARS
3049 123 3115 177 II.

3563 120 3667 179 216

392 276 414 301 ‹‹
452 254 508 308 in
554 251 815 309 charitate
862 250 1012 306 ﬁant.
1067 251 1309 307 Obsecro
1358 259 1538 306 autem
1582 266 1699 319 vos,
1750 249 1970 314 fratres,
1992 252 2046 309 Α
2072 247 2269 302 iturum
2290 247 2360 302 ad
2379 263 2495 313 vos,
2516 247 2669 317 prius
2693 252 2883 303 tamen
2906 246 3239 319 permanebo
3263 245 3462 319 Ephesi
3490 263 3661 319 usque

394 364 416 390 α
446 340 616 397 nostis
637 341 858 396 domum
891 341 1197 410 Stephanae,
1236 348 1287 394 et
1309 340 1608 405 Fortunati,
1634 348 1686 394 et
1712 337 1972 403 Achaici;

393 452 416 476 α
451 429 705 500 quoniam
734 436 859 483 sunt
888 428 1139 498 primitim
1184 428 1419 493 Achaiae,
1455 436 1506 482 et
1537 428 1590 482 in
1617 426 1977 481 ministerium

390 539 412 568 ι
448 524 757 572 sanctorum
801 516 1182 571 ordinaverunt
1222 517 1453 587 seipsos,
1484 524 1542 570 ut
1570 523 1623 570 et
1652 530 1749 570 vos
1778 514 1978 569 subditi

391 626 414 656 ι
453 606 571 659 sitis
601 604 886 673 ejusmodi,
928 611 981 659 et
1028 605 1176 659 omni
1223 604 1537 675 cooperanti
1585 611 1636 659 et
1678 602 1970 657 laboranti.

389 716 413 744 ε
450 693 677 749 Gaudeo
719 700 897 747 autem
946 694 1001 747 in
1033 692 1322 763 praisentia
1366 692 1668 761 Stephanae,
1705 700 1757 746 et
1783 691 1978 746 Fortu-

391 803 413 832 α
445 781 574 849 nati,
608 789 661 835 et
707 781 926 836 Achaici
956 797 969 836 :
1006 781 1259 852 quoniam
1307 780 1361 833 id
1409 780 1556 851 quod
1586 780 1739 836 vobis
1770 780 1975 845 deerat,

389 892 411 917 «ι
447 869 552 940 ipsi
583 869 988 940 suppleverunt.
1040 868 1360 924 Refecerunt
1401 869 1545 923 enim
1574 877 1627 923 et
1652 884 1834 923 meum
1864 868 1980 938 spi-

393 981 414 1005 α
453 957 636 1024 ritum,
673 966 725 1012 et
771 964 1033 1013 vestrum.
1082 956 1409 1028 Cognoscite
1440 973 1571 1028 ergo
1598 957 1690 1028 qui
1717 956 1983 1026 ejusmodi

390 1068 411 1093 «ι
451 1054 593 1101 sunt.
630 1045 877 1100 Salutant
927 1062 1025 1100 vos
1069 1061 1258 1100 omnes
1300 1046 1561 1101 Ecclesiae
1606 1045 1768 1101 Asiae.
1818 1044 1981 1100 Salu-

391 1156 413 1183 α
451 1142 564 1189 tant
592 1150 690 1189 vos
722 1133 776 1187 in
808 1134 1040 1189 Domino
1069 1133 1294 1187 multum
1324 1134 1519 1204 Aquila
1550 1143 1603 1189 et
1632 1133 1834 1202 Prisca,
1860 1149 1983 1188 cum

389 1242 411 1272 ι
447 1222 744 1277 domestica
791 1237 890 1276 sua
938 1222 1186 1277 Ecclesia
1219 1240 1232 1275 :
1264 1223 1406 1292 apud
1449 1238 1587 1293 quos
1632 1231 1683 1278 et
1721 1221 1980 1292 hospitor.

388 1332 410 1357 α
448 1308 696 1364 Salutant
735 1326 831 1366 vos
881 1326 1070 1365 omnes
1118 1309 1333 1365 fratres.
1386 1309 1627 1365 Salutate
1671 1309 1902 1366 invicem
1931 1309 1987 1364 in

386 1420 408 1444 «
442 1398 629 1454 osculo
679 1408 882 1454 sancto.
927 1398 1182 1453 Salutatio
1231 1414 1353 1453 mea
1380 1413 1545 1453 manu
1576 1399 1743 1454 Pauli.
1779 1399 1835 1453 Si
1865 1399 1987 1470 quis

388 1508 410 1533 ια
448 1502 559 1541 non
588 1495 733 1541 amat
763 1488 1054 1542 Dominum
1101 1495 1341 1541 nostrum
1372 1488 1557 1541 Iesum
1587 1488 1887 1552 Christum,
1922 1488 1990 1541 sit

2076 336 2147 391 ad
2167 338 2553 393 Pentecosten.
2587 338 2654 390 Et
2684 351 2910 392 necesse
2940 343 3022 391 est
3052 334 3125 389 ibi
3164 349 3488 405 permanere
3535 351 3659 401 me;

2076 424 2202 495 quia
2230 426 2437 480 ostium
2469 429 2727 496 apertum
2758 429 2842 479 est
2864 424 3006 479 mihi
3025 440 3314 495 magnum,
3348 422 3404 477 id
3433 430 3515 478 est
3536 422 3662 493 quia

2076 513 2229 566 multi
2256 512 2621 583 Ephesiorum
2652 513 2721 567 ad
2754 510 2915 568 fidem
2935 528 2993 567 se
3013 519 3334 583 praeparant.
3358 512 3427 565 Et
3454 511 3661 567 ostium

2077 602 2343 667 evidens;
2375 601 2498 672 quia
2524 601 2635 669 jam
2674 602 2921 673 quaedam
2950 601 3109 673 signa
3139 599 3261 655 fidei
3288 600 3445 655 video
3467 600 3522 654 in
3542 600 3622 655 eis
3648 616 3660 654 :

2078 697 2129 744 et
2162 697 2373 759 oportet
2405 705 2491 745 me
2520 689 2772 745 insistere
2796 708 2810 755 ;
2843 689 2965 761 quia
2993 689 3303 745 adversarii
3332 689 3503 744 multi
3520 695 3661 752 sunt,

2078 778 2169 849 qui
2197 777 2377 832 volunt
2407 793 2501 832 eos
2531 778 2836 833 subducere
2864 777 3098 832 Christo.
3121 777 3242 849 Ego
3272 776 3434 831 modo
3465 776 3669 846 Ephesi

2078 866 2329 920 manebo:
2354 867 2411 921 Si
2436 872 2631 922 autem
2651 866 2874 922 154
2901 866 3236 931 Timotheus,
3260 864 3512 920 deferens
3529 866 3667 919 hanc

2079 954 2399 1025 Epistulam,
2434 956 2652 1010 venerit
2676 955 2748 1009 ad
2781 971 2891 1021 vos,
2925 955 3104 1009 videte
3133 958 3197 1009 ut
3219 955 3342 1008 sine
3368 955 3570 1008 timore
3589 955 3668 1008 sit

2081 1044 2231 1114 apud
2261 1058 2371 1097 vos.
2406 1041 2680 1114 Quidquid
2710 1042 2853 1098 enim
2900 1042 3032 1097 mihi
3074 1043 3142 1097 de
3199 1042 3353 1098 vobis
3380 1041 3662 1106 nuntiavit,

2083 1131 2151 1185 ad
2200 1131 2599 1201 correptionem
2641 1139 2881 1185 vestram
2923 1130 3071 1199 fecit,
3123 1138 3175 1185 et
3222 1130 3344 1185 ideo
3389 1130 3567 1184 videte
3597 1146 3667 1183 ne

2083 1235 2207 1274 eum
2244 1219 2573 1290 inquietetis,
2604 1219 2789 1291 utique
2820 1219 2935 1274 sine
2966 1220 3160 1274 timore
3186 1218 3346 1274 debet
3374 1234 3497 1273 esse
3526 1217 3669 1289 apud

2082 1323 2214 1373 vos;
2239 1309 2371 1379 quia
2401 1325 2543 1380 opus
2570 1309 2795 1364 Domini
2823 1312 3092 1381 operatur
3120 1309 3182 1362 in
3199 1309 3342 1364 vobis
3372 1308 3520 1362 sicut
3549 1323 3664 1377 ego,

2086 1404 2137 1449 et
2166 1395 2258 1449 alii
2286 1396 2555 1465 discipuli,
2589 1404 2641 1451 et
2671 1396 2795 1467 quia
2818 1412 2954 1466 Opus
2984 1395 3200 1450 Domini
3228 1403 3485 1466 operatur
3511 1414 3523 1449 :
3545 1412 3669 1467 ergo

2086 1483 2263 1539 videte
2283 1500 2354 1539 ne
2376 1486 2499 1555 quis
2520 1489 2753 1555 spernat
2774 1500 2923 1549 eum,
2947 1485 3044 1539 sed
3064 1485 3434 1555 obtemperate
3454 1483 3671 1539 monitis

386 1594 409 1623 α
448 1576 752 1639 anathema,
816 1578 1001 1630 Maran
1067 1578 1223 1629 Atha.
1290 1575 1474 1629 Gratia
1534 1576 1753 1630 Domini
1816 1577 1985 1631 nostri
2008 1603 2058 1661 Β
2089 1573 2225 1641 ejus.
2261 1573 2376 1627 Nec
2406 1572 2582 1627 solum
2610 1587 2718 1626 non
2742 1572 3012 1642 spernatis
3034 1588 3177 1641 eum,
3200 1573 3294 1627 sed
3315 1572 3475 1627 etiam
3503 1573 3670 1628 illum

387 1683 409 1712 ι
443 1664 572 1717 Jesu
604 1663 799 1719 Christi
829 1664 1129 1719 vobiscum.
1161 1664 1399 1718 Charitas
1416 1678 1541 1719 mea
1575 1679 1701 1719 cum
1731 1666 1984 1720 omnibus

385 1771 408 1796 ι
443 1750 599 1806 vobis
627 1751 682 1805 in
712 1751 928 1808 Christo
956 1753 1106 1819 Jesu,
1139 1754 1332 1807 Amen.
1375 1775 1395 1797 η

1067 1973 1376 2016 EXPOSITIO.

456 2101 747 2171 Postquam
776 2097 993 2170 singula
1022 2115 1143 2170 quin
1172 2101 1556 2172 praecipiendia
1585 2111 1755 2168 erant,
1791 2102 1981 2173 dispo—

387 2189 521 2254 suit,
557 2187 856 2243 secundum
903 2186 1149 2242 ordinem
1197 2198 1358 2245 rectae
1388 2189 1513 2246 ﬁdei
1544 2191 1599 2245 in
1630 2190 1735 2246 fine
1765 2192 1981 2261 Episto-

386 2277 471 2343 lae,
505 2276 573 2331 de
601 2274 921 2347 quibusdam
968 2275 1191 2346 privatis
1240 2293 1335 2332 eos
1379 2278 1651 2345 admonet,
1686 2279 1892 2335 scilicet
1924 2287 1981 2333 ut

389 2363 564 2420 sancti
610 2363 701 2435 qui
750 2371 901 2418 erant
947 2363 1003 2417 in
1030 2364 1393 2433 Hierusalem,
1426 2383 1562 2439 quos
1593 2375 1643 2422 et
1674 2368 1862 2438 rapina
1892 2368 1980 2421 in-

389 2451 651 2518 fidelium,
684 2459 736 2505 et
764 2451 981 2521 publica
1006 2450 1176 2507 fames
1207 2464 1573 2525 oppresserat,
1610 2456 1976 2521 subvenirent,

386 2540 756 2595 ministrantes
808 2540 1007 2610 aliquid
1038 2541 1104 2595 de
1136 2542 1248 2596 suis
1278 2543 1645 2599 abundantiis.
1680 2544 1874 2599 Littera
1903 2544 1981 2599 sic

383 2628 631 2701 jungitur
663 2646 677 2683 :
710 2630 791 2683 De
837 2629 1229 2685 resurrectione
1276 2640 1613 2687 mortuorum
1647 2633 1724 2688 sic
1751 2632 1977 2687 credite.

389 2719 465 2772 De
495 2717 750 2773 collectis
780 2720 973 2771 autem
993 2718 1114 2789 qua:
1140 2719 1291 2787 ﬁunt
1322 2719 1631 2776 deferendae
1650 2722 1713 2775 in
1732 2724 1976 2785 sanctos,

388 2804 480 2876 qui
512 2812 636 2859 sunt
674 2804 729 2858 in
778 2804 1133 2871 Hierusalem,
1166 2808 1249 2861 ita
1279 2811 1336 2862 et
1362 2825 1451 2864 vos
1471 2810 1647 2879 facite
1674 2826 1776 2882 per
1805 2825 1980 2864 unam

391 2892 537 2947 diem
566 2892 807 2957 Sabbati,
842 2892 897 2945 id
935 2900 1015 2947 est
1047 2894 1379 2964 septimanae,
1411 2897 1559 2951 sicut
1587 2896 1843 2952 ordinavi
1876 2897 1977 2950 de-

389 2980 523 3035 bere
553 2979 673 3035 fieri
712 2980 768 3034 in
796 2954 1073 3036 'Ecclesiis
1108 2954 1379 3038 .Galatiw:
1428 2984 1497 3038 Et
1544 3001 1613 3039 ne
1641 2985 1838 3055 putetis
1867 2986 1981 3040 haec
2002 2954 2048 3014 δ

391 3068 619 3124 collecta
648 3068 785 3123 meis
815 3068 1003 3123 usibus
1032 3086 1121 3124 me
1160 3070 1298 3126 velle
1336 3071 1612 3142 deputare,
1645 3072 1903 3144 praecipio
1930 3081 1985 3127 ut

389 3157 770 3229 unusquisque
802 3162 1048 3212 vestrum
1088 3163 1324 3229 reponat
1356 3161 1506 3232 apud
1531 3177 1588 3215 se
1623 3176 1635 3214 :
1668 3177 1776 3215 non
1805 3168 1986 3215 tamen

389 3244 469 3300 sic
497 3252 555 3298 ut
586 3261 739 3299 suum
770 3260 893 3299 esse
922 3252 1070 3315 putet
1089 3246 1242 3315 illud,
1267 3246 1365 3302 sed
1384 3249 1713 3315 recondens,
1747 3258 1799 3304 et
1830 3249 1986 3320 quasi

392 3332 631 3388 alienum
677 3332 888 3405 integre
918 3342 1203 3388 conservet
1240 3352 1252 3388 :
1284 3335 1427 3406 quod
1456 3338 1511 3391 ei
1538 3337 1673 3391 bene
1703 3338 1985 3409 placuerit

387 3420 721 3491 pauperibus
740 3420 941 3476 sanctis
958 3436 1206 3492 erogare.
1223 3423 1351 3477 Ideo
1363 3423 1485 3478 dico
1497 3425 1671 3494 facite
1688 3442 1791 3496 per
1812 3443 1988 3481 unam

392 3509 637 3575 Sabbati,
673 3513 738 3563 ut
768 3525 883 3564 non
914 3526 1043 3565 cum
1064 3527 1286 3577 venero,
1313 3516 1450 3568 tunc
1459 3513 1712 3584 primum
1741 3515 1989 3569 collectae

393 3599 681 3669 incipiant
709 3597 855 3666 ﬁeri.
908 3599 974 3653 Ut
1004 3606 1183 3653 autem
1231 3615 1447 3654 omnem
1496 3600 1863 3672 suspicionem
1894 3618 1989 3656 au-

392 3684 566 3740 feram
596 3702 629 3739 a
672 3686 827 3741 vobis
872 3686 1009 3741 male
1058 3686 1392 3757 suspiciosis,
1434 3706 1563 3757 cum
1600 3706 1704 3761 ego
1744 3706 1989 3762 presseris

390 3773 548 3828 vobis
576 3776 755 3843 fuero,
787 3790 894 3827 non
925 3775 1172 3845 proprios
1202 3774 1433 3848 legatos,
1472 3776 1568 3831 sed
1594 3777 1690 3835 hos
1712 3794 1844 3850 quos
1864 3794 1991 3851 pro-

391 3860 653 3916 baueritis
677 3862 753 3929 (id
774 3869 857 3916 est
878 3879 1014 3932 quos
1035 3878 1101 3917 ex
1120 3863 1273 3918 vobis
1288 3864 1423 3934 ipsis
1443 3866 1739 3938 elegeritis)
1764 3868 1993 3921 mittam

390 3951 648 4020 perferre
677 3952 925 4020 gratiam
976 3956 1240 4017 vestram,
1271 3952 1325 4006 id
1353 3960 1430 4007 est
1472 3955 1762 4026 gratuitum
1791 3954 1992 4008 donum

395 4044 637 4091 vestrum
666 4037 730 4091 in
756 4039 1125 4093 Hierusalem.
1151 4041 1373 4095 Mittam
1404 4042 1526 4097 dico
1558 4060 1658 4114 per
1694 4043 1988 4110 Epistolas,

394 4126 450 4181 id
482 4133 565 4180 est
594 4140 718 4181 cum
750 4125 1007 4196 Epistolis
1037 4127 1195 4193 meis,
1244 4129 1298 4181 in
1326 4130 1540 4202 signum
1585 4131 1718 4201 ipsis
1749 4131 1985 4185 traditis.

466 4214 722 4269 Dicerent
751 4213 1015 4269 Corinthii
1044 4231 1055 4268 :
1088 4215 1331 4271 Aliorum
1379 4234 1601 4273 munera
1632 4219 1749 4289 ipse
1787 4218 1990 4286 defers,

2089 1668 2448 1715 revertentem
2478 1660 2545 1714 ad
2572 1675 2658 1714 me
2689 1661 2948 1716 deducite
2976 1663 3040 1715 in
3065 1677 3222 1733 pace,
3257 1665 3323 1715 ut
3350 1660 3553 1715 illaesus
3583 1677 3671 1717 ve-

2083 1748 2301 1803 niatad
2318 1764 2406 1803 me
2439 1765 2451 1803 :
2486 1764 2590 1820 ego
2624 1749 2777 1803 enim
2827 1753 3091 1813 exspecto
3155 1750 3322 1804 illum
3360 1765 3490 1804 cum
3538 1750 3670 1804 aliis

2084 1836 2380 1907 fratribus.
2422 1836 2616 1906 Apollo
2666 1837 2957 1907 episcopus
3013 1836 3410 1892 Corinthiorum
3459 1837 3674 1909 fugiens

2082 1923 2482 1979 dissensionem
2531 1940 2721 1979 eorum
2772 1938 3029 1980 reversus
3072 1923 3248 1979 fuerat
3310 1924 3379 1979 ad
3419 1924 3668 1991 Paulum,

2081 2012 2151 2067 de
2190 2027 2295 2083 quo
2326 2012 2586 2067 Corinthii
2613 2013 2941 2083 scripserant
2988 2012 3155 2067 Paulo
3183 2020 3237 2066 ut
3265 2012 3344 2066 eis
3374 2012 3670 2068 remitteret

2082 2100 2400 2170 episcopum
2481 2117 2655 2155 suum.
2733 2100 3044 2171 Respondet
3117 2101 3198 2156 eis
3257 2100 3455 2155 Paulus
3530 2101 3674 2172 quod

2080 2187 2275 2258 Apollo
2321 2188 2452 2242 nolit
2498 2188 2713 2253 reverti,
2757 2189 3076 2259 priusquam
3106 2188 3243 2243 bene
3274 2188 3379 2242 sint
3423 2189 3668 2255 correcti,

2081 2275 2267 2330 dicens
2302 2292 2316 2328 :
2365 2277 2444 2329 De
2492 2276 2774 2331 Timotheo
2831 2276 2909 2331 sic
2957 2276 3139 2348 agite;
3171 2277 3236 2331 de
3263 2277 3455 2348 Apollo
3482 2282 3674 2333 autem

2080 2367 2263 2434 fratre
2284 2369 2497 2430 nostro,
2524 2372 2575 2418 et
2597 2365 2853 2435 episcOpo
2870 2373 3073 2430 vestro,
3088 2365 3340 2436 signiﬁco
3362 2365 3525 2434 vobis,
3541 2382 3672 2437 quo-

2081 2454 2241 2507 niam
2257 2455 2508 2507 multum
2522 2454 2711 2524 rogavi
2736 2458 2799 2508 ut
2823 2456 3037 2508 veniret
3052 2454 3123 2508 ad
3143 2470 3231 2509 vos
3245 2473 3262 2508 :
3276 2458 3329 2509 et
3346 2454 3541 2525 utique
3558 2471 3674 2509 non

2080 2542 2469 2610 fuitvoluntas
2488 2544 2628 2613 ejus,
2652 2546 2716 2596 ut
2738 2559 2892 2597 nunc
2912 2544 3129 2597 veniret
3154 2543 3221 2595 ad
3246 2557 3362 2605 vos,
3376 2542 3472 2597 sed
3489 2545 3674 2598 veniet

2082 2646 2213 2685 cum
2251 2646 2493 2684 vacuum
2530 2632 2583 2685 ei
2613 2631 2812 2699 fuerit,
2840 2637 2891 2685 et
2919 2646 3016 2684 vos
3045 2630 3185 2684 bene
3215 2638 3489 2686 correctos
3518 2630 3675 2685 intel-

2080 2716 2290 2772 lexerit.
2326 2718 2391 2771 Ut
2434 2725 2613 2772 autem
2660 2717 2947 2772 adventum
2987 2718 3141 2786 hujus
3166 2718 3331 2788 patris
3370 2718 3534 2774 vestri
3562 2735 3675 2774 me-

2080 2804 2334 2874 reamini,
2386 2806 2637 2875 vigilate,
2667 2805 2722 2859 id
2772 2814 2854 2860 est
2903 2806 3143 2860 studiose
3190 2814 3376 2861 cavete
3427 2807 3578 2862 vobis
3609 2824 3677 2862 ne

2082 2894 2295 2959 erretis,
2330 2902 2381 2948 et
2408 2898 2557 2948 state
2576 2896 2637 2948 in
2672 2894 2797 2962 ﬁde,
2830 2902 2887 2948 ut
2914 2910 2945 2947 a
2971 2909 3105 2949 sana
3134 2892 3241 2951 ﬁde
3289 2910 3398 2950 non
3428 2895 3673 2962 devictis,

2084 2990 2136 3037 et
2166 2983 2219 3037 in
2249 2982 2354 3037 fide
2386 2991 2588 3037 stantes
2619 2985 2765 3054 agite
2811 2984 3077 3051 viriliter,
3128 2984 3184 3037 id
3214 2992 3295 3038 est
3323 2984 3461 3039 bene
3490 3000 3680 3055 opera-

2080 3072 2231 3125 mini.
2274 3071 2389 3126 Nec
2419 3071 2489 3125 ad
2522 3072 2708 3125 horam
2756 3071 2854 3125 sed
2884 3071 2938 3125 in
2986 3071 3145 3126 bonis
3191 3072 3400 3127 actibus
3427 3089 3677 3143 perseve-

2084 3159 2258 3214 rando
2289 3162 2713 3229 confortamini,
2738 3160 3018 3214 studentes
3039 3167 3097 3213 ut
3111 3163 3302 3216 omnia
3325 3164 3509 3216 vestra
3530 3162 3675 3230 ﬁant

2085 3250 2148 3303 in
2183 3250 2484 3311 charitate,
2514 3247 2567 3301 id
2599 3256 2680 3301 est
2708 3247 2765 3301 in
2792 3248 3083 3303 dilectione
3128 3248 3227 3303 Dei
3258 3256 3313 3304 et
3342 3249 3591 3320 proximi,
3622 3250 3678 3303 in

2088 3352 2192 3407 qua
2212 3337 2489 3406 hucusque
2520 3335 2743 3389 nimium
2776 3336 3037 3405 tepuistis.
3064 3336 3292 3391 Obsecro
3309 3353 3419 3405 vos,
3445 3340 3676 3407 fratres,

2088 3432 2145 3477 ut
2175 3423 2371 3478 subditi
2420 3423 2534 3477 sitis
2576 3424 2863 3492 Stephanae
2911 3432 2964 3477 et
3009 3424 3316 3488 Fortunato,
3352 3432 3403 3477 et
3433 3425 3669 3479 debetis.

2091 3514 2274 3567 Nostis
2319 3512 2461 3566 enim
2522 3511 2747 3565 domum
2802 3512 3100 3582 Stephano:
3147 3516 3202 3564 et
3254 3513 3571 3581 Fortunati,
3624 3518 3680 3567 et

2091 3602 2339 3655 Achaici.
2373 3600 2505 3665 Hoc,
2528 3600 2764 3670 inquam,
2794 3598 2966 3652 nostis
2987 3598 3127 3670 quod
3147 3597 3233 3651 isti
3255 3603 3391 3653 sunt
3407 3600 3679 3669 primitiae

2090 3688 2332 3742 Achaiae.
2370 3687 2529 3740 Primi
2555 3686 2697 3740 enim
2735 3687 2803 3741 de
2842 3685 3045 3741 Achaia
3073 3685 3438 3741 crediderunt.
3479 3686 3677 3742 Corin-

2090 3776 2214 3828 thus
2244 3773 2297 3827 in
2329 3775 2532 3829 Achaia
2564 3781 2664 3828 est.
2710 3774 2897 3828 Nostis
2928 3775 3091 3829 etiam
3111 3776 3214 3829 hoc
3236 3774 3381 3847 quod
3401 3776 3501 3830 isti
3532 3775 3681 3831 ordi-

2090 3868 2373 3918 naverunt
2386 3864 2591 3933 seipsos
2608 3864 2671 3917 in
2684 3864 3073 3919 ministerium
3094 3867 3425 3918 sanctorum
3448 3880 3460 3917 :
3487 3864 3682 3935 quibus

2090 3951 2325 4021 pr0priis
2372 3951 2621 4005 manibus
2668 3960 2722 4006 et
2767 3952 2835 4006 de
2879 3952 2991 4005 suis
3023 3952 3188 4007 rebus
3217 3951 3681 4007 ministraverunt.

2093 4040 2225 4107 Hoc,
2262 4040 2500 4110 inquam,
2536 4039 2767 4095 obsecro
2798 4056 2915 4105 vos,
2958 4041 3251 4095 utsubditi
3280 4042 3407 4095 sitis
3440 4039 3525 4095 his
3562 4056 3683 4095 om-

2092 4127 2254 4181 nibus
2284 4144 2404 4198 qua)
2436 4128 2487 4181 in
2522 4128 2675 4183 vobis
2726 4132 2863 4183 sunt
2885 4129 3179 4199 ejusmodi,
3213 4131 3269 4181 et
3305 4129 3458 4181 omni
3488 4144 3684 4197 coope-

2091 4217 2251 4271 ranti
2270 4216 2375 4270 illis
2398 4216 2452 4270 in
2474 4216 2637 4283 bono,
2664 4221 2718 4271 et
2745 4218 3023 4271 laboranti
3045 4214 3288 4269 similiter
3306 4214 3359 4267 in
3387 4215 3685 4271 ministerio

394 4309 447 4356 et
475 4310 662 4357 nostra
692 4319 859 4374 quare
881 4302 1094 4359 deferre
1116 4304 1435 4376 dedignaris
1455 4308 1482 4360 ?
1514 4307 1596 4361 Ad
1617 4308 1720 4362 hoc
1742 4307 1936 4362 Paulus
1971 4326 1983 4363 :
2009 4311 2059 4369 D
2090 4314 2417 4360 sanctorum.
2468 4306 2535 4359 Ut
2564 4313 2743 4360 autem
2781 4303 2981 4357 subditi
3012 4303 3126 4356 sitis
3160 4302 3283 4368 illis,
3320 4302 3509 4356 scitote
3548 4320 3684 4373 quo-

396 4389 554 4443 Certe
584 4392 635 4444 si
680 4391 911 4461 dignum
939 4394 1120 4462 fuerit
1148 4392 1352 4447 donum
1381 4402 1642 4459 vestrum,
1678 4400 1743 4451 ut
1773 4412 1866 4467 ego
1907 4397 1989 4451 ire

396 4476 647 4546 debeam,
680 4476 844 4533 ibunt
865 4496 1085 4535 mecum
1114 4480 1282 4553 legati
1306 4483 1487 4548 vestri,
1510 4491 1567 4537 ut
1590 4500 1693 4555 ego
1715 4484 1872 4537 simul
1898 4501 1989 4538 ve-

395 4566 551 4621 niens
589 4568 964 4622 commendem
995 4569 1220 4640 gratiam
1258 4579 1512 4625 vestram.
1568 4572 1655 4626 Sic
1698 4571 1890 4626 faciam
1921 4573 1989 4627 de

393 4655 569 4726 gratia
588 4663 791 4725 vestra,
823 4657 1048 4712 Veniam
1066 4658 1229 4712 etiam
1251 4658 1324 4713 ad
1344 4677 1435 4714 vos
1452 4676 1580 4714 cum
1600 4663 1987 4731 pertransiero

394 4743 775 4798 Macedoniam
796 4754 823 4797 ':
856 4744 1004 4814 prius
1036 4762 1152 4800 sum
1186 4747 1328 4801 enim
1359 4747 1427 4801 ad
1451 4748 1777 4803 Macedonas
1798 4749 1984 4803 iturus.

392 4830 536 4885 Bene
548 4830 671 4886 dico
690 4834 1073 4903 pertransiero
1101 4850 1112 4887 :
1138 4852 1274 4889 nam
1294 4851 1424 4889 vere
1442 4835 1799 4906 pertransibo
1825 4838 1991 4891 Mace-

394 4917 660 4983 doniam;
695 4920 790 4974 sed
822 4928 1013 4990 postea
1054 4920 1289 4977 manebo
1318 4923 1469 4993 apud
1504 4939 1594 4977 vos
1637 4925 1901 4990 /orsitan,
1934 4924 1988 4978 id

392 5014 476 5060 est
510 5007 556 5059 si
609 5007 753 5061 Deus
796 5010 1149 5064 concesserit.
1201 5012 1287 5066 l’el
1319 5010 1479 5065 etiam
1527 5020 1581 5064 ut
1629 5012 1749 5080 plus
1789 5012 1984 5066 dicam.

393 5092 653 5150 Iliemabo
683 5111 851 5165 penes
882 5112 1000 5163 vos,
1035 5102 1101 5152 ut
1128 5114 1226 5153 vos
1245 5097 1534 5153 deducatis
1556 5115 1646 5153 me
1665 5115 1989 5171 quocunque

394 5199 428 5237 a
475 5183 630 5237 vobis
688 5184 977 5240 discedens
1023 5186 1158 5241 iero.
1195 5186 1320 5240 Ideo
1368 5186 1652 5251 hiemabo;
1686 5186 1809 5256 quia
1859 5189 1987 5241 nolo

390 5288 482 5327 vos
514 5273 672 5326 modo
720 5273 907 5327 videre
946 5276 1007 5327 in
1057 5276 1328 5328 transitu.
1381 5274 1509 5327 Ideo
1539 5290 1645 5327 non
1674 5274 1729 5327 in
1761 5274 1987 5329 transitu

392 5360 590 5414 videbo
614 5376 709 5414 vos
732 5378 746 5425 ;
771 5364 901 5430 quia
914 5377 1074 5431 spero
1098 5378 1184 5415 me
1206 5362 1567 5433 aliquantum
1588 5379 1817 5418 manere
1838 5365 1988 5434 apud

388 5464 481 5505 vos
505 5450 556 5503 si
586 5450 857 5505 Dominus
882 5450 1224 5521 permiserit.
1258 5451 1324 5505 Et
1354 5450 1478 5506 licet
1499 5450 1676 5506 dicam
1692 5467 1779 5507 me
1810 5459 1987 5507 trans-

2090 4394 2231 4447 niam
2256 4410 2359 4464 ego
2380 4393 2589 4463 gaudeo
2604 4397 2663 4447 in
2690 4393 2993 4463 prresentia
3020 4391 3336 4461 Stephanus,
3361 4392 3683 4459 Fortunati,

2091 4486 2146 4535 et
2168 4482 2395 4536 Achaici
2441 4499 2453 4533 :
2486 4481 2563 4534 sic
2594 4480 2736 4533 enim
2774 4479 2905 4531 mihi
2936 4486 3019 4533 est
3049 4478 3117 4532 de
3148 4477 3253 4531 illis
3283 4479 3433 4549 quasi
3464 4478 3511 4533 si
3538 4497 3687 4550 prm-

2092 4578 2273 4622 sentes
2320 4584 2414 4623 eos
2461 4568 2708 4622 habeam.
2763 4567 3008 4635 Gaudeo,
3062 4566 3300 4637 inquam,
3355 4575 3407 4621 et
3452 4568 3682 4635 merito;

2090 4660 2354 4727 quoniam
2394 4659 2505 4729 ipsi
2554 4658 2935 4728 impleverunt
2966 4656 3017 4709 in
3050 4673 3137 4711 me
3182 4665 3233 4711 et
3262 4656 3318 4711 in
3348 4658 3548 4713 sanctis
3581 4659 3681 4712 hoc

2091 4747 2231 4817 quod
2261 4746 2457 4800 deerat
2490 4746 2634 4801 vobis
2667 4765 2684 4799 :
2715 4745 2818 4815 ipsi
2867 4744 3011 4799 enim
3049 4744 3497 4800 ministraverunt
3527 4745 3683 4800 nobis

2090 4834 2146 4887 in
2197 4833 2600 4903 temporalibus,
2666 4833 2812 4904 quod
2859 4848 2983 4887 cum
3033 4847 3132 4887 vos
3183 4833 3527 4899 debuissetis,
3582 4850 3683 4888 ne-

2091 4922 2358 4993 glexistis.
2397 4923 2535 4976 Vere
2584 4921 2685 4991 ipsi
2718 4920 3146 4991 suppleverunt;
3182 4939 3316 4976 nam
3359 4924 3682 4992 refecerunt

2090 5010 2355 5081 spiritum
2384 5026 2572 5063 meum
2617 5008 2974 5063 ministrando
3004 5009 3336 5077 necessaria,
3372 5013 3425 5064 et
3455 5026 3552 5079 per
3578 5010 3684 5065 hoc

2092 5096 2339 5167 spiritum
2390 5102 2656 5153 vestrum.
2707 5096 2823 5151 Nisi
2872 5097 3016 5151 enim
3059 5097 3217 5151 bonis
3259 5097 3369 5151 suis
3426 5096 3685 5152 fovissent

2090 5201 2209 5250 nos,
2243 5200 2351 5239 non
2381 5201 2666 5256 possemus
2713 5184 2899 5238 tandiu
2930 5185 3203 5240 immorari
3252 5193 3447 5239 vestrae
3473 5185 3682 5239 instru-

2090 5273 2273 5337 ctioni,
2308 5274 2376 5327 Et
2406 5274 2529 5344 quia
2550 5272 2859 5329 refecerunt
2882 5274 3128 5342 spiritum
3152 5290 3331 5327 meum
3352 5282 3403 5327 et
3422 5281 3682 5338 vestrum,

2090 5378 2217 5429 ergo
2250 5363 2583 5433 cognoscite,
2636 5362 2687 5413 id
2737 5369 2817 5416 est
2849 5378 2912 5414 ex
2945 5361 3229 5415 dilectione
3260 5360 3473 5415 obedite
3504 5362 3601 5427 eis,
3634 5369 3689 5416 et

2090 5449 2339 5505 omnibus
2368 5452 2461 5521 qui
2491 5454 2627 5506 sunt
2658 5448 2951 5520 ejusmodi.
2992 5451 3259 5505 Salutant
3285 5466 3395 5515 vos,
3428 5464 3460 5504 o
3491 5448 3684 5504 Corin-
