  <div class='ocr_page' id='page_1' title='image "/cluster/home/n/w/nwhite01/storage/ocr_20150623/153/hvd.32044054760111/114.png"; bbox 0 0 3960 6050; ppageno 0'>
   <div class='ocr_carea' id='block_1_1' title="bbox 220 188 324 241">
    <p class='ocr_par' dir='ltr' id='par_1_1' title="bbox 220 188 324 241">
     <span class='ocr_line' id='line_1_1' title="bbox 220 188 324 241; baseline -0.019 -1"><span class='ocrx_word' id='word_1_1' title='bbox 220 188 324 241; x_wconf 73' lang='grc'>217</span> 
     </span>
    </p>
   </div>
   <div class='ocr_carea' id='block_1_2' title="bbox 829 176 2911 238">
    <p class='ocr_par' dir='ltr' id='par_1_2' title="bbox 829 176 2911 238">
     <span class='ocr_line' id='line_1_2' title="bbox 829 176 2911 238; baseline -0.003 -1"><span class='ocrx_word' id='word_1_2' title='bbox 829 179 1206 238; x_wconf 85' lang='lat' dir='ltr'>EXPOSITIO</span> <span class='ocrx_word' id='word_1_3' title='bbox 1238 182 1312 237; x_wconf 90' lang='lat' dir='ltr'>IN</span> <span class='ocrx_word' id='word_1_4' title='bbox 1347 180 1726 237; x_wconf 85' lang='lat' dir='ltr'>EPISTOLAS</span> <span class='ocrx_word' id='word_1_5' title='bbox 1775 178 1998 237; x_wconf 87' lang='lat' dir='ltr'>PAULI.</span> <span class='ocrx_word' id='word_1_6' title='bbox 2035 207 2102 221; x_wconf 90' lang='lat'><strong><em>—</em></strong></span> <span class='ocrx_word' id='word_1_7' title='bbox 2131 180 2205 234; x_wconf 88' lang='lat' dir='ltr'><strong>IN</strong></span> <span class='ocrx_word' id='word_1_8' title='bbox 2249 176 2468 233; x_wconf 87' lang='lat' dir='ltr'>EPIST.</span> <span class='ocrx_word' id='word_1_9' title='bbox 2519 178 2566 232; x_wconf 94' lang='lat' dir='ltr'>II</span> <span class='ocrx_word' id='word_1_10' title='bbox 2603 177 2697 232; x_wconf 84' lang='lat' dir='ltr'>AD</span> <span class='ocrx_word' id='word_1_11' title='bbox 2752 176 2911 233; x_wconf 87' lang='lat' dir='ltr'>COR.</span> 
     </span>
    </p>
   </div>
   <div class='ocr_carea' id='block_1_3' title="bbox 3412 178 3516 234">
    <p class='ocr_par' dir='ltr' id='par_1_3' title="bbox 3412 178 3516 234">
     <span class='ocr_line' id='line_1_3' title="bbox 3412 178 3516 234; baseline -0.048 -1"><span class='ocrx_word' id='word_1_12' title='bbox 3412 178 3516 234; x_wconf 78' lang='grc'>218</span> 
     </span>
    </p>
   </div>
   <div class='ocr_carea' id='block_1_4' title="bbox 224 301 3521 373">
    <p class='ocr_par' dir='ltr' id='par_1_4' title="bbox 224 301 3521 373">
     <span class='ocr_line' id='line_1_4' title="bbox 224 301 3521 373; baseline -0.002 -11"><span class='ocrx_word' id='word_1_13' title='bbox 224 307 345 373; x_wconf 89' lang='lat' dir='ltr'>thii,</span> <span class='ocrx_word' id='word_1_14' title='bbox 380 323 571 364; x_wconf 86' lang='lat' dir='ltr'>omnes</span> <span class='ocrx_word' id='word_1_15' title='bbox 594 307 877 363; x_wconf 60' lang='lat' dir='ltr'>Ecclesiae.</span> <span class='ocrx_word' id='word_1_16' title='bbox 919 308 1194 363; x_wconf 81' lang='lat' dir='ltr'>Salutant</span> <span class='ocrx_word' id='word_1_17' title='bbox 1215 308 1468 363; x_wconf 81' lang='lat' dir='ltr'>multum</span> <span class='ocrx_word' id='word_1_18' title='bbox 1495 306 1557 361; x_wconf 83' lang='lat' dir='ltr'>in</span> <span class='ocrx_word' id='word_1_19' title='bbox 1586 305 1819 362; x_wconf 88' lang='lat' dir='ltr'>Domino</span> <span class='ocrx_word' id='word_1_20' title='bbox 1843 307 1891 365; x_wconf 83' lang='lat' dir='ltr'><strong>A</strong></span> <span class='ocrx_word' id='word_1_21' title='bbox 1922 320 2030 360; x_wconf 92' lang='lat' dir='ltr'>non</span> <span class='ocrx_word' id='word_1_22' title='bbox 2060 304 2265 369; x_wconf 86' lang='lat' dir='ltr'>saluto;</span> <span class='ocrx_word' id='word_1_23' title='bbox 2300 304 2396 359; x_wconf 91' lang='lat' dir='ltr'>sed</span> <span class='ocrx_word' id='word_1_24' title='bbox 2443 305 2520 359; x_wconf 88' lang='lat' dir='ltr'>sit</span> <span class='ocrx_word' id='word_1_25' title='bbox 2567 303 2903 371; x_wconf 80' lang='lat' dir='ltr'>anathema,</span> <span class='ocrx_word' id='word_1_26' title='bbox 2953 301 3008 357; x_wconf 91' lang='lat' dir='ltr'>id</span> <span class='ocrx_word' id='word_1_27' title='bbox 3054 308 3137 356; x_wconf 90' lang='lat' dir='ltr'>est</span> <span class='ocrx_word' id='word_1_28' title='bbox 3180 307 3458 371; x_wconf 89' lang='lat' dir='ltr'>separatus</span> <span class='ocrx_word' id='word_1_29' title='bbox 3489 315 3521 355; x_wconf 92' lang='lat' dir='ltr'>a</span> 
     </span>
    </p>
   </div>
   <div class='ocr_carea' id='block_1_5' title="bbox 225 394 1827 469">
    <p class='ocr_par' dir='ltr' id='par_1_5' title="bbox 225 394 1827 469">
     <span class='ocr_line' id='line_1_5' title="bbox 225 394 1827 469; baseline -0.002 -17"><span class='ocrx_word' id='word_1_30' title='bbox 225 397 431 469; x_wconf 82' lang='lat' dir='ltr'>Aquila</span> <span class='ocrx_word' id='word_1_31' title='bbox 452 401 507 451; x_wconf 90' lang='lat' dir='ltr'>et</span> <span class='ocrx_word' id='word_1_32' title='bbox 524 398 739 462; x_wconf 88' lang='lat' dir='ltr'>Prisca,</span> <span class='ocrx_word' id='word_1_33' title='bbox 759 413 890 451; x_wconf 87' lang='lat' dir='ltr'>cum</span> <span class='ocrx_word' id='word_1_34' title='bbox 912 396 1217 452; x_wconf 87' lang='lat' dir='ltr'>domestica</span> <span class='ocrx_word' id='word_1_35' title='bbox 1248 414 1352 452; x_wconf 89' lang='lat' dir='ltr'>sua</span> <span class='ocrx_word' id='word_1_36' title='bbox 1372 396 1643 460; x_wconf 77' lang='lat' dir='ltr'>Ecclesia,</span> <span class='ocrx_word' id='word_1_37' title='bbox 1668 394 1723 449; x_wconf 91' lang='lat' dir='ltr'>id</span> <span class='ocrx_word' id='word_1_38' title='bbox 1744 402 1827 449; x_wconf 90' lang='lat' dir='ltr'>est</span> 
     </span>
    </p>
   </div>
   <div class='ocr_carea' id='block_1_6' title="bbox 226 483 1825 541">
    <p class='ocr_par' dir='ltr' id='par_1_6' title="bbox 226 483 1825 541">
     <span class='ocr_line' id='line_1_6' title="bbox 226 483 1825 541; baseline -0.001 -2"><span class='ocrx_word' id='word_1_39' title='bbox 226 493 275 539; x_wconf 91' lang='lat' dir='ltr'>et</span> <span class='ocrx_word' id='word_1_40' title='bbox 308 500 499 539; x_wconf 90' lang='lat' dir='ltr'>eorum</span> <span class='ocrx_word' id='word_1_41' title='bbox 548 483 753 539; x_wconf 77' lang='lat' dir='ltr'>familia</span> <span class='ocrx_word' id='word_1_42' title='bbox 799 500 898 539; x_wconf 87' lang='lat' dir='ltr'>vos</span> <span class='ocrx_word' id='word_1_43' title='bbox 947 484 1159 538; x_wconf 76' lang='lat' dir='ltr'>salutat.</span> <span class='ocrx_word' id='word_1_44' title='bbox 1212 485 1481 541; x_wconf 80' lang='lat' dir='ltr'>Salutant</span> <span class='ocrx_word' id='word_1_45' title='bbox 1512 500 1600 539; x_wconf 84' lang='lat' dir='ltr'>vos</span> <span class='ocrx_word' id='word_1_46' title='bbox 1633 500 1825 538; x_wconf 83' lang='lat' dir='ltr'>omnes</span> 
     </span>
    </p>
   </div>
   <div class='ocr_carea' id='block_1_7' title="bbox 224 571 1826 643">
    <p class='ocr_par' dir='ltr' id='par_1_7' title="bbox 224 571 1826 643">
     <span class='ocr_line' id='line_1_7' title="bbox 224 571 1826 643; baseline -0.001 -16"><span class='ocrx_word' id='word_1_47' title='bbox 224 575 463 643; x_wconf 75' lang='lat' dir='ltr'>fratres.</span> <span class='ocrx_word' id='word_1_48' title='bbox 489 573 749 628; x_wconf 84' lang='lat' dir='ltr'>Salutate</span> <span class='ocrx_word' id='word_1_49' title='bbox 777 589 869 628; x_wconf 83' lang='lat' dir='ltr'>vos</span> <span class='ocrx_word' id='word_1_50' title='bbox 886 572 1125 627; x_wconf 87' lang='lat' dir='ltr'>invicem</span> <span class='ocrx_word' id='word_1_51' title='bbox 1147 573 1209 627; x_wconf 89' lang='lat' dir='ltr'>in</span> <span class='ocrx_word' id='word_1_52' title='bbox 1228 574 1415 627; x_wconf 85' lang='lat' dir='ltr'>osculo</span> <span class='ocrx_word' id='word_1_53' title='bbox 1432 575 1650 636; x_wconf 82' lang='lat' dir='ltr'>sancto,</span> <span class='ocrx_word' id='word_1_54' title='bbox 1667 571 1720 625; x_wconf 92' lang='lat' dir='ltr'>id</span> <span class='ocrx_word' id='word_1_55' title='bbox 1743 579 1826 625; x_wconf 89' lang='lat' dir='ltr'>est</span> 
     </span>
    </p>
   </div>
   <div class='ocr_carea' id='block_1_8' title="bbox 224 659 1825 725">
    <p class='ocr_par' dir='ltr' id='par_1_8' title="bbox 224 659 1825 725">
     <span class='ocr_line' id='line_1_8' title="bbox 224 659 1825 725; baseline -0.001 -11"><span class='ocrx_word' id='word_1_56' title='bbox 224 659 549 715; x_wconf 89' lang='lat' dir='ltr'>oseulamini</span> <span class='ocrx_word' id='word_1_57' title='bbox 622 675 718 715; x_wconf 87' lang='lat' dir='ltr'>vos</span> <span class='ocrx_word' id='word_1_58' title='bbox 797 660 1132 725; x_wconf 89' lang='lat' dir='ltr'>alterutrum,</span> <span class='ocrx_word' id='word_1_59' title='bbox 1204 667 1527 715; x_wconf 90' lang='lat' dir='ltr'>evacuantes</span> <span class='ocrx_word' id='word_1_60' title='bbox 1573 675 1606 714; x_wconf 91' lang='lat' dir='ltr'>a</span> <span class='ocrx_word' id='word_1_61' title='bbox 1670 659 1825 714; x_wconf 88' lang='lat' dir='ltr'>vobis</span> 
     </span>
    </p>
   </div>
   <div class='ocr_carea' id='block_1_9' title="bbox 222 747 1824 820">
    <p class='ocr_par' dir='ltr' id='par_1_9' title="bbox 222 747 1824 820">
     <span class='ocr_line' id='line_1_9' title="bbox 222 747 1824 820; baseline -0.002 -17"><span class='ocrx_word' id='word_1_62' title='bbox 222 749 533 803; x_wconf 72' lang='lat' dir='ltr'>schismata.</span> <span class='ocrx_word' id='word_1_63' title='bbox 568 748 851 804; x_wconf 85' lang='lat' dir='ltr'>Salutatio</span> <span class='ocrx_word' id='word_1_64' title='bbox 883 765 1003 820; x_wconf 63' lang='lat' dir='ltr'>qua:</span> <span class='ocrx_word' id='word_1_65' title='bbox 1052 748 1295 819; x_wconf 82' lang='lat' dir='ltr'>sequitur</span> <span class='ocrx_word' id='word_1_66' title='bbox 1324 748 1466 803; x_wconf 89' lang='lat' dir='ltr'>facta</span> <span class='ocrx_word' id='word_1_67' title='bbox 1496 755 1578 803; x_wconf 91' lang='lat' dir='ltr'>est</span> <span class='ocrx_word' id='word_1_68' title='bbox 1608 747 1824 818; x_wconf 87' lang='lat' dir='ltr'>propria</span> 
     </span>
    </p>
   </div>
   <div class='ocr_carea' id='block_1_10' title="bbox 221 835 1823 907">
    <p class='ocr_par' dir='ltr' id='par_1_10' title="bbox 221 835 1823 907">
     <span class='ocr_line' id='line_1_10' title="bbox 221 835 1823 907; baseline -0.002 -15"><span class='ocrx_word' id='word_1_69' title='bbox 221 854 424 905; x_wconf 88' lang='lat' dir='ltr'>manu,</span> <span class='ocrx_word' id='word_1_70' title='bbox 456 853 582 892; x_wconf 86' lang='lat' dir='ltr'>mea</span> <span class='ocrx_word' id='word_1_71' title='bbox 602 837 723 892; x_wconf 90' lang='lat' dir='ltr'>dico</span> <span class='ocrx_word' id='word_1_72' title='bbox 772 836 978 893; x_wconf 81' lang='lat' dir='ltr'>scilicet</span> <span class='ocrx_word' id='word_1_73' title='bbox 1021 838 1209 904; x_wconf 88' lang='lat' dir='ltr'>Pauli,</span> <span class='ocrx_word' id='word_1_74' title='bbox 1243 838 1379 903; x_wconf 69' lang='lat' dir='ltr'>haac,</span> <span class='ocrx_word' id='word_1_75' title='bbox 1415 836 1621 892; x_wconf 83' lang='lat' dir='ltr'>scilicet</span> <span class='ocrx_word' id='word_1_76' title='bbox 1650 835 1823 907; x_wconf 87' lang='lat' dir='ltr'>gratia</span> 
     </span>
    </p>
   </div>
   <div class='ocr_carea' id='block_1_11' title="bbox 222 925 823 993">
    <p class='ocr_par' dir='ltr' id='par_1_11' title="bbox 222 925 823 993">
     <span class='ocr_line' id='line_1_11' title="bbox 222 925 823 993; baseline 0 -14"><span class='ocrx_word' id='word_1_77' title='bbox 222 925 445 981; x_wconf 87' lang='lat' dir='ltr'>Domini</span> <span class='ocrx_word' id='word_1_78' title='bbox 493 925 682 993; x_wconf 88' lang='lat' dir='ltr'>nostri,</span> <span class='ocrx_word' id='word_1_79' title='bbox 718 932 823 981; x_wconf 88' lang='lat' dir='ltr'>etc.</span> 
     </span>
    </p>
   </div>
   <div class='ocr_carea' id='block_1_12' title="bbox 293 1011 1819 1083">
    <p class='ocr_par' dir='ltr' id='par_1_12' title="bbox 293 1011 1819 1083">
     <span class='ocr_line' id='line_1_12' title="bbox 293 1011 1819 1083; baseline -0.001 -16"><span class='ocrx_word' id='word_1_80' title='bbox 293 1014 413 1068; x_wconf 78' lang='lat' dir='ltr'>Mos</span> <span class='ocrx_word' id='word_1_81' title='bbox 444 1021 555 1067; x_wconf 89' lang='lat' dir='ltr'>erat</span> <span class='ocrx_word' id='word_1_82' title='bbox 582 1013 752 1079; x_wconf 87' lang='lat' dir='ltr'>Pauli,</span> <span class='ocrx_word' id='word_1_83' title='bbox 782 1020 839 1067; x_wconf 89' lang='lat' dir='ltr'>ut</span> <span class='ocrx_word' id='word_1_84' title='bbox 888 1013 1004 1083; x_wconf 92' lang='lat' dir='ltr'>ipse</span> <span class='ocrx_word' id='word_1_85' title='bbox 1054 1012 1196 1067; x_wconf 91' lang='lat' dir='ltr'>idem</span> <span class='ocrx_word' id='word_1_86' title='bbox 1228 1029 1391 1067; x_wconf 89' lang='lat' dir='ltr'>manu</span> <span class='ocrx_word' id='word_1_87' title='bbox 1436 1012 1656 1083; x_wconf 89' lang='lat' dir='ltr'>propria</span> <span class='ocrx_word' id='word_1_88' title='bbox 1684 1011 1819 1082; x_wconf 88' lang='lat' dir='ltr'>Epi-</span> 
     </span>
    </p>
   </div>
   <div class='ocr_carea' id='block_1_13' title="bbox 222 1100 1820 1172">
    <p class='ocr_par' dir='ltr' id='par_1_13' title="bbox 222 1100 1820 1172">
     <span class='ocr_line' id='line_1_13' title="bbox 222 1100 1820 1172; baseline -0.002 -16"><span class='ocrx_word' id='word_1_89' title='bbox 222 1101 423 1156; x_wconf 89' lang='lat' dir='ltr'>stolam</span> <span class='ocrx_word' id='word_1_90' title='bbox 456 1102 745 1170; x_wconf 84' lang='lat' dir='ltr'>clauderet,</span> <span class='ocrx_word' id='word_1_91' title='bbox 770 1118 839 1155; x_wconf 91' lang='lat' dir='ltr'>ne</span> <span class='ocrx_word' id='word_1_92' title='bbox 855 1101 1191 1156; x_wconf 82' lang='lat' dir='ltr'>dubitaretur</span> <span class='ocrx_word' id='word_1_93' title='bbox 1212 1101 1339 1172; x_wconf 91' lang='lat' dir='ltr'>quin</span> <span class='ocrx_word' id='word_1_94' title='bbox 1368 1117 1400 1155; x_wconf 89' lang='lat' dir='ltr'>a</span> <span class='ocrx_word' id='word_1_95' title='bbox 1431 1116 1490 1156; x_wconf 86' lang='lat' dir='ltr'>se</span> <span class='ocrx_word' id='word_1_96' title='bbox 1519 1100 1820 1155; x_wconf 87' lang='lat' dir='ltr'>mitteretur</span> 
     </span>
    </p>
   </div>
   <div class='ocr_carea' id='block_1_14' title="bbox 220 1188 1822 1260">
    <p class='ocr_par' dir='ltr' id='par_1_14' title="bbox 220 1188 1822 1260">
     <span class='ocr_line' id='line_1_14' title="bbox 220 1188 1822 1260; baseline 0.001 -18"><span class='ocrx_word' id='word_1_97' title='bbox 220 1189 471 1259; x_wconf 87' lang='lat' dir='ltr'>Epistola</span> <span class='ocrx_word' id='word_1_98' title='bbox 504 1208 517 1243; x_wconf 88' lang='lat'><strong>:</strong></span> <span class='ocrx_word' id='word_1_99' title='bbox 556 1198 606 1244; x_wconf 89' lang='lat' dir='ltr'>et</span> <span class='ocrx_word' id='word_1_100' title='bbox 634 1190 736 1245; x_wconf 90' lang='lat' dir='ltr'>hoc</span> <span class='ocrx_word' id='word_1_101' title='bbox 783 1197 1005 1260; x_wconf 88' lang='lat' dir='ltr'>propter</span> <span class='ocrx_word' id='word_1_102' title='bbox 1051 1190 1281 1260; x_wconf 88' lang='lat' dir='ltr'>pseudo,</span> <span class='ocrx_word' id='word_1_103' title='bbox 1334 1189 1424 1260; x_wconf 89' lang='lat' dir='ltr'>qui</span> <span class='ocrx_word' id='word_1_104' title='bbox 1474 1189 1574 1243; x_wconf 90' lang='lat' dir='ltr'>sub</span> <span class='ocrx_word' id='word_1_105' title='bbox 1603 1188 1822 1243; x_wconf 88' lang='lat' dir='ltr'>nomine</span> 
     </span>
    </p>
   </div>
   <div class='ocr_carea' id='block_1_15' title="bbox 220 1276 1822 1347">
    <p class='ocr_par' dir='ltr' id='par_1_15' title="bbox 220 1276 1822 1347">
     <span class='ocr_line' id='line_1_15' title="bbox 220 1276 1822 1347; baseline -0.001 -17"><span class='ocrx_word' id='word_1_106' title='bbox 220 1277 375 1331; x_wconf 87' lang='lat' dir='ltr'>Pauli</span> <span class='ocrx_word' id='word_1_107' title='bbox 422 1276 646 1333; x_wconf 88' lang='lat' dir='ltr'>furtivas</span> <span class='ocrx_word' id='word_1_108' title='bbox 692 1276 975 1332; x_wconf 88' lang='lat' dir='ltr'>mittebant</span> <span class='ocrx_word' id='word_1_109' title='bbox 1034 1278 1315 1347; x_wconf 84' lang='lat' dir='ltr'>epistolas.</span> <span class='ocrx_word' id='word_1_110' title='bbox 1365 1277 1446 1332; x_wconf 84' lang='lat' dir='ltr'>Ab</span> <span class='ocrx_word' id='word_1_111' title='bbox 1493 1278 1592 1331; x_wconf 90' lang='lat' dir='ltr'>hac</span> <span class='ocrx_word' id='word_1_112' title='bbox 1641 1284 1822 1331; x_wconf 89' lang='lat' dir='ltr'>autem</span> 
     </span>
    </p>
   </div>
   <div class='ocr_carea' id='block_1_16' title="bbox 221 1364 1819 1436">
    <p class='ocr_par' dir='ltr' id='par_1_16' title="bbox 221 1364 1819 1436">
     <span class='ocr_line' id='line_1_16' title="bbox 221 1364 1819 1436; baseline 0.001 -18"><span class='ocrx_word' id='word_1_113' title='bbox 221 1364 546 1419; x_wconf 82' lang='lat' dir='ltr'>salutatione</span> <span class='ocrx_word' id='word_1_114' title='bbox 573 1380 671 1419; x_wconf 90' lang='lat' dir='ltr'>sua</span> <span class='ocrx_word' id='word_1_115' title='bbox 698 1364 933 1420; x_wconf 83' lang='lat' dir='ltr'>excludit</span> <span class='ocrx_word' id='word_1_116' title='bbox 990 1364 1266 1430; x_wconf 80' lang='lat' dir='ltr'>infideles,</span> <span class='ocrx_word' id='word_1_117' title='bbox 1315 1365 1504 1420; x_wconf 89' lang='lat' dir='ltr'>dicens</span> <span class='ocrx_word' id='word_1_118' title='bbox 1538 1382 1549 1418; x_wconf 93' lang='lat'><strong>:</strong></span> <span class='ocrx_word' id='word_1_119' title='bbox 1588 1365 1647 1420; x_wconf 90' lang='lat' dir='ltr'>Si</span> <span class='ocrx_word' id='word_1_120' title='bbox 1697 1364 1819 1436; x_wconf 86' lang='lat' dir='ltr'>quis</span> 
     </span>
    </p>
   </div>
   <div class='ocr_carea' id='block_1_17' title="bbox 219 1453 1820 1519">
    <p class='ocr_par' dir='ltr' id='par_1_17' title="bbox 219 1453 1820 1519">
     <span class='ocr_line' id='line_1_17' title="bbox 219 1453 1820 1519; baseline 0.001 -12"><span class='ocrx_word' id='word_1_121' title='bbox 219 1469 336 1508; x_wconf 86' lang='lat' dir='ltr'>non</span> <span class='ocrx_word' id='word_1_122' title='bbox 353 1458 511 1508; x_wconf 89' lang='lat' dir='ltr'>amat</span> <span class='ocrx_word' id='word_1_123' title='bbox 531 1455 835 1509; x_wconf 85' lang='lat' dir='ltr'>Dominum</span> <span class='ocrx_word' id='word_1_124' title='bbox 857 1458 1116 1509; x_wconf 85' lang='lat' dir='ltr'>nostrum</span> <span class='ocrx_word' id='word_1_125' title='bbox 1132 1456 1322 1509; x_wconf 89' lang='lat' dir='ltr'>Jesum</span> <span class='ocrx_word' id='word_1_126' title='bbox 1347 1454 1655 1519; x_wconf 76' lang='lat' dir='ltr'>Christum,</span> <span class='ocrx_word' id='word_1_127' title='bbox 1675 1453 1820 1508; x_wconf 86' lang='lat' dir='ltr'>hunc</span> 
     </span>
    </p>
   </div>
   <div class='ocr_carea' id='block_1_18' title="bbox 1927 389 3524 459">
    <p class='ocr_par' dir='ltr' id='par_1_18' title="bbox 1927 389 3524 459">
     <span class='ocr_line' id='line_1_18' title="bbox 1927 389 3524 459; baseline -0.002 -11"><span class='ocrx_word' id='word_1_128' title='bbox 1927 394 2045 449; x_wconf 89' lang='lat' dir='ltr'>Deo</span> <span class='ocrx_word' id='word_1_129' title='bbox 2069 394 2376 447; x_wconf 83' lang='lat' dir='ltr'>anathema</span> <span class='ocrx_word' id='word_1_130' title='bbox 2398 391 2520 446; x_wconf 88' lang='lat' dir='ltr'>dico</span> <span class='ocrx_word' id='word_1_131' title='bbox 2542 390 2895 447; x_wconf 85' lang='lat' dir='ltr'>Maranatha.</span> <span class='ocrx_word' id='word_1_132' title='bbox 2921 391 3035 445; x_wconf 87' lang='lat' dir='ltr'>Hoc</span> <span class='ocrx_word' id='word_1_133' title='bbox 3056 389 3282 444; x_wconf 85' lang='lat' dir='ltr'>verbum</span> <span class='ocrx_word' id='word_1_134' title='bbox 3302 406 3368 443; x_wconf 83' lang='lat' dir='ltr'>ex</span> <span class='ocrx_word' id='word_1_135' title='bbox 3386 389 3524 459; x_wconf 86' lang='lat' dir='ltr'>Syro</span> 
     </span>
    </p>
   </div>
   <div class='ocr_carea' id='block_1_19' title="bbox 1929 474 3525 540">
    <p class='ocr_par' dir='ltr' id='par_1_19' title="bbox 1929 474 3525 540">
     <span class='ocr_line' id='line_1_19' title="bbox 1929 474 3525 540; baseline -0.003 -9"><span class='ocrx_word' id='word_1_136' title='bbox 1929 492 2179 532; x_wconf 88' lang='lat' dir='ltr'>sermone</span> <span class='ocrx_word' id='word_1_137' title='bbox 2236 475 2518 531; x_wconf 82' lang='lat' dir='ltr'>conficitur</span> <span class='ocrx_word' id='word_1_138' title='bbox 2565 484 2615 529; x_wconf 90' lang='lat' dir='ltr'>et</span> <span class='ocrx_word' id='word_1_139' title='bbox 2664 475 2913 540; x_wconf 65' lang='lat' dir='ltr'>Hebraao,</span> <span class='ocrx_word' id='word_1_140' title='bbox 2960 483 3012 529; x_wconf 89' lang='lat' dir='ltr'>et</span> <span class='ocrx_word' id='word_1_141' title='bbox 3059 482 3213 528; x_wconf 91' lang='lat' dir='ltr'>sonat</span> <span class='ocrx_word' id='word_1_142' title='bbox 3255 474 3525 527; x_wconf 86' lang='lat' dir='ltr'>Dominus</span> 
     </span>
    </p>
   </div>
   <div class='ocr_carea' id='block_1_20' title="bbox 1926 562 3529 633">
    <p class='ocr_par' dir='ltr' id='par_1_20' title="bbox 1926 562 3529 633">
     <span class='ocr_line' id='line_1_20' title="bbox 1926 562 3529 633; baseline -0.002 -14"><span class='ocrx_word' id='word_1_143' title='bbox 1926 568 2082 621; x_wconf 83' lang='lat' dir='ltr'>venit</span> <span class='ocrx_word' id='word_1_144' title='bbox 2112 565 2278 633; x_wconf 87' lang='lat' dir='ltr'>Quasi</span> <span class='ocrx_word' id='word_1_145' title='bbox 2308 565 2513 619; x_wconf 89' lang='lat' dir='ltr'>diceret</span> <span class='ocrx_word' id='word_1_146' title='bbox 2548 580 2561 619; x_wconf 86' lang='lat'><strong>:</strong></span> <span class='ocrx_word' id='word_1_147' title='bbox 2597 563 2701 631; x_wconf 89' lang='lat' dir='ltr'>Qui</span> <span class='ocrx_word' id='word_1_148' title='bbox 2738 579 2844 617; x_wconf 90' lang='lat' dir='ltr'>non</span> <span class='ocrx_word' id='word_1_149' title='bbox 2877 572 3021 618; x_wconf 90' lang='lat' dir='ltr'>amat</span> <span class='ocrx_word' id='word_1_150' title='bbox 3050 562 3342 628; x_wconf 88' lang='lat' dir='ltr'>Christum,</span> <span class='ocrx_word' id='word_1_151' title='bbox 3376 576 3529 631; x_wconf 88' lang='lat' dir='ltr'>sepa-</span> 
     </span>
    </p>
   </div>
   <div class='ocr_carea' id='block_1_21' title="bbox 1926 650 3519 723">
    <p class='ocr_par' dir='ltr' id='par_1_21' title="bbox 1926 650 3519 723">
     <span class='ocr_line' id='line_1_21' title="bbox 1926 650 3519 723; baseline -0.003 -16"><span class='ocrx_word' id='word_1_152' title='bbox 1926 663 2071 708; x_wconf 88' lang='lat' dir='ltr'>retur</span> <span class='ocrx_word' id='word_1_153' title='bbox 2100 654 2167 707; x_wconf 88' lang='lat' dir='ltr'>ab</span> <span class='ocrx_word' id='word_1_154' title='bbox 2198 669 2264 707; x_wconf 90' lang='lat' dir='ltr'>eo</span> <span class='ocrx_word' id='word_1_155' title='bbox 2295 653 2423 707; x_wconf 91' lang='lat' dir='ltr'>dum</span> <span class='ocrx_word' id='word_1_156' title='bbox 2454 652 2571 723; x_wconf 88' lang='lat' dir='ltr'>ipse</span> <span class='ocrx_word' id='word_1_157' title='bbox 2603 651 2864 707; x_wconf 90' lang='lat' dir='ltr'>Dominus</span> <span class='ocrx_word' id='word_1_158' title='bbox 2886 652 2951 705; x_wconf 91' lang='lat' dir='ltr'>ad</span> <span class='ocrx_word' id='word_1_159' title='bbox 2976 651 3326 719; x_wconf 88' lang='lat' dir='ltr'>judicandum</span> <span class='ocrx_word' id='word_1_160' title='bbox 3356 650 3519 705; x_wconf 89' lang='lat' dir='ltr'>venit.</span> 
     </span>
    </p>
   </div>
   <div class='ocr_carea' id='block_1_22' title="bbox 1926 738 3521 812">
    <p class='ocr_par' dir='ltr' id='par_1_22' title="bbox 1926 738 3521 812">
     <span class='ocr_line' id='line_1_22' title="bbox 1926 738 3521 812; baseline -0.004 -13"><span class='ocrx_word' id='word_1_161' title='bbox 1926 743 2025 799; x_wconf 86' lang='lat' dir='ltr'>Vel</span> <span class='ocrx_word' id='word_1_162' title='bbox 2056 743 2123 796; x_wconf 90' lang='lat' dir='ltr'>sit</span> <span class='ocrx_word' id='word_1_163' title='bbox 2153 743 2459 811; x_wconf 85' lang='lat' dir='ltr'>anathema,</span> <span class='ocrx_word' id='word_1_164' title='bbox 2494 750 2547 796; x_wconf 91' lang='lat' dir='ltr'>et</span> <span class='ocrx_word' id='word_1_165' title='bbox 2577 740 2722 796; x_wconf 90' lang='lat' dir='ltr'>malo</span> <span class='ocrx_word' id='word_1_166' title='bbox 2752 757 2848 795; x_wconf 92' lang='lat' dir='ltr'>suo</span> <span class='ocrx_word' id='word_1_167' title='bbox 2876 756 2888 810; x_wconf 91' lang='lat'><strong>;</strong></span> <span class='ocrx_word' id='word_1_168' title='bbox 2925 741 3052 812; x_wconf 88' lang='lat' dir='ltr'>quia</span> <span class='ocrx_word' id='word_1_169' title='bbox 3080 740 3345 795; x_wconf 90' lang='lat' dir='ltr'>Dominus</span> <span class='ocrx_word' id='word_1_170' title='bbox 3376 738 3521 793; x_wconf 89' lang='lat' dir='ltr'>venit</span> 
     </span>
    </p>
   </div>
   <div class='ocr_carea' id='block_1_23' title="bbox 1924 828 3526 895">
    <p class='ocr_par' dir='ltr' id='par_1_23' title="bbox 1924 828 3526 895">
     <span class='ocr_line' id='line_1_23' title="bbox 1924 828 3526 895; baseline -0.002 -9"><span class='ocrx_word' id='word_1_171' title='bbox 1924 831 2167 887; x_wconf 83' lang='lat' dir='ltr'>fortassis</span> <span class='ocrx_word' id='word_1_172' title='bbox 2198 830 2358 886; x_wconf 89' lang='lat' dir='ltr'>hodie</span> <span class='ocrx_word' id='word_1_173' title='bbox 2402 830 2486 885; x_wconf 87' lang='lat' dir='ltr'>vel</span> <span class='ocrx_word' id='word_1_174' title='bbox 2534 846 2671 895; x_wconf 89' lang='lat' dir='ltr'>eras,</span> <span class='ocrx_word' id='word_1_175' title='bbox 2723 838 2780 883; x_wconf 93' lang='lat' dir='ltr'>ut</span> <span class='ocrx_word' id='word_1_176' title='bbox 2826 830 3117 884; x_wconf 88' lang='lat' dir='ltr'>ulciscatur</span> <span class='ocrx_word' id='word_1_177' title='bbox 3170 828 3237 883; x_wconf 88' lang='lat' dir='ltr'>de</span> <span class='ocrx_word' id='word_1_178' title='bbox 3270 844 3359 883; x_wconf 91' lang='lat' dir='ltr'>eo.</span> <span class='ocrx_word' id='word_1_179' title='bbox 3400 829 3526 883; x_wconf 70' lang='lat' dir='ltr'>H326</span> 
     </span>
    </p>
   </div>
   <div class='ocr_carea' id='block_1_24' title="bbox 1925 917 3517 988">
    <p class='ocr_par' dir='ltr' id='par_1_24' title="bbox 1925 917 3517 988">
     <span class='ocr_line' id='line_1_24' title="bbox 1925 917 3517 988; baseline -0.001 -15"><span class='ocrx_word' id='word_1_180' title='bbox 1925 927 2102 973; x_wconf 89' lang='lat' dir='ltr'>autem</span> <span class='ocrx_word' id='word_1_181' title='bbox 2134 927 2213 973; x_wconf 90' lang='lat' dir='ltr'>est</span> <span class='ocrx_word' id='word_1_182' title='bbox 2244 934 2363 974; x_wconf 89' lang='lat' dir='ltr'>mea</span> <span class='ocrx_word' id='word_1_183' title='bbox 2394 918 2667 983; x_wconf 83' lang='lat' dir='ltr'>salutatio,</span> <span class='ocrx_word' id='word_1_184' title='bbox 2703 934 2732 970; x_wconf 91' lang='lat' dir='ltr'>a</span> <span class='ocrx_word' id='word_1_185' title='bbox 2764 933 2869 988; x_wconf 87' lang='lat' dir='ltr'>qua</span> <span class='ocrx_word' id='word_1_186' title='bbox 2899 917 3096 987; x_wconf 89' lang='lat' dir='ltr'>impios</span> <span class='ocrx_word' id='word_1_187' title='bbox 3128 932 3337 987; x_wconf 89' lang='lat' dir='ltr'>separo.</span> <span class='ocrx_word' id='word_1_188' title='bbox 3379 917 3517 972; x_wconf 88' lang='lat' dir='ltr'>Cra-</span> 
     </span>
    </p>
   </div>
   <div class='ocr_carea' id='block_1_25' title="bbox 1926 1006 3517 1063">
    <p class='ocr_par' dir='ltr' id='par_1_25' title="bbox 1926 1006 3517 1063">
     <span class='ocr_line' id='line_1_25' title="bbox 1926 1006 3517 1063; baseline -0.002 -2"><span class='ocrx_word' id='word_1_189' title='bbox 1926 1008 2006 1062; x_wconf 83' lang='lat' dir='ltr'>tia</span> <span class='ocrx_word' id='word_1_190' title='bbox 2035 1008 2257 1063; x_wconf 80' lang='lat' dir='ltr'>Domini</span> <span class='ocrx_word' id='word_1_191' title='bbox 2290 1008 2471 1061; x_wconf 87' lang='lat' dir='ltr'>nostri</span> <span class='ocrx_word' id='word_1_192' title='bbox 2493 1009 2623 1061; x_wconf 81' lang='lat' dir='ltr'>Jesu</span> <span class='ocrx_word' id='word_1_193' title='bbox 2660 1006 2867 1061; x_wconf 82' lang='lat' dir='ltr'>Christi</span> <span class='ocrx_word' id='word_1_194' title='bbox 2889 1008 2966 1060; x_wconf 83' lang='lat' dir='ltr'>sit</span> <span class='ocrx_word' id='word_1_195' title='bbox 2996 1006 3280 1061; x_wconf 84' lang='lat' dir='ltr'>vobiscum</span> <span class='ocrx_word' id='word_1_196' title='bbox 3311 1012 3361 1059; x_wconf 88' lang='lat' dir='ltr'>et</span> <span class='ocrx_word' id='word_1_197' title='bbox 3380 1006 3517 1059; x_wconf 88' lang='lat' dir='ltr'>cha-</span> 
     </span>
    </p>
   </div>
   <div class='ocr_carea' id='block_1_26' title="bbox 1922 1094 3517 1159">
    <p class='ocr_par' dir='ltr' id='par_1_26' title="bbox 1922 1094 3517 1159">
     <span class='ocr_line' id='line_1_26' title="bbox 1922 1094 3517 1159; baseline -0.003 -9"><span class='ocrx_word' id='word_1_198' title='bbox 1922 1097 2066 1150; x_wconf 82' lang='lat' dir='ltr'>ritas</span> <span class='ocrx_word' id='word_1_199' title='bbox 2097 1112 2221 1151; x_wconf 87' lang='lat' dir='ltr'>mea</span> <span class='ocrx_word' id='word_1_200' title='bbox 2246 1096 2321 1150; x_wconf 87' lang='lat' dir='ltr'>sit</span> <span class='ocrx_word' id='word_1_201' title='bbox 2351 1112 2477 1150; x_wconf 87' lang='lat' dir='ltr'>cum</span> <span class='ocrx_word' id='word_1_202' title='bbox 2498 1095 2752 1151; x_wconf 83' lang='lat' dir='ltr'>omnibus</span> <span class='ocrx_word' id='word_1_203' title='bbox 2786 1095 2947 1159; x_wconf 84' lang='lat' dir='ltr'>vobis,</span> <span class='ocrx_word' id='word_1_204' title='bbox 2982 1094 3035 1147; x_wconf 91' lang='lat' dir='ltr'>id</span> <span class='ocrx_word' id='word_1_205' title='bbox 3066 1102 3148 1149; x_wconf 89' lang='lat' dir='ltr'>est</span> <span class='ocrx_word' id='word_1_206' title='bbox 3179 1109 3368 1148; x_wconf 92' lang='lat' dir='ltr'>omnes</span> <span class='ocrx_word' id='word_1_207' title='bbox 3419 1108 3517 1147; x_wconf 92' lang='lat' dir='ltr'>vos</span> 
     </span>
    </p>
   </div>
   <div class='ocr_carea' id='block_1_27' title="bbox 1923 1181 3519 1255">
    <p class='ocr_par' dir='ltr' id='par_1_27' title="bbox 1923 1181 3519 1255">
     <span class='ocr_line' id='line_1_27' title="bbox 1923 1181 3519 1255; baseline -0.001 -19"><span class='ocrx_word' id='word_1_208' title='bbox 1923 1183 2162 1255; x_wconf 86' lang='lat' dir='ltr'>diligatis</span> <span class='ocrx_word' id='word_1_209' title='bbox 2192 1201 2299 1249; x_wconf 91' lang='lat' dir='ltr'>me,</span> <span class='ocrx_word' id='word_1_210' title='bbox 2359 1184 2481 1239; x_wconf 90' lang='lat' dir='ltr'>licet</span> <span class='ocrx_word' id='word_1_211' title='bbox 2512 1183 2904 1254; x_wconf 90' lang='lat' dir='ltr'>aliquantulum</span> <span class='ocrx_word' id='word_1_212' title='bbox 2951 1181 3199 1252; x_wconf 87' lang='lat' dir='ltr'>asperius</span> <span class='ocrx_word' id='word_1_213' title='bbox 3250 1198 3349 1236; x_wconf 92' lang='lat' dir='ltr'>vos</span> <span class='ocrx_word' id='word_1_214' title='bbox 3396 1196 3519 1236; x_wconf 92' lang='lat' dir='ltr'>cor-</span> 
     </span>
    </p>
   </div>
   <div class='ocr_carea' id='block_1_28' title="bbox 1922 1271 3522 1341">
    <p class='ocr_par' dir='ltr' id='par_1_28' title="bbox 1922 1271 3522 1341">
     <span class='ocr_line' id='line_1_28' title="bbox 1922 1271 3522 1341; baseline -0.002 -15"><span class='ocrx_word' id='word_1_215' title='bbox 1922 1272 2172 1336; x_wconf 86' lang='lat' dir='ltr'>rexerim,</span> <span class='ocrx_word' id='word_1_216' title='bbox 2224 1281 2276 1327; x_wconf 90' lang='lat' dir='ltr'>et</span> <span class='ocrx_word' id='word_1_217' title='bbox 2318 1274 2422 1327; x_wconf 91' lang='lat' dir='ltr'>hoc</span> <span class='ocrx_word' id='word_1_218' title='bbox 2466 1272 2533 1327; x_wconf 89' lang='lat' dir='ltr'>sit</span> <span class='ocrx_word' id='word_1_219' title='bbox 2562 1273 2625 1326; x_wconf 86' lang='lat' dir='ltr'>in</span> <span class='ocrx_word' id='word_1_220' title='bbox 2678 1273 2891 1327; x_wconf 83' lang='lat' dir='ltr'>Christo</span> <span class='ocrx_word' id='word_1_221' title='bbox 2922 1274 3069 1338; x_wconf 86' lang='lat' dir='ltr'>Jesu,</span> <span class='ocrx_word' id='word_1_222' title='bbox 3104 1271 3157 1325; x_wconf 92' lang='lat' dir='ltr'>id</span> <span class='ocrx_word' id='word_1_223' title='bbox 3188 1278 3269 1325; x_wconf 88' lang='lat' dir='ltr'>est</span> <span class='ocrx_word' id='word_1_224' title='bbox 3298 1276 3522 1341; x_wconf 87' lang='lat' dir='ltr'>propter</span> 
     </span>
    </p>
   </div>
   <div class='ocr_carea' id='block_1_29' title="bbox 1923 1358 3232 1428">
    <p class='ocr_par' dir='ltr' id='par_1_29' title="bbox 1923 1358 3232 1428">
     <span class='ocr_line' id='line_1_29' title="bbox 1923 1358 3232 1428; baseline -0.002 -12"><span class='ocrx_word' id='word_1_225' title='bbox 1923 1376 2167 1416; x_wconf 86' lang='lat' dir='ltr'>amorem</span> <span class='ocrx_word' id='word_1_226' title='bbox 2194 1361 2394 1416; x_wconf 86' lang='lat' dir='ltr'>Christi</span> <span class='ocrx_word' id='word_1_227' title='bbox 2420 1362 2567 1416; x_wconf 89' lang='lat' dir='ltr'>Jesu.</span> <span class='ocrx_word' id='word_1_228' title='bbox 2601 1364 2792 1428; x_wconf 84' lang='lat' dir='ltr'>Amen,</span> <span class='ocrx_word' id='word_1_229' title='bbox 2827 1360 2882 1417; x_wconf 91' lang='lat' dir='ltr'>id</span> <span class='ocrx_word' id='word_1_230' title='bbox 2912 1368 2994 1416; x_wconf 90' lang='lat' dir='ltr'>est</span> <span class='ocrx_word' id='word_1_231' title='bbox 3020 1360 3090 1414; x_wconf 89' lang='lat' dir='ltr'>ita</span> <span class='ocrx_word' id='word_1_232' title='bbox 3123 1358 3232 1414; x_wconf 88' lang='lat' dir='ltr'>fiat.</span> 
     </span>
    </p>
   </div>
   <div class='ocr_carea' id='block_1_30' title="bbox 610 1680 3141 1745">
    <p class='ocr_par' dir='ltr' id='par_1_30' title="bbox 610 1680 3141 1745">
     <span class='ocr_line' id='line_1_30' title="bbox 610 1680 3141 1745; baseline -0.001 -5"><span class='ocrx_word' id='word_1_233' title='bbox 610 1687 651 1741; x_wconf 89' lang='grc' dir='ltr'>ι</span> <span class='ocrx_word' id='word_1_234' title='bbox 677 1688 815 1741; x_wconf 71' lang='grc'><strong>88</strong></span> <span class='ocrx_word' id='word_1_235' title='bbox 863 1682 1308 1745; x_wconf 81' lang='lat' dir='ltr'>PROLOGUS</span> <span class='ocrx_word' id='word_1_236' title='bbox 1350 1684 1431 1743; x_wconf 89' lang='lat' dir='ltr'><strong>IN</strong></span> <span class='ocrx_word' id='word_1_237' title='bbox 1476 1682 1920 1745; x_wconf 85' lang='lat' dir='ltr'>SECUNDAM</span> <span class='ocrx_word' id='word_1_238' title='bbox 1964 1680 2428 1741; x_wconf 85' lang='lat' dir='ltr'>EPISTOLAM</span> <span class='ocrx_word' id='word_1_239' title='bbox 2471 1680 2579 1739; x_wconf 88' lang='lat' dir='ltr'>AD</span> <span class='ocrx_word' id='word_1_240' title='bbox 2626 1680 3141 1742; x_wconf 82' lang='lat' dir='ltr'>CORINTHIOS.</span> 
     </span>
    </p>
   </div>
   <div class='ocr_carea' id='block_1_31' title="bbox 293 1784 3521 1860">
    <p class='ocr_par' dir='ltr' id='par_1_31' title="bbox 293 1784 3521 1860">
     <span class='ocr_line' id='line_1_31' title="bbox 293 1784 3521 1860; baseline -0.001 -19"><span class='ocrx_word' id='word_1_241' title='bbox 293 1789 350 1841; x_wconf 86' lang='lat' dir='ltr'><strong>In</strong></span> <span class='ocrx_word' id='word_1_242' title='bbox 385 1787 619 1843; x_wconf 90' lang='lat' dir='ltr'>secunda</span> <span class='ocrx_word' id='word_1_243' title='bbox 651 1788 719 1843; x_wconf 89' lang='lat' dir='ltr'>ad</span> <span class='ocrx_word' id='word_1_244' title='bbox 750 1788 1059 1843; x_wconf 88' lang='lat' dir='ltr'>Corinthios</span> <span class='ocrx_word' id='word_1_245' title='bbox 1088 1788 1351 1859; x_wconf 88' lang='lat' dir='ltr'>Epistola,</span> <span class='ocrx_word' id='word_1_246' title='bbox 1396 1789 1553 1860; x_wconf 88' lang='lat' dir='ltr'>quasi</span> <span class='ocrx_word' id='word_1_247' title='bbox 1581 1788 1634 1841; x_wconf 93' lang='lat' dir='ltr'>in</span> <span class='ocrx_word' id='word_1_248' title='bbox 1666 1796 1820 1857; x_wconf 88' lang='lat' dir='ltr'>parte</span> <span class='ocrx_word' id='word_1_249' title='bbox 1841 1789 1893 1848; x_wconf 94' lang='lat' dir='ltr'><strong>B</strong></span> <span class='ocrx_word' id='word_1_250' title='bbox 1931 1786 2071 1841; x_wconf 83' lang='lat' dir='ltr'>viter</span> <span class='ocrx_word' id='word_1_251' title='bbox 2114 1786 2169 1839; x_wconf 91' lang='lat' dir='ltr'>in</span> <span class='ocrx_word' id='word_1_252' title='bbox 2218 1785 2394 1856; x_wconf 90' lang='lat' dir='ltr'>prima</span> <span class='ocrx_word' id='word_1_253' title='bbox 2441 1786 2745 1857; x_wconf 83' lang='lat' dir='ltr'>contigerat</span> <span class='ocrx_word' id='word_1_254' title='bbox 2779 1804 2793 1851; x_wconf 89' lang='lat'><strong>;</strong></span> <span class='ocrx_word' id='word_1_255' title='bbox 2826 1793 2881 1839; x_wconf 91' lang='lat' dir='ltr'>ut</span> <span class='ocrx_word' id='word_1_256' title='bbox 2926 1792 3176 1855; x_wconf 90' lang='lat' dir='ltr'>prompto</span> <span class='ocrx_word' id='word_1_257' title='bbox 3223 1800 3284 1839; x_wconf 89' lang='lat' dir='ltr'>ac</span> <span class='ocrx_word' id='word_1_258' title='bbox 3334 1784 3521 1840; x_wconf 87' lang='lat' dir='ltr'>libenti</span> 
     </span>
    </p>
   </div>
   <div class='ocr_carea' id='block_1_32' title="bbox 216 1875 1814 1949">
    <p class='ocr_par' dir='ltr' id='par_1_32' title="bbox 216 1875 1814 1949">
     <span class='ocr_line' id='line_1_32' title="bbox 216 1875 1814 1949; baseline 0.001 -20"><span class='ocrx_word' id='word_1_259' title='bbox 216 1875 505 1947; x_wconf 89' lang='lat' dir='ltr'>superiori,</span> <span class='ocrx_word' id='word_1_260' title='bbox 569 1884 691 1947; x_wconf 89' lang='lat' dir='ltr'>post</span> <span class='ocrx_word' id='word_1_261' title='bbox 757 1876 1160 1931; x_wconf 84' lang='lat' dir='ltr'>tribulationum</span> <span class='ocrx_word' id='word_1_262' title='bbox 1222 1893 1439 1932; x_wconf 90' lang='lat' dir='ltr'>suarum</span> <span class='ocrx_word' id='word_1_263' title='bbox 1500 1876 1814 1949; x_wconf 86' lang='lat' dir='ltr'>relationes,</span> 
     </span>
    </p>
   </div>
   <div class='ocr_carea' id='block_1_33' title="bbox 218 1964 1815 2035">
    <p class='ocr_par' dir='ltr' id='par_1_33' title="bbox 218 1964 1815 2035">
     <span class='ocr_line' id='line_1_33' title="bbox 218 1964 1815 2035; baseline 0.001 -17"><span class='ocrx_word' id='word_1_264' title='bbox 218 1964 403 2020; x_wconf 86' lang='lat' dir='ltr'>reddit</span> <span class='ocrx_word' id='word_1_265' title='bbox 431 1979 625 2019; x_wconf 85' lang='lat' dir='ltr'>causas</span> <span class='ocrx_word' id='word_1_266' title='bbox 656 1979 827 2035; x_wconf 89' lang='lat' dir='ltr'>quare</span> <span class='ocrx_word' id='word_1_267' title='bbox 859 1965 927 2019; x_wconf 89' lang='lat' dir='ltr'>ad</span> <span class='ocrx_word' id='word_1_268' title='bbox 960 1980 1055 2020; x_wconf 90' lang='lat' dir='ltr'>eos</span> <span class='ocrx_word' id='word_1_269' title='bbox 1087 1966 1328 2020; x_wconf 89' lang='lat' dir='ltr'>secundo</span> <span class='ocrx_word' id='word_1_270' title='bbox 1359 1982 1466 2019; x_wconf 92' lang='lat' dir='ltr'>non</span> <span class='ocrx_word' id='word_1_271' title='bbox 1497 1964 1655 2030; x_wconf 87' lang='lat' dir='ltr'>ierit;</span> <span class='ocrx_word' id='word_1_272' title='bbox 1682 1981 1815 2035; x_wconf 91' lang='lat' dir='ltr'>quo-</span> 
     </span>
    </p>
   </div>
   <div class='ocr_carea' id='block_1_34' title="bbox 215 2052 1811 2121">
    <p class='ocr_par' dir='ltr' id='par_1_34' title="bbox 215 2052 1811 2121">
     <span class='ocr_line' id='line_1_34' title="bbox 215 2052 1811 2121; baseline -0.001 -15"><span class='ocrx_word' id='word_1_273' title='bbox 215 2052 366 2107; x_wconf 85' lang='lat' dir='ltr'>niam</span> <span class='ocrx_word' id='word_1_274' title='bbox 396 2068 505 2107; x_wconf 89' lang='lat' dir='ltr'>non</span> <span class='ocrx_word' id='word_1_275' title='bbox 537 2052 642 2107; x_wconf 86' lang='lat' dir='ltr'>levi</span> <span class='ocrx_word' id='word_1_276' title='bbox 672 2052 961 2108; x_wconf 88' lang='lat' dir='ltr'>mutatione</span> <span class='ocrx_word' id='word_1_277' title='bbox 1013 2054 1226 2109; x_wconf 87' lang='lat' dir='ltr'>consilii</span> <span class='ocrx_word' id='word_1_278' title='bbox 1256 2053 1450 2107; x_wconf 91' lang='lat' dir='ltr'>fecisse</span> <span class='ocrx_word' id='word_1_279' title='bbox 1493 2070 1551 2108; x_wconf 91' lang='lat' dir='ltr'>se</span> <span class='ocrx_word' id='word_1_280' title='bbox 1596 2052 1811 2121; x_wconf 83' lang='lat' dir='ltr'>asserit,</span> 
     </span>
    </p>
   </div>
   <div class='ocr_carea' id='block_1_35' title="bbox 220 2141 1814 2211">
    <p class='ocr_par' dir='ltr' id='par_1_35' title="bbox 220 2141 1814 2211">
     <span class='ocr_line' id='line_1_35' title="bbox 220 2141 1814 2211; baseline -0.001 -15"><span class='ocrx_word' id='word_1_281' title='bbox 220 2141 317 2196; x_wconf 87' lang='lat' dir='ltr'>sed</span> <span class='ocrx_word' id='word_1_282' title='bbox 348 2157 418 2195; x_wconf 91' lang='lat' dir='ltr'>ne</span> <span class='ocrx_word' id='word_1_283' title='bbox 465 2141 696 2197; x_wconf 88' lang='lat' dir='ltr'>adventu</span> <span class='ocrx_word' id='word_1_284' title='bbox 753 2158 852 2197; x_wconf 92' lang='lat' dir='ltr'>suo</span> <span class='ocrx_word' id='word_1_285' title='bbox 901 2142 1165 2197; x_wconf 85' lang='lat' dir='ltr'>tristitiam</span> <span class='ocrx_word' id='word_1_286' title='bbox 1221 2142 1542 2211; x_wconf 88' lang='lat' dir='ltr'>incurreret,</span> <span class='ocrx_word' id='word_1_287' title='bbox 1592 2157 1718 2197; x_wconf 87' lang='lat' dir='ltr'>cum</span> <span class='ocrx_word' id='word_1_288' title='bbox 1759 2141 1814 2194; x_wconf 93' lang='lat' dir='ltr'>in</span> 
     </span>
    </p>
   </div>
   <div class='ocr_carea' id='block_1_36' title="bbox 214 2229 1815 2302">
    <p class='ocr_par' dir='ltr' id='par_1_36' title="bbox 214 2229 1815 2302">
     <span class='ocr_line' id='line_1_36' title="bbox 214 2229 1815 2302; baseline 0.001 -19"><span class='ocrx_word' id='word_1_289' title='bbox 214 2237 443 2299; x_wconf 90' lang='lat' dir='ltr'>peccato</span> <span class='ocrx_word' id='word_1_290' title='bbox 488 2245 827 2300; x_wconf 67' lang='lat' dir='ltr'>praemanere</span> <span class='ocrx_word' id='word_1_291' title='bbox 892 2230 1185 2301; x_wconf 90' lang='lat' dir='ltr'>discipulos</span> <span class='ocrx_word' id='word_1_292' title='bbox 1232 2231 1545 2302; x_wconf 90' lang='lat' dir='ltr'>reperisset.</span> <span class='ocrx_word' id='word_1_293' title='bbox 1607 2229 1815 2285; x_wconf 86' lang='lat' dir='ltr'>Deinde</span> 
     </span>
    </p>
   </div>
   <div class='ocr_carea' id='block_1_37' title="bbox 215 2318 1813 2390">
    <p class='ocr_par' dir='ltr' id='par_1_37' title="bbox 215 2318 1813 2390">
     <span class='ocr_line' id='line_1_37' title="bbox 215 2318 1813 2390; baseline 0.001 -19"><span class='ocrx_word' id='word_1_294' title='bbox 215 2326 340 2387; x_wconf 89' lang='lat' dir='ltr'>post</span> <span class='ocrx_word' id='word_1_295' title='bbox 390 2318 607 2390; x_wconf 89' lang='lat' dir='ltr'>agnitos</span> <span class='ocrx_word' id='word_1_296' title='bbox 655 2318 858 2374; x_wconf 88' lang='lat' dir='ltr'>fructus</span> <span class='ocrx_word' id='word_1_297' title='bbox 922 2320 1268 2389; x_wconf 84' lang='lat' dir='ltr'>poenitentiae,</span> <span class='ocrx_word' id='word_1_298' title='bbox 1328 2319 1640 2375; x_wconf 91' lang='lat' dir='ltr'>reconciliat</span> <span class='ocrx_word' id='word_1_299' title='bbox 1689 2335 1813 2373; x_wconf 91' lang='lat' dir='ltr'>eum</span> 
     </span>
    </p>
   </div>
   <div class='ocr_carea' id='block_1_38' title="bbox 216 2406 1811 2479">
    <p class='ocr_par' dir='ltr' id='par_1_38' title="bbox 216 2406 1811 2479">
     <span class='ocr_line' id='line_1_38' title="bbox 216 2406 1811 2479; baseline 0.001 -19"><span class='ocrx_word' id='word_1_300' title='bbox 216 2406 503 2473; x_wconf 73' lang='lat' dir='ltr'>Ecclesiaz,</span> <span class='ocrx_word' id='word_1_301' title='bbox 536 2423 697 2478; x_wconf 91' lang='lat' dir='ltr'>quem</span> <span class='ocrx_word' id='word_1_302' title='bbox 725 2407 779 2461; x_wconf 91' lang='lat' dir='ltr'>in</span> <span class='ocrx_word' id='word_1_303' title='bbox 828 2407 1006 2478; x_wconf 90' lang='lat' dir='ltr'>prima</span> <span class='ocrx_word' id='word_1_304' title='bbox 1051 2416 1273 2479; x_wconf 88' lang='lat' dir='ltr'>propter</span> <span class='ocrx_word' id='word_1_305' title='bbox 1321 2407 1748 2471; x_wconf 85' lang='lat' dir='ltr'>fornicationem,</span> <span class='ocrx_word' id='word_1_306' title='bbox 1783 2424 1811 2461; x_wconf 90' lang='lat' dir='ltr'>a</span> 
     </span>
    </p>
   </div>
   <div class='ocr_carea' id='block_1_39' title="bbox 217 2495 1811 2564">
    <p class='ocr_par' dir='ltr' id='par_1_39' title="bbox 217 2495 1811 2564">
     <span class='ocr_line' id='line_1_39' title="bbox 217 2495 1811 2564; baseline 0.001 -16"><span class='ocrx_word' id='word_1_307' title='bbox 217 2496 495 2550; x_wconf 86' lang='lat' dir='ltr'>consortio</span> <span class='ocrx_word' id='word_1_308' title='bbox 526 2503 832 2550; x_wconf 86' lang='lat' dir='ltr'>sanctorum</span> <span class='ocrx_word' id='word_1_309' title='bbox 876 2497 1114 2564; x_wconf 86' lang='lat' dir='ltr'>jusserat</span> <span class='ocrx_word' id='word_1_310' title='bbox 1162 2495 1423 2552; x_wconf 82' lang='lat' dir='ltr'>amoveri.</span> <span class='ocrx_word' id='word_1_311' title='bbox 1465 2495 1647 2549; x_wconf 90' lang='lat' dir='ltr'>Tertio</span> <span class='ocrx_word' id='word_1_312' title='bbox 1676 2511 1811 2549; x_wconf 90' lang='lat' dir='ltr'>con-</span> 
     </span>
    </p>
   </div>
   <div class='ocr_carea' id='block_1_40' title="bbox 216 2584 1813 2657">
    <p class='ocr_par' dir='ltr' id='par_1_40' title="bbox 216 2584 1813 2657">
     <span class='ocr_line' id='line_1_40' title="bbox 216 2584 1813 2657; baseline 0.002 -23"><span class='ocrx_word' id='word_1_313' title='bbox 216 2590 298 2636; x_wconf 88' lang='lat' dir='ltr'>tra</span> <span class='ocrx_word' id='word_1_314' title='bbox 328 2584 817 2655; x_wconf 89' lang='lat' dir='ltr'>pseudoapostolos</span> <span class='ocrx_word' id='word_1_315' title='bbox 846 2584 1006 2640; x_wconf 80' lang='lat' dir='ltr'>oﬂicii</span> <span class='ocrx_word' id='word_1_316' title='bbox 1058 2585 1140 2639; x_wconf 92' lang='lat' dir='ltr'>sui</span> <span class='ocrx_word' id='word_1_317' title='bbox 1169 2585 1488 2657; x_wconf 88' lang='lat' dir='ltr'>dignitatem</span> <span class='ocrx_word' id='word_1_318' title='bbox 1528 2592 1725 2647; x_wconf 88' lang='lat' dir='ltr'>tuetur,</span> <span class='ocrx_word' id='word_1_319' title='bbox 1761 2592 1813 2638; x_wconf 90' lang='lat' dir='ltr'>et</span> 
     </span>
    </p>
   </div>
   <div class='ocr_carea' id='block_1_41' title="bbox 217 2671 1813 2743">
    <p class='ocr_par' dir='ltr' id='par_1_41' title="bbox 217 2671 1813 2743">
     <span class='ocr_line' id='line_1_41' title="bbox 217 2671 1813 2743; baseline 0.001 -19"><span class='ocrx_word' id='word_1_320' title='bbox 217 2671 357 2725; x_wconf 84' lang='lat' dir='ltr'>Novi</span> <span class='ocrx_word' id='word_1_321' title='bbox 435 2672 767 2726; x_wconf 88' lang='lat' dir='ltr'>Testamenti</span> <span class='ocrx_word' id='word_1_322' title='bbox 823 2673 1099 2728; x_wconf 87' lang='lat' dir='ltr'>ministros</span> <span class='ocrx_word' id='word_1_323' title='bbox 1152 2680 1301 2728; x_wconf 87' lang='lat' dir='ltr'>tanto</span> <span class='ocrx_word' id='word_1_324' title='bbox 1374 2672 1575 2727; x_wconf 88' lang='lat' dir='ltr'>anteire</span> <span class='ocrx_word' id='word_1_325' title='bbox 1633 2672 1813 2743; x_wconf 84' lang='lat' dir='ltr'>gratia</span> 
     </span>
    </p>
   </div>
   <div class='ocr_carea' id='block_1_42' title="bbox 216 2759 1801 2833">
    <p class='ocr_par' dir='ltr' id='par_1_42' title="bbox 216 2759 1801 2833">
     <span class='ocr_line' id='line_1_42' title="bbox 216 2759 1801 2833; baseline 0.001 -20"><span class='ocrx_word' id='word_1_326' title='bbox 216 2759 472 2828; x_wconf 88' lang='lat' dir='ltr'>ostendit,</span> <span class='ocrx_word' id='word_1_327' title='bbox 521 2768 721 2832; x_wconf 89' lang='lat' dir='ltr'>quanto</span> <span class='ocrx_word' id='word_1_328' title='bbox 772 2761 1131 2833; x_wconf 86' lang='lat' dir='ltr'>Evangelium</span> <span class='ocrx_word' id='word_1_329' title='bbox 1171 2770 1252 2817; x_wconf 90' lang='lat' dir='ltr'>est</span> <span class='ocrx_word' id='word_1_330' title='bbox 1280 2761 1402 2832; x_wconf 87' lang='lat' dir='ltr'>lege</span> <span class='ocrx_word' id='word_1_331' title='bbox 1430 2760 1801 2831; x_wconf 68' lang='lat' dir='ltr'>praestantius.</span> 
     </span>
    </p>
   </div>
   <div class='ocr_carea' id='block_1_43' title="bbox 216 2847 1810 2921">
    <p class='ocr_par' dir='ltr' id='par_1_43' title="bbox 216 2847 1810 2921">
     <span class='ocr_line' id='line_1_43' title="bbox 216 2847 1810 2921; baseline 0.002 -21"><span class='ocrx_word' id='word_1_332' title='bbox 216 2847 543 2902; x_wconf 87' lang='lat' dir='ltr'>Immoratur</span> <span class='ocrx_word' id='word_1_333' title='bbox 569 2848 801 2904; x_wconf 89' lang='lat' dir='ltr'>etiamin</span> <span class='ocrx_word' id='word_1_334' title='bbox 831 2865 997 2906; x_wconf 88' lang='lat' dir='ltr'>causa</span> <span class='ocrx_word' id='word_1_335' title='bbox 1015 2850 1107 2905; x_wconf 92' lang='lat' dir='ltr'>illa</span> <span class='ocrx_word' id='word_1_336' title='bbox 1136 2850 1449 2921; x_wconf 91' lang='lat' dir='ltr'>plurimum,</span> <span class='ocrx_word' id='word_1_337' title='bbox 1484 2865 1647 2921; x_wconf 92' lang='lat' dir='ltr'>quam</span> <span class='ocrx_word' id='word_1_338' title='bbox 1678 2849 1810 2903; x_wconf 86' lang='lat' dir='ltr'>bre-</span> 
     </span>
    </p>
   </div>
   <div class='ocr_carea' id='block_1_44' title="bbox 1926 1873 3513 1944">
    <p class='ocr_par' dir='ltr' id='par_1_44' title="bbox 1926 1873 3513 1944">
     <span class='ocr_line' id='line_1_44' title="bbox 1926 1873 3513 1944; baseline -0.001 -15"><span class='ocrx_word' id='word_1_339' title='bbox 1926 1875 2108 1929; x_wconf 90' lang='lat' dir='ltr'>animo</span> <span class='ocrx_word' id='word_1_340' title='bbox 2139 1875 2449 1929; x_wconf 88' lang='lat' dir='ltr'>necessaria</span> <span class='ocrx_word' id='word_1_341' title='bbox 2503 1874 2789 1944; x_wconf 67' lang='lat' dir='ltr'>praesentis</span> <span class='ocrx_word' id='word_1_342' title='bbox 2833 1874 2955 1928; x_wconf 71' lang='lat' dir='ltr'>vita:</span> <span class='ocrx_word' id='word_1_343' title='bbox 3000 1889 3109 1929; x_wconf 90' lang='lat' dir='ltr'>non</span> <span class='ocrx_word' id='word_1_344' title='bbox 3156 1873 3513 1941; x_wconf 87' lang='lat' dir='ltr'>habentibus,</span> 
     </span>
    </p>
   </div>
   <div class='ocr_carea' id='block_1_45' title="bbox 1926 1961 3519 2035">
    <p class='ocr_par' dir='ltr' id='par_1_45' title="bbox 1926 1961 3519 2035">
     <span class='ocr_line' id='line_1_45' title="bbox 1926 1961 3519 2035; baseline -0.001 -18"><span class='ocrx_word' id='word_1_345' title='bbox 1926 1963 2249 2035; x_wconf 86' lang='lat' dir='ltr'>largiantur,</span> <span class='ocrx_word' id='word_1_346' title='bbox 2304 1971 2355 2017; x_wconf 89' lang='lat' dir='ltr'>et</span> <span class='ocrx_word' id='word_1_347' title='bbox 2402 1962 2624 2019; x_wconf 88' lang='lat' dir='ltr'>utilitate</span> <span class='ocrx_word' id='word_1_348' title='bbox 2672 1962 2966 2033; x_wconf 89' lang='lat' dir='ltr'>spiritualis</span> <span class='ocrx_word' id='word_1_349' title='bbox 3024 1961 3335 2017; x_wconf 90' lang='lat' dir='ltr'>commercii</span> <span class='ocrx_word' id='word_1_350' title='bbox 3364 1976 3519 2016; x_wconf 91' lang='lat' dir='ltr'>com-</span> 
     </span>
    </p>
   </div>
   <div class='ocr_carea' id='block_1_46' title="bbox 1927 2050 3519 2121">
    <p class='ocr_par' dir='ltr' id='par_1_46' title="bbox 1927 2050 3519 2121">
     <span class='ocr_line' id='line_1_46' title="bbox 1927 2050 3519 2121; baseline -0.001 -16"><span class='ocrx_word' id='word_1_351' title='bbox 1927 2059 2132 2105; x_wconf 90' lang='lat' dir='ltr'>mutent</span> <span class='ocrx_word' id='word_1_352' title='bbox 2184 2051 2464 2121; x_wconf 75' lang='lat' dir='ltr'>prsssentia</span> <span class='ocrx_word' id='word_1_353' title='bbox 2532 2067 2654 2106; x_wconf 91' lang='lat' dir='ltr'>cum</span> <span class='ocrx_word' id='word_1_354' title='bbox 2718 2050 2927 2117; x_wconf 81' lang='lat' dir='ltr'>futuris,</span> <span class='ocrx_word' id='word_1_355' title='bbox 2986 2058 3143 2121; x_wconf 89' lang='lat' dir='ltr'>atque</span> <span class='ocrx_word' id='word_1_356' title='bbox 3192 2050 3519 2103; x_wconf 88' lang='lat' dir='ltr'>abundantia</span> 
     </span>
    </p>
   </div>
   <div class='ocr_carea' id='block_1_47' title="bbox 1927 2138 3517 2210">
    <p class='ocr_par' dir='ltr' id='par_1_47' title="bbox 1927 2138 3517 2210">
     <span class='ocr_line' id='line_1_47' title="bbox 1927 2138 3517 2210; baseline -0.001 -16"><span class='ocrx_word' id='word_1_357' title='bbox 1927 2154 2026 2194; x_wconf 91' lang='lat' dir='ltr'>sua</span> <span class='ocrx_word' id='word_1_358' title='bbox 2056 2147 2371 2195; x_wconf 88' lang='lat' dir='ltr'>sanctorum</span> <span class='ocrx_word' id='word_1_359' title='bbox 2417 2139 2657 2210; x_wconf 87' lang='lat' dir='ltr'>inopiam</span> <span class='ocrx_word' id='word_1_360' title='bbox 2706 2139 3027 2210; x_wconf 88' lang='lat' dir='ltr'>suppleant;</span> <span class='ocrx_word' id='word_1_361' title='bbox 3062 2146 3117 2193; x_wconf 92' lang='lat' dir='ltr'>ut</span> <span class='ocrx_word' id='word_1_362' title='bbox 3148 2138 3387 2194; x_wconf 91' lang='lat' dir='ltr'>vicissim</span> <span class='ocrx_word' id='word_1_363' title='bbox 3418 2154 3517 2193; x_wconf 91' lang='lat' dir='ltr'>eo-</span> 
     </span>
    </p>
   </div>
   <div class='ocr_carea' id='block_1_48' title="bbox 1924 2226 3517 2298">
    <p class='ocr_par' dir='ltr' id='par_1_48' title="bbox 1924 2226 3517 2298">
     <span class='ocr_line' id='line_1_48' title="bbox 1924 2226 3517 2298; baseline -0.001 -16"><span class='ocrx_word' id='word_1_364' title='bbox 1924 2244 2043 2282; x_wconf 91' lang='lat' dir='ltr'>rum</span> <span class='ocrx_word' id='word_1_365' title='bbox 2090 2228 2273 2298; x_wconf 89' lang='lat' dir='ltr'>inopia</span> <span class='ocrx_word' id='word_1_366' title='bbox 2338 2235 2649 2282; x_wconf 90' lang='lat' dir='ltr'>sanctorum</span> <span class='ocrx_word' id='word_1_367' title='bbox 2696 2227 3021 2281; x_wconf 87' lang='lat' dir='ltr'>abundantia</span> <span class='ocrx_word' id='word_1_368' title='bbox 3076 2226 3406 2297; x_wconf 89' lang='lat' dir='ltr'>suppleatur.</span> <span class='ocrx_word' id='word_1_369' title='bbox 3459 2228 3517 2280; x_wconf 94' lang='lat' dir='ltr'><strong>In</strong></span> 
     </span>
    </p>
   </div>
   <div class='ocr_carea' id='block_1_49' title="bbox 1924 2314 3519 2387">
    <p class='ocr_par' dir='ltr' id='par_1_49' title="bbox 1924 2314 3519 2387">
     <span class='ocr_line' id='line_1_49' title="bbox 1924 2314 3519 2387; baseline -0.001 -16"><span class='ocrx_word' id='word_1_370' title='bbox 1924 2317 2029 2371; x_wconf 89' lang='lat' dir='ltr'>fine</span> <span class='ocrx_word' id='word_1_371' title='bbox 2062 2316 2257 2387; x_wconf 89' lang='lat' dir='ltr'>repetit</span> <span class='ocrx_word' id='word_1_372' title='bbox 2304 2316 2450 2387; x_wconf 90' lang='lat' dir='ltr'>quod</span> <span class='ocrx_word' id='word_1_373' title='bbox 2500 2316 2749 2387; x_wconf 90' lang='lat' dir='ltr'>superius</span> <span class='ocrx_word' id='word_1_374' title='bbox 2798 2325 2983 2371; x_wconf 90' lang='lat' dir='ltr'>contra</span> <span class='ocrx_word' id='word_1_375' title='bbox 3030 2314 3519 2386; x_wconf 89' lang='lat' dir='ltr'>pseudoapostolos</span> 
     </span>
    </p>
   </div>
   <div class='ocr_carea' id='block_1_50' title="bbox 1923 2404 3516 2478">
    <p class='ocr_par' dir='ltr' id='par_1_50' title="bbox 1923 2404 3516 2478">
     <span class='ocr_line' id='line_1_50' title="bbox 1923 2404 3516 2478; baseline -0.002 -18"><span class='ocrx_word' id='word_1_376' title='bbox 1923 2413 2129 2478; x_wconf 88' lang='lat' dir='ltr'>egerat,</span> <span class='ocrx_word' id='word_1_377' title='bbox 2161 2413 2213 2459; x_wconf 90' lang='lat' dir='ltr'>et</span> <span class='ocrx_word' id='word_1_378' title='bbox 2236 2405 2583 2473; x_wconf 86' lang='lat' dir='ltr'>jactationem</span> <span class='ocrx_word' id='word_1_379' title='bbox 2635 2421 2845 2473; x_wconf 90' lang='lat' dir='ltr'>eorum,</span> <span class='ocrx_word' id='word_1_380' title='bbox 2892 2404 3417 2476; x_wconf 71' lang='lat' dir='ltr'>przedicationesque</span> <span class='ocrx_word' id='word_1_381' title='bbox 3449 2404 3516 2457; x_wconf 88' lang='lat' dir='ltr'>de</span> 
     </span>
    </p>
   </div>
   <div class='ocr_carea' id='block_1_51' title="bbox 1921 2492 3519 2565">
    <p class='ocr_par' dir='ltr' id='par_1_51' title="bbox 1921 2492 3519 2565">
     <span class='ocr_line' id='line_1_51' title="bbox 1921 2492 3519 2565; baseline 0 -18"><span class='ocrx_word' id='word_1_382' title='bbox 1921 2510 1979 2548; x_wconf 92' lang='lat' dir='ltr'>se</span> <span class='ocrx_word' id='word_1_383' title='bbox 2009 2493 2292 2565; x_wconf 90' lang='lat' dir='ltr'>gloriosas,</span> <span class='ocrx_word' id='word_1_384' title='bbox 2330 2494 2412 2547; x_wconf 88' lang='lat' dir='ltr'>vel</span> <span class='ocrx_word' id='word_1_385' title='bbox 2443 2494 2640 2549; x_wconf 87' lang='lat' dir='ltr'>collata</span> <span class='ocrx_word' id='word_1_386' title='bbox 2668 2494 2976 2565; x_wconf 90' lang='lat' dir='ltr'>antiquitate</span> <span class='ocrx_word' id='word_1_387' title='bbox 3032 2492 3270 2565; x_wconf 90' lang='lat' dir='ltr'>generis,</span> <span class='ocrx_word' id='word_1_388' title='bbox 3304 2492 3390 2547; x_wconf 91' lang='lat' dir='ltr'>vel</span> <span class='ocrx_word' id='word_1_389' title='bbox 3422 2507 3519 2547; x_wconf 87' lang='lat' dir='ltr'>ca-</span> 
     </span>
    </p>
   </div>
   <div class='ocr_carea' id='block_1_52' title="bbox 1921 2581 3509 2654">
    <p class='ocr_par' dir='ltr' id='par_1_52' title="bbox 1921 2581 3509 2654">
     <span class='ocr_line' id='line_1_52' title="bbox 1921 2581 3509 2654; baseline -0.002 -18"><span class='ocrx_word' id='word_1_390' title='bbox 1921 2582 2106 2654; x_wconf 90' lang='lat' dir='ltr'>talogo</span> <span class='ocrx_word' id='word_1_391' title='bbox 2136 2581 2445 2651; x_wconf 84' lang='lat' dir='ltr'>injuriarum</span> <span class='ocrx_word' id='word_1_392' title='bbox 2478 2598 2543 2637; x_wconf 91' lang='lat' dir='ltr'>ac</span> <span class='ocrx_word' id='word_1_393' title='bbox 2580 2583 2943 2652; x_wconf 91' lang='lat' dir='ltr'>periculorum</span> <span class='ocrx_word' id='word_1_394' title='bbox 2993 2597 3215 2636; x_wconf 92' lang='lat' dir='ltr'>suorum</span> <span class='ocrx_word' id='word_1_395' title='bbox 3248 2588 3469 2636; x_wconf 85' lang='lat' dir='ltr'>evacuat</span> <span class='ocrx_word' id='word_1_396' title='bbox 3496 2599 3509 2646; x_wconf 89' lang='lat'><strong>;</strong></span> 
     </span>
    </p>
   </div>
   <div class='ocr_carea' id='block_1_53' title="bbox 1921 2669 3515 2742">
    <p class='ocr_par' dir='ltr' id='par_1_53' title="bbox 1921 2669 3515 2742">
     <span class='ocr_line' id='line_1_53' title="bbox 1921 2669 3515 2742; baseline -0.001 -18"><span class='ocrx_word' id='word_1_397' title='bbox 1921 2670 2159 2741; x_wconf 90' lang='lat' dir='ltr'>dicitque</span> <span class='ocrx_word' id='word_1_398' title='bbox 2191 2686 2285 2725; x_wconf 92' lang='lat' dir='ltr'>eos</span> <span class='ocrx_word' id='word_1_399' title='bbox 2315 2670 2597 2741; x_wconf 86' lang='lat' dir='ltr'>Operarios</span> <span class='ocrx_word' id='word_1_400' title='bbox 2628 2670 2909 2735; x_wconf 89' lang='lat' dir='ltr'>subdolos,</span> <span class='ocrx_word' id='word_1_401' title='bbox 2945 2670 3033 2742; x_wconf 89' lang='lat' dir='ltr'>qui</span> <span class='ocrx_word' id='word_1_402' title='bbox 3065 2670 3133 2723; x_wconf 90' lang='lat' dir='ltr'>ad</span> <span class='ocrx_word' id='word_1_403' title='bbox 3160 2669 3515 2723; x_wconf 87' lang='lat' dir='ltr'>imitationem</span> 
     </span>
    </p>
   </div>
   <div class='ocr_carea' id='block_1_54' title="bbox 1923 2756 3517 2829">
    <p class='ocr_par' dir='ltr' id='par_1_54' title="bbox 1923 2756 3517 2829">
     <span class='ocr_line' id='line_1_54' title="bbox 1923 2756 3517 2829; baseline 0.001 -18"><span class='ocrx_word' id='word_1_404' title='bbox 1923 2758 2134 2813; x_wconf 66' lang='lat' dir='ltr'>Satanaa</span> <span class='ocrx_word' id='word_1_405' title='bbox 2158 2758 2601 2829; x_wconf 86' lang='lat' dir='ltr'>transfigurentur</span> <span class='ocrx_word' id='word_1_406' title='bbox 2628 2759 2682 2813; x_wconf 92' lang='lat' dir='ltr'>in</span> <span class='ocrx_word' id='word_1_407' title='bbox 2704 2759 2977 2829; x_wconf 88' lang='lat' dir='ltr'>apostolos</span> <span class='ocrx_word' id='word_1_408' title='bbox 3019 2758 3235 2825; x_wconf 88' lang='lat' dir='ltr'>Christi,</span> <span class='ocrx_word' id='word_1_409' title='bbox 3262 2756 3363 2811; x_wconf 91' lang='lat' dir='ltr'>sub</span> <span class='ocrx_word' id='word_1_410' title='bbox 3384 2774 3517 2829; x_wconf 61' lang='lat' dir='ltr'>pra}-</span> 
     </span>
    </p>
   </div>
   <div class='ocr_carea' id='block_1_55' title="bbox 1922 2846 3431 2919">
    <p class='ocr_par' dir='ltr' id='par_1_55' title="bbox 1922 2846 3431 2919">
     <span class='ocr_line' id='line_1_55' title="bbox 1922 2846 3431 2919; baseline 0 -18"><span class='ocrx_word' id='word_1_411' title='bbox 1922 2846 2207 2902; x_wconf 90' lang='lat' dir='ltr'>dicationis</span> <span class='ocrx_word' id='word_1_412' title='bbox 2237 2864 2332 2918; x_wconf 90' lang='lat' dir='ltr'>spe</span> <span class='ocrx_word' id='word_1_413' title='bbox 2361 2848 2509 2903; x_wconf 90' lang='lat' dir='ltr'>lucra</span> <span class='ocrx_word' id='word_1_414' title='bbox 2539 2848 2849 2919; x_wconf 88' lang='lat' dir='ltr'>pecuniaria</span> <span class='ocrx_word' id='word_1_415' title='bbox 2881 2864 3111 2919; x_wconf 72' lang='lat' dir='ltr'>quaeque</span> <span class='ocrx_word' id='word_1_416' title='bbox 3141 2854 3431 2902; x_wconf 89' lang='lat' dir='ltr'>sectantes.</span> 
     </span>
    </p>
   </div>
   <div class='ocr_carea' id='block_1_56' title="bbox 1307 3042 2420 3106">
    <p class='ocr_par' dir='ltr' id='par_1_56' title="bbox 1307 3042 2420 3106">
     <span class='ocr_line' id='line_1_56' title="bbox 1307 3042 2420 3106; baseline 0.002 -3"><span class='ocrx_word' id='word_1_417' title='bbox 1307 3042 1903 3105; x_wconf 82' lang='lat' dir='ltr'>ARGUMENTUM‘</span> <span class='ocrx_word' id='word_1_418' title='bbox 1926 3042 2007 3100; x_wconf 90' lang='lat' dir='ltr'>IN</span> <span class='ocrx_word' id='word_1_419' title='bbox 2052 3042 2420 3106; x_wconf 80' lang='lat' dir='ltr'>EAMDEM.</span> 
     </span>
    </p>
   </div>
   <div class='ocr_carea' id='block_1_57' title="bbox 288 3147 3510 3220">
    <p class='ocr_par' dir='ltr' id='par_1_57' title="bbox 288 3147 3510 3220">
     <span class='ocr_line' id='line_1_57' title="bbox 288 3147 3510 3220; baseline 0.002 -22"><span class='ocrx_word' id='word_1_420' title='bbox 288 3147 417 3220; x_wconf 74' lang='lat' dir='ltr'>Post</span> <span class='ocrx_word' id='word_1_421' title='bbox 443 3154 617 3220; x_wconf 79' lang='lat' dir='ltr'>actam</span> <span class='ocrx_word' id='word_1_422' title='bbox 648 3162 680 3201; x_wconf 91' lang='lat' dir='ltr'>a</span> <span class='ocrx_word' id='word_1_423' title='bbox 709 3148 1001 3202; x_wconf 89' lang='lat' dir='ltr'>Corinthiis</span> <span class='ocrx_word' id='word_1_424' title='bbox 1030 3149 1425 3219; x_wconf 77' lang='lat' dir='ltr'>pcenitentiam,</span> <span class='ocrx_word' id='word_1_425' title='bbox 1458 3148 1869 3205; x_wconf 87' lang='lat' dir='ltr'>consolatoriam</span> <span class='ocrx_word' id='word_1_426' title='bbox 1902 3148 2091 3220; x_wconf 82' lang='lat' dir='ltr'>scribit</span> <span class='ocrx_word' id='word_1_427' title='bbox 2121 3149 2199 3203; x_wconf 87' lang='lat' dir='ltr'>eis</span> <span class='ocrx_word' id='word_1_428' title='bbox 2230 3150 2530 3219; x_wconf 87' lang='lat' dir='ltr'>Epistolam</span> <span class='ocrx_word' id='word_1_429' title='bbox 2576 3150 2871 3220; x_wconf 84' lang='lat' dir='ltr'>Apostolus</span> <span class='ocrx_word' id='word_1_430' title='bbox 2900 3167 2929 3203; x_wconf 90' lang='lat' dir='ltr'>a</span> <span class='ocrx_word' id='word_1_431' title='bbox 2956 3149 3161 3205; x_wconf 87' lang='lat' dir='ltr'>Troade</span> <span class='ocrx_word' id='word_1_432' title='bbox 3190 3165 3286 3219; x_wconf 90' lang='lat' dir='ltr'>per</span> <span class='ocrx_word' id='word_1_433' title='bbox 3313 3150 3510 3220; x_wconf 89' lang='lat' dir='ltr'>Titum,</span> 
     </span>
    </p>
   </div>
   <div class='ocr_carea' id='block_1_58' title="bbox 217 3216 3006 3289">
    <p class='ocr_par' dir='ltr' id='par_1_58' title="bbox 217 3216 3006 3289">
     <span class='ocr_line' id='line_1_58' title="bbox 217 3216 3006 3289; baseline 0.002 -20"><span class='ocrx_word' id='word_1_434' title='bbox 217 3223 267 3269; x_wconf 87' lang='lat' dir='ltr'>et</span> <span class='ocrx_word' id='word_1_435' title='bbox 295 3216 616 3272; x_wconf 87' lang='lat' dir='ltr'>collaudans</span> <span class='ocrx_word' id='word_1_436' title='bbox 646 3234 742 3272; x_wconf 81' lang='lat' dir='ltr'>eos</span> <span class='ocrx_word' id='word_1_437' title='bbox 772 3220 1018 3273; x_wconf 88' lang='lat' dir='ltr'>hortatur</span> <span class='ocrx_word' id='word_1_438' title='bbox 1031 3216 1115 3274; x_wconf 52' lang='lat' dir='ltr'>&#39;ad</span> <span class='ocrx_word' id='word_1_439' title='bbox 1146 3221 1406 3286; x_wconf 83' lang='lat' dir='ltr'>meliora;</span> <span class='ocrx_word' id='word_1_440' title='bbox 1440 3220 1788 3275; x_wconf 88' lang='lat' dir='ltr'>contristatos</span> <span class='ocrx_word' id='word_1_441' title='bbox 1822 3218 2041 3289; x_wconf 89' lang='lat' dir='ltr'>quidem</span> <span class='ocrx_word' id='word_1_442' title='bbox 2073 3234 2187 3285; x_wconf 91' lang='lat' dir='ltr'>eos,</span> <span class='ocrx_word' id='word_1_443' title='bbox 2221 3216 2319 3274; x_wconf 77' lang='lat' dir='ltr'>sed</span> <span class='ocrx_word' id='word_1_444' title='bbox 2349 3216 2664 3277; x_wconf 81' lang='lat' dir='ltr'>emendatos</span> <span class='ocrx_word' id='word_1_445' title='bbox 2694 3221 3006 3277; x_wconf 90' lang='lat' dir='ltr'>ostendens.</span> 
     </span>
    </p>
   </div>
   <div class='ocr_carea' id='block_1_59' title="bbox 993 3394 2708 3460">
    <p class='ocr_par' dir='ltr' id='par_1_59' title="bbox 993 3394 2708 3460">
     <span class='ocr_line' id='line_1_59' title="bbox 993 3394 2708 3460; baseline 0.001 -3"><span class='ocrx_word' id='word_1_446' title='bbox 993 3398 1579 3460; x_wconf 80' lang='lat' dir='ltr'>ARGUMENTUM</span> <span class='ocrx_word' id='word_1_447' title='bbox 1622 3399 1698 3456; x_wconf 85' lang='grc' dir='ltr'>Β.</span> <span class='ocrx_word' id='word_1_448' title='bbox 1746 3394 2170 3456; x_wconf 79' lang='lat' dir='ltr'>BRUNONIS</span> <span class='ocrx_word' id='word_1_449' title='bbox 2214 3397 2297 3457; x_wconf 91' lang='lat' dir='ltr'>IN</span> <span class='ocrx_word' id='word_1_450' title='bbox 2339 3398 2708 3459; x_wconf 87' lang='lat' dir='ltr'>EAMDEM.</span> 
     </span>
    </p>
   </div>
   <div class='ocr_carea' id='block_1_60' title="bbox 282 3501 3515 3579">
    <p class='ocr_par' dir='ltr' id='par_1_60' title="bbox 282 3501 3515 3579">
     <span class='ocr_line' id='line_1_60' title="bbox 282 3501 3515 3579; baseline 0.002 -22"><span class='ocrx_word' id='word_1_451' title='bbox 282 3502 481 3557; x_wconf 90' lang='lat' dir='ltr'>Paulus</span> <span class='ocrx_word' id='word_1_452' title='bbox 532 3503 672 3558; x_wconf 90' lang='lat' dir='ltr'>hanc</span> <span class='ocrx_word' id='word_1_453' title='bbox 718 3504 913 3559; x_wconf 90' lang='lat' dir='ltr'>iterum</span> <span class='ocrx_word' id='word_1_454' title='bbox 960 3504 1255 3574; x_wconf 89' lang='lat' dir='ltr'>Epistolam</span> <span class='ocrx_word' id='word_1_455' title='bbox 1287 3504 1475 3559; x_wconf 88' lang='lat' dir='ltr'>scribit</span> <span class='ocrx_word' id='word_1_456' title='bbox 1522 3504 1589 3557; x_wconf 90' lang='lat' dir='ltr'>ad</span> <span class='ocrx_word' id='word_1_457' title='bbox 1624 3502 1812 3557; x_wconf 85' lang='lat' dir='ltr'>Corin-</span> <span class='ocrx_word' id='word_1_458' title='bbox 1840 3501 1885 3561; x_wconf 86' lang='grc' dir='ltr'>Ο</span> <span class='ocrx_word' id='word_1_459' title='bbox 1915 3508 2131 3570; x_wconf 91' lang='lat' dir='ltr'>ceptum</span> <span class='ocrx_word' id='word_1_460' title='bbox 2165 3502 2232 3555; x_wconf 91' lang='lat' dir='ltr'>de</span> <span class='ocrx_word' id='word_1_461' title='bbox 2263 3518 2329 3556; x_wconf 90' lang='lat' dir='ltr'>eo</span> <span class='ocrx_word' id='word_1_462' title='bbox 2358 3504 2528 3572; x_wconf 90' lang='lat' dir='ltr'>ponit,</span> <span class='ocrx_word' id='word_1_463' title='bbox 2565 3512 2620 3557; x_wconf 91' lang='lat' dir='ltr'>ut</span> <span class='ocrx_word' id='word_1_464' title='bbox 2642 3505 3016 3559; x_wconf 90' lang='lat' dir='ltr'>restitueretur</span> <span class='ocrx_word' id='word_1_465' title='bbox 3037 3506 3318 3573; x_wconf 81' lang='lat' dir='ltr'>Ecclesiae,</span> <span class='ocrx_word' id='word_1_466' title='bbox 3352 3523 3385 3560; x_wconf 88' lang='lat' dir='ltr'>a</span> <span class='ocrx_word' id='word_1_467' title='bbox 3406 3524 3515 3579; x_wconf 90' lang='lat' dir='ltr'>qua</span> 
     </span>
    </p>
   </div>
   <div class='ocr_carea' id='block_1_61' title="bbox 217 3591 1815 3662">
    <p class='ocr_par' dir='ltr' id='par_1_61' title="bbox 217 3591 1815 3662">
     <span class='ocr_line' id='line_1_61' title="bbox 217 3591 1815 3662; baseline 0 -19"><span class='ocrx_word' id='word_1_468' title='bbox 217 3591 377 3657; x_wconf 88' lang='lat' dir='ltr'>thios,</span> <span class='ocrx_word' id='word_1_469' title='bbox 410 3606 640 3662; x_wconf 91' lang='lat' dir='ltr'>quorum</span> <span class='ocrx_word' id='word_1_470' title='bbox 671 3591 806 3647; x_wconf 89' lang='lat' dir='ltr'>alios</span> <span class='ocrx_word' id='word_1_471' title='bbox 838 3591 1165 3648; x_wconf 72' lang='lat' dir='ltr'>sufﬁcienter</span> <span class='ocrx_word' id='word_1_472' title='bbox 1196 3608 1296 3662; x_wconf 90' lang='lat' dir='ltr'>per</span> <span class='ocrx_word' id='word_1_473' title='bbox 1326 3592 1567 3661; x_wconf 87' lang='lat' dir='ltr'>priorem</span> <span class='ocrx_word' id='word_1_474' title='bbox 1597 3591 1815 3661; x_wconf 87' lang='lat' dir='ltr'>Episto-</span> 
     </span>
    </p>
   </div>
   <div class='ocr_carea' id='block_1_62' title="bbox 216 3677 1815 3752">
    <p class='ocr_par' dir='ltr' id='par_1_62' title="bbox 216 3677 1815 3752">
     <span class='ocr_line' id='line_1_62' title="bbox 216 3677 1815 3752; baseline 0.001 -21"><span class='ocrx_word' id='word_1_475' title='bbox 216 3677 323 3731; x_wconf 90' lang='lat' dir='ltr'>lam</span> <span class='ocrx_word' id='word_1_476' title='bbox 354 3688 671 3733; x_wconf 86' lang='lat' dir='ltr'>correxerat</span> <span class='ocrx_word' id='word_1_477' title='bbox 696 3700 709 3746; x_wconf 87' lang='lat'><strong>;</strong></span> <span class='ocrx_word' id='word_1_478' title='bbox 743 3680 839 3735; x_wconf 90' lang='lat' dir='ltr'>sed</span> <span class='ocrx_word' id='word_1_479' title='bbox 869 3681 1089 3752; x_wconf 90' lang='lat' dir='ltr'>quidam</span> <span class='ocrx_word' id='word_1_480' title='bbox 1111 3696 1297 3735; x_wconf 88' lang='lat' dir='ltr'>eorum</span> <span class='ocrx_word' id='word_1_481' title='bbox 1327 3695 1391 3734; x_wconf 90' lang='lat' dir='ltr'>eo</span> <span class='ocrx_word' id='word_1_482' title='bbox 1424 3680 1601 3733; x_wconf 89' lang='lat' dir='ltr'>adhuc</span> <span class='ocrx_word' id='word_1_483' title='bbox 1630 3694 1815 3733; x_wconf 90' lang='lat' dir='ltr'>errore</span> 
     </span>
    </p>
   </div>
   <div class='ocr_carea' id='block_1_63' title="bbox 216 3767 1810 3839">
    <p class='ocr_par' dir='ltr' id='par_1_63' title="bbox 216 3767 1810 3839">
     <span class='ocr_line' id='line_1_63' title="bbox 216 3767 1810 3839; baseline -0.001 -18"><span class='ocrx_word' id='word_1_484' title='bbox 216 3767 591 3839; x_wconf 88' lang='lat' dir='ltr'>gravabantur</span> <span class='ocrx_word' id='word_1_485' title='bbox 648 3776 703 3821; x_wconf 90' lang='lat' dir='ltr'>ut</span> <span class='ocrx_word' id='word_1_486' title='bbox 748 3769 1213 3839; x_wconf 88' lang='lat' dir='ltr'>pseudodoctores</span> <span class='ocrx_word' id='word_1_487' title='bbox 1262 3767 1423 3822; x_wconf 91' lang='lat' dir='ltr'>Paulo</span> <span class='ocrx_word' id='word_1_488' title='bbox 1468 3767 1810 3837; x_wconf 83' lang='lat' dir='ltr'>praeferrent,</span> 
     </span>
    </p>
   </div>
   <div class='ocr_carea' id='block_1_64' title="bbox 216 3855 1815 3928">
    <p class='ocr_par' dir='ltr' id='par_1_64' title="bbox 216 3855 1815 3928">
     <span class='ocr_line' id='line_1_64' title="bbox 216 3855 1815 3928; baseline 0 -20"><span class='ocrx_word' id='word_1_489' title='bbox 216 3863 543 3910; x_wconf 87' lang='lat' dir='ltr'>accusantes</span> <span class='ocrx_word' id='word_1_490' title='bbox 574 3856 793 3910; x_wconf 89' lang='lat' dir='ltr'>Paulum</span> <span class='ocrx_word' id='word_1_491' title='bbox 824 3858 892 3912; x_wconf 91' lang='lat' dir='ltr'>de</span> <span class='ocrx_word' id='word_1_492' title='bbox 934 3857 1276 3928; x_wconf 86' lang='lat' dir='ltr'>simplicitate</span> <span class='ocrx_word' id='word_1_493' title='bbox 1324 3856 1613 3919; x_wconf 89' lang='lat' dir='ltr'>sermonis,</span> <span class='ocrx_word' id='word_1_494' title='bbox 1645 3855 1815 3909; x_wconf 87' lang='lat' dir='ltr'>extol-</span> 
     </span>
    </p>
   </div>
   <div class='ocr_carea' id='block_1_65' title="bbox 218 3943 1815 4014">
    <p class='ocr_par' dir='ltr' id='par_1_65' title="bbox 218 3943 1815 4014">
     <span class='ocr_line' id='line_1_65' title="bbox 218 3943 1815 4014; baseline -0.001 -17"><span class='ocrx_word' id='word_1_495' title='bbox 218 3943 393 3997; x_wconf 88' lang='lat' dir='ltr'>lentes</span> <span class='ocrx_word' id='word_1_496' title='bbox 427 3944 635 4013; x_wconf 91' lang='lat' dir='ltr'>pseudo</span> <span class='ocrx_word' id='word_1_497' title='bbox 662 3946 713 3997; x_wconf 90' lang='lat' dir='ltr'>in</span> <span class='ocrx_word' id='word_1_498' title='bbox 764 3946 1027 4014; x_wconf 89' lang='lat' dir='ltr'>sapientia</span> <span class='ocrx_word' id='word_1_499' title='bbox 1078 3944 1302 4000; x_wconf 87' lang='lat' dir='ltr'>carnali.</span> <span class='ocrx_word' id='word_1_500' title='bbox 1336 3944 1515 4012; x_wconf 89' lang='lat' dir='ltr'>Quare</span> <span class='ocrx_word' id='word_1_501' title='bbox 1546 3952 1597 3998; x_wconf 89' lang='lat' dir='ltr'>et</span> <span class='ocrx_word' id='word_1_502' title='bbox 1628 3944 1681 3997; x_wconf 90' lang='lat' dir='ltr'>in</span> <span class='ocrx_word' id='word_1_503' title='bbox 1712 3944 1815 3997; x_wconf 89' lang='lat' dir='ltr'>hac</span> 
     </span>
    </p>
   </div>
   <div class='ocr_carea' id='block_1_66' title="bbox 216 4031 1817 4103">
    <p class='ocr_par' dir='ltr' id='par_1_66' title="bbox 216 4031 1817 4103">
     <span class='ocr_line' id='line_1_66' title="bbox 216 4031 1817 4103; baseline 0 -18"><span class='ocrx_word' id='word_1_504' title='bbox 216 4031 464 4101; x_wconf 85' lang='lat' dir='ltr'>Epistola</span> <span class='ocrx_word' id='word_1_505' title='bbox 527 4032 658 4085; x_wconf 89' lang='lat' dir='ltr'>satis</span> <span class='ocrx_word' id='word_1_506' title='bbox 723 4032 1037 4087; x_wconf 90' lang='lat' dir='ltr'>immoratur</span> <span class='ocrx_word' id='word_1_507' title='bbox 1082 4034 1137 4087; x_wconf 92' lang='lat' dir='ltr'>in</span> <span class='ocrx_word' id='word_1_508' title='bbox 1181 4034 1531 4103; x_wconf 88' lang='lat' dir='ltr'>depressione</span> <span class='ocrx_word' id='word_1_509' title='bbox 1580 4032 1817 4102; x_wconf 89' lang='lat' dir='ltr'>pseudo-</span> 
     </span>
    </p>
   </div>
   <div class='ocr_carea' id='block_1_67' title="bbox 215 4119 1809 4190">
    <p class='ocr_par' dir='ltr' id='par_1_67' title="bbox 215 4119 1809 4190">
     <span class='ocr_line' id='line_1_67' title="bbox 215 4119 1809 4190; baseline 0.002 -19"><span class='ocrx_word' id='word_1_510' title='bbox 215 4119 522 4182; x_wconf 89' lang='lat' dir='ltr'>doctorum,</span> <span class='ocrx_word' id='word_1_511' title='bbox 574 4128 627 4173; x_wconf 90' lang='lat' dir='ltr'>et</span> <span class='ocrx_word' id='word_1_512' title='bbox 684 4120 738 4173; x_wconf 91' lang='lat' dir='ltr'>in</span> <span class='ocrx_word' id='word_1_513' title='bbox 786 4121 1255 4175; x_wconf 87' lang='lat' dir='ltr'>commendatione</span> <span class='ocrx_word' id='word_1_514' title='bbox 1313 4121 1394 4174; x_wconf 91' lang='lat' dir='ltr'>sui</span> <span class='ocrx_word' id='word_1_515' title='bbox 1456 4121 1809 4190; x_wconf 89' lang='lat' dir='ltr'>apostolatus.</span> 
     </span>
    </p>
   </div>
   <div class='ocr_carea' id='block_1_68' title="bbox 215 4207 1810 4278">
    <p class='ocr_par' dir='ltr' id='par_1_68' title="bbox 215 4207 1810 4278">
     <span class='ocr_line' id='line_1_68' title="bbox 215 4207 1810 4278; baseline 0.002 -19"><span class='ocrx_word' id='word_1_516' title='bbox 215 4208 271 4259; x_wconf 92' lang='lat' dir='ltr'><strong>In</strong></span> <span class='ocrx_word' id='word_1_517' title='bbox 303 4207 498 4276; x_wconf 89' lang='lat' dir='ltr'>primis</span> <span class='ocrx_word' id='word_1_518' title='bbox 543 4208 704 4261; x_wconf 89' lang='lat' dir='ltr'>etiam</span> <span class='ocrx_word' id='word_1_519' title='bbox 753 4224 847 4262; x_wconf 89' lang='lat' dir='ltr'>eos</span> <span class='ocrx_word' id='word_1_520' title='bbox 878 4209 970 4278; x_wconf 91' lang='lat' dir='ltr'>qui</span> <span class='ocrx_word' id='word_1_521' title='bbox 1009 4209 1139 4275; x_wconf 90' lang='lat' dir='ltr'>justi</span> <span class='ocrx_word' id='word_1_522' title='bbox 1192 4216 1348 4263; x_wconf 89' lang='lat' dir='ltr'>erant</span> <span class='ocrx_word' id='word_1_523' title='bbox 1395 4208 1450 4261; x_wconf 91' lang='lat' dir='ltr'>in</span> <span class='ocrx_word' id='word_1_524' title='bbox 1501 4209 1810 4275; x_wconf 90' lang='lat' dir='ltr'>Corinthiis,</span> 
     </span>
    </p>
   </div>
   <div class='ocr_carea' id='block_1_69' title="bbox 217 4294 1814 4365">
    <p class='ocr_par' dir='ltr' id='par_1_69' title="bbox 217 4294 1814 4365">
     <span class='ocr_line' id='line_1_69' title="bbox 217 4294 1814 4365; baseline 0.003 -18"><span class='ocrx_word' id='word_1_525' title='bbox 217 4310 308 4348; x_wconf 91' lang='lat' dir='ltr'>seu</span> <span class='ocrx_word' id='word_1_526' title='bbox 341 4294 437 4365; x_wconf 90' lang='lat' dir='ltr'>qui</span> <span class='ocrx_word' id='word_1_527' title='bbox 469 4296 633 4350; x_wconf 92' lang='lat' dir='ltr'>modo</span> <span class='ocrx_word' id='word_1_528' title='bbox 661 4312 761 4365; x_wconf 92' lang='lat' dir='ltr'>per</span> <span class='ocrx_word' id='word_1_529' title='bbox 784 4296 1079 4365; x_wconf 89' lang='lat' dir='ltr'>Epistolam</span> <span class='ocrx_word' id='word_1_530' title='bbox 1112 4297 1261 4352; x_wconf 89' lang='lat' dir='ltr'>Pauli</span> <span class='ocrx_word' id='word_1_531' title='bbox 1294 4297 1433 4350; x_wconf 89' lang='lat' dir='ltr'>bene</span> <span class='ocrx_word' id='word_1_532' title='bbox 1459 4296 1669 4351; x_wconf 84' lang='lat' dir='ltr'>fuerant</span> <span class='ocrx_word' id='word_1_533' title='bbox 1699 4312 1814 4352; x_wconf 90' lang='lat' dir='ltr'>cor-</span> 
     </span>
    </p>
   </div>
   <div class='ocr_carea' id='block_1_70' title="bbox 216 4382 1813 4454">
    <p class='ocr_par' dir='ltr' id='par_1_70' title="bbox 216 4382 1813 4454">
     <span class='ocr_line' id='line_1_70' title="bbox 216 4382 1813 4454; baseline 0.004 -21"><span class='ocrx_word' id='word_1_534' title='bbox 216 4384 371 4444; x_wconf 87' lang='lat' dir='ltr'>recti,</span> <span class='ocrx_word' id='word_1_535' title='bbox 406 4399 505 4436; x_wconf 90' lang='lat' dir='ltr'>seu</span> <span class='ocrx_word' id='word_1_536' title='bbox 536 4382 657 4437; x_wconf 89' lang='lat' dir='ltr'>illos</span> <span class='ocrx_word' id='word_1_537' title='bbox 688 4384 777 4453; x_wconf 92' lang='lat' dir='ltr'>qui</span> <span class='ocrx_word' id='word_1_538' title='bbox 809 4400 839 4437; x_wconf 94' lang='lat' dir='ltr'>a</span> <span class='ocrx_word' id='word_1_539' title='bbox 869 4384 1135 4454; x_wconf 87' lang='lat' dir='ltr'>principio</span> <span class='ocrx_word' id='word_1_540' title='bbox 1182 4392 1421 4454; x_wconf 58' lang='lat' dir='ltr'>accepta</span> <span class='ocrx_word' id='word_1_541' title='bbox 1451 4384 1577 4438; x_wconf 80' lang='lat' dir='ltr'>fidei</span> <span class='ocrx_word' id='word_1_542' title='bbox 1607 4385 1813 4454; x_wconf 89' lang='lat' dir='ltr'>perdu-</span> 
     </span>
    </p>
   </div>
   <div class='ocr_carea' id='block_1_71' title="bbox 217 4471 1812 4542">
    <p class='ocr_par' dir='ltr' id='par_1_71' title="bbox 217 4471 1812 4542">
     <span class='ocr_line' id='line_1_71' title="bbox 217 4471 1812 4542; baseline 0.003 -19"><span class='ocrx_word' id='word_1_543' title='bbox 217 4479 495 4539; x_wconf 85' lang='lat' dir='ltr'>raverunt,</span> <span class='ocrx_word' id='word_1_544' title='bbox 530 4471 584 4523; x_wconf 91' lang='lat' dir='ltr'>in</span> <span class='ocrx_word' id='word_1_545' title='bbox 632 4472 775 4526; x_wconf 90' lang='lat' dir='ltr'>bono</span> <span class='ocrx_word' id='word_1_546' title='bbox 824 4473 1183 4527; x_wconf 89' lang='lat' dir='ltr'>consulendo.</span> <span class='ocrx_word' id='word_1_547' title='bbox 1227 4474 1290 4527; x_wconf 85' lang='lat' dir='ltr'>Hi</span> <span class='ocrx_word' id='word_1_548' title='bbox 1338 4474 1482 4527; x_wconf 91' lang='lat' dir='ltr'>enim</span> <span class='ocrx_word' id='word_1_549' title='bbox 1514 4474 1680 4527; x_wconf 91' lang='lat' dir='ltr'>multa</span> <span class='ocrx_word' id='word_1_550' title='bbox 1710 4489 1812 4542; x_wconf 89' lang='lat' dir='ltr'>pa-</span> 
     </span>
    </p>
   </div>
   <div class='ocr_carea' id='block_1_72' title="bbox 218 4558 1812 4632">
    <p class='ocr_par' dir='ltr' id='par_1_72' title="bbox 218 4558 1812 4632">
     <span class='ocr_line' id='line_1_72' title="bbox 218 4558 1812 4632; baseline 0.004 -21"><span class='ocrx_word' id='word_1_551' title='bbox 218 4560 492 4613; x_wconf 87' lang='lat' dir='ltr'>tiebantur</span> <span class='ocrx_word' id='word_1_552' title='bbox 541 4576 570 4612; x_wconf 89' lang='lat' dir='ltr'>a</span> <span class='ocrx_word' id='word_1_553' title='bbox 636 4558 892 4614; x_wconf 86' lang='lat' dir='ltr'>fratribus</span> <span class='ocrx_word' id='word_1_554' title='bbox 937 4561 1233 4630; x_wconf 89' lang='lat' dir='ltr'>perversis,</span> <span class='ocrx_word' id='word_1_555' title='bbox 1292 4577 1429 4632; x_wconf 90' lang='lat' dir='ltr'>quos</span> <span class='ocrx_word' id='word_1_556' title='bbox 1481 4561 1559 4615; x_wconf 91' lang='lat' dir='ltr'>illi</span> <span class='ocrx_word' id='word_1_557' title='bbox 1606 4563 1812 4631; x_wconf 90' lang='lat' dir='ltr'>pseudo</span> 
     </span>
    </p>
   </div>
   <div class='ocr_carea' id='block_1_73' title="bbox 216 4647 1812 4720">
    <p class='ocr_par' dir='ltr' id='par_1_73' title="bbox 216 4647 1812 4720">
     <span class='ocr_line' id='line_1_73' title="bbox 216 4647 1812 4720; baseline 0.002 -19"><span class='ocrx_word' id='word_1_558' title='bbox 216 4648 563 4701; x_wconf 88' lang='lat' dir='ltr'>concitabant</span> <span class='ocrx_word' id='word_1_559' title='bbox 593 4647 647 4700; x_wconf 93' lang='lat' dir='ltr'>in</span> <span class='ocrx_word' id='word_1_560' title='bbox 676 4656 912 4703; x_wconf 85' lang='lat' dir='ltr'>sanctos.</span> <span class='ocrx_word' id='word_1_561' title='bbox 949 4650 1193 4720; x_wconf 90' lang='lat' dir='ltr'>Cumque</span> <span class='ocrx_word' id='word_1_562' title='bbox 1222 4666 1413 4704; x_wconf 89' lang='lat' dir='ltr'>omnes</span> <span class='ocrx_word' id='word_1_563' title='bbox 1442 4650 1614 4704; x_wconf 91' lang='lat' dir='ltr'>bonos</span> <span class='ocrx_word' id='word_1_564' title='bbox 1646 4650 1812 4704; x_wconf 89' lang='lat' dir='ltr'>indif-</span> 
     </span>
    </p>
   </div>
   <div class='ocr_carea' id='block_1_74' title="bbox 218 4736 1812 4809">
    <p class='ocr_par' dir='ltr' id='par_1_74' title="bbox 218 4736 1812 4809">
     <span class='ocr_line' id='line_1_74' title="bbox 218 4736 1812 4809; baseline 0.005 -23"><span class='ocrx_word' id='word_1_565' title='bbox 218 4736 453 4789; x_wconf 88' lang='lat' dir='ltr'>ferenter</span> <span class='ocrx_word' id='word_1_566' title='bbox 478 4736 806 4799; x_wconf 84' lang='lat' dir='ltr'>consoletur,</span> <span class='ocrx_word' id='word_1_567' title='bbox 862 4753 984 4791; x_wconf 88' lang='lat' dir='ltr'>eum</span> <span class='ocrx_word' id='word_1_568' title='bbox 1033 4755 1195 4808; x_wconf 88' lang='lat' dir='ltr'>quem</span> <span class='ocrx_word' id='word_1_569' title='bbox 1244 4755 1309 4792; x_wconf 86' lang='lat' dir='ltr'>ex</span> <span class='ocrx_word' id='word_1_570' title='bbox 1358 4739 1575 4793; x_wconf 88' lang='lat' dir='ltr'>nomine</span> <span class='ocrx_word' id='word_1_571' title='bbox 1626 4756 1812 4809; x_wconf 87' lang='lat' dir='ltr'>repre-</span> 
     </span>
    </p>
   </div>
   <div class='ocr_carea' id='block_1_75' title="bbox 1916 3592 3509 3661">
    <p class='ocr_par' dir='ltr' id='par_1_75' title="bbox 1916 3592 3509 3661">
     <span class='ocr_line' id='line_1_75' title="bbox 1916 3592 3509 3661; baseline 0.005 -18"><span class='ocrx_word' id='word_1_572' title='bbox 1916 3607 2018 3661; x_wconf 89' lang='lat' dir='ltr'>pro</span> <span class='ocrx_word' id='word_1_573' title='bbox 2067 3599 2288 3660; x_wconf 90' lang='lat' dir='ltr'>peccato</span> <span class='ocrx_word' id='word_1_574' title='bbox 2335 3608 2393 3646; x_wconf 90' lang='lat' dir='ltr'>se</span> <span class='ocrx_word' id='word_1_575' title='bbox 2443 3592 2735 3646; x_wconf 89' lang='lat' dir='ltr'>alienatum</span> <span class='ocrx_word' id='word_1_576' title='bbox 2793 3593 3066 3647; x_wconf 91' lang='lat' dir='ltr'>humiliter</span> <span class='ocrx_word' id='word_1_577' title='bbox 3114 3596 3379 3650; x_wconf 90' lang='lat' dir='ltr'>toleravit.</span> <span class='ocrx_word' id='word_1_578' title='bbox 3429 3598 3509 3651; x_wconf 92' lang='lat' dir='ltr'>De</span> 
     </span>
    </p>
   </div>
   <div class='ocr_carea' id='block_1_76' title="bbox 1916 3679 3512 3753">
    <p class='ocr_par' dir='ltr' id='par_1_76' title="bbox 1916 3679 3512 3753">
     <span class='ocr_line' id='line_1_76' title="bbox 1916 3679 3512 3753; baseline 0.003 -20"><span class='ocrx_word' id='word_1_579' title='bbox 1916 3679 2158 3734; x_wconf 87' lang='lat' dir='ltr'>collectis</span> <span class='ocrx_word' id='word_1_580' title='bbox 2208 3680 2387 3745; x_wconf 86' lang='lat' dir='ltr'>etiam,</span> <span class='ocrx_word' id='word_1_581' title='bbox 2437 3681 2504 3734; x_wconf 90' lang='lat' dir='ltr'>de</span> <span class='ocrx_word' id='word_1_582' title='bbox 2553 3681 2750 3751; x_wconf 92' lang='lat' dir='ltr'>quibus</span> <span class='ocrx_word' id='word_1_583' title='bbox 2797 3682 2851 3734; x_wconf 88' lang='lat' dir='ltr'>in</span> <span class='ocrx_word' id='word_1_584' title='bbox 2897 3682 3075 3751; x_wconf 89' lang='lat' dir='ltr'>prima</span> <span class='ocrx_word' id='word_1_585' title='bbox 3117 3684 3360 3753; x_wconf 88' lang='lat' dir='ltr'>Epistola</span> <span class='ocrx_word' id='word_1_586' title='bbox 3405 3684 3512 3737; x_wconf 88' lang='lat' dir='ltr'>illis</span> 
     </span>
    </p>
   </div>
   <div class='ocr_carea' id='block_1_77' title="bbox 1918 3768 3515 3841">
    <p class='ocr_par' dir='ltr' id='par_1_77' title="bbox 1918 3768 3515 3841">
     <span class='ocr_line' id='line_1_77' title="bbox 1918 3768 3515 3841; baseline 0.003 -19"><span class='ocrx_word' id='word_1_587' title='bbox 1918 3768 2225 3838; x_wconf 87' lang='lat' dir='ltr'>scripserat,</span> <span class='ocrx_word' id='word_1_588' title='bbox 2259 3770 2315 3822; x_wconf 93' lang='lat' dir='ltr'>in</span> <span class='ocrx_word' id='word_1_589' title='bbox 2347 3770 2446 3824; x_wconf 91' lang='lat' dir='ltr'>hac</span> <span class='ocrx_word' id='word_1_590' title='bbox 2476 3768 2722 3823; x_wconf 65' lang='lat' dir='ltr'>diffusius</span> <span class='ocrx_word' id='word_1_591' title='bbox 2752 3770 2883 3840; x_wconf 85' lang='lat' dir='ltr'>agit,</span> <span class='ocrx_word' id='word_1_592' title='bbox 2936 3779 2995 3824; x_wconf 90' lang='lat' dir='ltr'>ut</span> <span class='ocrx_word' id='word_1_593' title='bbox 3026 3772 3118 3841; x_wconf 93' lang='lat' dir='ltr'>qui</span> <span class='ocrx_word' id='word_1_594' title='bbox 3148 3772 3296 3827; x_wconf 85' lang='lat' dir='ltr'>brevi</span> <span class='ocrx_word' id='word_1_595' title='bbox 3325 3772 3515 3827; x_wconf 91' lang='lat' dir='ltr'>admo-</span> 
     </span>
    </p>
   </div>
   <div class='ocr_carea' id='block_1_78' title="bbox 1916 3856 3514 3931">
    <p class='ocr_par' dir='ltr' id='par_1_78' title="bbox 1916 3856 3514 3931">
     <span class='ocr_line' id='line_1_78' title="bbox 1916 3856 3514 3931; baseline 0.003 -22"><span class='ocrx_word' id='word_1_596' title='bbox 1916 3856 2119 3910; x_wconf 89' lang='lat' dir='ltr'>nitione</span> <span class='ocrx_word' id='word_1_597' title='bbox 2148 3857 2305 3911; x_wconf 88' lang='lat' dir='ltr'>abusi</span> <span class='ocrx_word' id='word_1_598' title='bbox 2336 3857 2563 3923; x_wconf 86' lang='lat' dir='ltr'>fuerant,</span> <span class='ocrx_word' id='word_1_599' title='bbox 2598 3858 2783 3913; x_wconf 90' lang='lat' dir='ltr'>iterata</span> <span class='ocrx_word' id='word_1_600' title='bbox 2812 3866 2865 3912; x_wconf 89' lang='lat' dir='ltr'>et</span> <span class='ocrx_word' id='word_1_601' title='bbox 2905 3860 3083 3931; x_wconf 87' lang='lat' dir='ltr'>magis</span> <span class='ocrx_word' id='word_1_602' title='bbox 3126 3860 3390 3929; x_wconf 89' lang='lat' dir='ltr'>producta</span> <span class='ocrx_word' id='word_1_603' title='bbox 3420 3862 3514 3914; x_wconf 89' lang='lat' dir='ltr'>ad-</span> 
     </span>
    </p>
   </div>
   <div class='ocr_carea' id='block_1_79' title="bbox 1914 3946 3509 4003">
    <p class='ocr_par' dir='ltr' id='par_1_79' title="bbox 1914 3946 3509 4003">
     <span class='ocr_line' id='line_1_79' title="bbox 1914 3946 3509 4003; baseline 0.003 -5"><span class='ocrx_word' id='word_1_604' title='bbox 1914 3946 2211 4000; x_wconf 90' lang='lat' dir='ltr'>monitione</span> <span class='ocrx_word' id='word_1_605' title='bbox 2258 3948 2327 4001; x_wconf 90' lang='lat' dir='ltr'>de</span> <span class='ocrx_word' id='word_1_606' title='bbox 2376 3948 2568 4001; x_wconf 89' lang='lat' dir='ltr'>eodem</span> <span class='ocrx_word' id='word_1_607' title='bbox 2612 3956 2957 4002; x_wconf 90' lang='lat' dir='ltr'>contemnere</span> <span class='ocrx_word' id='word_1_608' title='bbox 3006 3964 3115 4002; x_wconf 92' lang='lat' dir='ltr'>non</span> <span class='ocrx_word' id='word_1_609' title='bbox 3164 3949 3415 4003; x_wconf 89' lang='lat' dir='ltr'>audeant.</span> <span class='ocrx_word' id='word_1_610' title='bbox 3451 3950 3509 4003; x_wconf 91' lang='lat' dir='ltr'><strong>In</strong></span> 
     </span>
    </p>
   </div>
   <div class='ocr_carea' id='block_1_80' title="bbox 1914 4034 3515 4105">
    <p class='ocr_par' dir='ltr' id='par_1_80' title="bbox 1914 4034 3515 4105">
     <span class='ocr_line' id='line_1_80' title="bbox 1914 4034 3515 4105; baseline 0.002 -18"><span class='ocrx_word' id='word_1_611' title='bbox 1914 4034 2015 4088; x_wconf 89' lang='lat' dir='ltr'>hac</span> <span class='ocrx_word' id='word_1_612' title='bbox 2043 4042 2224 4088; x_wconf 89' lang='lat' dir='ltr'>autem</span> <span class='ocrx_word' id='word_1_613' title='bbox 2253 4035 2498 4104; x_wconf 90' lang='lat' dir='ltr'>Epistola</span> <span class='ocrx_word' id='word_1_614' title='bbox 2541 4036 2769 4089; x_wconf 89' lang='lat' dir='ltr'>materia</span> <span class='ocrx_word' id='word_1_615' title='bbox 2815 4044 2938 4089; x_wconf 90' lang='lat' dir='ltr'>sunt</span> <span class='ocrx_word' id='word_1_616' title='bbox 2968 4034 3070 4105; x_wconf 90' lang='lat' dir='ltr'>ipsi</span> <span class='ocrx_word' id='word_1_617' title='bbox 3117 4037 3278 4091; x_wconf 90' lang='lat' dir='ltr'>iidem</span> <span class='ocrx_word' id='word_1_618' title='bbox 3325 4038 3515 4091; x_wconf 86' lang='lat' dir='ltr'>Corin-</span> 
     </span>
    </p>
   </div>
   <div class='ocr_carea' id='block_1_81' title="bbox 1914 4122 3516 4195">
    <p class='ocr_par' dir='ltr' id='par_1_81' title="bbox 1914 4122 3516 4195">
     <span class='ocr_line' id='line_1_81' title="bbox 1914 4122 3516 4195; baseline 0.002 -20"><span class='ocrx_word' id='word_1_619' title='bbox 1914 4122 2011 4175; x_wconf 86' lang='lat' dir='ltr'>thii</span> <span class='ocrx_word' id='word_1_620' title='bbox 2042 4123 2271 4177; x_wconf 90' lang='lat' dir='ltr'>correcti</span> <span class='ocrx_word' id='word_1_621' title='bbox 2302 4139 2397 4177; x_wconf 91' lang='lat' dir='ltr'>seu</span> <span class='ocrx_word' id='word_1_622' title='bbox 2428 4123 2739 4178; x_wconf 90' lang='lat' dir='ltr'>incorrecti.</span> <span class='ocrx_word' id='word_1_623' title='bbox 2774 4125 2853 4177; x_wconf 90' lang='lat' dir='ltr'>De</span> <span class='ocrx_word' id='word_1_624' title='bbox 2900 4124 2982 4177; x_wconf 90' lang='lat' dir='ltr'>his</span> <span class='ocrx_word' id='word_1_625' title='bbox 3030 4132 3210 4179; x_wconf 89' lang='lat' dir='ltr'>autem</span> <span class='ocrx_word' id='word_1_626' title='bbox 3241 4124 3355 4195; x_wconf 87' lang='lat' dir='ltr'>agit</span> <span class='ocrx_word' id='word_1_627' title='bbox 3385 4141 3516 4179; x_wconf 92' lang='lat' dir='ltr'>con-</span> 
     </span>
    </p>
   </div>
   <div class='ocr_carea' id='block_1_82' title="bbox 1916 4210 3516 4282">
    <p class='ocr_par' dir='ltr' id='par_1_82' title="bbox 1916 4210 3516 4282">
     <span class='ocr_line' id='line_1_82' title="bbox 1916 4210 3516 4282; baseline 0.003 -19"><span class='ocrx_word' id='word_1_628' title='bbox 1916 4210 2142 4265; x_wconf 91' lang='lat' dir='ltr'>solando</span> <span class='ocrx_word' id='word_1_629' title='bbox 2191 4211 2380 4275; x_wconf 86' lang='lat' dir='ltr'>bonos,</span> <span class='ocrx_word' id='word_1_630' title='bbox 2432 4228 2501 4265; x_wconf 89' lang='lat' dir='ltr'>ne</span> <span class='ocrx_word' id='word_1_631' title='bbox 2548 4210 2802 4266; x_wconf 86' lang='lat' dir='ltr'>deficiant</span> <span class='ocrx_word' id='word_1_632' title='bbox 2850 4212 2902 4264; x_wconf 91' lang='lat' dir='ltr'>in</span> <span class='ocrx_word' id='word_1_633' title='bbox 2950 4212 3236 4277; x_wconf 89' lang='lat' dir='ltr'>adversis;</span> <span class='ocrx_word' id='word_1_634' title='bbox 3271 4213 3368 4267; x_wconf 91' lang='lat' dir='ltr'>sed</span> <span class='ocrx_word' id='word_1_635' title='bbox 3420 4230 3516 4282; x_wconf 88' lang='lat' dir='ltr'>per</span> 
     </span>
    </p>
   </div>
   <div class='ocr_carea' id='block_1_83' title="bbox 1915 4299 3513 4369">
    <p class='ocr_par' dir='ltr' id='par_1_83' title="bbox 1915 4299 3513 4369">
     <span class='ocr_line' id='line_1_83' title="bbox 1915 4299 3513 4369; baseline 0.002 -17"><span class='ocrx_word' id='word_1_636' title='bbox 1915 4299 2228 4369; x_wconf 88' lang='lat' dir='ltr'>patientiam</span> <span class='ocrx_word' id='word_1_637' title='bbox 2259 4299 2664 4353; x_wconf 90' lang='lat' dir='ltr'>tribulationum</span> <span class='ocrx_word' id='word_1_638' title='bbox 2694 4300 2942 4354; x_wconf 89' lang='lat' dir='ltr'>certatim</span> <span class='ocrx_word' id='word_1_639' title='bbox 2987 4299 3269 4369; x_wconf 83' lang='lat' dir='ltr'>proﬁciant</span> <span class='ocrx_word' id='word_1_640' title='bbox 3319 4301 3373 4354; x_wconf 91' lang='lat' dir='ltr'>in</span> <span class='ocrx_word' id='word_1_641' title='bbox 3411 4317 3513 4355; x_wconf 88' lang='lat' dir='ltr'>au-</span> 
     </span>
    </p>
   </div>
   <div class='ocr_carea' id='block_1_84' title="bbox 1915 4387 3515 4460">
    <p class='ocr_par' dir='ltr' id='par_1_84' title="bbox 1915 4387 3515 4460">
     <span class='ocr_line' id='line_1_84' title="bbox 1915 4387 3515 4460; baseline 0.002 -19"><span class='ocrx_word' id='word_1_642' title='bbox 1915 4397 2192 4460; x_wconf 89' lang='lat' dir='ltr'>gmentum</span> <span class='ocrx_word' id='word_1_643' title='bbox 2223 4387 2499 4440; x_wconf 90' lang='lat' dir='ltr'>virtutum.</span> <span class='ocrx_word' id='word_1_644' title='bbox 2552 4388 2875 4442; x_wconf 89' lang='lat' dir='ltr'>Incorrectis</span> <span class='ocrx_word' id='word_1_645' title='bbox 2922 4404 3051 4443; x_wconf 89' lang='lat' dir='ltr'>vero</span> <span class='ocrx_word' id='word_1_646' title='bbox 3083 4406 3325 4444; x_wconf 90' lang='lat' dir='ltr'>errorem</span> <span class='ocrx_word' id='word_1_647' title='bbox 3357 4407 3515 4445; x_wconf 90' lang='lat' dir='ltr'>suum</span> 
     </span>
    </p>
   </div>
   <div class='ocr_carea' id='block_1_85' title="bbox 1917 4476 3514 4548">
    <p class='ocr_par' dir='ltr' id='par_1_85' title="bbox 1917 4476 3514 4548">
     <span class='ocr_line' id='line_1_85' title="bbox 1917 4476 3514 4548; baseline 0.003 -18"><span class='ocrx_word' id='word_1_648' title='bbox 1917 4484 1969 4530; x_wconf 93' lang='lat' dir='ltr'>et</span> <span class='ocrx_word' id='word_1_649' title='bbox 2026 4484 2311 4546; x_wconf 86' lang='lat' dir='ltr'>peccatum</span> <span class='ocrx_word' id='word_1_650' title='bbox 2367 4476 2718 4546; x_wconf 86' lang='lat' dir='ltr'>imprOperat,</span> <span class='ocrx_word' id='word_1_651' title='bbox 2783 4493 2848 4531; x_wconf 90' lang='lat' dir='ltr'>ea</span> <span class='ocrx_word' id='word_1_652' title='bbox 2904 4478 3087 4548; x_wconf 88' lang='lat' dir='ltr'>utique</span> <span class='ocrx_word' id='word_1_653' title='bbox 3118 4478 3415 4533; x_wconf 90' lang='lat' dir='ltr'>intentione</span> <span class='ocrx_word' id='word_1_654' title='bbox 3446 4480 3514 4534; x_wconf 91' lang='lat' dir='ltr'>de</span> 
     </span>
    </p>
   </div>
   <div class='ocr_carea' id='block_1_86' title="bbox 1916 4564 3513 4637">
    <p class='ocr_par' dir='ltr' id='par_1_86' title="bbox 1916 4564 3513 4637">
     <span class='ocr_line' id='line_1_86' title="bbox 1916 4564 3513 4637; baseline 0.003 -20"><span class='ocrx_word' id='word_1_655' title='bbox 1916 4566 2158 4635; x_wconf 89' lang='lat' dir='ltr'>utrisque</span> <span class='ocrx_word' id='word_1_656' title='bbox 2187 4564 2388 4630; x_wconf 89' lang='lat' dir='ltr'>habita,</span> <span class='ocrx_word' id='word_1_657' title='bbox 2451 4572 2507 4617; x_wconf 90' lang='lat' dir='ltr'>ut</span> <span class='ocrx_word' id='word_1_658' title='bbox 2559 4564 2930 4619; x_wconf 87' lang='lat' dir='ltr'>diversitatem</span> <span class='ocrx_word' id='word_1_659' title='bbox 2980 4582 3167 4620; x_wconf 88' lang='lat' dir='ltr'>eorum</span> <span class='ocrx_word' id='word_1_660' title='bbox 3215 4568 3268 4620; x_wconf 91' lang='lat' dir='ltr'>in</span> <span class='ocrx_word' id='word_1_661' title='bbox 3318 4584 3513 4637; x_wconf 82' lang='lat' dir='ltr'>quam-</span> 
     </span>
    </p>
   </div>
   <div class='ocr_carea' id='block_1_87' title="bbox 1916 4652 3514 4723">
    <p class='ocr_par' dir='ltr' id='par_1_87' title="bbox 1916 4652 3514 4723">
     <span class='ocr_line' id='line_1_87' title="bbox 1916 4652 3514 4723; baseline 0.001 -17"><span class='ocrx_word' id='word_1_662' title='bbox 1916 4654 2039 4707; x_wconf 90' lang='lat' dir='ltr'>dam</span> <span class='ocrx_word' id='word_1_663' title='bbox 2072 4652 2285 4723; x_wconf 88' lang='lat' dir='ltr'>redigat</span> <span class='ocrx_word' id='word_1_664' title='bbox 2331 4652 2607 4718; x_wconf 89' lang='lat' dir='ltr'>unitatem,</span> <span class='ocrx_word' id='word_1_665' title='bbox 2661 4653 2866 4707; x_wconf 90' lang='lat' dir='ltr'>scilicet</span> <span class='ocrx_word' id='word_1_666' title='bbox 2894 4662 2951 4707; x_wconf 93' lang='lat' dir='ltr'>ut</span> <span class='ocrx_word' id='word_1_667' title='bbox 2982 4662 3033 4709; x_wconf 91' lang='lat' dir='ltr'>et</span> <span class='ocrx_word' id='word_1_668' title='bbox 3079 4655 3204 4709; x_wconf 87' lang='lat' dir='ltr'>boni</span> <span class='ocrx_word' id='word_1_669' title='bbox 3232 4656 3285 4708; x_wconf 90' lang='lat' dir='ltr'>in</span> <span class='ocrx_word' id='word_1_670' title='bbox 3318 4656 3514 4709; x_wconf 89' lang='lat' dir='ltr'>melius</span> 
     </span>
    </p>
   </div>
   <div class='ocr_carea' id='block_1_88' title="bbox 1917 4740 3513 4811">
    <p class='ocr_par' dir='ltr' id='par_1_88' title="bbox 1917 4740 3513 4811">
     <span class='ocr_line' id='line_1_88' title="bbox 1917 4740 3513 4811; baseline 0.002 -18"><span class='ocrx_word' id='word_1_671' title='bbox 1917 4740 2234 4811; x_wconf 79' lang='lat' dir='ltr'>proficiant,</span> <span class='ocrx_word' id='word_1_672' title='bbox 2271 4748 2319 4794; x_wconf 88' lang='lat' dir='ltr'>et</span> <span class='ocrx_word' id='word_1_673' title='bbox 2350 4740 2477 4799; x_wconf 87' lang='lat' dir='ltr'>mali</span> <span class='ocrx_word' id='word_1_674' title='bbox 2511 4740 2836 4795; x_wconf 90' lang='lat' dir='ltr'>declinando</span> <span class='ocrx_word' id='word_1_675' title='bbox 2868 4758 3110 4797; x_wconf 91' lang='lat' dir='ltr'>errorem</span> <span class='ocrx_word' id='word_1_676' title='bbox 3144 4759 3319 4809; x_wconf 89' lang='lat' dir='ltr'>suum,</span> <span class='ocrx_word' id='word_1_677' title='bbox 3359 4742 3513 4797; x_wconf 89' lang='lat' dir='ltr'>salu-</span> 
     </span>
    </p>
   </div>
   <div class='ocr_carea' id='block_1_89' title="bbox 220 4822 2939 4905">
    <p class='ocr_par' dir='ltr' id='par_1_89' title="bbox 220 4822 2939 4905">
     <span class='ocr_line' id='line_1_89' title="bbox 220 4822 2939 4905; baseline 0.003 -31"><span class='ocrx_word' id='word_1_678' title='bbox 220 4822 500 4891; x_wconf 88' lang='lat' dir='ltr'>henderat,</span> <span class='ocrx_word' id='word_1_679' title='bbox 549 4824 675 4893; x_wconf 89' lang='lat' dir='ltr'>quia</span> <span class='ocrx_word' id='word_1_680' title='bbox 715 4840 937 4879; x_wconf 88' lang='lat' dir='ltr'>uxorem</span> <span class='ocrx_word' id='word_1_681' title='bbox 984 4826 1154 4895; x_wconf 87' lang='lat' dir='ltr'>patris</span> <span class='ocrx_word' id='word_1_682' title='bbox 1198 4827 1401 4881; x_wconf 90' lang='lat' dir='ltr'>ducere</span> <span class='ocrx_word' id='word_1_683' title='bbox 1448 4844 1811 4897; x_wconf 63' lang='lat' dir='ltr'>priesumpse-</span> <span class='ocrx_word' id='word_1_684' title='bbox 1834 4846 1887 4905; x_wconf 84' lang='lat' dir='ltr'><strong>D</strong></span> <span class='ocrx_word' id='word_1_685' title='bbox 1918 4828 2000 4882; x_wconf 92' lang='lat' dir='ltr'>bri</span> <span class='ocrx_word' id='word_1_686' title='bbox 2031 4828 2327 4882; x_wconf 88' lang='lat' dir='ltr'>imitatione</span> <span class='ocrx_word' id='word_1_687' title='bbox 2360 4829 2531 4883; x_wconf 88' lang='lat' dir='ltr'>bonos</span> <span class='ocrx_word' id='word_1_688' title='bbox 2562 4828 2939 4899; x_wconf 88' lang='lat' dir='ltr'>insequantur.</span> 
     </span>
    </p>
   </div>
   <div class='ocr_carea' id='block_1_90' title="bbox 220 4911 1813 4986">
    <p class='ocr_par' dir='ltr' id='par_1_90' title="bbox 220 4911 1813 4986">
     <span class='ocr_line' id='line_1_90' title="bbox 220 4911 1813 4986; baseline 0.004 -23"><span class='ocrx_word' id='word_1_689' title='bbox 220 4918 334 4975; x_wconf 89' lang='lat' dir='ltr'>rat,</span> <span class='ocrx_word' id='word_1_690' title='bbox 368 4911 498 4981; x_wconf 89' lang='lat' dir='ltr'>quia</span> <span class='ocrx_word' id='word_1_691' title='bbox 524 4911 665 4966; x_wconf 90' lang='lat' dir='ltr'>bene</span> <span class='ocrx_word' id='word_1_692' title='bbox 717 4921 1020 4967; x_wconf 89' lang='lat' dir='ltr'>correctum</span> <span class='ocrx_word' id='word_1_693' title='bbox 1068 4914 1290 4977; x_wconf 89' lang='lat' dir='ltr'>audivit,</span> <span class='ocrx_word' id='word_1_694' title='bbox 1344 4915 1620 4985; x_wconf 86' lang='lat' dir='ltr'>singulare</span> <span class='ocrx_word' id='word_1_695' title='bbox 1667 4932 1813 4986; x_wconf 58' lang='lat' dir='ltr'>pra}-</span> 
     </span>
    </p>
   </div>
   <div class='ocr_carea' id='block_1_91' title="bbox 908 5109 2800 5198">
    <p class='ocr_par' dir='ltr' id='par_1_91' title="bbox 908 5109 2800 5198">
     <span class='ocr_line' id='line_1_91' title="bbox 908 5109 2800 5198; baseline 0.004 -7"><span class='ocrx_word' id='word_1_696' title='bbox 908 5109 1533 5194; x_wconf 87' lang='lat' dir='ltr'>EPISTOLA</span> <span class='ocrx_word' id='word_1_697' title='bbox 1600 5112 1691 5193; x_wconf 93' lang='lat' dir='ltr'>II</span> <span class='ocrx_word' id='word_1_698' title='bbox 1758 5112 1913 5196; x_wconf 87' lang='lat' dir='ltr'>AD</span> <span class='ocrx_word' id='word_1_699' title='bbox 1990 5112 2800 5198; x_wconf 83' lang='lat' dir='ltr'>CORINTHIOS.</span> 
     </span>
    </p>
   </div>
   <div class='ocr_carea' id='block_1_92' title="bbox 607 5266 1419 5323">
    <p class='ocr_par' dir='ltr' id='par_1_92' title="bbox 607 5266 1419 5323">
     <span class='ocr_line' id='line_1_92' title="bbox 607 5266 1419 5323; baseline 0 -2"><span class='ocrx_word' id='word_1_700' title='bbox 607 5266 829 5321; x_wconf 70' lang='lat'>159</span> <span class='ocrx_word' id='word_1_701' title='bbox 864 5268 1089 5322; x_wconf 83' lang='lat' dir='ltr'>CAPUT</span> <span class='ocrx_word' id='word_1_702' title='bbox 1132 5268 1419 5323; x_wconf 82' lang='lat' dir='ltr'><strong>PRIMUM.</strong></span> 
     </span>
    </p>
   </div>
   <div class='ocr_carea' id='block_1_93' title="bbox 280 5354 1811 5425">
    <p class='ocr_par' dir='ltr' id='par_1_93' title="bbox 280 5354 1811 5425">
     <span class='ocr_line' id='line_1_93' title="bbox 280 5354 1811 5425; baseline 0.005 -21"><span class='ocrx_word' id='word_1_703' title='bbox 280 5374 302 5404; x_wconf 71' lang='grc' dir='ltr'><strong><em>ι</em></strong></span> <span class='ocrx_word' id='word_1_704' title='bbox 339 5354 545 5407; x_wconf 88' lang='lat' dir='ltr'>Paulus</span> <span class='ocrx_word' id='word_1_705' title='bbox 593 5354 869 5423; x_wconf 85' lang='lat' dir='ltr'>apostolus</span> <span class='ocrx_word' id='word_1_706' title='bbox 916 5355 1115 5409; x_wconf 89' lang='lat' dir='ltr'>Christi</span> <span class='ocrx_word' id='word_1_707' title='bbox 1146 5356 1293 5422; x_wconf 84' lang='lat' dir='ltr'>Jesu,</span> <span class='ocrx_word' id='word_1_708' title='bbox 1348 5372 1444 5425; x_wconf 90' lang='lat' dir='ltr'>per</span> <span class='ocrx_word' id='word_1_709' title='bbox 1480 5356 1811 5411; x_wconf 88' lang='lat' dir='ltr'>voluntatem</span> 
     </span>
    </p>
   </div>
   <div class='ocr_carea' id='block_1_94' title="bbox 218 5442 1813 5515">
    <p class='ocr_par' dir='ltr' id='par_1_94' title="bbox 218 5442 1813 5515">
     <span class='ocr_line' id='line_1_94' title="bbox 218 5442 1813 5515; baseline 0.001 -19"><span class='ocrx_word' id='word_1_710' title='bbox 218 5462 239 5490; x_wconf 82' lang='grc' dir='ltr'>ι</span> <span class='ocrx_word' id='word_1_711' title='bbox 272 5442 391 5505; x_wconf 88' lang='lat' dir='ltr'>Dei,</span> <span class='ocrx_word' id='word_1_712' title='bbox 428 5449 483 5495; x_wconf 89' lang='lat' dir='ltr'>et</span> <span class='ocrx_word' id='word_1_713' title='bbox 513 5442 825 5497; x_wconf 88' lang='lat' dir='ltr'>Timotheus</span> <span class='ocrx_word' id='word_1_714' title='bbox 880 5442 1066 5508; x_wconf 89' lang='lat' dir='ltr'>frater,</span> <span class='ocrx_word' id='word_1_715' title='bbox 1130 5444 1389 5499; x_wconf 62' lang='lat' dir='ltr'>Ecclesiae</span> <span class='ocrx_word' id='word_1_716' title='bbox 1434 5444 1533 5498; x_wconf 92' lang='lat' dir='ltr'>Dei</span> <span class='ocrx_word' id='word_1_717' title='bbox 1582 5461 1702 5515; x_wconf 77' lang='lat' dir='ltr'>qua:</span> <span class='ocrx_word' id='word_1_718' title='bbox 1730 5453 1813 5498; x_wconf 91' lang='lat' dir='ltr'>est</span> 
     </span>
    </p>
   </div>
   <div class='ocr_carea' id='block_1_95' title="bbox 214 5529 1810 5603">
    <p class='ocr_par' dir='ltr' id='par_1_95' title="bbox 214 5529 1810 5603">
     <span class='ocr_line' id='line_1_95' title="bbox 214 5529 1810 5603; baseline 0.001 -18"><span class='ocrx_word' id='word_1_719' title='bbox 214 5552 236 5575; x_wconf 71' lang='grc' dir='ltr'><em>α</em></span> <span class='ocrx_word' id='word_1_720' title='bbox 269 5529 535 5595; x_wconf 85' lang='lat' dir='ltr'>Corinthi,</span> <span class='ocrx_word' id='word_1_721' title='bbox 588 5545 710 5584; x_wconf 91' lang='lat' dir='ltr'>cum</span> <span class='ocrx_word' id='word_1_722' title='bbox 758 5531 1010 5585; x_wconf 90' lang='lat' dir='ltr'>omnibus</span> <span class='ocrx_word' id='word_1_723' title='bbox 1060 5532 1262 5587; x_wconf 89' lang='lat' dir='ltr'>sanctis</span> <span class='ocrx_word' id='word_1_724' title='bbox 1311 5532 1401 5603; x_wconf 93' lang='lat' dir='ltr'>qui</span> <span class='ocrx_word' id='word_1_725' title='bbox 1434 5540 1558 5586; x_wconf 92' lang='lat' dir='ltr'>sunt</span> <span class='ocrx_word' id='word_1_726' title='bbox 1602 5532 1654 5586; x_wconf 88' lang='lat' dir='ltr'>in</span> <span class='ocrx_word' id='word_1_727' title='bbox 1686 5533 1810 5587; x_wconf 88' lang='lat' dir='ltr'>uni-</span> 
     </span>
    </p>
   </div>
   <div class='ocr_carea' id='block_1_96' title="bbox 1917 5270 3509 5344">
    <p class='ocr_par' dir='ltr' id='par_1_96' title="bbox 1917 5270 3509 5344">
     <span class='ocr_line' id='line_1_96' title="bbox 1917 5270 3509 5344; baseline 0.006 -23"><span class='ocrx_word' id='word_1_728' title='bbox 1917 5292 1938 5321; x_wconf 74' lang='grc' dir='ltr'><strong><em>ι</em></strong></span> <span class='ocrx_word' id='word_1_729' title='bbox 1974 5286 2137 5325; x_wconf 89' lang='lat' dir='ltr'>versa</span> <span class='ocrx_word' id='word_1_730' title='bbox 2185 5270 2405 5325; x_wconf 83' lang='lat' dir='ltr'>Achaia.</span> <span class='ocrx_word' id='word_1_731' title='bbox 2461 5272 2647 5325; x_wconf 89' lang='lat' dir='ltr'>Gratia</span> <span class='ocrx_word' id='word_1_732' title='bbox 2696 5272 2848 5327; x_wconf 89' lang='lat' dir='ltr'>vobis</span> <span class='ocrx_word' id='word_1_733' title='bbox 2892 5280 2941 5325; x_wconf 91' lang='lat' dir='ltr'>et</span> <span class='ocrx_word' id='word_1_734' title='bbox 2999 5289 3103 5343; x_wconf 85' lang='lat' dir='ltr'>pax</span> <span class='ocrx_word' id='word_1_735' title='bbox 3134 5290 3163 5327; x_wconf 89' lang='lat' dir='ltr'>a</span> <span class='ocrx_word' id='word_1_736' title='bbox 3194 5276 3308 5329; x_wconf 91' lang='lat' dir='ltr'>Deo</span> <span class='ocrx_word' id='word_1_737' title='bbox 3354 5285 3509 5344; x_wconf 90' lang='lat' dir='ltr'>patre</span> 
     </span>
    </p>
   </div>
   <div class='ocr_carea' id='block_1_97' title="bbox 1918 5360 3508 5425">
    <p class='ocr_par' dir='ltr' id='par_1_97' title="bbox 1918 5360 3508 5425">
     <span class='ocr_line' id='line_1_97' title="bbox 1918 5360 3508 5425; baseline 0.003 -13"><span class='ocrx_word' id='word_1_738' title='bbox 1918 5381 1939 5409; x_wconf 72' lang='grc' dir='ltr'>κ</span> <span class='ocrx_word' id='word_1_739' title='bbox 1992 5368 2200 5425; x_wconf 89' lang='lat' dir='ltr'>nostro,</span> <span class='ocrx_word' id='word_1_740' title='bbox 2253 5368 2305 5413; x_wconf 89' lang='lat' dir='ltr'>et</span> <span class='ocrx_word' id='word_1_741' title='bbox 2353 5360 2584 5414; x_wconf 90' lang='lat' dir='ltr'>Domino</span> <span class='ocrx_word' id='word_1_742' title='bbox 2633 5361 2761 5417; x_wconf 82' lang='lat' dir='ltr'>Jesu</span> <span class='ocrx_word' id='word_1_743' title='bbox 2830 5362 3063 5415; x_wconf 88' lang='lat' dir='ltr'>Christo.</span> <span class='ocrx_word' id='word_1_744' title='bbox 3103 5387 3123 5408; x_wconf 74' lang='grc' dir='ltr'><strong><em>α</em></strong></span> <span class='ocrx_word' id='word_1_745' title='bbox 3188 5364 3508 5418; x_wconf 89' lang='lat' dir='ltr'>Benedictus</span> 
     </span>
    </p>
   </div>
   <div class='ocr_carea' id='block_1_98' title="bbox 1919 5448 3505 5522">
    <p class='ocr_par' dir='ltr' id='par_1_98' title="bbox 1919 5448 3505 5522">
     <span class='ocr_line' id='line_1_98' title="bbox 1919 5448 3505 5522; baseline 0.006 -23"><span class='ocrx_word' id='word_1_746' title='bbox 1919 5470 1939 5499; x_wconf 83' lang='grc'><strong>«</strong></span> <span class='ocrx_word' id='word_1_747' title='bbox 1977 5450 2125 5502; x_wconf 90' lang='lat' dir='ltr'>Deus</span> <span class='ocrx_word' id='word_1_748' title='bbox 2156 5457 2207 5503; x_wconf 92' lang='lat' dir='ltr'>et</span> <span class='ocrx_word' id='word_1_749' title='bbox 2231 5449 2386 5501; x_wconf 85' lang='lat' dir='ltr'>Pater</span> <span class='ocrx_word' id='word_1_750' title='bbox 2419 5448 2634 5503; x_wconf 90' lang='lat' dir='ltr'>Domini</span> <span class='ocrx_word' id='word_1_751' title='bbox 2684 5449 2850 5504; x_wconf 89' lang='lat' dir='ltr'>nostri</span> <span class='ocrx_word' id='word_1_752' title='bbox 2879 5450 3007 5504; x_wconf 89' lang='lat' dir='ltr'>Jesu</span> <span class='ocrx_word' id='word_1_753' title='bbox 3040 5450 3237 5503; x_wconf 89' lang='lat' dir='ltr'>Christi</span> <span class='ocrx_word' id='word_1_754' title='bbox 3283 5452 3505 5522; x_wconf 79' lang='lat' dir='ltr'>(Ephes.</span> 
     </span>
    </p>
   </div>
   <div class='ocr_carea' id='block_1_99' title="bbox 1917 5533 3489 5600">
    <p class='ocr_par' dir='ltr' id='par_1_99' title="bbox 1917 5533 3489 5600">
     <span class='ocr_line' id='line_1_99' title="bbox 1917 5533 3489 5600; baseline 0.005 -14"><span class='ocrx_word' id='word_1_755' title='bbox 1917 5556 1937 5579; x_wconf 77' lang='grc' dir='ltr'>α</span> <span class='ocrx_word' id='word_1_756' title='bbox 1978 5548 2013 5600; x_wconf 82' lang='lat' dir='ltr'>t,</span> <span class='ocrx_word' id='word_1_757' title='bbox 2048 5536 2117 5597; x_wconf 88' lang='lat'>3;</span> <span class='ocrx_word' id='word_1_758' title='bbox 2152 5533 2179 5585; x_wconf 88' lang='grc' dir='ltr'><em>Ι</em></span> <span class='ocrx_word' id='word_1_759' title='bbox 2226 5535 2372 5587; x_wconf 87' lang='lat' dir='ltr'>Petr.</span> <span class='ocrx_word' id='word_1_760' title='bbox 2424 5548 2461 5598; x_wconf 82' lang='grc' dir='ltr'>ι,</span> <span class='ocrx_word' id='word_1_761' title='bbox 2508 5534 2584 5599; x_wconf 79' lang='grc'>2).</span> <span class='ocrx_word' id='word_1_762' title='bbox 2624 5553 2645 5581; x_wconf 83' lang='grc'>›</span> <span class='ocrx_word' id='word_1_763' title='bbox 2699 5534 2855 5587; x_wconf 88' lang='lat' dir='ltr'>Pater</span> <span class='ocrx_word' id='word_1_764' title='bbox 2922 5533 3412 5590; x_wconf 87' lang='lat' dir='ltr'>misericordiarum</span> <span class='ocrx_word' id='word_1_765' title='bbox 3459 5553 3489 5594; x_wconf 87' lang='lat' dir='ltr'>e</span> 
     </span>
    </p>
   </div>
  </div>
