3960 6050
408 196 515 251 219

970 196 1027 253 S.
1068 194 1423 253 BRUNONIS
1462 193 2106 253 CARTHUSIANORUM
2142 194 2623 252 INSTITUTORIS
2663 195 2813 252 OPP.
2856 197 3031 253 PARS
3070 198 3136 251 ΙΙ.

3597 201 3701 255 220

416 338 440 369 ι
475 319 625 373 Deus
652 318 814 374 totius
864 320 1267 387 consolationis,
1318 320 1408 393 qui
1452 321 1766 376 consolatur
1808 335 1909 375 nos
1957 319 2010 373 in
2031 320 2087 379 A
2115 320 2216 389 est)
2239 320 2435 374 Paulus
2467 320 2679 393 inquam
2713 323 3017 394 apostolus,
3048 321 3103 376 id
3134 328 3215 376 est
3251 321 3465 393 legatus
3498 320 3707 378 Christi

420 428 443 453 α
479 406 626 461 omni
657 407 1003 463 tribulatione
1030 416 1231 474 nostra,
1265 416 1323 462 ut
1351 409 1622 479 possimus
1654 417 1706 464 et
1734 408 1837 479 ipsi
1866 423 2004 462 con-

420 516 442 545 «
478 495 643 549 solari
675 511 769 550 eos
801 497 890 568 qui
921 497 975 551 in
1006 498 1151 552 omni
1172 513 1431 567 pressura
1462 506 1603 560 sunt,
1635 514 1734 567 per
1756 498 2011 550 exhorta-

420 605 440 629 ιι
479 583 700 648 tionem,
737 600 843 655 qua
891 586 1236 639 exhortamur
1282 593 1335 639 et
1365 585 1467 655 ipsi
1499 600 1532 638 a
1575 586 1707 639 Deo.
1743 584 2009 651 Quoniam

421 694 442 717 α
481 671 619 726 sicut
648 672 921 726 abundant
969 674 1251 743 passiones
1298 672 1495 727 Christi
1545 673 1597 726 in
1644 673 1821 740 nobis,
1858 673 1926 725 ita
1958 680 2009 725 et

421 775 575 829 «per
643 760 916 815 Christum
985 762 1215 815 abundat
1283 760 1582 816 consolatio
1629 770 1832 815 nostra.
1883 760 2008 815 Sive

419 867 441 897 ‹
476 856 656 903 autem
705 849 1025 903 tribulamur
1072 866 1172 919 pro
1220 857 1398 904 vestra
1429 849 1803 904 exhortatione
1835 856 1883 903 et
1913 864 2008 902 sa-

420 959 440 985 ι
477 935 606 1003 lute,
679 938 793 991 sive
840 938 1182 993 consolamur
1236 953 1337 1008 pro
1385 945 1565 992 vestra
1614 936 2004 1001 consolatione,

420 1044 441 1074 ι
478 1025 591 1079 sive
623 1027 969 1080 exhortamur
998 1042 1098 1095 pro
1129 1034 1312 1081 vestra
1339 1026 1711 1081 exhortatione
1742 1033 1794 1080 et
1816 1025 2002 1090 salute,

418 1133 440 1159 α
477 1131 596 1184 quae
645 1121 897 1184 operatur
943 1114 1286 1169 tolerantiam
1324 1115 1637 1169 earumdem
1668 1114 2003 1184 passionum,

418 1222 440 1251 ι
479 1218 612 1272 quas
658 1210 710 1256 et
756 1218 853 1257 nos
899 1203 1179 1273 patimur:
1215 1211 1269 1256 ut
1316 1219 1442 1273 spes
1489 1210 1675 1257 nostra
1724 1201 1877 1255 firma
1940 1201 2009 1255 sit

419 1309 441 1337 α
478 1305 574 1360 pro
613 1290 787 1355 vobis,
843 1291 1076 1347 scientes
1126 1291 1380 1362 quoniam
1429 1291 1565 1346 sicut
1612 1290 1744 1345 socii
1791 1290 2005 1361 passio-

418 1398 440 1428 ι
476 1394 604 1432 num
638 1378 789 1445 estis,
846 1379 923 1434 sic
973 1379 1125 1434 eritis
1173 1388 1227 1433 et
1255 1378 1659 1435 consolationis.
1710 1380 1830 1433 Non
1863 1378 2005 1432 enim

415 1485 438 1516 ι
473 1465 721 1521 volumus
779 1467 1037 1536 ignorare
1108 1483 1207 1522 vos
1272 1467 1489 1528 fratres.
1544 1468 1611 1521 de
1662 1465 2007 1520 tribulatione

418 1574 439 1603 ι
484 1562 673 1608 nostra
705 1571 825 1625 qua:
854 1556 992 1610 facta
1021 1563 1102 1610 est
1132 1556 1185 1608 in
1215 1556 1364 1623 Asia,
1398 1555 1653 1625 quoniam
1686 1569 1852 1625 supra
1882 1570 2007 1608 mo-

418 1664 439 1688 α
472 1642 599 1695 dum
632 1642 842 1714 gravati
874 1660 1076 1707 sumus,
1128 1652 1181 1697 et
1230 1659 1393 1713 supra
1422 1643 1694 1707 virtutem,
1728 1643 1799 1696 ita
1827 1650 1884 1696 ut
1912 1650 2077 1730 tae-B

418 1750 440 1780 ι
478 1731 633 1785 deret
663 1746 762 1786 nos
809 1732 971 1785 etiam
1005 1732 1212 1785 vivere.
1251 1732 1358 1785 Sed
1390 1731 1492 1801 ipsi
1519 1731 1569 1784 in
1601 1731 1894 1801 nobisipsis
1926 1747 2007 1785 re-

419 1839 441 1869 (
474 1834 733 1888 sponsum
777 1819 970 1873 mortis
1003 1819 1315 1885 habuimus,
1358 1827 1413 1873 ut
1442 1835 1551 1873 non
1583 1819 1751 1873 simus
1782 1817 2009 1873 fidentes

416 1926 439 1956 ι
473 1906 526 1960 in
558 1907 735 1973 nobis,
772 1908 867 1962 sed
898 1907 954 1960 in
984 1908 1099 1962 Deo
1135 1908 1225 1978 qui
1251 1908 1473 1963 suscitat
1492 1916 1737 1961 mortuos
1772 1925 1783 1960 :
1820 1907 1909 1978 qui
1941 1905 2009 1961 de

413 2014 435 2045 α
471 1995 633 2049 tantis
663 1994 919 2066 periculis
951 2012 1050 2049 nos
1085 1996 1277 2065 eripuit
1298 2004 1352 2050 et
1382 1996 1519 2049 eruit
1557 2012 1569 2050 :
1608 1996 1662 2049 in
1694 2012 1858 2065 quem
1893 2011 2012 2064 spe-

415 2103 437 2133 ι
471 2098 675 2151 ramus,
748 2083 1005 2155 quoniam
1058 2091 1111 2138 et
1158 2084 1336 2138 adhuc
1385 2083 1576 2153 eripiet
1624 2082 2008 2151 adjuvantibus

414 2192 435 2217 α
473 2178 526 2225 et
555 2170 710 2225 vobis
740 2171 793 2224 in
841 2171 1087 2225 oratione
1131 2187 1230 2241 pro
1281 2171 1439 2225 nobis
1474 2188 1487 2224 :
1521 2179 1577 2224 ut
1628 2187 1692 2225 ex
1722 2170 2010 2223 multarum

416 2279 438 2308 ι
473 2258 724 2328 personis
764 2257 1022 2313 faciemm
1070 2260 1185 2327 ejus
1227 2275 1347 2330 qua:
1377 2259 1432 2312 in
1462 2258 1619 2314 nobis
1652 2266 1732 2313 est
1763 2258 2010 2313 donatio-

414 2368 435 2397 ι
474 2345 556 2400 nis
602 2362 702 2416 per
748 2346 947 2400 multos
994 2347 1183 2418 gratia:
1228 2354 1458 2418 agantur
1502 2362 1602 2417 pro
1648 2346 1831 2401 nobis.
1870 2347 2010 2401 Nam

415 2458 436 2482 α
474 2434 648 2507 gloria
692 2443 881 2490 nostra
928 2436 1042 2490 haec
1096 2443 1197 2497 est,
1251 2435 1617 2489 testimonium
1667 2435 2011 2490 conscientiae

416 2546 438 2570 α
473 2531 689 2590 nostras,
741 2522 887 2594 quod
917 2523 971 2576 in
1021 2523 1361 2593 simplicitate
1392 2523 1574 2579 cordis
1605 2531 1656 2577 et
1700 2523 2009 2578 sinceritate

416 2632 438 2657 α
476 2612 595 2676 Dei,
644 2619 698 2666 et
740 2627 848 2665 non
896 2611 949 2665 in
1002 2612 1268 2682 sapientia
1314 2612 1539 2680 carnali,
1589 2613 1684 2666 sed
1733 2612 1787 2665 in
1836 2612 2010 2683 gratia

415 2719 439 2749 ι
473 2698 571 2753 Dei
603 2700 907 2754 conversati
938 2716 1126 2754 sumus
1156 2700 1209 2753 in
1238 2701 1343 2755 hoc
1388 2701 1610 2764 mundo,
1646 2700 2009 2754 abundantius

416 2811 436 2834 ιι
477 2795 656 2842 autem
688 2787 757 2842 ad
804 2803 924 2843 vos.
979 2789 1102 2843 Non
1151 2788 1294 2842 enim
1343 2789 1451 2842 alia
1498 2789 1781 2842 scribimus
1830 2788 2005 2853 vobis,

417 2898 438 2922 «
475 2892 638 2947 quam
687 2892 806 2946 qua
871 2876 1083 2948 legistis
1133 2884 1183 2931 et
1232 2876 1567 2949 cognovistis
1615 2876 2006 2948 [cognoscitis].

415 2984 437 3015 ι
475 2964 648 3034 Spero
692 2972 870 3018 autem
914 2965 1060 3035 quod
1109 2981 1280 3035 usque
1328 2966 1383 3018 in
1432 2964 1591 3020 finem
1642 2964 2004 3037 cognoscetis,

2112 409 2241 463 Jesu
2270 429 2287 463 :
2316 409 2543 480 gloriam
2590 410 2732 463 enim
2780 410 2981 464 Christi
3029 411 3330 464 annuntiat.
3380 412 3700 481 Apostolus,

2112 498 2251 562 dico,
2289 514 2397 551 non
2427 514 2524 567 per
2554 499 2896 552 temerariam
2946 499 3420 569 praesumptionem
3450 507 3505 553 ut
3534 516 3702 569 pseu-

2112 586 2216 651 do,
2255 586 2350 639 sed
2380 603 2482 657 per
2512 588 2880 649 voluntatem,
2926 587 2981 640 id
3026 595 3109 641 est
3156 604 3256 657 per
3308 587 3706 657 beneplacitum

2111 674 2228 735 Dei,
2263 678 2319 728 et
2349 689 2467 727 cum
2501 690 2565 729 eo
2600 676 2913 729 Timotheus
2952 680 3153 745 frater,
3189 676 3241 728 id
3272 683 3353 730 est
3383 682 3709 745 coeperator

2109 760 2164 814 in
2193 777 2359 831 opere
2382 762 2599 816 Christi.
2626 763 2754 816 Ideo
2778 763 3115 817 Timotheum
3148 764 3380 833 reponit,
3415 780 3514 833 per
3543 779 3705 834 quem

2108 849 2340 919 primam
2375 850 2668 919 Epistolam
2716 851 2972 915 miserat,
3005 859 3063 904 ut
3109 852 3281 907 sciant
3330 852 3432 905 sibi
3482 851 3705 923 cognita

2110 953 2232 991 esse
2280 938 2459 991 omnia
2526 954 2645 1007 qua:
2689 939 2830 1007 apud
2886 955 2981 992 eos
3028 947 3304 1009 geruntur.
3366 939 3583 1005 Paulus,
3615 938 3705 991 in-

2109 1040 2289 1095 quam,
2326 1033 2378 1079 et
2413 1026 2723 1079 Timotheus
2762 1026 3001 1081 scribunt
3021 1028 3301 1091 Ecclesiae,
3323 1026 3375 1080 id
3398 1035 3479 1081 est
3501 1042 3705 1081 convo-

2109 1113 2306 1167 cationi
2325 1112 2586 1167 ﬁdelium.
2609 1114 2869 1169 Ecclesia:
2905 1114 3027 1170 dico
3049 1116 3167 1179 Dei,
3192 1114 3244 1168 id
3269 1123 3350 1169 est
3371 1115 3424 1168 in
3454 1130 3560 1185 qua
3591 1130 3711 1185 gra-

2108 1200 2181 1255 tia
2212 1201 2310 1255 Dei
2340 1209 2545 1255 tantum
2575 1210 2847 1271 operatur,
2889 1210 2941 1256 et
2971 1218 3077 1257 non
3110 1203 3303 1257 merita
3332 1203 3616 1257 doctorum
3646 1211 3705 1257 ut

2108 1290 2316 1359 pseudo
2329 1288 2650 1359 gloriantur.
2669 1291 2929 1345 Ecclesia:
2940 1290 3063 1345 dico
3076 1307 3196 1362 qua:
3210 1295 3291 1345 est
3309 1291 3592 1346 Corinthi.
3609 1291 3709 1345 Co-

2106 1377 2424 1431 rinthiorum
2463 1378 2649 1449 utique
2680 1378 2939 1432 Ecclesia:
2961 1379 3148 1434 scribit
3180 1396 3308 1434 cum
3339 1380 3614 1445 omnibus,
3650 1379 3706 1433 id

2108 1473 2188 1519 est
2218 1473 2269 1519 ot
2298 1466 2547 1519 omnibus
2576 1468 2811 1532 sanctis,
2845 1467 2897 1520 id
2929 1475 3011 1521 est
3040 1468 3093 1520 in
3124 1467 3390 1537 baptismo
3420 1484 3517 1538 per
3550 1467 3706 1522 Chri-

2108 1561 2245 1607 stum
2280 1553 2625 1609 sanctificatis
2658 1570 2670 1607 :
2705 1572 2833 1609 cum
2874 1555 3131 1610 omnibus
3160 1555 3282 1609 dico
3312 1558 3408 1626 qui
3455 1560 3591 1611 sunt
3640 1558 3704 1610 in

2108 1642 2325 1697 I57
2368 1644 2634 1697 universa
2675 1642 2904 1697 Achaia.
2960 1642 3127 1710 Quasi
3160 1643 3365 1697 diceret
3399 1658 3410 1695 :
3445 1643 3707 1698 Ecclesiae

2107 1730 2348 1784 Corinthi
2392 1730 2747 1801 omnibusque
2790 1731 3048 1785 Ecclesiis
3076 1730 3151 1784 illi
3182 1731 3457 1798 subjectis.
3501 1731 3705 1785 Achaia

2108 1818 2248 1872 enim
2279 1818 2474 1873 dicitur
2502 1818 2798 1888 provincia,
2834 1819 2887 1872 in
2919 1834 3023 1890 qua
3069 1819 3383 1889 metropolis
3413 1819 3703 1873 Corinthus

2109 1906 2211 1960 sita
2240 1914 2373 1961 erat.
2415 1908 2562 1961 Vobis
2610 1907 2902 1961 Corinthiis
2935 1907 3003 1961 sit
3030 1909 3234 1977 gratia,
3268 1906 3353 1960 his
3392 1907 3481 1977 qui
3511 1923 3703 1976 pecca-

2108 2002 2303 2049 verunt
2352 1995 2591 2049 secunda
2647 1995 2946 2049 remissio:
3018 1996 3102 2048 his
3147 1994 3237 2065 qui
3282 1995 3420 2049 bene
3469 1995 3704 2050 correcti

2110 2089 2251 2143 sunt,
2285 2082 2371 2137 vel
2398 2083 2489 2153 qui
2516 2090 2639 2153 post
2660 2090 2937 2152 acceptam
2983 2082 3145 2137 ﬁdem
3177 2099 3284 2137 non
3316 2090 3698 2152 peccaverunt,

2109 2170 2175 2223 sit
2206 2171 2613 2240 perseverantia
2647 2171 2838 2243 gratiae
2872 2171 3011 2225 bene
3044 2171 3344 2225 custodita).
3385 2171 3453 2224 Et
3483 2171 3531 2225 ei
3560 2170 3706 2226 scili-

2109 2266 2194 2313 cet
2226 2258 2294 2311 sit
2320 2276 2459 2330 pax,
2491 2259 2545 2312 id
2576 2267 2657 2313 est
2680 2260 2823 2313 bona
2844 2259 3207 2329 tranquillitas
3237 2258 3401 2313 animi
3428 2276 3461 2312 a
3483 2260 3587 2313 Deo
3610 2258 3702 2329 qui

2109 2353 2285 2416 potest
2317 2363 2329 2399 :
2363 2349 2533 2401 Patre
2564 2351 2777 2414 nostro,
2809 2347 2897 2417 qui
2922 2347 3068 2417 pium
3097 2347 3164 2400 ad
3194 2362 3293 2401 nos
3324 2345 3577 2401 affectum
3608 2347 3703 2399 ha-

2110 2435 2220 2501 bet,
2255 2438 2309 2489 et
2338 2451 2372 2489 a
2401 2436 2505 2490 Deo
2539 2435 2631 2506 qui
2662 2434 2907 2489 similiter
2936 2443 3110 2504 potest
3137 2475 3151 2500 ,
3211 2437 3342 2489 Jesu
3374 2434 3613 2499 Christo,
3646 2441 3701 2488 et

2110 2522 2222 2576 vult
2257 2537 2268 2575 :
2301 2522 2426 2593 quia
2458 2523 2665 2577 salvare
2715 2539 2816 2577 nos
2866 2522 3099 2578 ofﬁcium
3130 2523 3244 2591 ejus
3275 2530 3373 2576 est.
3409 2522 3566 2576 Nunc
3595 2522 3702 2576 im-

2109 2610 2299 2679 primis
2329 2610 2534 2679 gratias
2564 2610 2679 2682 agit
2707 2612 2821 2665 Deo
2848 2626 2944 2681 pro
2964 2610 3371 2681 perseverantia
3396 2626 3576 2665 eorum
3609 2610 3700 2681 qui

2109 2698 2244 2768 lapsi
2276 2714 2384 2753 non
2409 2698 2641 2763 fuerant,
2676 2707 2729 2753 et
2759 2714 2857 2769 pro
2887 2699 3227 2754 correctione
3260 2715 3470 2765 eorum,
3504 2698 3592 2770 qui
3622 2715 3701 2753 er-

2111 2802 2236 2841 rore
2267 2795 2575 2857 contempto
2608 2788 2744 2841 bene
2777 2804 2835 2840 se
2864 2788 3283 2841 emendaverant
3312 2805 3325 2840 :
3358 2787 3691 2842 consolatur-

2111 2891 2215 2945 que
2247 2875 2468 2929 eosdem
2498 2875 2747 2944 exemplo
2776 2890 2892 2941 suo,
2926 2884 2984 2929 ut
3014 2875 3182 2929 fortes
3212 2876 3319 2929 sint
3348 2876 3403 2929 in
3431 2875 3696 2941 adversis,

2111 2978 2449 3034 qumcunque
2478 2972 2728 3033 oporteat
2757 2979 2851 3017 eos
2898 2963 3031 3034 pati,
3065 2964 3252 3019 dicens
3285 2982 3298 3018 :
3353 2963 3491 3032 Quia
3521 2979 3618 3018 vos
3646 2964 3702 3018 in

415 3073 438 3103 ι
474 3024 612 3108 sicut
659 3060 713 3107 et
758 3024 1091 3125 cognovistis
1151 3024 1251 3107 nos
1299 3069 1365 3108 ex
1413 3061 1607 3123 parte;
1659 3024 1785 3124 quia
1832 3053 2008 3126 gloria
2029 3024 2075 3084 Ο
2106 3024 2212 3105 fide
2244 3024 2441 3106 Christi
2472 3024 2724 3106 laborare
2744 3024 2921 3115 video,
2947 3052 3073 3106 inde
3096 3053 3293 3124 gratias
3327 3024 3498 3122 agens
3528 3052 3649 3106 dico
3682 3070 3695 3106 :

413 3162 436 3191 ι
470 3149 649 3196 vestra
698 3157 903 3205 sumus,
957 3142 1094 3195 sicut
1124 3148 1178 3196 et
1224 3156 1322 3196 vos
1351 3149 1553 3205 nostra,
1588 3142 1642 3194 in
1672 3141 1759 3195 die
1790 3141 2007 3196 Domini

413 3253 434 3276 «
472 3229 644 3283 nostri
675 3229 803 3283 Jesu
834 3229 1057 3283 Christi.
1096 3230 1163 3283 Et
1193 3230 1291 3283 hac
1333 3228 1655 3284 confidentia
1684 3229 1827 3284 volui
1860 3230 2005 3300 prius

414 3340 436 3365 «
484 3316 666 3371 venire
695 3317 762 3371 ad
794 3332 911 3384 vos,
945 3325 1001 3370 ut
1032 3318 1323 3371 secundam
1371 3318 1601 3387 gratiam
1632 3318 1921 3385 haberetis,
1954 3326 2006 3373 et

415 3427 436 3456 α
472 3422 571 3476 per
618 3420 715 3459 vos
764 3406 1049 3460 transirem
1098 3406 1152 3459 in
1203 3406 1596 3472 Macedoniam,
1646 3415 1698 3461 et
1745 3407 1937 3461 iterum
1974 3423 2005 3462 a

415 3515 437 3545 «
474 3493 789 3549 Macedonia
841 3494 1086 3549 venirem
1116 3495 1182 3548 ad
1215 3511 1329 3557 vos,
1364 3502 1415 3549 et
1446 3510 1479 3549 a
1526 3495 1679 3549 vobis
1723 3496 1921 3551 deduci
1948 3497 2004 3550 in

415 3603 438 3633 ι
471 3583 734 3637 Iudaeam.
769 3582 901 3637 Cum
931 3599 1067 3655 ergo
1099 3585 1199 3638 hoc
1249 3583 1559 3649 voluissem,
1595 3584 1838 3654 nunquid
1864 3584 2003 3639 levi-

417 3691 439 3722 ι
475 3679 579 3726 tate
608 3688 742 3726 usus
772 3672 934 3725 sum?
955 3674 1060 3725 Aut
1090 3689 1211 3743 qua:
1232 3672 1433 3743 cogito,
1458 3673 1754 3726 secundum
1784 3688 2004 3727 carnem

412 3780 435 3809 ι
471 3760 673 3829 cogito,
704 3767 762 3813 ut
791 3759 1018 3829 sitapud
1042 3777 1127 3814 me
1159 3775 1278 3824 EST,
1314 3768 1365 3813 et
1396 3775 1513 3813 NON
1535 3761 1562 3815 ?
1594 3760 1791 3815 Fidelis
1823 3769 2001 3815 autem

413 3868 436 3899 ι
471 3848 636 3915 Deus,
672 3847 797 3917 quia
828 3863 1010 3902 sermo
1065 3855 1248 3902 noster
1276 3847 1367 3918 qui
1414 3848 1511 3902 fuit
1556 3849 1698 3918 apud
1743 3865 1858 3915 vos,
1894 3865 2003 3903 non

414 3955 437 3986 α
474 3942 557 3990 est
584 3936 639 3988 in
661 3934 752 3989 illo
800 3951 900 3989 asr
928 3944 981 3990 et
1027 3951 1193 3990 NON:
1234 3936 1329 3991 sed
1381 3944 1462 3991 est
1495 3937 1549 3989 in
1599 3937 1689 3990 illo
1738 3946 1817 3991 est
1866 3936 2003 4009 [non

414 4045 436 4075 α
474 4023 639 4080 habet
666 4024 761 4079 sed
793 4023 929 4078 etin
974 4024 1066 4079 illo
1098 4023 1198 4095 est]
1235 4041 1246 4078 :
1296 4024 1393 4078 Dei
1443 4024 1586 4078 enim
1632 4025 1797 4080 Filius
1845 4026 2002 4079 Jesus

414 4134 435 4163 ι
469 4113 735 4179 Christus,
769 4113 859 4185 qui
890 4113 943 4167 in
975 4112 1129 4167 vobis
1158 4128 1256 4182 per
1287 4129 1385 4167 nos
1415 4113 1741 4183 praedicatus
1773 4122 1873 4181 est,
1904 4130 2004 4183 per

414 4223 436 4252 ι
472 4219 557 4257 me
589 4211 640 4257 et
694 4202 967 4257 Silvanum
1026 4209 1078 4255 et
1125 4202 1482 4265 Timotheum,
1533 4218 1641 4255 non
1673 4201 1768 4257 fuit
1813 4203 1867 4256 in
1912 4203 2002 4257 illo

416 4314 436 4337 u
472 4307 574 4345 EST
606 4298 656 4345 et
684 4306 823 4355 NON,
859 4291 956 4344 sed
1000 4306 1101 4344 EST
1126 4290 1179 4343 in
1226 4290 1318 4345 illo
1366 4289 1483 4343 fuit.
1536 4290 1809 4361 Quotquot
1858 4292 2001 4345 enim

2105 3141 2436 3195 Benedictus
2468 3139 2535 3193 sit
2564 3142 2709 3195 Deus
2741 3140 2955 3195 Domini
3004 3141 3175 3195 nostri
3204 3142 3331 3195 Jesu
3363 3140 3562 3194 Christi
3595 3158 3608 3193 :
3643 3145 3698 3195 et

2106 3228 2278 3279 Pater
2306 3225 2531 3279 Domini
2577 3227 2761 3279 nostri
2805 3227 2935 3279 Jesu
2982 3226 3209 3280 Christi.
3254 3226 3399 3279 Deus
3446 3224 3563 3292 ejus
3593 3231 3694 3292 est,

2103 3313 2401 3367 secundum
2433 3312 2577 3383 quod
2606 3313 2851 3366 Christus
2900 3314 3062 3367 homo
3110 3312 3207 3367 fuit
3242 3329 3253 3366 :
3292 3314 3445 3366 Pater
3494 3312 3694 3367 Christi

2104 3409 2206 3465 est,
2239 3401 2535 3456 secundum
2592 3400 2842 3455 deitatem
2875 3400 2931 3453 in
2986 3417 3091 3472 qua
3149 3401 3314 3455 Filius
3361 3400 3585 3471 aequalis
3616 3408 3698 3454 est

2105 3490 2245 3544 Patri
2279 3507 2291 3543 :
2332 3490 2447 3560 ipse
2478 3498 2653 3543 tamen
2684 3489 3005 3558 principium
3052 3489 3258 3542 habens
3286 3504 3317 3541 a
3365 3489 3539 3552 Patre,
3588 3504 3697 3543 non

2104 3579 2261 3631 Pater
2289 3578 2358 3631 ab
2390 3592 2472 3632 eo.
2509 3575 2612 3643 Qui
2642 3576 2687 3629 si
2714 3578 2842 3629 Jesu
2874 3576 3070 3629 Christi
3115 3576 3269 3628 Pater
3307 3582 3406 3639 est,
3440 3590 3563 3627 cum
3594 3590 3695 3629 nos

2104 3665 2301 3719 Christi
2329 3664 2422 3718 filii
2452 3664 2620 3717 simus
2655 3681 2667 3717 :
2696 3664 2772 3717 sic
2815 3679 2915 3733 per
2960 3663 3229 3717 Christum
3277 3664 3449 3717 Deum
3483 3664 3696 3717 Patrem

2102 3754 2381 3807 habemus.
2414 3754 2533 3806 Duo
2563 3752 2840 3822 praedicta,
2874 3753 3018 3805 Deus
3050 3760 3101 3805 et
3131 3753 3308 3817 Pater,
3344 3758 3591 3821 spectant
3621 3751 3693 3806 ad

2103 3842 2418 3895 Christum:
2484 3841 2676 3895 eadem
2728 3840 2836 3894 duo
2893 3856 3015 3910 quae
3080 3848 3391 3911 sequuntur,
3450 3847 3698 3909 spectant

2102 3930 2169 3983 ad
2196 3929 2463 3983 homines.
2495 3928 2821 3983 Benedictus
2863 3928 3026 3982 etiam
3058 3929 3125 3982 sit
3166 3928 3257 3999 qui
3288 3929 3433 3983 Deus
3462 3935 3513 3982 et
3541 3930 3697 3982 Pater

2103 4026 2184 4072 est
2213 4017 2427 4072 Christi.
2462 4019 2633 4072 Pater
2653 4024 2735 4071 est
2774 4016 2935 4071 etiam
2982 4018 3524 4073 misericordiarum.
3561 4017 3696 4070 Cum

2101 4113 2287 4177 posset
2316 4106 2497 4161 dicere
2547 4106 2704 4160 dator
2750 4106 3270 4170 misericordiarum,
3320 4105 3452 4159 dixit
3497 4113 3692 4174 pater:

2102 4203 2160 4248 ut
2187 4195 2434 4249 ostendat
2464 4211 2588 4249 eum
2619 4202 2671 4248 et
2718 4194 2978 4257 datorem,
3012 4203 3065 4248 et
3115 4210 3179 4247 ex
3228 4199 3455 4262 paterno
3502 4191 3695 4246 aﬂ‘ectu

2102 4284 2259 4338 nobis
2288 4283 2430 4337 bona
2450 4284 2689 4337 dantem.
2713 4284 2889 4346 Pater,
2915 4282 3152 4352 inquam,
3176 4280 3692 4345 misericordiarum,

410 4402 432 4427 α
469 4379 865 4449 promissiones
912 4380 1011 4433 Dei
1060 4387 1202 4443 sunt,
1255 4379 1309 4432 in
1340 4378 1433 4433 illo
1480 4394 1599 4433 EST.
1645 4380 1771 4433 Ideo
1818 4388 1870 4433 et
1898 4396 1999 4450 per
2020 4374 2072 4435 D
2101 4376 2157 4427 et
2187 4375 2331 4427 Deus
2358 4373 2531 4426 totius
2561 4371 2979 4425 consolationis.
3026 4367 3410 4421 Misericordiae
3441 4367 3697 4421 dicuntur

411 4490 431 4513 α
467 4467 647 4536 ipsum
680 4483 691 4521 :
726 4470 898 4521 Amen
930 4467 1044 4521 Deo
1074 4467 1141 4520 ad
1189 4467 1420 4537 gloriam
1471 4476 1729 4521 nostram.
1764 4467 1867 4536 Qui
1899 4484 1998 4522 au-

410 4578 431 4603 ‹ι
468 4562 577 4610 tem
626 4554 908 4610 confirmat
965 4571 1065 4611 nos
1121 4555 1401 4610 vobiscum
1459 4556 1512 4608 in
1562 4556 1790 4619 Christo,
1827 4564 1879 4611 et
1910 4557 2001 4627 qui

410 4665 431 4695 ι
468 4644 619 4698 unxit
646 4660 745 4699 nos
778 4646 940 4708 Deus,
991 4652 1043 4697 et
1091 4643 1182 4715 qui
1229 4644 1465 4715 signavit
1512 4659 1630 4712 nos,
1664 4652 1717 4697 et
1747 4644 1892 4697 dedit
1921 4644 1999 4714 pi-

410 4752 431 4781 ι
471 4748 613 4804 gnus
645 4731 877 4801 Spiritus
909 4731 964 4785 in
1007 4732 1265 4787 cordibus
1312 4732 1531 4787 nostris.
1565 4733 1685 4802 Ego
1713 4740 1892 4786 autem
1922 4741 2000 4786 te-

407 4843 428 4867 α
466 4829 604 4875 stem
636 4821 807 4874 Deum
839 4820 1031 4875 invoco
1061 4820 1115 4873 in
1158 4821 1395 4874 animam
1444 4836 1638 4879 meam.
1692 4821 1835 4891 quod
1866 4836 1999 4891 par-

406 4932 427 4955 ‹‹
465 4923 595 4962 cens
626 4908 799 4973 vobis,
835 4924 944 4962 non
990 4908 1114 4963 veni
1161 4908 1301 4961 ultra
1343 4908 1655 4962 Corinthum
1690 4926 1702 4961 :
1735 4924 1844 4962 non
1873 4909 2001 4978 quia

409 5017 431 5045 ι
467 4995 809 5049 dominamur
866 4994 993 5049 ﬁdei
1074 5004 1289 5060 vestrm,
1346 4996 1441 5049 sed
1485 4996 1758 5064 adjutores
1813 5013 1998 5050 sumus

410 5105 430 5133 α
468 5083 654 5155 gaudii
684 5083 866 5139 vestri.
899 5085 1039 5138 Nam
1068 5083 1154 5137 ide
1200 5083 1369 5139 statis.
1405 5104 1426 5133 ι

1056 5240 1365 5278 ΕΧΡΟΞΙΤΙΟ.

479 5341 629 5394 More
689 5356 787 5394 suo
832 5340 1061 5393 salutem
1137 5338 1430 5407 praemittit,
1498 5337 1733 5393 dicens:
1784 5341 1997 5394 Paulus

412 5428 577 5503 (quod
633 5444 832 5483 nomen
887 5435 997 5480 tam
1072 5426 1387 5483 humilitatis
1442 5442 1605 5500 quam
1665 5428 1999 5483 auctoritatis

2104 4461 2288 4515 omnia
2334 4460 2472 4514 dona
2521 4458 2639 4521 Dei,
2691 4473 2785 4510 seu
2842 4457 3034 4510 dentur
3090 4455 3142 4507 in
3174 4455 3415 4509 adversis
3442 4498 3454 4521 ,
3501 4472 3598 4509 seu
3642 4456 3697 4509 in

2100 4547 2376 4618 prosperis
2409 4562 2420 4599 :
2454 4544 2749 4601 consolatio
2780 4551 2956 4597 autem
3002 4542 3196 4598 dicitur
3245 4551 3451 4597 tantum
3482 4543 3574 4597 ubi
3602 4543 3700 4597 fuit

2102 4636 2383 4691 desolatio.
2421 4637 2607 4687 Posset
2636 4633 2795 4687 etiam
2826 4632 3045 4697 dixisse,
3081 4632 3125 4685 si
3156 4631 3336 4693 vellet,
3371 4639 3529 4702 pater
3557 4647 3695 4686 con-

2101 4723 2378 4778 solationis
2409 4730 2461 4776 et
2492 4723 2637 4775 Deus
2682 4720 3195 4785 misericordiarum,
3243 4720 3495 4790 idemque
3526 4727 3691 4774 esset.

2100 4813 2245 4866 Deus
2263 4811 2382 4864 dico
2402 4808 2782 4864 consolationis
2801 4824 2906 4862 non
2928 4807 3276 4877 imperfectae,
3302 4808 3397 4862 sed
3424 4810 3617 4875 totius,
3638 4807 3694 4862 id

2100 4907 2182 4953 est
2210 4897 2485 4969 perfectae.
2520 4899 2579 4950 In
2609 4896 3023 4967 quibuscunque
3064 4896 3207 4950 enim
3238 4896 3568 4959 desolamur,
3605 4910 3697 4965 po-

2100 4996 2217 5041 tens
2248 4994 2300 5041 et
2328 4994 2527 5056 praesto
2559 4992 2640 5039 est
2668 4984 2935 5039 consolari
2981 5000 3081 5039 nos
3128 4985 3309 5048 Deus;
3341 4984 3462 5054 quia
3492 4998 3695 5037 conso—

2098 5075 2227 5128 latio
2258 5091 2399 5128 nunc
2429 5074 2508 5129 eis
2538 5073 2712 5127 fuerat
2756 5073 3116 5143 opportunior
3151 5090 3163 5126 :
3213 5073 3333 5126 ideo
3362 5072 3507 5126 circa
3552 5072 3694 5125 bona

2098 5162 2484 5219 consolationis
2516 5162 2693 5233 magis
2725 5162 3077 5225 immoratur,
3131 5162 3319 5215 dicens
3354 5176 3364 5212 :
3404 5160 3507 5226 Qui
3546 5161 3693 5213 Deus

2098 5253 2422 5305 consolatur
2450 5267 2571 5313 nos,
2597 5266 2681 5304 me
2703 5250 2911 5305 scilicet
2940 5258 2992 5302 et
3010 5248 3411 5317 condiscipulos
3435 5263 3606 5313 meos,
3630 5250 3692 5301 in

2102 5340 2466 5395 tribulatione
2497 5344 2716 5403 nostra,
2752 5355 2913 5409 quam
2944 5338 3195 5407 patimur.
3230 5337 3343 5390 Nec
3373 5336 3429 5388 in
3458 5335 3701 5406 quadam

2099 5435 2323 5495 tantum,
2358 5428 2454 5482 sed
2483 5428 2545 5484 in
2576 5429 2750 5485 omni.
2800 5428 3119 5497 Ubicunque
3168 5424 3312 5479 enim
3341 5423 3683 5490 tribulamur,
