3960 6050
197 185 297 240 221

818 179 1198 238 EXPOSITIO
1237 181 1312 237 IN
1346 179 1728 238 EPISTOLAS
1765 179 1989 239 PAULI.
2022 209 2093 223 --
2121 180 2196 237 IN
2232 181 2457 238 EPIST.
2504 181 2553 237 II
2589 181 2684 238 AD
2723 180 2889 239 (ΞΟΠ.

3396 184 3503 240 222

198 304 365 361 facile
394 304 481 361 vel
538 302 754 361 difﬁcile
804 305 1105 362 secundum
1153 305 1375 360 modum
1422 304 1803 371 tribulationis,
1828 306 1883 367 Α
1907 307 2203 377 patimur:
2234 320 2360 360 nam
2390 321 2491 360 nos
2536 322 2698 376 supra
2734 305 2960 361 modum
2992 305 3205 379 gravati
3237 320 3424 361 sumus
3453 305 3511 359 in

202 402 407 465 praesto
456 401 537 448 est
584 393 853 448 medicina
909 393 1242 449 consolantis
1276 411 1288 448 :
1334 393 1666 459 consolatur,
1718 394 1801 447 in-
1898 392 2051 447 Asia.
2086 393 2194 449 Sed
2224 394 2545 464 priusquam
2590 395 2695 449 hoc
2725 394 2898 460 dicat,
2931 394 3207 465 prmmittit
3245 393 3389 448 unde
3420 392 3509 446 in-

206 498 394 554 quam,
427 498 538 536 non
567 481 745 536 solum
774 489 832 535 ut
852 497 953 536 nos
982 482 1178 537 liberet
1209 482 1326 546 sed,
1360 482 1520 537 etiam
1543 487 1606 537 ut
1625 483 1800 553 possi-

205 587 335 625 mus
366 575 422 625 et
452 572 560 641 ipsi
590 570 681 641 qui
720 569 1038 624 tribulamur
1058 572 1341 627 consolari
1374 586 1482 636 eos,
1516 570 1606 641 qui
1636 571 1799 625 modo

203 658 525 713 videbamur
585 657 811 713 desolati
847 676 859 711 :
893 666 945 712 et
996 674 1097 729 per
1171 658 1476 729 exemplum
1526 658 1800 729 patientiae

204 755 431 811 nostrae,
467 754 519 801 et
548 762 645 817 per
693 746 1119 801 exhortationem
1169 747 1454 802 sermonis.
1517 748 1800 802 Consolari

202 835 327 889 dico
360 851 457 890 eos
485 836 580 907 qui
608 839 745 890 sunt
762 838 823 889 in
838 851 1110 906 pressura
1143 835 1567 891 tribulationum.
1600 837 1716 891 Nec
1747 836 1803 889 in

204 923 443 995 quadam
477 931 702 989 tantum,
737 923 834 978 sed
865 926 927 979 in
956 926 1111 979 omni
1141 941 1397 995 pressura
1440 924 1680 979 interiori
1716 924 1803 979 vel

202 1011 482 1077 exteriori,
532 1027 825 1081 possumus
854 1027 947 1066 eos
997 1012 1270 1067 consolari
1295 1029 1400 1084 per
1440 1014 1802 1069 exhortatio-

201 1116 357 1154 nem.
385 1100 574 1154 Posset
594 1099 775 1156 dicere
812 1116 912 1170 per
933 1101 1379 1167 consolationem,
1415 1102 1512 1155 sed
1542 1109 1599 1155 ut
1628 1109 1806 1156 osten-

201 1187 361 1243 deret
380 1204 439 1242 se
462 1204 571 1243 non
592 1188 908 1259 simpliciter
928 1190 1219 1257 consolari,
1246 1190 1342 1245 sed
1364 1190 1527 1245 etiam
1551 1189 1804 1245 fortiores

202 1275 319 1329 ﬁeri
354 1292 366 1330 :
399 1276 474 1330 ait
493 1293 595 1347 per
624 1277 1047 1332 exhortationem
1076 1296 1185 1350 qua
1214 1277 1306 1332 alii
1325 1278 1497 1333 sancti
1514 1286 1564 1333 et
1582 1294 1681 1332 nos
1702 1278 1805 1349 ipsi

201 1364 584 1421 exhortamur
613 1383 647 1420 a
692 1367 798 1421 Deo
831 1383 843 1420 :
876 1372 935 1420 ut
988 1366 1230 1421 videntes
1259 1367 1431 1421 Deum
1479 1374 1806 1437 praesentem

203 1452 365 1506 nobis
408 1452 462 1505 in
484 1452 849 1523 tribulatione,
892 1454 1025 1508 nihil
1072 1454 1381 1509 dubitemus
1433 1455 1487 1509 in
1544 1471 1806 1525 quacun-

205 1556 310 1611 que
352 1548 617 1595 tormenta
653 1541 973 1612 irrumpere,
1023 1550 1075 1597 et
1116 1542 1251 1597 alios
1283 1543 1349 1597 ad
1390 1543 1697 1614 exemplum
1744 1559 1808 1599 ac

204 1628 458 1683 virtutem
486 1628 777 1700 patientiae,
809 1631 977 1685 verbo
1009 1638 1061 1685 et
1084 1631 1334 1701 exemplo
1365 1632 1617 1687 invitare.

278 1717 347 1770 Et
380 1732 508 1771 vere
538 1719 882 1772 exhortamur
911 1735 944 1773 a
974 1720 1087 1774 Deo
1115 1735 1125 1773 :
1150 1722 1417 1793 quoniam
1438 1722 1585 1776 sicut
1622 1722 1805 1777 abun-

209 1805 351 1859 dant
382 1807 674 1876 passiones
704 1806 934 1873 Christi,
990 1807 1045 1861 id
1075 1815 1157 1863 est
1204 1824 1337 1879 quas
1367 1808 1453 1864 vel
1480 1825 1581 1879 pro
1613 1809 1809 1863 Christi

207 1892 447 1958 nomine,
485 1893 571 1947 vel
600 1910 701 1964 pro
754 1896 1004 1966 exemplo
1061 1896 1260 1951 Christi
1291 1912 1390 1967 pro
1444 1897 1603 1951 nobis
1659 1896 1811 1967 passi

210 1981 564 2036 sustinemus.
618 1982 766 2038 Sicut
797 1984 939 2038 enim
970 1985 1255 2054 passiones
1302 1986 1578 2039 abundant
1615 1988 1677 2040 in
1704 2002 1808 2041 no-

211 2068 314 2133 bis,
350 2071 438 2124 ita
466 2071 687 2140 copiose
708 2072 958 2127 abundat
990 2072 1152 2127 etiam
1181 2075 1487 2129 consolatio
1503 2078 1701 2129 nostra
1710 2090 1812 2145 per

217 2157 505 2212 Christum
536 2174 637 2213 nos
667 2159 1059 2214 consolantem.
1094 2161 1191 2216 Vel
1222 2178 1319 2231 per
1348 2162 1616 2216 Christum
1642 2179 1655 2215 :
1688 2162 1812 2233 quia

211 2260 315 2314 per
366 2246 673 2317 exemplum
711 2249 963 2318 patentius
992 2249 1106 2318 ejus
1149 2250 1516 2304 consolamur.
1551 2251 1617 2304 Et
1666 2266 1813 2321 quaa-

217 2348 434 2404 cunque
502 2335 753 2405 patimur,
823 2344 875 2391 et
938 2337 1370 2409 quandocunque
1444 2338 1809 2405 consolamur,

217 2422 323 2476 hoc
354 2437 463 2476 non
497 2422 671 2477 solum
701 2432 923 2494 propter
944 2442 1066 2489 nos,
1100 2427 1197 2481 sed
1218 2427 1378 2481 etiam
1409 2426 1478 2480 ad
1507 2426 1816 2481 instructio-

215 2526 340 2564 nem
374 2510 542 2565 vestri
577 2529 590 2565 :
623 2515 735 2567 sive
766 2514 910 2568 enim
939 2515 1303 2579 tribulamur,
1327 2516 1431 2570 hoc
1452 2514 1506 2568 fit
1521 2531 1622 2587 pro
1637 2516 1816 2569 vestri

216 2597 639 2666 exhortatione,
679 2609 733 2654 ut
772 2602 841 2655 ad
889 2602 1171 2672 patiendas
1226 2603 1607 2658 tribulationes
1646 2602 1816 2657 fortes

215 2686 351 2754 sitis,
377 2695 429 2741 et
458 2687 535 2742 sic
564 2704 666 2759 pro
714 2690 887 2744 salute
935 2699 1134 2745 aeterna
1173 2692 1463 2747 habenda:
1499 2694 1611 2747 sive
1642 2693 1817 2747 etiam

215 2777 595 2841 consolamur,
613 2778 715 2833 hoc
730 2776 786 2832 fit
808 2794 908 2849 pro
934 2781 1106 2835 vestri
1126 2782 1531 2847 consolatione,
1556 2790 1611 2835 ut
1630 2782 1816 2838 sciatis

220 2879 318 2918 vos
362 2862 615 2919 similiter
644 2881 676 2920 a
725 2867 839 2921 Deo
868 2866 923 2920 in
964 2867 1313 2923 tribulatione
1342 2869 1725 2936 consolandos,
1765 2877 1819 2925 et

220 2953 298 3007 sic
324 2968 428 3023 pro
450 2954 626 3008 futura
655 2954 827 3009 salute
862 2954 1116 3009 habenda
1148 2958 1294 3012 :sive
1325 2956 1484 3011 etiam
1542 2959 1815 3014 exhorta-

221 3057 385 3097 mur:
412 3043 515 3097 hoc
547 3050 716 3096 totum
748 3042 803 3095 fit
850 3059 948 3111 pro
980 3044 1153 3098 vestri
1188 3044 1604 3111 exhortatione,
1639 3054 1695 3099 ut
1715 3062 1813 3101 vos

222 3130 481 3201 exemplo
512 3139 697 3185 nostro
754 3139 806 3185 et
834 3132 1078 3186 doctrina
1127 3133 1393 3187 exliortati
1423 3134 1540 3188 sitis
1570 3134 1639 3189 ad
1692 3151 1814 3191 me-

224 3217 382 3283 liora,
437 3227 490 3273 et
537 3219 755 3275 158
788 3220 867 3275 sic
896 3236 993 3290 pro
1023 3220 1270 3276 habenda
1308 3222 1461 3276 vobis
1494 3223 1811 3279 salvatione.

224 3306 531 3361 Videndum
561 3315 643 3361 est
665 3309 807 3377 quod
828 3309 945 3364 hare
965 3309 1149 3373 verba,
1178 3311 1539 3375 tribulamur,
1564 3314 1819 3368 consola-

221 3412 368 3461 mur,
388 3396 782 3459 exhortamur,
800 3396 951 3451 hicin
965 3398 1186 3467 passiva
1203 3398 1598 3469 significatione
1628 3399 1819 3472 legun-

223 3490 345 3537 tur:
370 3500 504 3538 vere
533 3491 700 3538 totum
722 3500 822 3554 pro
853 3485 1027 3553 vobis,
1064 3486 1186 3557 quia
1218 3503 1338 3557 quae
1368 3487 1662 3555 tribulatio,
1690 3504 1820 3543 con-

227 3571 417 3626 solatio
448 3579 501 3626 et
517 3572 814 3627 exhortatio
831 3574 1163 3644 operaturin
1177 3575 1351 3643 vobis,
1371 3575 1540 3630 verbo
1571 3584 1623 3629 et
1638 3592 1819 3631 exem-

224 3660 311 3729 plo
350 3668 555 3726 nostro,
601 3663 968 3718 tolerantiam
1004 3664 1336 3734 passionum
1384 3664 1559 3718 etiam
1602 3681 1821 3720 earum-

224 3747 348 3803 dem
379 3765 519 3820 quas
547 3751 805 3820 patimur
833 3752 1012 3805 etiam
1040 3766 1161 3815 nos,
1187 3750 1277 3821 qui
1298 3759 1457 3806 tantae
1478 3752 1817 3807 auctoritatis

226 3838 373 3907 apud
405 3838 580 3891 Deum
609 3854 796 3892 sumus
834 3854 846 3891 :
880 3854 990 3892 non
1031 3855 1166 3911 ergo
1195 3839 1483 3905 miremini,
1518 3841 1563 3895 si
1605 3858 1702 3896 vos
1732 3842 1821 3896 in-

224 3924 457 3979 feriores
497 3927 641 3979 Deus
682 3926 957 3996 permittat
1006 3928 1208 3981 vexari.
1258 3928 1531 3998 Operatur
1580 3929 1635 3983 in
1666 3930 1821 3985 vobis

225 4013 591 4079 tolerantiam,
616 4019 680 4069 ut
712 4031 836 4085 spes
868 4020 1067 4070 nostra
1099 4016 1278 4070 habita
1302 4034 1402 4088 pro
1434 4018 1598 4082 vobis,
1634 4034 1741 4089 qua
1769 4027 1824 4073 et

228 4117 325 4155 vos
355 4118 640 4171 speramus
670 4102 724 4156 in
755 4103 896 4157 bono
927 4120 1297 4173 perseverare,
1325 4113 1377 4158 et
1399 4104 1631 4159 salutem
1660 4114 1822 4161 aeter—

1902 482 2123 535 tendant
2165 490 2333 536 totum
2383 490 2631 551 spectare
2669 482 2736 536 ad
2786 498 2910 537 sese
2960 481 3224 553 quidquid
3266 481 3509 536 dicturus

1904 576 2007 623 est.
2035 568 2256 624 Gravati
2280 570 2500 641 quidem
2522 586 2709 625 sumus
2744 587 2756 624 :
2792 578 2843 624 et
2864 572 2968 625 hoc
2988 587 3104 626 non
3134 571 3388 625 volumus
3409 586 3510 626 nos

1902 659 2184 728 ignorare,
2216 662 2448 729 fratres,
2480 660 2545 713 de
2571 659 2936 714 tribulatione
2958 664 3172 726 nostra,
3196 675 3316 730 qua:
3352 662 3509 723 facta

1902 750 1987 800 est
2016 748 2077 801 in
2109 748 2261 813 Asia,
2296 747 2373 800 lbi
2404 746 2548 801 enim
2597 748 2741 817 apud
2788 747 3084 817 Ephesum,
3120 746 3242 818 quia
3272 745 3513 817 puellam

1903 835 2149 905 spiritum
2179 835 2433 905 pythonis
2481 836 2770 890 habentem
2802 836 3098 903 mundavit,
3139 843 3191 889 et
3222 835 3300 889 sic
3330 832 3511 889 domi-

1902 924 1988 977 nis
2019 924 2137 991 ejus
2167 932 2439 994 quaestum
2471 940 2633 995 quem
2664 924 2732 979 de
2763 924 3100 979 divinatione
3120 923 3316 994 puellae
3345 923 3515 977 habe-

1905 1012 2035 1066 bant
2084 1011 2351 1067 abstulit:
2385 1013 2642 1067 instinctu
2719 1028 2909 1067 eorum
2956 1021 3070 1067 tota
3118 1012 3308 1067 civitas
3355 1010 3513 1065 irruit

1904 1100 1959 1154 in
1992 1116 2134 1155 eum.
2173 1100 2418 1172 Cumque
2468 1101 2731 1156 rationem
2779 1101 3009 1156 reddere
3039 1101 3220 1168 vellet,
3253 1116 3322 1155 ne
3352 1099 3511 1154 audi-

1905 1195 2056 1242 retur
2102 1188 2516 1244 conclamabant
2568 1206 2581 1243 :
2636 1190 2830 1262 Magna
2895 1190 3071 1244 Diana
3122 1188 3509 1260 Ephesiorum.

1907 1275 2094 1348 Ibique
2134 1285 2209 1332 tot
2252 1277 2570 1333 verberibus
2614 1277 2916 1333 afflixerunt
2964 1294 3106 1344 eum,
3152 1285 3209 1331 ut
3246 1278 3302 1332 in
3330 1278 3513 1348 platea

1907 1364 2055 1419 velut
2084 1374 2328 1419 mortuus
2375 1366 2777 1437 relinqueretur
2820 1367 2969 1435 (Act.
3010 1381 3129 1433 xvr,
3183 1368 3301 1435 xxx)
3337 1384 3350 1419 :
3383 1366 3509 1431 hoc,

1908 1470 2147 1525 inquam,
2182 1455 2307 1509 nolo
2339 1470 2436 1509 vos
2468 1455 2744 1527 ignorare,
2784 1454 3041 1525 quoniam
3072 1454 3145 1508 ibi
3176 1454 3317 1525 apud
3337 1454 3515 1524 Ephe-

1910 1557 2028 1595 sum
2048 1544 2270 1613 gravati
2290 1560 2484 1598 sumus
2508 1560 2683 1614 supra
2702 1543 2931 1599 modum
2952 1543 3193 1613 priorum
3216 1541 3516 1596 tribulatio-

1827 1659 1881 1719 Β
1914 1646 2062 1695 num,
2098 1638 2152 1684 et
2182 1647 2359 1702 supoa
2389 1633 2686 1686 humanam
2720 1633 3011 1687 virtutem.
3046 1631 3229 1685 Virtus
3258 1630 3402 1685 enim
3424 1630 3517 1684 ho-

1911 1718 2073 1772 minis
2103 1726 2249 1772 tanta
2296 1719 2406 1789 pati
2450 1735 2560 1774 non
2609 1727 2815 1789 posset.
2850 1720 2929 1773 Ita
2957 1720 3143 1790 utique
3175 1718 3384 1790 gravati
3415 1734 3513 1772 su-

1906 1823 2047 1871 mus,
2072 1811 2137 1861 ut
2157 1807 2389 1862 taederet
2410 1824 2532 1873 nos,
2556 1822 2661 1862 non
2684 1807 2808 1861 dico
2824 1807 2955 1877 pati,
2980 1806 3077 1861 sed
3098 1807 3271 1862 etiam
3291 1809 3473 1861 vivere
3496 1825 3515 1861 :

1908 1911 2008 1949 nec
2040 1903 2247 1948 tantum
2272 1895 2457 1949 taeduit
2490 1911 2592 1950 nos
2622 1895 2825 1959 vivere,
2859 1895 2954 1951 sed
2982 1894 3144 1949 etiam
3174 1895 3282 1965 ipsi
3312 1894 3514 1949 habui-

1908 2000 2035 2038 mus
2065 1984 2127 2038 in
2148 1984 2326 2048 nobis,
2356 1983 2410 2037 id
2441 1992 2523 2038 est
2544 1984 2597 2037 in
2619 1984 2797 2037 anima
2814 1990 2998 2037 nostra
3018 1999 3349 2055 responsum
3365 1999 3515 2038 mor-

1914 2074 1985 2128 tis
2017 2092 2034 2127 :
2066 2072 2192 2143 quia
2223 2072 2569 2127 consulentes
2598 2071 2833 2126 animam
2866 2080 3126 2136 nostram,
3161 2071 3206 2125 si
3236 2070 3376 2126 forte
3406 2070 3514 2125 vivi

1912 2161 2284 2227 evaderemus,
2338 2160 2705 2230 respondebat
2771 2160 2928 2215 nobis
2970 2167 3222 2214 mortem.
3272 2159 3355 2214 Ne
3415 2174 3515 2229 per

1912 2250 2016 2304 hoc
2065 2249 2209 2319 quod
2254 2248 2406 2313 dicit,
2457 2248 2689 2302 taedebat
2738 2264 2839 2302 nos
2871 2249 2926 2301 in
2983 2247 3262 2303 tormentis
3307 2246 3514 2315 vivere,

1912 2345 2192 2408 putaretur
2239 2337 2342 2391 sibi
2389 2337 2674 2401 contraire,
2723 2335 2814 2390 ubi
2851 2336 2923 2390 ait
2975 2354 2988 2391 :
3039 2336 3373 2391 Consolatur
3419 2352 3518 2392 nos

1914 2428 2056 2481 Deus
2108 2427 2171 2481 in
2216 2426 2372 2480 omni
2418 2425 2809 2489 tribulatione,
2850 2431 3039 2479 contra
3079 2426 3182 2479 hoc
3220 2425 3337 2477 ait:
3388 2424 3517 2479 Ideo

1915 2522 2121 2569 tantum
2166 2512 2376 2584 gravati
2440 2530 2627 2567 sumus
2677 2529 2847 2584 usque
2895 2513 2964 2567 ad
3022 2513 3238 2567 taedium
3285 2512 3409 2567 vita:
3467 2519 3519 2567 et

1916 2618 2240 2673 responsum
2271 2601 2481 2668 mortis,
2517 2606 2583 2656 ut
2630 2617 2745 2656 non
2775 2602 2951 2656 simus
2978 2600 3219 2671 ﬁdentes
3248 2601 3311 2655 in
3338 2601 3513 2669 nobis,

1916 2690 1970 2746 id
2001 2698 2083 2746 est
2112 2690 2319 2746 viribus
2358 2690 2560 2745 nostris
2607 2689 2740 2744 nihil
2779 2690 3111 2745 ascribamus
3145 2708 3159 2745 :
3191 2690 3289 2746 sed
3316 2691 3379 2745 in
3407 2692 3516 2745 Deo

1915 2789 2124 2835 tantum
2157 2778 2512 2845 confidamus,
2540 2781 2636 2851 qni
2664 2781 2912 2835 suscitat
2931 2784 3182 2836 mortuos
3213 2798 3231 2835 :
3255 2795 3341 2833 me
3371 2777 3515 2833 enim

1917 2868 1984 2924 de
2017 2876 2209 2933 morte,
2244 2868 2299 2922 id
2330 2876 2411 2923 est
2441 2868 2510 2922 de
2544 2884 2609 2922 eo
2640 2883 2741 2938 pro
2772 2883 2879 2938 quo
2910 2867 3044 2922 alius
3074 2868 3237 2922 homo
3268 2882 3515 2921 morere-

1919 2965 2007 3011 tur
2035 2957 2283 3011 liberavit
2318 2971 2329 3009 :
2363 2958 2459 3028 qui
2507 2955 2667 3010 etiam
2714 2955 3027 3027 frequenter
3069 2957 3282 3028 eripuit
3314 2971 3416 3010 nos
3448 2956 3514 3010 de

1918 3042 2096 3097 tantis
2119 3042 2389 3113 periculis
2431 3058 2552 3112 quae
2599 3040 2747 3111 passi
2796 3057 2998 3105 sumus,
3035 3042 3098 3095 in
3130 3056 3293 3111 quem
3324 3045 3514 3093 euntes

1913 3131 2053 3185 bene
2084 3129 2299 3202 agendo
2328 3145 2634 3202 spera-mus,
2678 3130 2943 3200 quoniam
2972 3135 3027 3183 ut
3058 3128 3207 3192 olim,
3245 3127 3324 3183 sic
3353 3127 3515 3181 etiam

1915 3219 2098 3274 adhuc
2128 3218 2181 3272 in
2212 3217 2388 3272 futuro
2408 3218 2630 3288 eripiet,
2664 3217 2716 3270 in
2750 3218 2851 3273 hac
2880 3216 3157 3288 ereptione
3186 3217 3518 3288 adjuvanti-

1916 3309 2013 3363 bus
2044 3306 2165 3361 aliis
2197 3304 2446 3359 fidelibus
2477 3309 2534 3361 et
2556 3304 2703 3360 vobis
2724 3307 2787 3360 in
2804 3308 3081 3371 oratione,
3102 3305 3156 3359 id
3177 3313 3259 3360 est
3278 3321 3377 3376 per
3396 3320 3521 3360 ora-

1916 3397 2119 3450 tionem
2151 3394 2347 3449 factam
2378 3408 2477 3463 pro
2508 3393 2664 3447 nobis
2697 3411 2711 3447 :
2747 3393 2825 3448 sic
2856 3394 2980 3448 dico
3011 3394 3413 3463 adjuvantibus,
3449 3397 3516 3449 ut

1915 3501 2017 3557 per
2037 3484 2246 3538 multos
2267 3482 2555 3552 adjutores
2589 3485 2836 3552 agantur
2848 3482 2955 3537 Deo
2970 3484 3172 3553 gratiae
3201 3498 3301 3553 pro
3320 3483 3477 3537 nobis
3500 3500 3519 3537 :

1919 3573 2107 3647 gratiae
2139 3572 2261 3627 dico
2291 3572 2412 3641 ejus
2444 3570 2787 3636 donationis,
2821 3570 2875 3624 id
2898 3578 2981 3624 est
3000 3570 3269 3641 patientiae
3293 3570 3478 3641 etspei
3505 3585 3517 3624 :

1920 3671 1973 3717 et
2001 3660 2176 3717 omnis
2207 3661 2362 3715 bona:
2390 3658 2698 3713 donationis
2728 3676 2849 3730 qua:
2876 3660 2939 3713 in
2960 3659 3117 3713 nobis
3138 3662 3243 3714 est.
3278 3660 3521 3730 Agantur

1920 3750 2043 3805 dico
2072 3765 2145 3805 ea:
2175 3749 2428 3820 personis
2457 3748 2775 3802 multarum
2805 3749 3107 3818 facierum,
3130 3745 3184 3801 id
3205 3753 3288 3800 est
3308 3762 3373 3801 ex
3392 3761 3520 3816 per-

1921 3838 2069 3894 sonis
2098 3836 2380 3906 multiplici
2429 3834 2564 3890 facie
2592 3835 2851 3889 virtutum
2895 3835 3141 3889 variatis.
3199 3834 3347 3889 Sicut
3376 3834 3521 3889 enim

1922 3929 2084 3982 homo
2116 3925 2253 3980 facie
2300 3924 2650 3997 distinguitur
2694 3924 2759 3977 ab
2790 3924 2919 3989 alio,
2971 3924 3048 3977 sic
3077 3923 3132 3977 in
3160 3923 3406 3978 Ecclesia
3435 3922 3525 3977 hic

1920 4032 2021 4087 per
2052 4014 2409 4068 humilitatem
2442 4012 2599 4084 quasi
2636 4012 2775 4067 facie
2812 4010 3165 4083 distinguitur
3200 4011 3268 4065 ab
3298 4011 3401 4065 alio
3434 4028 3447 4063 :
3474 4017 3527 4065 et

1922 4105 2063 4159 alius
2094 4119 2195 4173 per
2226 4101 2545 4173 patientiam
2576 4100 2646 4154 ab
2677 4101 2800 4165 isto,
2854 4108 2907 4153 et
2936 4100 3016 4154 sic
3054 4100 3301 4154 membra
3331 4098 3526 4154 Eccle-

228 4206 352 4242 nam
376 4190 793 4259 apprehendere
829 4209 841 4245 :
877 4198 933 4245 ut
983 4193 1098 4246 haec
1130 4209 1254 4262 spes
1302 4192 1378 4246 sit
1411 4194 1598 4261 ﬁrma,
1635 4193 1690 4247 id
1741 4201 1825 4249 est
1924 4194 2017 4248 site
2066 4192 2314 4246 diversas
2362 4190 2587 4244 virtutes
2630 4188 2914 4243 distinctas
2960 4188 3161 4242 habent
3206 4186 3393 4242 facies.
3446 4188 3526 4240 Ex

228 4294 554 4346 permanens
586 4295 598 4331 :
633 4286 687 4333 et
715 4280 941 4335 veritate
998 4280 1208 4334 virtutis
1258 4280 1535 4335 roborata.
1589 4283 1710 4337 Non
1752 4283 1827 4337 ait
1924 4279 2175 4352 personis
2203 4285 2381 4332 autem
2431 4276 2721 4331 multarum
2768 4276 3044 4341 facierum,
3078 4275 3134 4330 id
3162 4282 3245 4329 est
3274 4275 3527 4331 varietate

229 4366 296 4420 de
326 4366 502 4431 vobis,
528 4367 624 4421 sed
650 4384 749 4438 pro
779 4368 934 4422 vobis
966 4384 977 4421 :
1011 4376 1066 4422 ut
1112 4369 1362 4423 ostendat
1385 4385 1540 4424 suam
1589 4368 1887 4426 charita-D
1920 4370 2175 4425 virtutum
2217 4365 2504 4429 distinctis,
2550 4368 2798 4436 agantur
2845 4366 3045 4435 gratia:
3084 4365 3191 4417 Deo
3219 4380 3319 4434 pro
3350 4365 3524 4419 nobis-

226 4461 333 4508 tem
362 4471 465 4525 pro
488 4454 630 4509 bono
659 4472 847 4510 eorum
877 4456 1169 4511 affectuose
1217 4457 1499 4512 sollicitam
1527 4474 1668 4514 esse.
1721 4460 1827 4513 Pa-

230 4543 413 4607 timur,
451 4543 689 4614 inquam,
751 4545 1029 4599 scientes:
1067 4544 1323 4615 quoniam
1371 4547 1521 4600 sicut
1555 4549 1689 4601 estis
1720 4562 1828 4601 non

236 4631 411 4684 dicam
443 4632 756 4701 participes,
817 4633 915 4686 sed
958 4634 1095 4688 socii
1128 4636 1457 4704 passionum
1501 4643 1826 4702 nostrarum,

237 4720 315 4773 sic
348 4721 514 4774 eritis
546 4722 721 4774 etiam
769 4720 903 4775 socii
933 4722 1351 4787 consolationis,
1386 4738 1550 4793 quam
1593 4721 1833 4777 futuram

236 4816 615 4877 exspectamus
649 4808 805 4862 nobis
835 4817 887 4863 et
942 4809 1095 4863 vobis
1126 4809 1179 4863 in
1221 4809 1417 4880 gloria.
1452 4810 1521 4864 Et
1578 4827 1676 4881 per
1731 4813 1834 4868 hoc

236 4896 381 4965 quod
405 4896 587 4951 socios
619 4912 714 4949 eos
746 4905 922 4962 vocat,
974 4897 1200 4951 multum
1253 4899 1456 4952 animat
1497 4899 1564 4952 ad
1621 4900 1835 4969 patien-

236 4983 381 5037 tiam.
415 4984 498 5037 Ea
528 4984 814 5039 occasione
845 4986 971 5056 quia
1008 4986 1076 5039 de
1100 4986 1441 5056 passionibus
1472 4987 1618 5057 loqui
1649 4988 1833 5059 coepit,

234 5072 426 5125 transit
456 5073 522 5125 ad
554 5074 952 5127 enumerandas
981 5073 1340 5139 difﬁcultates,
1376 5091 1511 5145 quas
1542 5092 1737 5145 passus
1760 5085 1841 5131 est

238 5160 289 5213 in
321 5161 481 5225 Asia;
526 5161 628 5215 hoc
654 5170 834 5215 autem
866 5160 988 5215 facit
1018 5179 1085 5216 ne
1123 5171 1345 5232 possent
1375 5164 1611 5232 objicere
1644 5166 1840 5220 Corin-

238 5250 329 5302 thii
366 5266 378 5302 :
418 5249 681 5319 Exemplo
715 5257 804 5303 tuo
834 5266 953 5312 nos,
982 5250 1163 5315 Paule,
1194 5267 1457 5321 provocas
1489 5253 1559 5307 ad
1592 5252 1840 5308 ferendas

238 5337 635 5401 tribulationes,
671 5337 763 5409 qui
787 5355 1061 5409 nunquam
1094 5338 1325 5395 fortasse
1358 5349 1464 5394 tam
1514 5342 1755 5412 graviter
1787 5352 1844 5397 ut

237 5442 333 5481 nos
386 5425 679 5481 tribulatus
726 5443 803 5481 es.
858 5427 1053 5483 Littera
1107 5428 1185 5483 sic
1217 5428 1488 5499 jungitur:
1524 5431 1666 5486 Bene
1721 5430 1843 5489 dico

1931 4459 2030 4513 Vel
2060 4457 2134 4510 ita
2168 4470 2179 4509 :
2206 4456 2290 4508 Ea:
2315 4454 2569 4525 personis
2598 4454 2916 4508 multarum
2945 4454 3246 4523 facierum,
3270 4451 3324 4505 id
3356 4460 3439 4506 est
3468 4468 3533 4506 ex

1931 4545 2241 4601 diversitate
2288 4550 2506 4597 inlatum
2552 4549 2605 4595 et
2648 4558 2811 4597 sexus
2865 4560 2877 4595 :
2930 4556 3197 4612 personas
3242 4540 3531 4595 multarum

1932 4634 2190 4689 facierum
2232 4646 2431 4686 vocans
2470 4646 2684 4700 pueros,
2727 4631 2958 4699 juvenes
2992 4638 3044 4684 et
3084 4638 3309 4685 caeteras
3349 4636 3534 4684 aetates

1935 4722 2215 4792 utriusque
2246 4735 2425 4774 sexus.
2464 4719 2561 4773 Vel
2588 4719 2659 4773 ita
2694 4734 2706 4772 :
2740 4720 2999 4791 Agantur
3022 4735 3127 4789 pro
3148 4719 3301 4772 nobis
3330 4719 3535 4787 gratim

1936 4809 2159 4867 159
2184 4809 2509 4865 donationis
2532 4824 2650 4878 quae
2668 4816 2749 4863 est
2770 4808 2824 4861 in
2841 4808 3019 4862 nobis.
3036 4809 3281 4879 Agantur
3301 4804 3423 4861 dico
3439 4820 3537 4875 per

1936 4898 2154 4963 multos,
2189 4905 2242 4952 et
2273 4896 2416 4967 quod
2446 4896 2567 4951 dico
2588 4912 2686 4966 per
2711 4895 2926 4962 multos,
2952 4896 3054 4949 hoc
3085 4902 3167 4950 est
3192 4910 3263 4949 ex
3289 4893 3537 4965 personis

1938 4987 2228 5041 multarum
2278 4984 2559 5040 facierum.
2595 4985 2700 5038 Per
2737 4984 2837 5038 hoc
2885 4983 3029 5054 quod
3059 4982 3150 5052 ait,
3188 4984 3336 5038 vobis
3366 4984 3536 5054 adju-

1940 5075 2199 5131 vantibus
2231 5090 2329 5144 pro
2356 5071 2512 5127 nobis
2542 5072 2669 5126 satis
2692 5071 3039 5127 commendat
3060 5080 3112 5125 et
3129 5070 3294 5126 allicit
3315 5087 3409 5127 eos
3440 5069 3543 5124 sibi

1941 5178 2077 5235 quos
2110 5161 2242 5216 tanti
2270 5161 2393 5215 facit
2426 5178 2439 5214 :
2474 5168 2530 5215 ut
2558 5176 2655 5231 pro
2704 5160 2964 5231 Apostolo
3014 5158 3354 5214 intercedere
3384 5157 3541 5230 digni

1943 5253 2067 5307 sint.
2104 5253 2162 5305 In
2196 5251 2279 5305 his
2312 5251 2455 5305 enim
2488 5250 2670 5305 verbis
2701 5247 2944 5320 parificat
2974 5264 3071 5303 eos
3098 5249 3218 5303 sibi.

2018 5343 2309 5412 Hucusque
2341 5341 2407 5395 de
2463 5339 2753 5395 Corinthiis
2784 5337 3054 5409 perfectos
3085 5337 3394 5393 consolatus
3425 5341 3531 5389 est.

1943 5431 2039 5486 Hic
2070 5430 2305 5487 transire
2337 5430 2551 5487 videtur
2580 5428 2649 5483 ad
2687 5428 2827 5494 illos,
2860 5426 2952 5500 qui
2983 5426 3221 5481 nondum
3251 5423 3381 5478 satis
3413 5437 3541 5481 cor-
