  <div class='ocr_page' id='page_1' title='image "/cluster/home/n/w/nwhite01/storage/ocr_20150623/153/hvd.32044054760111/117.png"; bbox 0 0 3960 6050; ppageno 0'>
   <div class='ocr_carea' id='block_1_1' title="bbox 409 159 515 215">
    <p class='ocr_par' dir='ltr' id='par_1_1' title="bbox 409 159 515 215">
     <span class='ocr_line' id='line_1_1' title="bbox 409 159 515 215; baseline -0.019 0"><span class='ocrx_word' id='word_1_1' title='bbox 409 159 515 215; x_wconf 75' lang='grc'>923</span> 
     </span>
    </p>
   </div>
   <div class='ocr_carea' id='block_1_2' title="bbox 946 152 3157 215">
    <p class='ocr_par' dir='ltr' id='par_1_2' title="bbox 946 152 3157 215">
     <span class='ocr_line' id='line_1_2' title="bbox 946 152 3157 215; baseline -0.001 -2"><span class='ocrx_word' id='word_1_2' title='bbox 946 157 1001 213; x_wconf 91' lang='lat' dir='ltr'>S.</span> <span class='ocrx_word' id='word_1_3' title='bbox 1036 155 1390 214; x_wconf 80' lang='lat' dir='ltr'>BRUNONIS</span> <span class='ocrx_word' id='word_1_4' title='bbox 1428 152 2078 215; x_wconf 79' lang='lat' dir='ltr'>CARTHUSIANORUM</span> <span class='ocrx_word' id='word_1_5' title='bbox 2128 153 2614 214; x_wconf 83' lang='lat' dir='ltr'>INSTITUTORIS</span> <span class='ocrx_word' id='word_1_6' title='bbox 2666 156 2817 214; x_wconf 87' lang='lat' dir='ltr'>OPP.</span> <span class='ocrx_word' id='word_1_7' title='bbox 2878 157 3054 215; x_wconf 83' lang='lat' dir='ltr'><strong>PARS</strong></span> <span class='ocrx_word' id='word_1_8' title='bbox 3083 157 3157 213; x_wconf 92' lang='grc' dir='ltr'>ΙΙ.</span> 
     </span>
    </p>
   </div>
   <div class='ocr_carea' id='block_1_3' title="bbox 3592 157 3702 214">
    <p class='ocr_par' dir='ltr' id='par_1_3' title="bbox 3592 157 3702 214">
     <span class='ocr_line' id='line_1_3' title="bbox 3592 157 3702 214; baseline -0.036 0"><span class='ocrx_word' id='word_1_9' title='bbox 3592 157 3702 214; x_wconf 65' lang='grc'>224</span> 
     </span>
    </p>
   </div>
   <div class='ocr_carea' id='block_1_4' title="bbox 412 278 3701 356">
    <p class='ocr_par' dir='ltr' id='par_1_4' title="bbox 412 278 3701 356">
     <span class='ocr_line' id='line_1_4' title="bbox 412 278 3701 356; baseline 0 -21"><span class='ocrx_word' id='word_1_10' title='bbox 412 280 570 350; x_wconf 89' lang='lat' dir='ltr'>recti,</span> <span class='ocrx_word' id='word_1_11' title='bbox 611 280 959 337; x_wconf 63' lang='lat' dir='ltr'>adhaerebant</span> <span class='ocrx_word' id='word_1_12' title='bbox 1002 281 1488 356; x_wconf 89' lang='lat' dir='ltr'>pseudomagistris</span> <span class='ocrx_word' id='word_1_13' title='bbox 1524 297 1537 336; x_wconf 89' lang='lat'><strong>:</strong></span> <span class='ocrx_word' id='word_1_14' title='bbox 1572 296 1886 338; x_wconf 79' lang='lat' dir='ltr'>memorans</span> <span class='ocrx_word' id='word_1_15' title='bbox 1915 278 2005 333; x_wconf 90' lang='lat' dir='ltr'>hic</span> <span class='ocrx_word' id='word_1_16' title='bbox 2033 279 2088 339; x_wconf 83' lang='lat' dir='ltr'><strong>A</strong></span> <span class='ocrx_word' id='word_1_17' title='bbox 2108 278 2334 350; x_wconf 84' lang='lat' dir='ltr'>sionem,</span> <span class='ocrx_word' id='word_1_18' title='bbox 2359 285 2417 338; x_wconf 93' lang='lat' dir='ltr'>et</span> <span class='ocrx_word' id='word_1_19' title='bbox 2445 281 2590 338; x_wconf 91' lang='lat' dir='ltr'>volui</span> <span class='ocrx_word' id='word_1_20' title='bbox 2606 298 2707 355; x_wconf 85' lang='lat' dir='ltr'>per</span> <span class='ocrx_word' id='word_1_21' title='bbox 2720 298 2812 340; x_wconf 89' lang='lat' dir='ltr'>vos</span> <span class='ocrx_word' id='word_1_22' title='bbox 2841 282 3090 338; x_wconf 87' lang='lat' dir='ltr'>transire</span> <span class='ocrx_word' id='word_1_23' title='bbox 3109 282 3174 336; x_wconf 89' lang='lat' dir='ltr'>in</span> <span class='ocrx_word' id='word_1_24' title='bbox 3194 280 3576 337; x_wconf 81' lang='lat' dir='ltr'>Macedoniam</span> <span class='ocrx_word' id='word_1_25' title='bbox 3603 298 3621 335; x_wconf 92' lang='lat'><strong><em>:</em></strong></span> <span class='ocrx_word' id='word_1_26' title='bbox 3643 283 3701 336; x_wconf 88' lang='lat' dir='ltr'>et</span> 
     </span>
    </p>
   </div>
   <div class='ocr_carea' id='block_1_5' title="bbox 416 368 2012 442">
    <p class='ocr_par' dir='ltr' id='par_1_5' title="bbox 416 368 2012 442">
     <span class='ocr_line' id='line_1_5' title="bbox 416 368 2012 442; baseline 0 -18"><span class='ocrx_word' id='word_1_27' title='bbox 416 384 581 441; x_wconf 88' lang='lat' dir='ltr'>quam</span> <span class='ocrx_word' id='word_1_28' title='bbox 609 368 777 442; x_wconf 80' lang='lat' dir='ltr'>digne</span> <span class='ocrx_word' id='word_1_29' title='bbox 826 378 1179 425; x_wconf 75' lang='lat' dir='ltr'>conversatus</span> <span class='ocrx_word' id='word_1_30' title='bbox 1227 370 1295 425; x_wconf 92' lang='lat' dir='ltr'>sit</span> <span class='ocrx_word' id='word_1_31' title='bbox 1321 371 1465 442; x_wconf 89' lang='lat' dir='ltr'>apud</span> <span class='ocrx_word' id='word_1_32' title='bbox 1508 386 1622 427; x_wconf 89' lang='lat' dir='ltr'>eos:</span> <span class='ocrx_word' id='word_1_33' title='bbox 1656 379 1708 426; x_wconf 88' lang='lat' dir='ltr'>et</span> <span class='ocrx_word' id='word_1_34' title='bbox 1739 368 2012 442; x_wconf 89' lang='lat' dir='ltr'>quomodo</span> 
     </span>
    </p>
   </div>
   <div class='ocr_carea' id='block_1_6' title="bbox 410 457 2011 531">
    <p class='ocr_par' dir='ltr' id='par_1_6' title="bbox 410 457 2011 531">
     <span class='ocr_line' id='line_1_6' title="bbox 410 457 2011 531; baseline 0.001 -20"><span class='ocrx_word' id='word_1_35' title='bbox 410 457 467 512; x_wconf 92' lang='lat' dir='ltr'>in</span> <span class='ocrx_word' id='word_1_36' title='bbox 495 457 645 513; x_wconf 91' lang='lat' dir='ltr'>nullo</span> <span class='ocrx_word' id='word_1_37' title='bbox 673 457 860 531; x_wconf 80' lang='lat' dir='ltr'>gravis</span> <span class='ocrx_word' id='word_1_38' title='bbox 910 457 1075 513; x_wconf 84' lang='lat' dir='ltr'>fuerit</span> <span class='ocrx_word' id='word_1_39' title='bbox 1105 457 1185 513; x_wconf 92' lang='lat' dir='ltr'>eis</span> <span class='ocrx_word' id='word_1_40' title='bbox 1216 474 1248 514; x_wconf 89' lang='lat' dir='ltr'>a</span> <span class='ocrx_word' id='word_1_41' title='bbox 1280 459 1475 531; x_wconf 87' lang='lat' dir='ltr'>quibus</span> <span class='ocrx_word' id='word_1_42' title='bbox 1502 475 1605 517; x_wconf 89' lang='lat' dir='ltr'>nec</span> <span class='ocrx_word' id='word_1_43' title='bbox 1635 458 1886 515; x_wconf 87' lang='lat' dir='ltr'>victualia</span> <span class='ocrx_word' id='word_1_44' title='bbox 1916 474 2011 513; x_wconf 90' lang='lat' dir='ltr'>re-</span> 
     </span>
    </p>
   </div>
   <div class='ocr_carea' id='block_1_7' title="bbox 415 545 2012 621">
    <p class='ocr_par' dir='ltr' id='par_1_7' title="bbox 415 545 2012 621">
     <span class='ocr_line' id='line_1_7' title="bbox 415 545 2012 621; baseline -0.002 -18"><span class='ocrx_word' id='word_1_45' title='bbox 415 545 559 617; x_wconf 82' lang='lat' dir='ltr'>cepit</span> <span class='ocrx_word' id='word_1_46' title='bbox 585 545 775 602; x_wconf 89' lang='lat' dir='ltr'>dicens</span> <span class='ocrx_word' id='word_1_47' title='bbox 804 567 822 603; x_wconf 89' lang='lat'><strong><em>:</em></strong></span> <span class='ocrx_word' id='word_1_48' title='bbox 855 546 1079 618; x_wconf 88' lang='lat' dir='ltr'>dignum</span> <span class='ocrx_word' id='word_1_49' title='bbox 1122 546 1308 618; x_wconf 78' lang='lat' dir='ltr'>utique</span> <span class='ocrx_word' id='word_1_50' title='bbox 1352 556 1453 614; x_wconf 87' lang='lat' dir='ltr'>est,</span> <span class='ocrx_word' id='word_1_51' title='bbox 1494 555 1553 602; x_wconf 91' lang='lat' dir='ltr'>ut</span> <span class='ocrx_word' id='word_1_52' title='bbox 1598 549 1806 621; x_wconf 81' lang='lat' dir='ltr'>gratias</span> <span class='ocrx_word' id='word_1_53' title='bbox 1835 546 2012 619; x_wconf 78' lang='lat' dir='ltr'>agatis</span> 
     </span>
    </p>
   </div>
   <div class='ocr_carea' id='block_1_8' title="bbox 411 635 2011 708">
    <p class='ocr_par' dir='ltr' id='par_1_8' title="bbox 411 635 2011 708">
     <span class='ocr_line' id='line_1_8' title="bbox 411 635 2011 708; baseline 0.001 -20"><span class='ocrx_word' id='word_1_54' title='bbox 411 649 511 705; x_wconf 90' lang='lat' dir='ltr'>pro</span> <span class='ocrx_word' id='word_1_55' title='bbox 538 635 698 690; x_wconf 91' lang='lat' dir='ltr'>nobis</span> <span class='ocrx_word' id='word_1_56' title='bbox 732 652 745 689; x_wconf 87' lang='lat'><strong>:</strong></span> <span class='ocrx_word' id='word_1_57' title='bbox 777 650 905 689; x_wconf 90' lang='lat' dir='ltr'>nam</span> <span class='ocrx_word' id='word_1_58' title='bbox 935 651 1037 690; x_wconf 90' lang='lat' dir='ltr'>nos</span> <span class='ocrx_word' id='word_1_59' title='bbox 1066 637 1385 691; x_wconf 88' lang='lat' dir='ltr'>conversati</span> <span class='ocrx_word' id='word_1_60' title='bbox 1414 652 1609 691; x_wconf 88' lang='lat' dir='ltr'>sumus</span> <span class='ocrx_word' id='word_1_61' title='bbox 1640 636 1790 708; x_wconf 86' lang='lat' dir='ltr'>apud</span> <span class='ocrx_word' id='word_1_62' title='bbox 1819 652 1909 691; x_wconf 89' lang='lat' dir='ltr'>vos</span> <span class='ocrx_word' id='word_1_63' title='bbox 1948 636 2011 690; x_wconf 91' lang='lat' dir='ltr'>in</span> 
     </span>
    </p>
   </div>
   <div class='ocr_carea' id='block_1_9' title="bbox 411 723 2008 795">
    <p class='ocr_par' dir='ltr' id='par_1_9' title="bbox 411 723 2008 795">
     <span class='ocr_line' id='line_1_9' title="bbox 411 723 2008 795; baseline -0.001 -16"><span class='ocrx_word' id='word_1_64' title='bbox 411 723 782 795; x_wconf 75' lang='lat' dir='ltr'>simplicitate</span> <span class='ocrx_word' id='word_1_65' title='bbox 811 725 1231 779; x_wconf 87' lang='lat' dir='ltr'>etsinceritate.</span> <span class='ocrx_word' id='word_1_66' title='bbox 1257 723 1362 778; x_wconf 91' lang='lat' dir='ltr'>Sed</span> <span class='ocrx_word' id='word_1_67' title='bbox 1383 723 1702 795; x_wconf 79' lang='lat' dir='ltr'>priusquam</span> <span class='ocrx_word' id='word_1_68' title='bbox 1723 724 1827 780; x_wconf 92' lang='lat' dir='ltr'>hoc</span> <span class='ocrx_word' id='word_1_69' title='bbox 1844 724 2008 790; x_wconf 84' lang='lat' dir='ltr'>dicat,</span> 
     </span>
    </p>
   </div>
   <div class='ocr_carea' id='block_1_10' title="bbox 415 810 2012 882">
    <p class='ocr_par' dir='ltr' id='par_1_10' title="bbox 415 810 2012 882">
     <span class='ocr_line' id='line_1_10' title="bbox 415 810 2012 882; baseline 0.002 -18"><span class='ocrx_word' id='word_1_70' title='bbox 415 810 691 882; x_wconf 58' lang='lat' dir='ltr'>prtemittit</span> <span class='ocrx_word' id='word_1_71' title='bbox 733 811 1100 879; x_wconf 82' lang='lat' dir='ltr'>testimonium</span> <span class='ocrx_word' id='word_1_72' title='bbox 1148 812 1307 880; x_wconf 89' lang='lat' dir='ltr'>hujus</span> <span class='ocrx_word' id='word_1_73' title='bbox 1343 812 1441 877; x_wconf 86' lang='lat' dir='ltr'>rei,</span> <span class='ocrx_word' id='word_1_74' title='bbox 1483 812 1672 869; x_wconf 89' lang='lat' dir='ltr'>dicens</span> <span class='ocrx_word' id='word_1_75' title='bbox 1706 828 1718 867; x_wconf 91' lang='lat'>:</span> <span class='ocrx_word' id='word_1_76' title='bbox 1750 812 1887 867; x_wconf 85' lang='lat' dir='ltr'>Etsi</span> <span class='ocrx_word' id='word_1_77' title='bbox 1914 828 2012 869; x_wconf 92' lang='lat' dir='ltr'>vos</span> 
     </span>
    </p>
   </div>
   <div class='ocr_carea' id='block_1_11' title="bbox 415 899 2013 971">
    <p class='ocr_par' dir='ltr' id='par_1_11' title="bbox 415 899 2013 971">
     <span class='ocr_line' id='line_1_11' title="bbox 415 899 2013 971; baseline 0.001 -18"><span class='ocrx_word' id='word_1_78' title='bbox 415 899 628 971; x_wconf 85' lang='lat' dir='ltr'>negetis</span> <span class='ocrx_word' id='word_1_79' title='bbox 655 915 756 955; x_wconf 91' lang='lat' dir='ltr'>nos</span> <span class='ocrx_word' id='word_1_80' title='bbox 800 900 940 955; x_wconf 90' lang='lat' dir='ltr'>bene</span> <span class='ocrx_word' id='word_1_81' title='bbox 987 907 1337 956; x_wconf 85' lang='lat' dir='ltr'>conservatos</span> <span class='ocrx_word' id='word_1_82' title='bbox 1382 916 1503 956; x_wconf 91' lang='lat' dir='ltr'>esse</span> <span class='ocrx_word' id='word_1_83' title='bbox 1552 901 1696 971; x_wconf 88' lang='lat' dir='ltr'>apud</span> <span class='ocrx_word' id='word_1_84' title='bbox 1734 917 1852 968; x_wconf 90' lang='lat' dir='ltr'>vos,</span> <span class='ocrx_word' id='word_1_85' title='bbox 1903 916 2013 956; x_wconf 91' lang='lat' dir='ltr'>non</span> 
     </span>
    </p>
   </div>
   <div class='ocr_carea' id='block_1_12' title="bbox 418 988 2012 1059">
    <p class='ocr_par' dir='ltr' id='par_1_12' title="bbox 418 988 2012 1059">
     <span class='ocr_line' id='line_1_12' title="bbox 418 988 2012 1059; baseline 0.001 -16"><span class='ocrx_word' id='word_1_86' title='bbox 418 1002 570 1043; x_wconf 86' lang='lat' dir='ltr'>curo.</span> <span class='ocrx_word' id='word_1_87' title='bbox 603 990 745 1044; x_wconf 86' lang='lat' dir='ltr'>Nam</span> <span class='ocrx_word' id='word_1_88' title='bbox 773 990 954 1059; x_wconf 79' lang='lat' dir='ltr'>gloria</span> <span class='ocrx_word' id='word_1_89' title='bbox 976 992 1174 1044; x_wconf 87' lang='lat' dir='ltr'>nostra</span> <span class='ocrx_word' id='word_1_90' title='bbox 1196 988 1311 1045; x_wconf 69' lang='lat' dir='ltr'>haec</span> <span class='ocrx_word' id='word_1_91' title='bbox 1343 993 1445 1056; x_wconf 88' lang='lat' dir='ltr'>est,</span> <span class='ocrx_word' id='word_1_92' title='bbox 1470 989 1523 1043; x_wconf 90' lang='lat' dir='ltr'>id</span> <span class='ocrx_word' id='word_1_93' title='bbox 1548 997 1630 1044; x_wconf 88' lang='lat' dir='ltr'>est</span> <span class='ocrx_word' id='word_1_94' title='bbox 1657 990 1709 1043; x_wconf 93' lang='lat' dir='ltr'>in</span> <span class='ocrx_word' id='word_1_95' title='bbox 1741 991 1845 1046; x_wconf 90' lang='lat' dir='ltr'>hoc</span> <span class='ocrx_word' id='word_1_96' title='bbox 1869 989 2012 1045; x_wconf 92' lang='lat' dir='ltr'>mul-</span> 
     </span>
    </p>
   </div>
   <div class='ocr_carea' id='block_1_13' title="bbox 416 1076 2013 1149">
    <p class='ocr_par' dir='ltr' id='par_1_13' title="bbox 416 1076 2013 1149">
     <span class='ocr_line' id='line_1_13' title="bbox 416 1076 2013 1149; baseline 0.002 -19"><span class='ocrx_word' id='word_1_97' title='bbox 416 1083 530 1130; x_wconf 91' lang='lat' dir='ltr'>tum</span> <span class='ocrx_word' id='word_1_98' title='bbox 559 1076 628 1130; x_wconf 89' lang='lat' dir='ltr'>de</span> <span class='ocrx_word' id='word_1_99' title='bbox 656 1076 892 1146; x_wconf 84' lang='lat' dir='ltr'>puritate</span> <span class='ocrx_word' id='word_1_100' title='bbox 922 1092 1059 1131; x_wconf 62' lang='lat' dir='ltr'>mea?</span> <span class='ocrx_word' id='word_1_101' title='bbox 1089 1077 1517 1132; x_wconf 87' lang='lat' dir='ltr'>conversationis</span> <span class='ocrx_word' id='word_1_102' title='bbox 1546 1077 1774 1149; x_wconf 81' lang='lat' dir='ltr'>glorior,</span> <span class='ocrx_word' id='word_1_103' title='bbox 1807 1079 2013 1133; x_wconf 86' lang='lat' dir='ltr'>habens</span> 
     </span>
    </p>
   </div>
   <div class='ocr_carea' id='block_1_14' title="bbox 419 1165 2013 1223">
    <p class='ocr_par' dir='ltr' id='par_1_14' title="bbox 419 1165 2013 1223">
     <span class='ocr_line' id='line_1_14' title="bbox 419 1165 2013 1223; baseline 0.002 -4"><span class='ocrx_word' id='word_1_104' title='bbox 419 1165 809 1220; x_wconf 85' lang='lat' dir='ltr'>testimonium</span> <span class='ocrx_word' id='word_1_105' title='bbox 848 1166 1208 1221; x_wconf 80' lang='lat' dir='ltr'>conscientiae</span> <span class='ocrx_word' id='word_1_106' title='bbox 1236 1170 1464 1221; x_wconf 61' lang='lat' dir='ltr'>nostrae.</span> <span class='ocrx_word' id='word_1_107' title='bbox 1498 1165 1839 1221; x_wconf 88' lang='lat' dir='ltr'>Conscientia</span> <span class='ocrx_word' id='word_1_108' title='bbox 1869 1168 2013 1223; x_wconf 91' lang='lat' dir='ltr'>enim</span> 
     </span>
    </p>
   </div>
   <div class='ocr_carea' id='block_1_15' title="bbox 412 1251 2012 1324">
    <p class='ocr_par' dir='ltr' id='par_1_15' title="bbox 412 1251 2012 1324">
     <span class='ocr_line' id='line_1_15' title="bbox 412 1251 2012 1324; baseline 0.004 -18"><span class='ocrx_word' id='word_1_109' title='bbox 412 1251 545 1306; x_wconf 87' lang='lat' dir='ltr'>mihi</span> <span class='ocrx_word' id='word_1_110' title='bbox 572 1252 727 1307; x_wconf 89' lang='lat' dir='ltr'>testis</span> <span class='ocrx_word' id='word_1_111' title='bbox 753 1260 836 1307; x_wconf 90' lang='lat' dir='ltr'>est</span> <span class='ocrx_word' id='word_1_112' title='bbox 865 1253 1011 1324; x_wconf 89' lang='lat' dir='ltr'>quod</span> <span class='ocrx_word' id='word_1_113' title='bbox 1040 1252 1096 1307; x_wconf 90' lang='lat' dir='ltr'>in</span> <span class='ocrx_word' id='word_1_114' title='bbox 1127 1253 1467 1324; x_wconf 85' lang='lat' dir='ltr'>simplicitate</span> <span class='ocrx_word' id='word_1_115' title='bbox 1495 1270 1605 1309; x_wconf 90' lang='lat' dir='ltr'>non</span> <span class='ocrx_word' id='word_1_116' title='bbox 1633 1262 1689 1309; x_wconf 91' lang='lat' dir='ltr'>ut</span> <span class='ocrx_word' id='word_1_117' title='bbox 1717 1254 2012 1312; x_wconf 86' lang='lat' dir='ltr'>defrauda-</span> 
     </span>
    </p>
   </div>
   <div class='ocr_carea' id='block_1_16' title="bbox 416 1341 2012 1415">
    <p class='ocr_par' dir='ltr' id='par_1_16' title="bbox 416 1341 2012 1415">
     <span class='ocr_line' id='line_1_16' title="bbox 416 1341 2012 1415; baseline 0.004 -20"><span class='ocrx_word' id='word_1_118' title='bbox 416 1356 532 1396; x_wconf 89' lang='lat' dir='ltr'>rem</span> <span class='ocrx_word' id='word_1_119' title='bbox 563 1341 718 1397; x_wconf 82' lang='lat' dir='ltr'>vobis</span> <span class='ocrx_word' id='word_1_120' title='bbox 749 1358 837 1396; x_wconf 91' lang='lat' dir='ltr'>res</span> <span class='ocrx_word' id='word_1_121' title='bbox 866 1349 1080 1397; x_wconf 88' lang='lat' dir='ltr'>vestras</span> <span class='ocrx_word' id='word_1_122' title='bbox 1121 1349 1178 1396; x_wconf 92' lang='lat' dir='ltr'>ut</span> <span class='ocrx_word' id='word_1_123' title='bbox 1205 1342 1432 1412; x_wconf 86' lang='lat' dir='ltr'>pseudo,</span> <span class='ocrx_word' id='word_1_124' title='bbox 1464 1343 1562 1398; x_wconf 89' lang='lat' dir='ltr'>sed</span> <span class='ocrx_word' id='word_1_125' title='bbox 1590 1343 1642 1397; x_wconf 93' lang='lat' dir='ltr'>in</span> <span class='ocrx_word' id='word_1_126' title='bbox 1675 1344 2012 1415; x_wconf 83' lang='lat' dir='ltr'>simplicitate</span> 
     </span>
    </p>
   </div>
   <div class='ocr_carea' id='block_1_17' title="bbox 415 1428 2012 1500">
    <p class='ocr_par' dir='ltr' id='par_1_17' title="bbox 415 1428 2012 1500">
     <span class='ocr_line' id='line_1_17' title="bbox 415 1428 2012 1500; baseline 0.004 -19"><span class='ocrx_word' id='word_1_127' title='bbox 415 1428 549 1482; x_wconf 91' lang='lat' dir='ltr'>nihil</span> <span class='ocrx_word' id='word_1_128' title='bbox 575 1444 606 1482; x_wconf 93' lang='lat' dir='ltr'>a</span> <span class='ocrx_word' id='word_1_129' title='bbox 638 1428 792 1484; x_wconf 90' lang='lat' dir='ltr'>vobis</span> <span class='ocrx_word' id='word_1_130' title='bbox 825 1429 1100 1500; x_wconf 89' lang='lat' dir='ltr'>accipiens</span> <span class='ocrx_word' id='word_1_131' title='bbox 1133 1446 1146 1484; x_wconf 90' lang='lat'><strong>:</strong></span> <span class='ocrx_word' id='word_1_132' title='bbox 1180 1438 1232 1485; x_wconf 90' lang='lat' dir='ltr'>et</span> <span class='ocrx_word' id='word_1_133' title='bbox 1260 1431 1323 1485; x_wconf 91' lang='lat' dir='ltr'>in</span> <span class='ocrx_word' id='word_1_134' title='bbox 1344 1432 1677 1488; x_wconf 77' lang='lat' dir='ltr'>sinceritate</span> <span class='ocrx_word' id='word_1_135' title='bbox 1696 1434 1814 1499; x_wconf 85' lang='lat' dir='ltr'>Dei,</span> <span class='ocrx_word' id='word_1_136' title='bbox 1848 1433 1901 1487; x_wconf 90' lang='lat' dir='ltr'>id</span> <span class='ocrx_word' id='word_1_137' title='bbox 1932 1441 2012 1488; x_wconf 92' lang='lat' dir='ltr'>est</span> 
     </span>
    </p>
   </div>
   <div class='ocr_carea' id='block_1_18' title="bbox 418 1516 2008 1590">
    <p class='ocr_par' dir='ltr' id='par_1_18' title="bbox 418 1516 2008 1590">
     <span class='ocr_line' id='line_1_18' title="bbox 418 1516 2008 1590; baseline 0.004 -20"><span class='ocrx_word' id='word_1_138' title='bbox 418 1516 473 1570; x_wconf 91' lang='lat' dir='ltr'>in</span> <span class='ocrx_word' id='word_1_139' title='bbox 503 1516 739 1587; x_wconf 84' lang='lat' dir='ltr'>puritate</span> <span class='ocrx_word' id='word_1_140' title='bbox 767 1516 894 1573; x_wconf 84' lang='lat' dir='ltr'>ﬁdei</span> <span class='ocrx_word' id='word_1_141' title='bbox 928 1536 941 1572; x_wconf 89' lang='lat'><strong>:</strong></span> <span class='ocrx_word' id='word_1_142' title='bbox 975 1534 1086 1573; x_wconf 91' lang='lat' dir='ltr'>non</span> <span class='ocrx_word' id='word_1_143' title='bbox 1116 1519 1425 1574; x_wconf 87' lang='lat' dir='ltr'>admiscens</span> <span class='ocrx_word' id='word_1_144' title='bbox 1445 1520 1523 1590; x_wconf 90' lang='lat' dir='ltr'>(ut</span> <span class='ocrx_word' id='word_1_145' title='bbox 1540 1520 1641 1589; x_wconf 89' lang='lat' dir='ltr'>illi)</span> <span class='ocrx_word' id='word_1_146' title='bbox 1671 1520 1805 1575; x_wconf 84' lang='lat' dir='ltr'>falsa</span> <span class='ocrx_word' id='word_1_147' title='bbox 1825 1521 1971 1577; x_wconf 89' lang='lat' dir='ltr'>veris</span> <span class='ocrx_word' id='word_1_148' title='bbox 1996 1537 2008 1576; x_wconf 93' lang='lat'>:</span> 
     </span>
    </p>
   </div>
   <div class='ocr_carea' id='block_1_19' title="bbox 2110 368 3697 435">
    <p class='ocr_par' dir='ltr' id='par_1_19' title="bbox 2110 368 3697 435">
     <span class='ocr_line' id='line_1_19' title="bbox 2110 368 3697 435; baseline 0.001 -12"><span class='ocrx_word' id='word_1_149' title='bbox 2110 386 2145 423; x_wconf 91' lang='lat' dir='ltr'>a</span> <span class='ocrx_word' id='word_1_150' title='bbox 2171 370 2489 426; x_wconf 82' lang='lat' dir='ltr'>Macedonia</span> <span class='ocrx_word' id='word_1_151' title='bbox 2506 378 2802 435; x_wconf 88' lang='lat' dir='ltr'>revertens,</span> <span class='ocrx_word' id='word_1_152' title='bbox 2836 372 3048 426; x_wconf 79' lang='lat' dir='ltr'>iterum</span> <span class='ocrx_word' id='word_1_153' title='bbox 3068 368 3213 425; x_wconf 90' lang='lat' dir='ltr'>volui</span> <span class='ocrx_word' id='word_1_154' title='bbox 3249 371 3441 424; x_wconf 82' lang='lat' dir='ltr'>venire</span> <span class='ocrx_word' id='word_1_155' title='bbox 3470 369 3541 423; x_wconf 84' lang='lat' dir='ltr'>ad</span> <span class='ocrx_word' id='word_1_156' title='bbox 3563 384 3651 424; x_wconf 89' lang='lat' dir='ltr'>vos</span> <span class='ocrx_word' id='word_1_157' title='bbox 3684 384 3697 424; x_wconf 89' lang='lat'><strong>:</strong></span> 
     </span>
    </p>
   </div>
   <div class='ocr_carea' id='block_1_20' title="bbox 2111 456 3702 528">
    <p class='ocr_par' dir='ltr' id='par_1_20' title="bbox 2111 456 3702 528">
     <span class='ocr_line' id='line_1_20' title="bbox 2111 456 3702 528; baseline -0.002 -15"><span class='ocrx_word' id='word_1_158' title='bbox 2111 461 2167 513; x_wconf 89' lang='lat' dir='ltr'>et</span> <span class='ocrx_word' id='word_1_159' title='bbox 2187 475 2222 512; x_wconf 91' lang='lat' dir='ltr'>a</span> <span class='ocrx_word' id='word_1_160' title='bbox 2249 459 2395 515; x_wconf 92' lang='lat' dir='ltr'>vobis</span> <span class='ocrx_word' id='word_1_161' title='bbox 2426 459 2573 514; x_wconf 89' lang='lat' dir='ltr'>volui</span> <span class='ocrx_word' id='word_1_162' title='bbox 2601 459 2801 515; x_wconf 84' lang='lat' dir='ltr'>deduci</span> <span class='ocrx_word' id='word_1_163' title='bbox 2829 462 2891 515; x_wconf 90' lang='lat' dir='ltr'>in</span> <span class='ocrx_word' id='word_1_164' title='bbox 2925 459 3195 515; x_wconf 64' lang='lat' dir='ltr'>Iudaeam.</span> <span class='ocrx_word' id='word_1_165' title='bbox 3219 458 3287 512; x_wconf 90' lang='lat' dir='ltr'>Et</span> <span class='ocrx_word' id='word_1_166' title='bbox 3312 456 3435 528; x_wconf 89' lang='lat' dir='ltr'>quia</span> <span class='ocrx_word' id='word_1_167' title='bbox 3461 456 3539 512; x_wconf 90' lang='lat' dir='ltr'>sic</span> <span class='ocrx_word' id='word_1_168' title='bbox 3553 456 3702 527; x_wconf 88' lang='lat' dir='ltr'>prius</span> 
     </span>
    </p>
   </div>
   <div class='ocr_carea' id='block_1_21' title="bbox 2110 544 3697 619">
    <p class='ocr_par' dir='ltr' id='par_1_21' title="bbox 2110 544 3697 619">
     <span class='ocr_line' id='line_1_21' title="bbox 2110 544 3697 619; baseline 0 -20"><span class='ocrx_word' id='word_1_169' title='bbox 2110 544 2257 600; x_wconf 88' lang='lat' dir='ltr'>volui</span> <span class='ocrx_word' id='word_1_170' title='bbox 2290 564 2303 601; x_wconf 86' lang='lat'><strong>:</strong></span> <span class='ocrx_word' id='word_1_171' title='bbox 2335 563 2462 619; x_wconf 89' lang='lat' dir='ltr'>ergo</span> <span class='ocrx_word' id='word_1_172' title='bbox 2480 564 2609 604; x_wconf 86' lang='lat' dir='ltr'>cum</span> <span class='ocrx_word' id='word_1_173' title='bbox 2623 549 2927 604; x_wconf 76' lang='lat' dir='ltr'>voluissem</span> <span class='ocrx_word' id='word_1_174' title='bbox 2949 548 3068 613; x_wconf 82' lang='lat' dir='ltr'>hoc,</span> <span class='ocrx_word' id='word_1_175' title='bbox 3093 546 3148 601; x_wconf 91' lang='lat' dir='ltr'>id</span> <span class='ocrx_word' id='word_1_176' title='bbox 3170 553 3254 603; x_wconf 89' lang='lat' dir='ltr'>est</span> <span class='ocrx_word' id='word_1_177' title='bbox 3284 545 3467 601; x_wconf 89' lang='lat' dir='ltr'>venire</span> <span class='ocrx_word' id='word_1_178' title='bbox 3492 545 3561 600; x_wconf 94' lang='lat' dir='ltr'>ad</span> <span class='ocrx_word' id='word_1_179' title='bbox 3577 560 3697 611; x_wconf 92' lang='lat' dir='ltr'>vos,</span> 
     </span>
    </p>
   </div>
   <div class='ocr_carea' id='block_1_22' title="bbox 2111 632 3705 707">
    <p class='ocr_par' dir='ltr' id='par_1_22' title="bbox 2111 632 3705 707">
     <span class='ocr_line' id='line_1_22' title="bbox 2111 632 3705 707; baseline -0.001 -18"><span class='ocrx_word' id='word_1_180' title='bbox 2111 634 2372 707; x_wconf 79' lang='lat' dir='ltr'>nunquid</span> <span class='ocrx_word' id='word_1_181' title='bbox 2383 652 2518 691; x_wconf 83' lang='lat' dir='ltr'>usus</span> <span class='ocrx_word' id='word_1_182' title='bbox 2547 652 2673 691; x_wconf 89' lang='lat' dir='ltr'>sum</span> <span class='ocrx_word' id='word_1_183' title='bbox 2694 637 2940 700; x_wconf 80' lang='lat' dir='ltr'>levitate,</span> <span class='ocrx_word' id='word_1_184' title='bbox 2963 635 3092 707; x_wconf 86' lang='lat' dir='ltr'>quia</span> <span class='ocrx_word' id='word_1_185' title='bbox 3109 650 3218 689; x_wconf 91' lang='lat' dir='ltr'>non</span> <span class='ocrx_word' id='word_1_186' title='bbox 3237 633 3362 689; x_wconf 90' lang='lat' dir='ltr'>veni</span> <span class='ocrx_word' id='word_1_187' title='bbox 3380 633 3521 689; x_wconf 88' lang='lat' dir='ltr'>sicut</span> <span class='ocrx_word' id='word_1_188' title='bbox 3551 632 3705 704; x_wconf 90' lang='lat' dir='ltr'>prius</span> 
     </span>
    </p>
   </div>
   <div class='ocr_carea' id='block_1_23' title="bbox 2112 721 3705 796">
    <p class='ocr_par' dir='ltr' id='par_1_23' title="bbox 2112 721 3705 796">
     <span class='ocr_line' id='line_1_23' title="bbox 2112 721 3705 796; baseline -0.001 -19"><span class='ocrx_word' id='word_1_189' title='bbox 2112 721 2258 777; x_wconf 92' lang='lat' dir='ltr'>volui</span> <span class='ocrx_word' id='word_1_190' title='bbox 2292 728 2314 778; x_wconf 83' lang='lat'><strong><em>?</em></strong></span> <span class='ocrx_word' id='word_1_191' title='bbox 2341 725 2447 778; x_wconf 85' lang='lat' dir='ltr'>Aut</span> <span class='ocrx_word' id='word_1_192' title='bbox 2466 724 2595 796; x_wconf 89' lang='lat' dir='ltr'>quia</span> <span class='ocrx_word' id='word_1_193' title='bbox 2616 739 2725 779; x_wconf 90' lang='lat' dir='ltr'>non</span> <span class='ocrx_word' id='word_1_194' title='bbox 2754 723 2898 789; x_wconf 89' lang='lat' dir='ltr'>veni,</span> <span class='ocrx_word' id='word_1_195' title='bbox 2934 741 3009 780; x_wconf 89' lang='lat' dir='ltr'>an</span> <span class='ocrx_word' id='word_1_196' title='bbox 3040 738 3106 778; x_wconf 90' lang='lat' dir='ltr'>ea</span> <span class='ocrx_word' id='word_1_197' title='bbox 3138 738 3259 795; x_wconf 63' lang='lat' dir='ltr'>quae</span> <span class='ocrx_word' id='word_1_198' title='bbox 3296 722 3470 794; x_wconf 86' lang='lat' dir='ltr'>cogito</span> <span class='ocrx_word' id='word_1_199' title='bbox 3510 737 3705 777; x_wconf 87' lang='lat' dir='ltr'>secun-</span> 
     </span>
    </p>
   </div>
   <div class='ocr_carea' id='block_1_24' title="bbox 2113 810 3702 881">
    <p class='ocr_par' dir='ltr' id='par_1_24' title="bbox 2113 810 3702 881">
     <span class='ocr_line' id='line_1_24' title="bbox 2113 810 3702 881; baseline -0.002 -15"><span class='ocrx_word' id='word_1_200' title='bbox 2113 811 2246 867; x_wconf 88' lang='lat' dir='ltr'>dum</span> <span class='ocrx_word' id='word_1_201' title='bbox 2268 828 2519 878; x_wconf 88' lang='lat' dir='ltr'>carnem,</span> <span class='ocrx_word' id='word_1_202' title='bbox 2549 812 2605 866; x_wconf 93' lang='lat' dir='ltr'>id</span> <span class='ocrx_word' id='word_1_203' title='bbox 2634 820 2717 867; x_wconf 89' lang='lat' dir='ltr'>est</span> <span class='ocrx_word' id='word_1_204' title='bbox 2760 811 2979 867; x_wconf 88' lang='lat' dir='ltr'>carnale</span> <span class='ocrx_word' id='word_1_205' title='bbox 3011 810 3357 867; x_wconf 88' lang='lat' dir='ltr'>commodum</span> <span class='ocrx_word' id='word_1_206' title='bbox 3386 810 3589 881; x_wconf 90' lang='lat' dir='ltr'>cogito,</span> <span class='ocrx_word' id='word_1_207' title='bbox 3642 816 3702 864; x_wconf 90' lang='lat' dir='ltr'>ut</span> 
     </span>
    </p>
   </div>
   <div class='ocr_carea' id='block_1_25' title="bbox 2112 898 3701 972">
    <p class='ocr_par' dir='ltr' id='par_1_25' title="bbox 2112 898 3701 972">
     <span class='ocr_line' id='line_1_25' title="bbox 2112 898 3701 972; baseline -0.001 -19"><span class='ocrx_word' id='word_1_208' title='bbox 2112 898 2238 954; x_wconf 90' lang='lat' dir='ltr'>ideo</span> <span class='ocrx_word' id='word_1_209' title='bbox 2259 900 2446 955; x_wconf 90' lang='lat' dir='ltr'>venire</span> <span class='ocrx_word' id='word_1_210' title='bbox 2465 899 2781 966; x_wconf 86' lang='lat' dir='ltr'>dimiserim,</span> <span class='ocrx_word' id='word_1_211' title='bbox 2811 900 2936 972; x_wconf 90' lang='lat' dir='ltr'>quia</span> <span class='ocrx_word' id='word_1_212' title='bbox 2956 899 3086 953; x_wconf 88' lang='lat' dir='ltr'>nihil</span> <span class='ocrx_word' id='word_1_213' title='bbox 3103 915 3191 955; x_wconf 90' lang='lat' dir='ltr'>me</span> <span class='ocrx_word' id='word_1_214' title='bbox 3207 914 3240 954; x_wconf 94' lang='lat' dir='ltr'>a</span> <span class='ocrx_word' id='word_1_215' title='bbox 3257 898 3411 954; x_wconf 89' lang='lat' dir='ltr'>vobis</span> <span class='ocrx_word' id='word_1_216' title='bbox 3423 913 3701 969; x_wconf 87' lang='lat' dir='ltr'>sperarem</span> 
     </span>
    </p>
   </div>
   <div class='ocr_carea' id='block_1_26' title="bbox 2114 985 3705 1060">
    <p class='ocr_par' dir='ltr' id='par_1_26' title="bbox 2114 985 3705 1060">
     <span class='ocr_line' id='line_1_26' title="bbox 2114 985 3705 1060; baseline -0.001 -18"><span class='ocrx_word' id='word_1_217' title='bbox 2114 996 2457 1059; x_wconf 88' lang='lat' dir='ltr'>recepturum</span> <span class='ocrx_word' id='word_1_218' title='bbox 2477 990 2505 1044; x_wconf 71' lang='lat'><strong>7</strong></span> <span class='ocrx_word' id='word_1_219' title='bbox 2533 1005 2623 1054; x_wconf 90' lang='lat' dir='ltr'>an,</span> <span class='ocrx_word' id='word_1_220' title='bbox 2654 990 2905 1060; x_wconf 90' lang='lat' dir='ltr'>inquam,</span> <span class='ocrx_word' id='word_1_221' title='bbox 2940 987 3239 1044; x_wconf 88' lang='lat' dir='ltr'>secundum</span> <span class='ocrx_word' id='word_1_222' title='bbox 3268 1003 3490 1043; x_wconf 90' lang='lat' dir='ltr'>carnem</span> <span class='ocrx_word' id='word_1_223' title='bbox 3520 985 3705 1059; x_wconf 89' lang='lat' dir='ltr'>cogito</span> 
     </span>
    </p>
   </div>
   <div class='ocr_carea' id='block_1_27' title="bbox 2113 1072 3702 1149">
    <p class='ocr_par' dir='ltr' id='par_1_27' title="bbox 2113 1072 3702 1149">
     <span class='ocr_line' id='line_1_27' title="bbox 2113 1072 3702 1149; baseline -0.002 -18"><span class='ocrx_word' id='word_1_224' title='bbox 2113 1080 2179 1131; x_wconf 89' lang='lat' dir='ltr'>ut</span> <span class='ocrx_word' id='word_1_225' title='bbox 2206 1084 2499 1147; x_wconf 87' lang='lat' dir='ltr'>prepterea</span> <span class='ocrx_word' id='word_1_226' title='bbox 2527 1079 2606 1133; x_wconf 88' lang='lat' dir='ltr'>sit</span> <span class='ocrx_word' id='word_1_227' title='bbox 2636 1077 2787 1149; x_wconf 89' lang='lat' dir='ltr'>apud</span> <span class='ocrx_word' id='word_1_228' title='bbox 2815 1093 2923 1141; x_wconf 92' lang='lat' dir='ltr'>me,</span> <span class='ocrx_word' id='word_1_229' title='bbox 2962 1080 3085 1142; x_wconf 52' lang='grc' dir='ltr'><em>σειν</em></span> <span class='ocrx_word' id='word_1_230' title='bbox 3113 1078 3169 1131; x_wconf 90' lang='lat' dir='ltr'>et</span> <span class='ocrx_word' id='word_1_231' title='bbox 3199 1092 3335 1139; x_wconf 88' lang='lat' dir='ltr'>non,</span> <span class='ocrx_word' id='word_1_232' title='bbox 3358 1074 3413 1129; x_wconf 91' lang='lat' dir='ltr'>id</span> <span class='ocrx_word' id='word_1_233' title='bbox 3435 1082 3516 1130; x_wconf 90' lang='lat' dir='ltr'>est</span> <span class='ocrx_word' id='word_1_234' title='bbox 3548 1072 3702 1129; x_wconf 75' lang='lat' dir='ltr'>afﬁr-</span> 
     </span>
    </p>
   </div>
   <div class='ocr_carea' id='block_1_28' title="bbox 2112 1162 3707 1239">
    <p class='ocr_par' dir='ltr' id='par_1_28' title="bbox 2112 1162 3707 1239">
     <span class='ocr_line' id='line_1_28' title="bbox 2112 1162 3707 1239; baseline -0.003 -19"><span class='ocrx_word' id='word_1_235' title='bbox 2112 1166 2278 1220; x_wconf 89' lang='lat' dir='ltr'>matio</span> <span class='ocrx_word' id='word_1_236' title='bbox 2309 1174 2361 1220; x_wconf 89' lang='lat' dir='ltr'>et</span> <span class='ocrx_word' id='word_1_237' title='bbox 2391 1165 2609 1239; x_wconf 89' lang='lat' dir='ltr'>negatio</span> <span class='ocrx_word' id='word_1_238' title='bbox 2639 1166 2708 1221; x_wconf 89' lang='lat' dir='ltr'>de</span> <span class='ocrx_word' id='word_1_239' title='bbox 2745 1164 2981 1222; x_wconf 74' lang='lat'>160</span> <span class='ocrx_word' id='word_1_240' title='bbox 3011 1164 3248 1221; x_wconf 83' lang='lat' dir='ltr'>eodem?</span> <span class='ocrx_word' id='word_1_241' title='bbox 3267 1163 3423 1232; x_wconf 89' lang='lat' dir='ltr'>Quod</span> <span class='ocrx_word' id='word_1_242' title='bbox 3445 1162 3588 1235; x_wconf 87' lang='lat' dir='ltr'>apud</span> <span class='ocrx_word' id='word_1_243' title='bbox 3616 1177 3707 1217; x_wconf 88' lang='lat' dir='ltr'>me</span> 
     </span>
    </p>
   </div>
   <div class='ocr_carea' id='block_1_29' title="bbox 2114 1253 3710 1326">
    <p class='ocr_par' dir='ltr' id='par_1_29' title="bbox 2114 1253 3710 1326">
     <span class='ocr_line' id='line_1_29' title="bbox 2114 1253 3710 1326; baseline -0.003 -16"><span class='ocrx_word' id='word_1_244' title='bbox 2114 1270 2223 1310; x_wconf 92' lang='lat' dir='ltr'>non</span> <span class='ocrx_word' id='word_1_245' title='bbox 2254 1254 2338 1321; x_wconf 90' lang='lat' dir='ltr'>sit,</span> <span class='ocrx_word' id='word_1_246' title='bbox 2365 1259 2449 1310; x_wconf 86' lang='lat' dir='ltr'>est</span> <span class='ocrx_word' id='word_1_247' title='bbox 2470 1259 2670 1324; x_wconf 86' lang='lat' dir='ltr'>etnon,</span> <span class='ocrx_word' id='word_1_248' title='bbox 2694 1262 2918 1325; x_wconf 88' lang='lat' dir='ltr'>apparet</span> <span class='ocrx_word' id='word_1_249' title='bbox 2938 1253 2992 1308; x_wconf 90' lang='lat' dir='ltr'>in</span> <span class='ocrx_word' id='word_1_250' title='bbox 3009 1253 3102 1309; x_wconf 91' lang='lat' dir='ltr'>illo</span> <span class='ocrx_word' id='word_1_251' title='bbox 3124 1267 3377 1308; x_wconf 89' lang='lat' dir='ltr'>sermone</span> <span class='ocrx_word' id='word_1_252' title='bbox 3399 1254 3496 1326; x_wconf 89' lang='lat' dir='ltr'>qui</span> <span class='ocrx_word' id='word_1_253' title='bbox 3514 1255 3710 1307; x_wconf 83' lang='lat' dir='ltr'>noster</span> 
     </span>
    </p>
   </div>
   <div class='ocr_carea' id='block_1_30' title="bbox 2112 1340 3709 1416">
    <p class='ocr_par' dir='ltr' id='par_1_30' title="bbox 2112 1340 3709 1416">
     <span class='ocr_line' id='line_1_30' title="bbox 2112 1340 3709 1416; baseline -0.004 -17"><span class='ocrx_word' id='word_1_254' title='bbox 2112 1359 2292 1399; x_wconf 82' lang='lat' dir='ltr'>sermo</span> <span class='ocrx_word' id='word_1_255' title='bbox 2319 1343 2409 1414; x_wconf 80' lang='lat' dir='ltr'>[ui</span> <span class='ocrx_word' id='word_1_256' title='bbox 2437 1343 2589 1416; x_wconf 88' lang='lat' dir='ltr'>apud</span> <span class='ocrx_word' id='word_1_257' title='bbox 2620 1359 2712 1398; x_wconf 90' lang='lat' dir='ltr'>vos</span> <span class='ocrx_word' id='word_1_258' title='bbox 2744 1342 2874 1397; x_wconf 92' lang='lat' dir='ltr'>dum</span> <span class='ocrx_word' id='word_1_259' title='bbox 2900 1358 3145 1413; x_wconf 69' lang='lat' dir='ltr'>praesens</span> <span class='ocrx_word' id='word_1_260' title='bbox 3172 1357 3349 1397; x_wconf 91' lang='lat' dir='ltr'>essem</span> <span class='ocrx_word' id='word_1_261' title='bbox 3387 1340 3530 1396; x_wconf 91' lang='lat' dir='ltr'>inter</span> <span class='ocrx_word' id='word_1_262' title='bbox 3558 1355 3658 1396; x_wconf 87' lang='lat' dir='ltr'>vos</span> <span class='ocrx_word' id='word_1_263' title='bbox 3693 1354 3709 1394; x_wconf 87' lang='lat'><strong>:</strong></span> 
     </span>
    </p>
   </div>
   <div class='ocr_carea' id='block_1_31' title="bbox 2114 1430 3707 1503">
    <p class='ocr_par' dir='ltr' id='par_1_31' title="bbox 2114 1430 3707 1503">
     <span class='ocr_line' id='line_1_31' title="bbox 2114 1430 3707 1503; baseline -0.001 -19"><span class='ocrx_word' id='word_1_264' title='bbox 2114 1431 2240 1503; x_wconf 88' lang='lat' dir='ltr'>quia</span> <span class='ocrx_word' id='word_1_265' title='bbox 2269 1430 2325 1484; x_wconf 92' lang='lat' dir='ltr'>in</span> <span class='ocrx_word' id='word_1_266' title='bbox 2353 1430 2446 1486; x_wconf 93' lang='lat' dir='ltr'>illo</span> <span class='ocrx_word' id='word_1_267' title='bbox 2477 1446 2730 1486; x_wconf 88' lang='lat' dir='ltr'>sermone</span> <span class='ocrx_word' id='word_1_268' title='bbox 2750 1438 2875 1486; x_wconf 89' lang='lat' dir='ltr'>tunc</span> <span class='ocrx_word' id='word_1_269' title='bbox 2894 1430 3076 1485; x_wconf 91' lang='lat' dir='ltr'>habito</span> <span class='ocrx_word' id='word_1_270' title='bbox 3095 1445 3211 1485; x_wconf 89' lang='lat' dir='ltr'>non</span> <span class='ocrx_word' id='word_1_271' title='bbox 3240 1430 3358 1501; x_wconf 78' lang='lat' dir='ltr'>fuit</span> <span class='ocrx_word' id='word_1_272' title='bbox 3387 1433 3542 1485; x_wconf 85' lang='lat' dir='ltr'>estet</span> <span class='ocrx_word' id='word_1_273' title='bbox 3566 1444 3707 1492; x_wconf 86' lang='lat' dir='ltr'>non,</span> 
     </span>
    </p>
   </div>
   <div class='ocr_carea' id='block_1_32' title="bbox 2113 1515 3707 1590">
    <p class='ocr_par' dir='ltr' id='par_1_32' title="bbox 2113 1515 3707 1590">
     <span class='ocr_line' id='line_1_32' title="bbox 2113 1515 3707 1590; baseline -0.003 -16"><span class='ocrx_word' id='word_1_274' title='bbox 2113 1518 2169 1574; x_wconf 89' lang='lat' dir='ltr'>id</span> <span class='ocrx_word' id='word_1_275' title='bbox 2200 1526 2282 1574; x_wconf 89' lang='lat' dir='ltr'>est</span> <span class='ocrx_word' id='word_1_276' title='bbox 2303 1518 2589 1573; x_wconf 73' lang='lat' dir='ltr'>afﬁrmatio</span> <span class='ocrx_word' id='word_1_277' title='bbox 2602 1526 2654 1573; x_wconf 89' lang='lat' dir='ltr'>et</span> <span class='ocrx_word' id='word_1_278' title='bbox 2673 1519 2892 1590; x_wconf 88' lang='lat' dir='ltr'>negatio</span> <span class='ocrx_word' id='word_1_279' title='bbox 2923 1519 2992 1573; x_wconf 88' lang='lat' dir='ltr'>de</span> <span class='ocrx_word' id='word_1_280' title='bbox 3022 1518 3214 1573; x_wconf 89' lang='lat' dir='ltr'>eodem</span> <span class='ocrx_word' id='word_1_281' title='bbox 3237 1532 3249 1571; x_wconf 89' lang='lat'><strong>:</strong></span> <span class='ocrx_word' id='word_1_282' title='bbox 3269 1525 3323 1572; x_wconf 91' lang='lat' dir='ltr'>et</span> <span class='ocrx_word' id='word_1_283' title='bbox 3350 1517 3495 1589; x_wconf 88' lang='lat' dir='ltr'>quod</span> <span class='ocrx_word' id='word_1_284' title='bbox 3514 1516 3587 1571; x_wconf 85' lang='lat' dir='ltr'>ita</span> <span class='ocrx_word' id='word_1_285' title='bbox 3604 1515 3707 1571; x_wconf 90' lang='lat' dir='ltr'>sit:</span> 
     </span>
    </p>
   </div>
   <div class='ocr_carea' id='block_1_33' title="bbox 418 1603 3706 1690">
    <p class='ocr_par' dir='ltr' id='par_1_33' title="bbox 418 1603 3706 1690">
     <span class='ocr_line' id='line_1_33' title="bbox 418 1603 3706 1690; baseline -0 -31"><span class='ocrx_word' id='word_1_286' title='bbox 418 1611 471 1659; x_wconf 91' lang='lat' dir='ltr'>et</span> <span class='ocrx_word' id='word_1_287' title='bbox 498 1620 614 1661; x_wconf 90' lang='lat' dir='ltr'>non</span> <span class='ocrx_word' id='word_1_288' title='bbox 642 1606 705 1661; x_wconf 82' lang='lat' dir='ltr'>in</span> <span class='ocrx_word' id='word_1_289' title='bbox 735 1607 1018 1677; x_wconf 84' lang='lat' dir='ltr'>sapientia</span> <span class='ocrx_word' id='word_1_290' title='bbox 1046 1608 1270 1663; x_wconf 84' lang='lat' dir='ltr'>carnali</span> <span class='ocrx_word' id='word_1_291' title='bbox 1301 1626 1319 1662; x_wconf 92' lang='lat'><strong><em>:</em></strong></span> <span class='ocrx_word' id='word_1_292' title='bbox 1348 1623 1459 1662; x_wconf 90' lang='lat' dir='ltr'>non</span> <span class='ocrx_word' id='word_1_293' title='bbox 1488 1608 1631 1662; x_wconf 91' lang='lat' dir='ltr'>enim</span> <span class='ocrx_word' id='word_1_294' title='bbox 1663 1609 1867 1665; x_wconf 68' lang='lat' dir='ltr'>adhaesi</span> <span class='ocrx_word' id='word_1_295' title='bbox 1895 1626 2080 1690; x_wconf 82' lang='lat' dir='ltr'>car-B</span> <span class='ocrx_word' id='word_1_296' title='bbox 2113 1613 2256 1663; x_wconf 89' lang='lat' dir='ltr'>Deus</span> <span class='ocrx_word' id='word_1_297' title='bbox 2284 1609 2381 1680; x_wconf 88' lang='lat' dir='ltr'>qui</span> <span class='ocrx_word' id='word_1_298' title='bbox 2420 1608 2603 1677; x_wconf 83' lang='lat' dir='ltr'>ﬁdelis</span> <span class='ocrx_word' id='word_1_299' title='bbox 2634 1611 2719 1662; x_wconf 87' lang='lat' dir='ltr'>est</span> <span class='ocrx_word' id='word_1_300' title='bbox 2749 1615 2800 1662; x_wconf 89' lang='lat' dir='ltr'>et</span> <span class='ocrx_word' id='word_1_301' title='bbox 2827 1622 2989 1662; x_wconf 85' lang='lat' dir='ltr'>verax</span> <span class='ocrx_word' id='word_1_302' title='bbox 3022 1606 3122 1662; x_wconf 86' lang='lat' dir='ltr'>hoc</span> <span class='ocrx_word' id='word_1_303' title='bbox 3167 1607 3344 1662; x_wconf 88' lang='lat' dir='ltr'>novit.</span> <span class='ocrx_word' id='word_1_304' title='bbox 3375 1604 3473 1660; x_wconf 90' lang='lat' dir='ltr'>Vel</span> <span class='ocrx_word' id='word_1_305' title='bbox 3502 1603 3660 1660; x_wconf 89' lang='lat' dir='ltr'>aliter</span> <span class='ocrx_word' id='word_1_306' title='bbox 3692 1622 3706 1658; x_wconf 89' lang='lat'><strong>:</strong></span> 
     </span>
    </p>
   </div>
   <div class='ocr_carea' id='block_1_34' title="bbox 419 1692 2021 1769">
    <p class='ocr_par' dir='ltr' id='par_1_34' title="bbox 419 1692 2021 1769">
     <span class='ocr_line' id='line_1_34' title="bbox 419 1692 2021 1769; baseline 0.006 -23"><span class='ocrx_word' id='word_1_307' title='bbox 419 1692 636 1747; x_wconf 91' lang='lat' dir='ltr'>nalibus</span> <span class='ocrx_word' id='word_1_308' title='bbox 664 1693 1004 1749; x_wconf 91' lang='lat' dir='ltr'>documentis</span> <span class='ocrx_word' id='word_1_309' title='bbox 1033 1702 1089 1748; x_wconf 90' lang='lat' dir='ltr'>ut</span> <span class='ocrx_word' id='word_1_310' title='bbox 1115 1694 1194 1749; x_wconf 90' lang='lat' dir='ltr'>illi</span> <span class='ocrx_word' id='word_1_311' title='bbox 1230 1713 1243 1749; x_wconf 93' lang='lat'><strong>:</strong></span> <span class='ocrx_word' id='word_1_312' title='bbox 1278 1695 1372 1750; x_wconf 91' lang='lat' dir='ltr'>sed</span> <span class='ocrx_word' id='word_1_313' title='bbox 1402 1694 1457 1749; x_wconf 90' lang='lat' dir='ltr'>in</span> <span class='ocrx_word' id='word_1_314' title='bbox 1487 1696 1667 1769; x_wconf 90' lang='lat' dir='ltr'>gratia</span> <span class='ocrx_word' id='word_1_315' title='bbox 1693 1697 1815 1765; x_wconf 89' lang='lat' dir='ltr'>Dei,</span> <span class='ocrx_word' id='word_1_316' title='bbox 1849 1698 1903 1752; x_wconf 91' lang='lat' dir='ltr'>id</span> <span class='ocrx_word' id='word_1_317' title='bbox 1934 1709 2021 1758; x_wconf 90' lang='lat' dir='ltr'>est</span> 
     </span>
    </p>
   </div>
   <div class='ocr_carea' id='block_1_35' title="bbox 414 1778 2017 1855">
    <p class='ocr_par' dir='ltr' id='par_1_35' title="bbox 414 1778 2017 1855">
     <span class='ocr_line' id='line_1_35' title="bbox 414 1778 2017 1855; baseline 0.006 -21"><span class='ocrx_word' id='word_1_318' title='bbox 414 1778 471 1835; x_wconf 90' lang='lat' dir='ltr'>in</span> <span class='ocrx_word' id='word_1_319' title='bbox 500 1779 905 1851; x_wconf 82' lang='lat' dir='ltr'>magniﬁcando</span> <span class='ocrx_word' id='word_1_320' title='bbox 956 1782 1189 1855; x_wconf 83' lang='lat' dir='ltr'>gratiam</span> <span class='ocrx_word' id='word_1_321' title='bbox 1219 1783 1319 1838; x_wconf 91' lang='lat' dir='ltr'>Dei</span> <span class='ocrx_word' id='word_1_322' title='bbox 1352 1798 1365 1837; x_wconf 92' lang='lat'>:</span> <span class='ocrx_word' id='word_1_323' title='bbox 1398 1800 1462 1838; x_wconf 86' lang='lat' dir='ltr'>ex</span> <span class='ocrx_word' id='word_1_324' title='bbox 1493 1799 1598 1854; x_wconf 85' lang='lat' dir='ltr'>qua</span> <span class='ocrx_word' id='word_1_325' title='bbox 1624 1801 1784 1841; x_wconf 87' lang='lat' dir='ltr'>omne</span> <span class='ocrx_word' id='word_1_326' title='bbox 1813 1787 2017 1845; x_wconf 90' lang='lat' dir='ltr'>bonum</span> 
     </span>
    </p>
   </div>
   <div class='ocr_carea' id='block_1_36' title="bbox 416 1867 2018 1945">
    <p class='ocr_par' dir='ltr' id='par_1_36' title="bbox 416 1867 2018 1945">
     <span class='ocr_line' id='line_1_36' title="bbox 416 1867 2018 1945; baseline 0.007 -22"><span class='ocrx_word' id='word_1_327' title='bbox 416 1874 469 1923; x_wconf 88' lang='lat' dir='ltr'>et</span> <span class='ocrx_word' id='word_1_328' title='bbox 497 1867 630 1923; x_wconf 87' lang='lat' dir='ltr'>nihil</span> <span class='ocrx_word' id='word_1_329' title='bbox 659 1885 726 1923; x_wconf 85' lang='lat' dir='ltr'>ex</span> <span class='ocrx_word' id='word_1_330' title='bbox 754 1869 960 1925; x_wconf 88' lang='lat' dir='ltr'>carnali</span> <span class='ocrx_word' id='word_1_331' title='bbox 991 1870 1254 1941; x_wconf 88' lang='lat' dir='ltr'>sapientia</span> <span class='ocrx_word' id='word_1_332' title='bbox 1288 1889 1300 1925; x_wconf 92' lang='lat'><strong>:</strong></span> <span class='ocrx_word' id='word_1_333' title='bbox 1334 1872 1395 1926; x_wconf 84' lang='lat' dir='ltr'>in</span> <span class='ocrx_word' id='word_1_334' title='bbox 1416 1875 1620 1944; x_wconf 84' lang='lat' dir='ltr'>gratia,</span> <span class='ocrx_word' id='word_1_335' title='bbox 1655 1872 1895 1945; x_wconf 85' lang='lat' dir='ltr'>inquam,</span> <span class='ocrx_word' id='word_1_336' title='bbox 1918 1878 2018 1934; x_wconf 87' lang='lat' dir='ltr'>Dei</span> 
     </span>
    </p>
   </div>
   <div class='ocr_carea' id='block_1_37' title="bbox 414 1958 2018 2021">
    <p class='ocr_par' dir='ltr' id='par_1_37' title="bbox 414 1958 2018 2021">
     <span class='ocr_line' id='line_1_37' title="bbox 414 1958 2018 2021; baseline 0.007 -11"><span class='ocrx_word' id='word_1_337' title='bbox 414 1971 516 2010; x_wconf 91' lang='lat' dir='ltr'>con</span> <span class='ocrx_word' id='word_1_338' title='bbox 527 1958 738 2012; x_wconf 85' lang='lat' dir='ltr'>versati</span> <span class='ocrx_word' id='word_1_339' title='bbox 756 1974 951 2013; x_wconf 88' lang='lat' dir='ltr'>sumus</span> <span class='ocrx_word' id='word_1_340' title='bbox 972 1960 1036 2013; x_wconf 88' lang='lat' dir='ltr'>in</span> <span class='ocrx_word' id='word_1_341' title='bbox 1058 1960 1156 2015; x_wconf 88' lang='lat' dir='ltr'>hoc</span> <span class='ocrx_word' id='word_1_342' title='bbox 1170 1960 1378 2015; x_wconf 86' lang='lat' dir='ltr'>mundo</span> <span class='ocrx_word' id='word_1_343' title='bbox 1408 1960 1819 2019; x_wconf 80' lang='lat' dir='ltr'>:abundantius</span> <span class='ocrx_word' id='word_1_344' title='bbox 1835 1971 2018 2021; x_wconf 87' lang='lat' dir='ltr'>tamen</span> 
     </span>
    </p>
   </div>
   <div class='ocr_carea' id='block_1_38' title="bbox 418 2044 2017 2120">
    <p class='ocr_par' dir='ltr' id='par_1_38' title="bbox 418 2044 2017 2120">
     <span class='ocr_line' id='line_1_38' title="bbox 418 2044 2017 2120; baseline 0.006 -22"><span class='ocrx_word' id='word_1_345' title='bbox 418 2044 726 2099; x_wconf 89' lang='lat' dir='ltr'>conversati</span> <span class='ocrx_word' id='word_1_346' title='bbox 765 2062 952 2100; x_wconf 92' lang='lat' dir='ltr'>sumus</span> <span class='ocrx_word' id='word_1_347' title='bbox 998 2046 1068 2100; x_wconf 89' lang='lat' dir='ltr'>ad</span> <span class='ocrx_word' id='word_1_348' title='bbox 1116 2062 1214 2101; x_wconf 91' lang='lat' dir='ltr'>vos</span> <span class='ocrx_word' id='word_1_349' title='bbox 1263 2048 1414 2118; x_wconf 84' lang='lat' dir='ltr'>apud</span> <span class='ocrx_word' id='word_1_350' title='bbox 1451 2065 1583 2120; x_wconf 85' lang='lat' dir='ltr'>quos</span> <span class='ocrx_word' id='word_1_351' title='bbox 1614 2050 1817 2119; x_wconf 91' lang='lat' dir='ltr'>majora</span> <span class='ocrx_word' id='word_1_352' title='bbox 1847 2053 2017 2108; x_wconf 90' lang='lat' dir='ltr'>susti-</span> 
     </span>
    </p>
   </div>
   <div class='ocr_carea' id='block_1_39' title="bbox 417 2131 2016 2210">
    <p class='ocr_par' dir='ltr' id='par_1_39' title="bbox 417 2131 2016 2210">
     <span class='ocr_line' id='line_1_39' title="bbox 417 2131 2016 2210; baseline 0.006 -23"><span class='ocrx_word' id='word_1_353' title='bbox 417 2131 531 2196; x_wconf 90' lang='lat' dir='ltr'>nui,</span> <span class='ocrx_word' id='word_1_354' title='bbox 565 2147 687 2188; x_wconf 91' lang='lat' dir='ltr'>cum</span> <span class='ocrx_word' id='word_1_355' title='bbox 716 2133 849 2187; x_wconf 88' lang='lat' dir='ltr'>nihil</span> <span class='ocrx_word' id='word_1_356' title='bbox 879 2148 912 2188; x_wconf 90' lang='lat' dir='ltr'>a</span> <span class='ocrx_word' id='word_1_357' title='bbox 941 2134 1096 2189; x_wconf 92' lang='lat' dir='ltr'>vobis</span> <span class='ocrx_word' id='word_1_358' title='bbox 1144 2135 1468 2205; x_wconf 89' lang='lat' dir='ltr'>reciperem,</span> <span class='ocrx_word' id='word_1_359' title='bbox 1502 2153 1571 2192; x_wconf 91' lang='lat' dir='ltr'>ne</span> <span class='ocrx_word' id='word_1_360' title='bbox 1601 2140 1869 2210; x_wconf 84' lang='lat' dir='ltr'>arguendi</span> <span class='ocrx_word' id='word_1_361' title='bbox 1918 2157 2016 2197; x_wconf 91' lang='lat' dir='ltr'>vos</span> 
     </span>
    </p>
   </div>
   <div class='ocr_carea' id='block_1_40' title="bbox 417 2220 2015 2286">
    <p class='ocr_par' dir='ltr' id='par_1_40' title="bbox 417 2220 2015 2286">
     <span class='ocr_line' id='line_1_40' title="bbox 417 2220 2015 2286; baseline 0.006 -10"><span class='ocrx_word' id='word_1_362' title='bbox 417 2220 790 2276; x_wconf 86' lang='lat' dir='ltr'>auctoritatem</span> <span class='ocrx_word' id='word_1_363' title='bbox 838 2221 1161 2277; x_wconf 87' lang='lat' dir='ltr'>amitterem.</span> <span class='ocrx_word' id='word_1_364' title='bbox 1214 2222 1469 2279; x_wconf 88' lang='lat' dir='ltr'>Dicerent</span> <span class='ocrx_word' id='word_1_365' title='bbox 1514 2225 1778 2281; x_wconf 87' lang='lat' dir='ltr'>Corinthii</span> <span class='ocrx_word' id='word_1_366' title='bbox 1829 2245 1842 2284; x_wconf 89' lang='lat'><strong>:</strong></span> <span class='ocrx_word' id='word_1_367' title='bbox 1880 2229 2015 2286; x_wconf 89' lang='lat' dir='ltr'>Ideo</span> 
     </span>
    </p>
   </div>
   <div class='ocr_carea' id='block_1_41' title="bbox 417 2307 2016 2383">
    <p class='ocr_par' dir='ltr' id='par_1_41' title="bbox 417 2307 2016 2383">
     <span class='ocr_line' id='line_1_41' title="bbox 417 2307 2016 2383; baseline 0.007 -21"><span class='ocrx_word' id='word_1_368' title='bbox 417 2307 613 2362; x_wconf 88' lang='lat' dir='ltr'>Paulus</span> <span class='ocrx_word' id='word_1_369' title='bbox 640 2308 729 2364; x_wconf 91' lang='lat' dir='ltr'>hic</span> <span class='ocrx_word' id='word_1_370' title='bbox 770 2310 1203 2366; x_wconf 89' lang='lat' dir='ltr'>conversationis</span> <span class='ocrx_word' id='word_1_371' title='bbox 1251 2328 1364 2366; x_wconf 65' lang='lat' dir='ltr'>sure</span> <span class='ocrx_word' id='word_1_372' title='bbox 1405 2314 1729 2369; x_wconf 90' lang='lat' dir='ltr'>memoriam</span> <span class='ocrx_word' id='word_1_373' title='bbox 1759 2314 1926 2383; x_wconf 84' lang='lat' dir='ltr'>facit;</span> <span class='ocrx_word' id='word_1_374' title='bbox 1958 2326 2016 2373; x_wconf 93' lang='lat' dir='ltr'>ut</span> 
     </span>
    </p>
   </div>
   <div class='ocr_carea' id='block_1_42' title="bbox 417 2396 2014 2472">
    <p class='ocr_par' dir='ltr' id='par_1_42' title="bbox 417 2396 2014 2472">
     <span class='ocr_line' id='line_1_42' title="bbox 417 2396 2014 2472; baseline 0.007 -22"><span class='ocrx_word' id='word_1_375' title='bbox 417 2396 563 2467; x_wconf 89' lang='lat' dir='ltr'>quod</span> <span class='ocrx_word' id='word_1_376' title='bbox 591 2396 721 2453; x_wconf 89' lang='lat' dir='ltr'>olim</span> <span class='ocrx_word' id='word_1_377' title='bbox 767 2414 877 2453; x_wconf 90' lang='lat' dir='ltr'>non</span> <span class='ocrx_word' id='word_1_378' title='bbox 924 2399 1155 2469; x_wconf 89' lang='lat' dir='ltr'>accepit,</span> <span class='ocrx_word' id='word_1_379' title='bbox 1200 2400 1364 2455; x_wconf 89' lang='lat' dir='ltr'>modo</span> <span class='ocrx_word' id='word_1_380' title='bbox 1408 2401 1817 2472; x_wconf 89' lang='lat' dir='ltr'>multiplicatum</span> <span class='ocrx_word' id='word_1_381' title='bbox 1874 2406 2014 2461; x_wconf 88' lang='lat' dir='ltr'>reci-</span> 
     </span>
    </p>
   </div>
   <div class='ocr_carea' id='block_1_43' title="bbox 417 2484 2015 2559">
    <p class='ocr_par' dir='ltr' id='par_1_43' title="bbox 417 2484 2015 2559">
     <span class='ocr_line' id='line_1_43' title="bbox 417 2484 2015 2559; baseline 0.008 -21"><span class='ocrx_word' id='word_1_382' title='bbox 417 2484 549 2555; x_wconf 89' lang='lat' dir='ltr'>piat.</span> <span class='ocrx_word' id='word_1_383' title='bbox 584 2485 784 2540; x_wconf 89' lang='lat' dir='ltr'>Contra</span> <span class='ocrx_word' id='word_1_384' title='bbox 818 2487 921 2542; x_wconf 89' lang='lat' dir='ltr'>hoc</span> <span class='ocrx_word' id='word_1_385' title='bbox 952 2486 1149 2542; x_wconf 91' lang='lat' dir='ltr'>Paulus</span> <span class='ocrx_word' id='word_1_386' title='bbox 1186 2503 1197 2541; x_wconf 90' lang='lat'>:</span> <span class='ocrx_word' id='word_1_387' title='bbox 1230 2489 1312 2544; x_wconf 92' lang='lat' dir='ltr'>Ne</span> <span class='ocrx_word' id='word_1_388' title='bbox 1341 2489 1540 2559; x_wconf 91' lang='lat' dir='ltr'>putetis</span> <span class='ocrx_word' id='word_1_389' title='bbox 1588 2490 1885 2549; x_wconf 88' lang='lat' dir='ltr'>intentione</span> <span class='ocrx_word' id='word_1_390' title='bbox 1915 2510 2015 2550; x_wconf 89' lang='lat' dir='ltr'>ac-</span> 
     </span>
    </p>
   </div>
   <div class='ocr_carea' id='block_1_44' title="bbox 416 2572 2016 2650">
    <p class='ocr_par' dir='ltr' id='par_1_44' title="bbox 416 2572 2016 2650">
     <span class='ocr_line' id='line_1_44' title="bbox 416 2572 2016 2650; baseline 0.005 -20"><span class='ocrx_word' id='word_1_391' title='bbox 416 2572 653 2643; x_wconf 89' lang='lat' dir='ltr'>cipiendi</span> <span class='ocrx_word' id='word_1_392' title='bbox 681 2589 714 2628; x_wconf 92' lang='lat' dir='ltr'>a</span> <span class='ocrx_word' id='word_1_393' title='bbox 742 2574 898 2629; x_wconf 90' lang='lat' dir='ltr'>vobis</span> <span class='ocrx_word' id='word_1_394' title='bbox 928 2577 1399 2632; x_wconf 86' lang='lat' dir='ltr'>conversationem</span> <span class='ocrx_word' id='word_1_395' title='bbox 1420 2593 1598 2634; x_wconf 89' lang='lat' dir='ltr'>meam</span> <span class='ocrx_word' id='word_1_396' title='bbox 1618 2581 1759 2650; x_wconf 92' lang='lat' dir='ltr'>apud</span> <span class='ocrx_word' id='word_1_397' title='bbox 1780 2598 1877 2636; x_wconf 90' lang='lat' dir='ltr'>vos</span> <span class='ocrx_word' id='word_1_398' title='bbox 1907 2599 2016 2638; x_wconf 85' lang='lat' dir='ltr'>me-</span> 
     </span>
    </p>
   </div>
   <div class='ocr_carea' id='block_1_45' title="bbox 421 2662 2018 2736">
    <p class='ocr_par' dir='ltr' id='par_1_45' title="bbox 421 2662 2018 2736">
     <span class='ocr_line' id='line_1_45' title="bbox 421 2662 2018 2736; baseline 0.008 -22"><span class='ocrx_word' id='word_1_399' title='bbox 421 2676 655 2716; x_wconf 88' lang='lat' dir='ltr'>morare.</span> <span class='ocrx_word' id='word_1_400' title='bbox 685 2662 805 2719; x_wconf 89' lang='lat' dir='ltr'>Non</span> <span class='ocrx_word' id='word_1_401' title='bbox 828 2665 982 2719; x_wconf 87' lang='lat' dir='ltr'>enim</span> <span class='ocrx_word' id='word_1_402' title='bbox 1004 2665 1122 2720; x_wconf 88' lang='lat' dir='ltr'>alia</span> <span class='ocrx_word' id='word_1_403' title='bbox 1150 2664 1205 2718; x_wconf 92' lang='lat' dir='ltr'>in</span> <span class='ocrx_word' id='word_1_404' title='bbox 1231 2666 1328 2720; x_wconf 90' lang='lat' dir='ltr'>hac</span> <span class='ocrx_word' id='word_1_405' title='bbox 1349 2666 1591 2736; x_wconf 91' lang='lat' dir='ltr'>Epistola</span> <span class='ocrx_word' id='word_1_406' title='bbox 1613 2667 1909 2726; x_wconf 85' lang='lat' dir='ltr'>scribimus</span> <span class='ocrx_word' id='word_1_407' title='bbox 1932 2687 2018 2726; x_wconf 88' lang='lat' dir='ltr'>vo-</span> 
     </span>
    </p>
   </div>
   <div class='ocr_carea' id='block_1_46' title="bbox 425 2749 2016 2829">
    <p class='ocr_par' dir='ltr' id='par_1_46' title="bbox 425 2749 2016 2829">
     <span class='ocr_line' id='line_1_46' title="bbox 425 2749 2016 2829; baseline 0.005 -24"><span class='ocrx_word' id='word_1_408' title='bbox 425 2749 526 2815; x_wconf 87' lang='lat' dir='ltr'>bis,</span> <span class='ocrx_word' id='word_1_409' title='bbox 548 2766 716 2821; x_wconf 89' lang='lat' dir='ltr'>quam</span> <span class='ocrx_word' id='word_1_410' title='bbox 733 2767 854 2823; x_wconf 68' lang='lat' dir='ltr'>qua:</span> <span class='ocrx_word' id='word_1_411' title='bbox 872 2751 927 2805; x_wconf 90' lang='lat' dir='ltr'>in</span> <span class='ocrx_word' id='word_1_412' title='bbox 946 2751 1115 2822; x_wconf 85' lang='lat' dir='ltr'>priori</span> <span class='ocrx_word' id='word_1_413' title='bbox 1137 2753 1367 2823; x_wconf 90' lang='lat' dir='ltr'>epistola</span> <span class='ocrx_word' id='word_1_414' title='bbox 1389 2756 1603 2824; x_wconf 84' lang='lat' dir='ltr'>legistis</span> <span class='ocrx_word' id='word_1_415' title='bbox 1636 2776 1654 2811; x_wconf 93' lang='lat'><em>:</em></span> <span class='ocrx_word' id='word_1_416' title='bbox 1686 2756 1741 2811; x_wconf 92' lang='lat' dir='ltr'>in</span> <span class='ocrx_word' id='word_1_417' title='bbox 1761 2774 1866 2829; x_wconf 91' lang='lat' dir='ltr'>qua</span> <span class='ocrx_word' id='word_1_418' title='bbox 1889 2759 2016 2815; x_wconf 90' lang='lat' dir='ltr'>scri-</span> 
     </span>
    </p>
   </div>
   <div class='ocr_carea' id='block_1_47' title="bbox 425 2836 2012 2911">
    <p class='ocr_par' dir='ltr' id='par_1_47' title="bbox 425 2836 2012 2911">
     <span class='ocr_line' id='line_1_47' title="bbox 425 2836 2012 2911; baseline 0.008 -21"><span class='ocrx_word' id='word_1_419' title='bbox 425 2836 511 2908; x_wconf 89' lang='lat' dir='ltr'>psi</span> <span class='ocrx_word' id='word_1_420' title='bbox 538 2853 627 2892; x_wconf 89' lang='lat' dir='ltr'>me</span> <span class='ocrx_word' id='word_1_421' title='bbox 676 2838 808 2892; x_wconf 88' lang='lat' dir='ltr'>nihil</span> <span class='ocrx_word' id='word_1_422' title='bbox 854 2847 1199 2911; x_wconf 87' lang='lat' dir='ltr'>accepturum</span> <span class='ocrx_word' id='word_1_423' title='bbox 1246 2856 1280 2896; x_wconf 93' lang='lat' dir='ltr'>a</span> <span class='ocrx_word' id='word_1_424' title='bbox 1324 2842 1499 2897; x_wconf 88' lang='lat' dir='ltr'>vobis.</span> <span class='ocrx_word' id='word_1_425' title='bbox 1551 2844 1664 2899; x_wconf 89' lang='lat' dir='ltr'>Nec</span> <span class='ocrx_word' id='word_1_426' title='bbox 1712 2845 1820 2900; x_wconf 91' lang='lat' dir='ltr'>alia</span> <span class='ocrx_word' id='word_1_427' title='bbox 1850 2848 2012 2902; x_wconf 90' lang='lat' dir='ltr'>modo</span> 
     </span>
    </p>
   </div>
   <div class='ocr_carea' id='block_1_48' title="bbox 416 2924 2012 3004">
    <p class='ocr_par' dir='ltr' id='par_1_48' title="bbox 416 2924 2012 3004">
     <span class='ocr_line' id='line_1_48' title="bbox 416 2924 2012 3004; baseline 0.006 -25"><span class='ocrx_word' id='word_1_428' title='bbox 416 2924 706 2980; x_wconf 88' lang='lat' dir='ltr'>scribimus</span> <span class='ocrx_word' id='word_1_429' title='bbox 735 2943 895 2998; x_wconf 91' lang='lat' dir='ltr'>quam</span> <span class='ocrx_word' id='word_1_430' title='bbox 940 2942 1038 2984; x_wconf 93' lang='lat' dir='ltr'>vos</span> <span class='ocrx_word' id='word_1_431' title='bbox 1070 2930 1408 3000; x_wconf 88' lang='lat' dir='ltr'>cognovistis</span> <span class='ocrx_word' id='word_1_432' title='bbox 1438 2930 1507 2985; x_wconf 91' lang='lat' dir='ltr'>de</span> <span class='ocrx_word' id='word_1_433' title='bbox 1535 2931 1693 2986; x_wconf 90' lang='lat' dir='ltr'>nobis</span> <span class='ocrx_word' id='word_1_434' title='bbox 1729 2949 1740 2987; x_wconf 89' lang='lat'>:</span> <span class='ocrx_word' id='word_1_435' title='bbox 1773 2935 2012 3004; x_wconf 90' lang='lat' dir='ltr'>quandiu</span> 
     </span>
    </p>
   </div>
   <div class='ocr_carea' id='block_1_49' title="bbox 417 3013 2088 3090">
    <p class='ocr_par' dir='ltr' id='par_1_49' title="bbox 417 3013 2088 3090">
     <span class='ocr_line' id='line_1_49' title="bbox 417 3013 2088 3090; baseline 0.006 -22"><span class='ocrx_word' id='word_1_436' title='bbox 417 3013 563 3083; x_wconf 91' lang='lat' dir='ltr'>apud</span> <span class='ocrx_word' id='word_1_437' title='bbox 594 3029 694 3069; x_wconf 90' lang='lat' dir='ltr'>vos</span> <span class='ocrx_word' id='word_1_438' title='bbox 720 3013 939 3081; x_wconf 90' lang='lat' dir='ltr'>fuimus,</span> <span class='ocrx_word' id='word_1_439' title='bbox 992 3016 1124 3070; x_wconf 90' lang='lat' dir='ltr'>nihil</span> <span class='ocrx_word' id='word_1_440' title='bbox 1155 3031 1188 3071; x_wconf 89' lang='lat' dir='ltr'>a</span> <span class='ocrx_word' id='word_1_441' title='bbox 1216 3017 1373 3074; x_wconf 88' lang='lat' dir='ltr'>vobis</span> <span class='ocrx_word' id='word_1_442' title='bbox 1416 3018 1738 3090; x_wconf 88' lang='lat' dir='ltr'>accipiendo</span> <span class='ocrx_word' id='word_1_443' title='bbox 1772 3037 1784 3075; x_wconf 93' lang='lat'><em>:</em></span> <span class='ocrx_word' id='word_1_444' title='bbox 1819 3022 1913 3077; x_wconf 90' lang='lat' dir='ltr'>sed</span> <span class='ocrx_word' id='word_1_445' title='bbox 1945 3023 2013 3078; x_wconf 90' lang='lat' dir='ltr'>de</span> <span class='ocrx_word' id='word_1_446' title='bbox 2042 3013 2088 3043; x_wconf 73' lang='lat'>&quot;’</span> 
     </span>
    </p>
   </div>
   <div class='ocr_carea' id='block_1_50' title="bbox 417 3100 2009 3180">
    <p class='ocr_par' dir='ltr' id='par_1_50' title="bbox 417 3100 2009 3180">
     <span class='ocr_line' id='line_1_50' title="bbox 417 3100 2009 3180; baseline 0.006 -25"><span class='ocrx_word' id='word_1_447' title='bbox 417 3100 609 3157; x_wconf 89' lang='lat' dir='ltr'>labore</span> <span class='ocrx_word' id='word_1_448' title='bbox 634 3117 895 3157; x_wconf 91' lang='lat' dir='ltr'>manuum</span> <span class='ocrx_word' id='word_1_449' title='bbox 924 3103 1178 3160; x_wconf 90' lang='lat' dir='ltr'>vivendo.</span> <span class='ocrx_word' id='word_1_450' title='bbox 1209 3107 1278 3160; x_wconf 90' lang='lat' dir='ltr'>Et</span> <span class='ocrx_word' id='word_1_451' title='bbox 1306 3106 1443 3161; x_wconf 91' lang='lat' dir='ltr'>sicut</span> <span class='ocrx_word' id='word_1_452' title='bbox 1471 3115 1599 3163; x_wconf 90' lang='lat' dir='ltr'>tunc</span> <span class='ocrx_word' id='word_1_453' title='bbox 1628 3109 1962 3180; x_wconf 86' lang='lat' dir='ltr'>cognovistis</span> <span class='ocrx_word' id='word_1_454' title='bbox 1996 3128 2009 3164; x_wconf 89' lang='lat'>:</span> 
     </span>
    </p>
   </div>
   <div class='ocr_carea' id='block_1_51' title="bbox 420 3188 2013 3267">
    <p class='ocr_par' dir='ltr' id='par_1_51' title="bbox 420 3188 2013 3267">
     <span class='ocr_line' id='line_1_51' title="bbox 420 3188 2013 3267; baseline 0.006 -23"><span class='ocrx_word' id='word_1_455' title='bbox 420 3188 500 3245; x_wconf 88' lang='lat' dir='ltr'>sic</span> <span class='ocrx_word' id='word_1_456' title='bbox 529 3189 691 3245; x_wconf 87' lang='lat' dir='ltr'>etiam</span> <span class='ocrx_word' id='word_1_457' title='bbox 719 3208 880 3262; x_wconf 84' lang='lat' dir='ltr'>spero</span> <span class='ocrx_word' id='word_1_458' title='bbox 900 3193 1042 3264; x_wconf 88' lang='lat' dir='ltr'>quod</span> <span class='ocrx_word' id='word_1_459' title='bbox 1062 3209 1232 3265; x_wconf 86' lang='lat' dir='ltr'>usque</span> <span class='ocrx_word' id='word_1_460' title='bbox 1255 3194 1316 3248; x_wconf 90' lang='lat' dir='ltr'>in</span> <span class='ocrx_word' id='word_1_461' title='bbox 1335 3195 1509 3264; x_wconf 79' lang='lat' dir='ltr'>finem</span> <span class='ocrx_word' id='word_1_462' title='bbox 1531 3200 1892 3267; x_wconf 81' lang='lat' dir='ltr'>cognoscetis,</span> <span class='ocrx_word' id='word_1_463' title='bbox 1925 3214 2013 3254; x_wconf 88' lang='lat' dir='ltr'>me</span> 
     </span>
    </p>
   </div>
   <div class='ocr_carea' id='block_1_52' title="bbox 417 3277 2012 3356">
    <p class='ocr_par' dir='ltr' id='par_1_52' title="bbox 417 3277 2012 3356">
     <span class='ocr_line' id='line_1_52' title="bbox 417 3277 2012 3356; baseline 0.007 -25"><span class='ocrx_word' id='word_1_464' title='bbox 417 3277 552 3331; x_wconf 90' lang='lat' dir='ltr'>nihil</span> <span class='ocrx_word' id='word_1_465' title='bbox 582 3278 832 3349; x_wconf 88' lang='lat' dir='ltr'>accipere</span> <span class='ocrx_word' id='word_1_466' title='bbox 861 3295 893 3334; x_wconf 91' lang='lat' dir='ltr'>a</span> <span class='ocrx_word' id='word_1_467' title='bbox 915 3280 1071 3336; x_wconf 89' lang='lat' dir='ltr'>vobis</span> <span class='ocrx_word' id='word_1_468' title='bbox 1104 3298 1117 3334; x_wconf 91' lang='lat'><strong>:</strong></span> <span class='ocrx_word' id='word_1_469' title='bbox 1154 3282 1304 3338; x_wconf 85' lang='lat' dir='ltr'>sicut</span> <span class='ocrx_word' id='word_1_470' title='bbox 1318 3283 1445 3353; x_wconf 88' lang='lat' dir='ltr'>jam</span> <span class='ocrx_word' id='word_1_471' title='bbox 1468 3286 1643 3339; x_wconf 87' lang='lat' dir='ltr'>etiam</span> <span class='ocrx_word' id='word_1_472' title='bbox 1674 3288 2012 3356; x_wconf 86' lang='lat' dir='ltr'>cognovistis</span> 
     </span>
    </p>
   </div>
   <div class='ocr_carea' id='block_1_53' title="bbox 420 3368 2012 3445">
    <p class='ocr_par' dir='ltr' id='par_1_53' title="bbox 420 3368 2012 3445">
     <span class='ocr_line' id='line_1_53' title="bbox 420 3368 2012 3445; baseline 0.006 -24"><span class='ocrx_word' id='word_1_473' title='bbox 420 3381 522 3421; x_wconf 89' lang='lat' dir='ltr'>nos</span> <span class='ocrx_word' id='word_1_474' title='bbox 549 3374 831 3423; x_wconf 89' lang='lat' dir='ltr'>manentes</span> <span class='ocrx_word' id='word_1_475' title='bbox 860 3368 1005 3439; x_wconf 88' lang='lat' dir='ltr'>apud</span> <span class='ocrx_word' id='word_1_476' title='bbox 1035 3384 1153 3425; x_wconf 90' lang='lat' dir='ltr'>vos.</span> <span class='ocrx_word' id='word_1_477' title='bbox 1189 3370 1534 3442; x_wconf 87' lang='lat' dir='ltr'>Cognovistis</span> <span class='ocrx_word' id='word_1_478' title='bbox 1562 3372 1684 3427; x_wconf 88' lang='lat' dir='ltr'>dico</span> <span class='ocrx_word' id='word_1_479' title='bbox 1714 3390 1787 3428; x_wconf 77' lang='lat' dir='ltr'>ea:</span> <span class='ocrx_word' id='word_1_480' title='bbox 1828 3379 2012 3445; x_wconf 87' lang='lat' dir='ltr'>parte,</span> 
     </span>
    </p>
   </div>
   <div class='ocr_carea' id='block_1_54' title="bbox 420 3452 2014 3530">
    <p class='ocr_par' dir='ltr' id='par_1_54' title="bbox 420 3452 2014 3530">
     <span class='ocr_line' id='line_1_54' title="bbox 420 3452 2014 3530; baseline 0.007 -23"><span class='ocrx_word' id='word_1_481' title='bbox 420 3452 477 3508; x_wconf 92' lang='lat' dir='ltr'>id</span> <span class='ocrx_word' id='word_1_482' title='bbox 506 3462 588 3509; x_wconf 90' lang='lat' dir='ltr'>est</span> <span class='ocrx_word' id='word_1_483' title='bbox 616 3457 915 3511; x_wconf 90' lang='lat' dir='ltr'>secundum</span> <span class='ocrx_word' id='word_1_484' title='bbox 964 3472 1099 3528; x_wconf 91' lang='lat' dir='ltr'>opus</span> <span class='ocrx_word' id='word_1_485' title='bbox 1130 3459 1277 3530; x_wconf 91' lang='lat' dir='ltr'>quod</span> <span class='ocrx_word' id='word_1_486' title='bbox 1307 3460 1545 3515; x_wconf 87' lang='lat' dir='ltr'>exterius</span> <span class='ocrx_word' id='word_1_487' title='bbox 1574 3461 1838 3516; x_wconf 88' lang='lat' dir='ltr'>videbatis</span> <span class='ocrx_word' id='word_1_488' title='bbox 1873 3480 1885 3517; x_wconf 92' lang='lat'>:</span> <span class='ocrx_word' id='word_1_489' title='bbox 1918 3462 2014 3518; x_wconf 88' lang='lat' dir='ltr'>sed</span> 
     </span>
    </p>
   </div>
   <div class='ocr_carea' id='block_1_55' title="bbox 421 3540 2014 3620">
    <p class='ocr_par' dir='ltr' id='par_1_55' title="bbox 421 3540 2014 3620">
     <span class='ocr_line' id='line_1_55' title="bbox 421 3540 2014 3620; baseline 0.006 -24"><span class='ocrx_word' id='word_1_490' title='bbox 421 3540 586 3598; x_wconf 87' lang='lat' dir='ltr'>aliam</span> <span class='ocrx_word' id='word_1_491' title='bbox 615 3552 843 3614; x_wconf 86' lang='lat' dir='ltr'>partem,</span> <span class='ocrx_word' id='word_1_492' title='bbox 876 3545 932 3600; x_wconf 90' lang='lat' dir='ltr'>id</span> <span class='ocrx_word' id='word_1_493' title='bbox 961 3553 1044 3601; x_wconf 89' lang='lat' dir='ltr'>est</span> <span class='ocrx_word' id='word_1_494' title='bbox 1082 3546 1435 3617; x_wconf 85' lang='lat' dir='ltr'>voluntatem,</span> <span class='ocrx_word' id='word_1_495' title='bbox 1477 3548 1810 3620; x_wconf 89' lang='lat' dir='ltr'>ignorabatis</span> <span class='ocrx_word' id='word_1_496' title='bbox 1844 3567 1857 3605; x_wconf 88' lang='lat'><strong>:</strong></span> <span class='ocrx_word' id='word_1_497' title='bbox 1892 3550 2014 3607; x_wconf 90' lang='lat' dir='ltr'>ideo</span> 
     </span>
    </p>
   </div>
   <div class='ocr_carea' id='block_1_56' title="bbox 419 3629 2015 3708">
    <p class='ocr_par' dir='ltr' id='par_1_56' title="bbox 419 3629 2015 3708">
     <span class='ocr_line' id='line_1_56' title="bbox 419 3629 2015 3708; baseline 0.006 -24"><span class='ocrx_word' id='word_1_498' title='bbox 419 3629 585 3686; x_wconf 90' lang='lat' dir='ltr'>talem</span> <span class='ocrx_word' id='word_1_499' title='bbox 615 3647 702 3687; x_wconf 92' lang='lat' dir='ltr'>me</span> <span class='ocrx_word' id='word_1_500' title='bbox 728 3632 874 3688; x_wconf 92' lang='lat' dir='ltr'>volui</span> <span class='ocrx_word' id='word_1_501' title='bbox 905 3634 1183 3704; x_wconf 87' lang='lat' dir='ltr'>cognosci,</span> <span class='ocrx_word' id='word_1_502' title='bbox 1208 3635 1415 3691; x_wconf 88' lang='lat' dir='ltr'>scilicet</span> <span class='ocrx_word' id='word_1_503' title='bbox 1450 3636 1957 3708; x_wconf 89' lang='lat' dir='ltr'>nihilaccipientem</span> <span class='ocrx_word' id='word_1_504' title='bbox 1986 3655 2015 3693; x_wconf 92' lang='lat' dir='ltr'>a</span> 
     </span>
    </p>
   </div>
   <div class='ocr_carea' id='block_1_57' title="bbox 418 3718 2014 3792">
    <p class='ocr_par' dir='ltr' id='par_1_57' title="bbox 418 3718 2014 3792">
     <span class='ocr_line' id='line_1_57' title="bbox 418 3718 2014 3792; baseline 0.006 -20"><span class='ocrx_word' id='word_1_505' title='bbox 418 3718 575 3773; x_wconf 87' lang='lat' dir='ltr'>vobis</span> <span class='ocrx_word' id='word_1_506' title='bbox 606 3736 619 3773; x_wconf 91' lang='lat'><strong>:</strong></span> <span class='ocrx_word' id='word_1_507' title='bbox 653 3720 778 3791; x_wconf 88' lang='lat' dir='ltr'>quia</span> <span class='ocrx_word' id='word_1_508' title='bbox 799 3736 899 3776; x_wconf 89' lang='lat' dir='ltr'>nos</span> <span class='ocrx_word' id='word_1_509' title='bbox 918 3738 1115 3777; x_wconf 88' lang='lat' dir='ltr'>sumus</span> <span class='ocrx_word' id='word_1_510' title='bbox 1134 3722 1317 3792; x_wconf 87' lang='lat' dir='ltr'>gloria</span> <span class='ocrx_word' id='word_1_511' title='bbox 1336 3728 1543 3789; x_wconf 85' lang='lat' dir='ltr'>vestra,</span> <span class='ocrx_word' id='word_1_512' title='bbox 1567 3727 1719 3781; x_wconf 83' lang='lat' dir='ltr'>sicut</span> <span class='ocrx_word' id='word_1_513' title='bbox 1738 3730 1793 3781; x_wconf 89' lang='lat' dir='ltr'>et</span> <span class='ocrx_word' id='word_1_514' title='bbox 1814 3743 1903 3783; x_wconf 88' lang='lat' dir='ltr'>vos</span> <span class='ocrx_word' id='word_1_515' title='bbox 1923 3742 2014 3782; x_wconf 86' lang='lat' dir='ltr'>no-</span> 
     </span>
    </p>
   </div>
   <div class='ocr_carea' id='block_1_58' title="bbox 418 3806 2015 3882">
    <p class='ocr_par' dir='ltr' id='par_1_58' title="bbox 418 3806 2015 3882">
     <span class='ocr_line' id='line_1_58' title="bbox 418 3806 2015 3882; baseline 0.005 -21"><span class='ocrx_word' id='word_1_516' title='bbox 418 3809 561 3871; x_wconf 88' lang='lat' dir='ltr'>stra,</span> <span class='ocrx_word' id='word_1_517' title='bbox 595 3806 648 3861; x_wconf 90' lang='lat' dir='ltr'>id</span> <span class='ocrx_word' id='word_1_518' title='bbox 676 3814 777 3873; x_wconf 91' lang='lat' dir='ltr'>est,</span> <span class='ocrx_word' id='word_1_519' title='bbox 811 3808 939 3878; x_wconf 91' lang='lat' dir='ltr'>quia</span> <span class='ocrx_word' id='word_1_520' title='bbox 966 3809 1109 3863; x_wconf 89' lang='lat' dir='ltr'>volui</span> <span class='ocrx_word' id='word_1_521' title='bbox 1139 3826 1227 3865; x_wconf 92' lang='lat' dir='ltr'>me</span> <span class='ocrx_word' id='word_1_522' title='bbox 1246 3810 1473 3882; x_wconf 87' lang='lat' dir='ltr'>gloriari</span> <span class='ocrx_word' id='word_1_523' title='bbox 1501 3811 1555 3866; x_wconf 89' lang='lat' dir='ltr'>in</span> <span class='ocrx_word' id='word_1_524' title='bbox 1587 3813 1896 3869; x_wconf 89' lang='lat' dir='ltr'>obedientia</span> <span class='ocrx_word' id='word_1_525' title='bbox 1923 3831 2015 3869; x_wconf 90' lang='lat' dir='ltr'>ve-</span> 
     </span>
    </p>
   </div>
   <div class='ocr_carea' id='block_1_59' title="bbox 423 3896 2017 3974">
    <p class='ocr_par' dir='ltr' id='par_1_59' title="bbox 423 3896 2017 3974">
     <span class='ocr_line' id='line_1_59' title="bbox 423 3896 2017 3974; baseline 0.007 -27"><span class='ocrx_word' id='word_1_526' title='bbox 423 3900 538 3947; x_wconf 91' lang='lat' dir='ltr'>stra</span> <span class='ocrx_word' id='word_1_527' title='bbox 571 3909 583 3949; x_wconf 92' lang='lat'><strong>:</strong></span> <span class='ocrx_word' id='word_1_528' title='bbox 617 3902 670 3949; x_wconf 92' lang='lat' dir='ltr'>et</span> <span class='ocrx_word' id='word_1_529' title='bbox 702 3910 797 3950; x_wconf 87' lang='lat' dir='ltr'>vos</span> <span class='ocrx_word' id='word_1_530' title='bbox 825 3896 1047 3966; x_wconf 89' lang='lat' dir='ltr'>gloriari</span> <span class='ocrx_word' id='word_1_531' title='bbox 1074 3897 1129 3951; x_wconf 90' lang='lat' dir='ltr'>in</span> <span class='ocrx_word' id='word_1_532' title='bbox 1160 3898 1405 3953; x_wconf 88' lang='lat' dir='ltr'>doctrina</span> <span class='ocrx_word' id='word_1_533' title='bbox 1424 3908 1612 3955; x_wconf 90' lang='lat' dir='ltr'>nostra</span> <span class='ocrx_word' id='word_1_534' title='bbox 1637 3916 1650 3955; x_wconf 91' lang='lat'>:</span> <span class='ocrx_word' id='word_1_535' title='bbox 1683 3918 1804 3973; x_wconf 68' lang='lat' dir='ltr'>quae</span> <span class='ocrx_word' id='word_1_536' title='bbox 1831 3902 2017 3974; x_wconf 91' lang='lat' dir='ltr'>utique</span> 
     </span>
    </p>
   </div>
   <div class='ocr_carea' id='block_1_60' title="bbox 421 3981 2012 4060">
    <p class='ocr_par' dir='ltr' id='par_1_60' title="bbox 421 3981 2012 4060">
     <span class='ocr_line' id='line_1_60' title="bbox 421 3981 2012 4060; baseline 0.007 -26"><span class='ocrx_word' id='word_1_537' title='bbox 421 3981 593 4051; x_wconf 85' lang='lat' dir='ltr'>gloria</span> <span class='ocrx_word' id='word_1_538' title='bbox 623 3997 733 4037; x_wconf 90' lang='lat' dir='ltr'>non</span> <span class='ocrx_word' id='word_1_539' title='bbox 764 3991 927 4050; x_wconf 90' lang='lat' dir='ltr'>esset,</span> <span class='ocrx_word' id='word_1_540' title='bbox 960 3984 1007 4038; x_wconf 90' lang='lat' dir='ltr'>si</span> <span class='ocrx_word' id='word_1_541' title='bbox 1034 4000 1327 4056; x_wconf 84' lang='lat' dir='ltr'>gravarem</span> <span class='ocrx_word' id='word_1_542' title='bbox 1354 4003 1472 4055; x_wconf 91' lang='lat' dir='ltr'>vos,</span> <span class='ocrx_word' id='word_1_543' title='bbox 1505 3990 1828 4060; x_wconf 90' lang='lat' dir='ltr'>temporalia</span> <span class='ocrx_word' id='word_1_544' title='bbox 1855 4006 1887 4044; x_wconf 91' lang='lat' dir='ltr'>a</span> <span class='ocrx_word' id='word_1_545' title='bbox 1914 4005 2012 4045; x_wconf 85' lang='lat' dir='ltr'>vo-</span> 
     </span>
    </p>
   </div>
   <div class='ocr_carea' id='block_1_61' title="bbox 421 4068 2017 4147">
    <p class='ocr_par' dir='ltr' id='par_1_61' title="bbox 421 4068 2017 4147">
     <span class='ocr_line' id='line_1_61' title="bbox 421 4068 2017 4147; baseline 0.007 -25"><span class='ocrx_word' id='word_1_546' title='bbox 421 4068 506 4123; x_wconf 88' lang='lat' dir='ltr'>bis</span> <span class='ocrx_word' id='word_1_547' title='bbox 536 4070 874 4141; x_wconf 89' lang='lat' dir='ltr'>accipiendo.</span> <span class='ocrx_word' id='word_1_548' title='bbox 932 4073 1164 4129; x_wconf 87' lang='lat' dir='ltr'>Malletis</span> <span class='ocrx_word' id='word_1_549' title='bbox 1208 4075 1349 4129; x_wconf 88' lang='lat' dir='ltr'>enim</span> <span class='ocrx_word' id='word_1_550' title='bbox 1394 4077 1661 4147; x_wconf 90' lang='lat' dir='ltr'>repellere</span> <span class='ocrx_word' id='word_1_551' title='bbox 1705 4079 2017 4147; x_wconf 91' lang='lat' dir='ltr'>Doctorem,</span> 
     </span>
    </p>
   </div>
   <div class='ocr_carea' id='block_1_62' title="bbox 422 4164 2019 4236">
    <p class='ocr_par' dir='ltr' id='par_1_62' title="bbox 422 4164 2019 4236">
     <span class='ocr_line' id='line_1_62' title="bbox 422 4164 2019 4236; baseline 0.007 -25"><span class='ocrx_word' id='word_1_552' title='bbox 422 4173 587 4228; x_wconf 88' lang='lat' dir='ltr'>quam</span> <span class='ocrx_word' id='word_1_553' title='bbox 612 4174 736 4213; x_wconf 92' lang='lat' dir='ltr'>eum</span> <span class='ocrx_word' id='word_1_554' title='bbox 767 4167 1068 4217; x_wconf 85' lang='lat' dir='ltr'>sustentare</span> <span class='ocrx_word' id='word_1_555' title='bbox 1103 4178 1115 4215; x_wconf 90' lang='lat'>:</span> <span class='ocrx_word' id='word_1_556' title='bbox 1147 4180 1266 4234; x_wconf 69' lang='lat' dir='ltr'>qua:</span> <span class='ocrx_word' id='word_1_557' title='bbox 1297 4164 1473 4236; x_wconf 88' lang='lat' dir='ltr'>gloria</span> <span class='ocrx_word' id='word_1_558' title='bbox 1517 4165 1647 4220; x_wconf 90' lang='lat' dir='ltr'>mihi</span> <span class='ocrx_word' id='word_1_559' title='bbox 1685 4166 1753 4221; x_wconf 90' lang='lat' dir='ltr'>de</span> <span class='ocrx_word' id='word_1_560' title='bbox 1781 4167 1935 4221; x_wconf 88' lang='lat' dir='ltr'>vobis</span> <span class='ocrx_word' id='word_1_561' title='bbox 1965 4174 2019 4222; x_wconf 87' lang='lat' dir='ltr'>et</span> 
     </span>
    </p>
   </div>
   <div class='ocr_carea' id='block_1_63' title="bbox 420 4246 2020 4319">
    <p class='ocr_par' dir='ltr' id='par_1_63' title="bbox 420 4246 2020 4319">
     <span class='ocr_line' id='line_1_63' title="bbox 420 4246 2020 4319; baseline 0.006 -19"><span class='ocrx_word' id='word_1_562' title='bbox 420 4246 577 4301; x_wconf 88' lang='lat' dir='ltr'>vobis</span> <span class='ocrx_word' id='word_1_563' title='bbox 593 4247 661 4302; x_wconf 90' lang='lat' dir='ltr'>de</span> <span class='ocrx_word' id='word_1_564' title='bbox 676 4264 764 4303; x_wconf 90' lang='lat' dir='ltr'>me</span> <span class='ocrx_word' id='word_1_565' title='bbox 782 4249 1063 4319; x_wconf 90' lang='lat' dir='ltr'>apparebit</span> <span class='ocrx_word' id='word_1_566' title='bbox 1084 4253 1147 4306; x_wconf 88' lang='lat' dir='ltr'>in</span> <span class='ocrx_word' id='word_1_567' title='bbox 1162 4253 1251 4307; x_wconf 88' lang='lat' dir='ltr'>die</span> <span class='ocrx_word' id='word_1_568' title='bbox 1266 4253 1492 4309; x_wconf 87' lang='lat' dir='ltr'>Domini</span> <span class='ocrx_word' id='word_1_569' title='bbox 1512 4256 1697 4310; x_wconf 80' lang='lat' dir='ltr'>nostri</span> <span class='ocrx_word' id='word_1_570' title='bbox 1713 4257 1844 4311; x_wconf 87' lang='lat' dir='ltr'>Jesu</span> <span class='ocrx_word' id='word_1_571' title='bbox 1867 4256 1939 4312; x_wconf 87' lang='lat' dir='ltr'>Ch</span> <span class='ocrx_word' id='word_1_572' title='bbox 1948 4256 2020 4310; x_wconf 89' lang='lat' dir='ltr'>ri-</span> 
     </span>
    </p>
   </div>
   <div class='ocr_carea' id='block_1_64' title="bbox 2121 1693 3703 1766">
    <p class='ocr_par' dir='ltr' id='par_1_64' title="bbox 2121 1693 3703 1766">
     <span class='ocr_line' id='line_1_64' title="bbox 2121 1693 3703 1766; baseline -0.002 -15"><span class='ocrx_word' id='word_1_573' title='bbox 2121 1697 2263 1751; x_wconf 87' lang='lat' dir='ltr'>Vere</span> <span class='ocrx_word' id='word_1_574' title='bbox 2293 1695 2436 1766; x_wconf 90' lang='lat' dir='ltr'>apud</span> <span class='ocrx_word' id='word_1_575' title='bbox 2465 1711 2552 1751; x_wconf 89' lang='lat' dir='ltr'>me</span> <span class='ocrx_word' id='word_1_576' title='bbox 2584 1711 2694 1751; x_wconf 92' lang='lat' dir='ltr'>non</span> <span class='ocrx_word' id='word_1_577' title='bbox 2710 1694 2807 1750; x_wconf 83' lang='lat' dir='ltr'>fuit</span> <span class='ocrx_word' id='word_1_578' title='bbox 2835 1699 2921 1750; x_wconf 89' lang='lat' dir='ltr'>est</span> <span class='ocrx_word' id='word_1_579' title='bbox 2943 1698 3000 1750; x_wconf 88' lang='lat' dir='ltr'>et</span> <span class='ocrx_word' id='word_1_580' title='bbox 3014 1711 3130 1750; x_wconf 90' lang='lat' dir='ltr'>non</span> <span class='ocrx_word' id='word_1_581' title='bbox 3163 1712 3175 1748; x_wconf 93' lang='lat'>:</span> <span class='ocrx_word' id='word_1_582' title='bbox 3200 1693 3324 1765; x_wconf 88' lang='lat' dir='ltr'>quia</span> <span class='ocrx_word' id='word_1_583' title='bbox 3340 1695 3484 1749; x_wconf 87' lang='lat' dir='ltr'>Deus</span> <span class='ocrx_word' id='word_1_584' title='bbox 3499 1693 3703 1762; x_wconf 82' lang='lat' dir='ltr'>ﬁdelis,</span> 
     </span>
    </p>
   </div>
   <div class='ocr_carea' id='block_1_65' title="bbox 2117 1780 3707 1840">
    <p class='ocr_par' dir='ltr' id='par_1_65' title="bbox 2117 1780 3707 1840">
     <span class='ocr_line' id='line_1_65' title="bbox 2117 1780 3707 1840; baseline -0.003 -2"><span class='ocrx_word' id='word_1_585' title='bbox 2117 1784 2172 1838; x_wconf 92' lang='lat' dir='ltr'>id</span> <span class='ocrx_word' id='word_1_586' title='bbox 2195 1791 2277 1840; x_wconf 90' lang='lat' dir='ltr'>est</span> <span class='ocrx_word' id='word_1_587' title='bbox 2307 1799 2474 1839; x_wconf 85' lang='lat' dir='ltr'>verax</span> <span class='ocrx_word' id='word_1_588' title='bbox 2505 1792 2606 1839; x_wconf 91' lang='lat' dir='ltr'>est.</span> <span class='ocrx_word' id='word_1_589' title='bbox 2641 1784 2772 1839; x_wconf 91' lang='lat' dir='ltr'>Cum</span> <span class='ocrx_word' id='word_1_590' title='bbox 2803 1790 2979 1838; x_wconf 90' lang='lat' dir='ltr'>autem</span> <span class='ocrx_word' id='word_1_591' title='bbox 3004 1784 3151 1838; x_wconf 91' lang='lat' dir='ltr'>Deus</span> <span class='ocrx_word' id='word_1_592' title='bbox 3181 1782 3437 1838; x_wconf 89' lang='lat' dir='ltr'>doctores</span> <span class='ocrx_word' id='word_1_593' title='bbox 3466 1780 3707 1836; x_wconf 87' lang='lat' dir='ltr'>veritatis</span> 
     </span>
    </p>
   </div>
   <div class='ocr_carea' id='block_1_66' title="bbox 2116 1868 3707 1942">
    <p class='ocr_par' dir='ltr' id='par_1_66' title="bbox 2116 1868 3707 1942">
     <span class='ocr_line' id='line_1_66' title="bbox 2116 1868 3707 1942; baseline -0.003 -15"><span class='ocrx_word' id='word_1_594' title='bbox 2116 1888 2175 1927; x_wconf 89' lang='lat' dir='ltr'>se</span> <span class='ocrx_word' id='word_1_595' title='bbox 2204 1872 2459 1927; x_wconf 89' lang='lat' dir='ltr'>daturum</span> <span class='ocrx_word' id='word_1_596' title='bbox 2517 1871 2821 1942; x_wconf 89' lang='lat' dir='ltr'>promiserit</span> <span class='ocrx_word' id='word_1_597' title='bbox 2857 1887 2869 1925; x_wconf 92' lang='lat'><strong>:</strong></span> <span class='ocrx_word' id='word_1_598' title='bbox 2902 1871 2949 1925; x_wconf 91' lang='lat' dir='ltr'>si</span> <span class='ocrx_word' id='word_1_599' title='bbox 2994 1887 3083 1926; x_wconf 92' lang='lat' dir='ltr'>me</span> <span class='ocrx_word' id='word_1_600' title='bbox 3138 1871 3419 1926; x_wconf 88' lang='lat' dir='ltr'>doctorem</span> <span class='ocrx_word' id='word_1_601' title='bbox 3460 1868 3707 1924; x_wconf 81' lang='lat' dir='ltr'>falsitatis</span> 
     </span>
    </p>
   </div>
   <div class='ocr_carea' id='block_1_67' title="bbox 2116 1957 3708 2031">
    <p class='ocr_par' dir='ltr' id='par_1_67' title="bbox 2116 1957 3708 2031">
     <span class='ocr_line' id='line_1_67' title="bbox 2116 1957 3708 2031; baseline -0.001 -17"><span class='ocrx_word' id='word_1_602' title='bbox 2116 1960 2363 2027; x_wconf 86' lang='lat' dir='ltr'>instituit,</span> <span class='ocrx_word' id='word_1_603' title='bbox 2389 1959 2636 2031; x_wconf 86' lang='lat' dir='ltr'>profecto</span> <span class='ocrx_word' id='word_1_604' title='bbox 2678 1959 2949 2015; x_wconf 87' lang='lat' dir='ltr'>mendacii</span> <span class='ocrx_word' id='word_1_605' title='bbox 2976 1975 3101 2015; x_wconf 90' lang='lat' dir='ltr'>reus</span> <span class='ocrx_word' id='word_1_606' title='bbox 3131 1966 3232 2014; x_wconf 90' lang='lat' dir='ltr'>est.</span> <span class='ocrx_word' id='word_1_607' title='bbox 3269 1959 3336 2013; x_wconf 87' lang='lat' dir='ltr'>Et</span> <span class='ocrx_word' id='word_1_608' title='bbox 3383 1957 3530 2030; x_wconf 91' lang='lat' dir='ltr'>quod</span> <span class='ocrx_word' id='word_1_609' title='bbox 3559 1958 3708 2012; x_wconf 90' lang='lat' dir='ltr'>Deus</span> 
     </span>
    </p>
   </div>
   <div class='ocr_carea' id='block_1_68' title="bbox 2118 2046 3710 2120">
    <p class='ocr_par' dir='ltr' id='par_1_68' title="bbox 2118 2046 3710 2120">
     <span class='ocr_line' id='line_1_68' title="bbox 2118 2046 3710 2120; baseline -0.003 -17"><span class='ocrx_word' id='word_1_610' title='bbox 2118 2048 2187 2103; x_wconf 92' lang='lat' dir='ltr'>sit</span> <span class='ocrx_word' id='word_1_611' title='bbox 2259 2047 2437 2104; x_wconf 84' lang='lat' dir='ltr'>fidelis</span> <span class='ocrx_word' id='word_1_612' title='bbox 2493 2047 2812 2120; x_wconf 88' lang='lat' dir='ltr'>promittens</span> <span class='ocrx_word' id='word_1_613' title='bbox 2868 2048 3122 2103; x_wconf 89' lang='lat' dir='ltr'>doctores</span> <span class='ocrx_word' id='word_1_614' title='bbox 3191 2046 3433 2102; x_wconf 89' lang='lat' dir='ltr'>veritatis</span> <span class='ocrx_word' id='word_1_615' title='bbox 3484 2053 3710 2117; x_wconf 87' lang='lat' dir='ltr'>apparet</span> 
     </span>
    </p>
   </div>
   <div class='ocr_carea' id='block_1_69' title="bbox 2115 2133 3705 2208">
    <p class='ocr_par' dir='ltr' id='par_1_69' title="bbox 2115 2133 3705 2208">
     <span class='ocr_line' id='line_1_69' title="bbox 2115 2133 3705 2208; baseline -0.001 -17"><span class='ocrx_word' id='word_1_616' title='bbox 2115 2137 2168 2191; x_wconf 91' lang='lat' dir='ltr'>in</span> <span class='ocrx_word' id='word_1_617' title='bbox 2203 2152 2269 2192; x_wconf 89' lang='lat' dir='ltr'>eo</span> <span class='ocrx_word' id='word_1_618' title='bbox 2304 2155 2318 2192; x_wconf 90' lang='lat'><strong>:</strong></span> <span class='ocrx_word' id='word_1_619' title='bbox 2358 2136 2486 2208; x_wconf 90' lang='lat' dir='ltr'>quia</span> <span class='ocrx_word' id='word_1_620' title='bbox 2515 2152 2697 2192; x_wconf 89' lang='lat' dir='ltr'>sermo</span> <span class='ocrx_word' id='word_1_621' title='bbox 2726 2143 2911 2192; x_wconf 89' lang='lat' dir='ltr'>noster</span> <span class='ocrx_word' id='word_1_622' title='bbox 2936 2136 3026 2208; x_wconf 91' lang='lat' dir='ltr'>qui</span> <span class='ocrx_word' id='word_1_623' title='bbox 3060 2135 3157 2190; x_wconf 89' lang='lat' dir='ltr'>fuit</span> <span class='ocrx_word' id='word_1_624' title='bbox 3204 2135 3349 2205; x_wconf 89' lang='lat' dir='ltr'>apud</span> <span class='ocrx_word' id='word_1_625' title='bbox 3376 2149 3494 2199; x_wconf 89' lang='lat' dir='ltr'>vos,</span> <span class='ocrx_word' id='word_1_626' title='bbox 3526 2133 3583 2187; x_wconf 88' lang='lat' dir='ltr'>in</span> <span class='ocrx_word' id='word_1_627' title='bbox 3611 2133 3705 2189; x_wconf 92' lang='lat' dir='ltr'>illo</span> 
     </span>
    </p>
   </div>
   <div class='ocr_carea' id='block_1_70' title="bbox 2116 2220 3705 2281">
    <p class='ocr_par' dir='ltr' id='par_1_70' title="bbox 2116 2220 3705 2281">
     <span class='ocr_line' id='line_1_70' title="bbox 2116 2220 3705 2281; baseline -0.004 0"><span class='ocrx_word' id='word_1_628' title='bbox 2116 2240 2372 2281; x_wconf 90' lang='lat' dir='ltr'>sermone</span> <span class='ocrx_word' id='word_1_629' title='bbox 2401 2240 2511 2280; x_wconf 92' lang='lat' dir='ltr'>non</span> <span class='ocrx_word' id='word_1_630' title='bbox 2540 2223 2639 2279; x_wconf 81' lang='lat' dir='ltr'>fuit</span> <span class='ocrx_word' id='word_1_631' title='bbox 2673 2238 2685 2278; x_wconf 93' lang='lat'>:</span> <span class='ocrx_word' id='word_1_632' title='bbox 2715 2232 2798 2279; x_wconf 88' lang='lat' dir='ltr'>est</span> <span class='ocrx_word' id='word_1_633' title='bbox 2828 2232 3020 2279; x_wconf 92' lang='lat' dir='ltr'>etnon.</span> <span class='ocrx_word' id='word_1_634' title='bbox 3052 2226 3192 2279; x_wconf 87' lang='lat' dir='ltr'>Vere</span> <span class='ocrx_word' id='word_1_635' title='bbox 3222 2224 3369 2278; x_wconf 90' lang='lat' dir='ltr'>Deus</span> <span class='ocrx_word' id='word_1_636' title='bbox 3398 2220 3574 2277; x_wconf 83' lang='lat' dir='ltr'>fidelis</span> <span class='ocrx_word' id='word_1_637' title='bbox 3595 2229 3705 2276; x_wconf 91' lang='lat' dir='ltr'>est:</span> 
     </span>
    </p>
   </div>
   <div class='ocr_carea' id='block_1_71' title="bbox 2116 2309 3709 2384">
    <p class='ocr_par' dir='ltr' id='par_1_71' title="bbox 2116 2309 3709 2384">
     <span class='ocr_line' id='line_1_71' title="bbox 2116 2309 3709 2384; baseline -0.002 -17"><span class='ocrx_word' id='word_1_638' title='bbox 2116 2328 2241 2367; x_wconf 90' lang='lat' dir='ltr'>nam</span> <span class='ocrx_word' id='word_1_639' title='bbox 2270 2313 2325 2367; x_wconf 92' lang='lat' dir='ltr'>in</span> <span class='ocrx_word' id='word_1_640' title='bbox 2355 2312 2571 2368; x_wconf 89' lang='lat' dir='ltr'>Christo</span> <span class='ocrx_word' id='word_1_641' title='bbox 2600 2313 2730 2368; x_wconf 87' lang='lat' dir='ltr'>Jesu</span> <span class='ocrx_word' id='word_1_642' title='bbox 2779 2312 2869 2384; x_wconf 91' lang='lat' dir='ltr'>qui</span> <span class='ocrx_word' id='word_1_643' title='bbox 2905 2312 3163 2368; x_wconf 85' lang='lat' dir='ltr'>Christus</span> <span class='ocrx_word' id='word_1_644' title='bbox 3197 2313 3356 2367; x_wconf 85' lang='lat' dir='ltr'>Jesus</span> <span class='ocrx_word' id='word_1_645' title='bbox 3392 2310 3569 2366; x_wconf 85' lang='lat' dir='ltr'>Filius</span> <span class='ocrx_word' id='word_1_646' title='bbox 3609 2309 3709 2365; x_wconf 89' lang='lat' dir='ltr'>Dei</span> 
     </span>
    </p>
   </div>
   <div class='ocr_carea' id='block_1_72' title="bbox 2116 2398 3711 2473">
    <p class='ocr_par' dir='ltr' id='par_1_72' title="bbox 2116 2398 3711 2473">
     <span class='ocr_line' id='line_1_72' title="bbox 2116 2398 3711 2473; baseline -0.002 -17"><span class='ocrx_word' id='word_1_647' title='bbox 2116 2408 2216 2466; x_wconf 89' lang='lat' dir='ltr'>est,</span> <span class='ocrx_word' id='word_1_648' title='bbox 2253 2402 2348 2473; x_wconf 88' lang='lat' dir='ltr'>qui</span> <span class='ocrx_word' id='word_1_649' title='bbox 2365 2401 2528 2456; x_wconf 90' lang='lat' dir='ltr'>etiam</span> <span class='ocrx_word' id='word_1_650' title='bbox 2556 2401 2805 2456; x_wconf 89' lang='lat' dir='ltr'>Christus</span> <span class='ocrx_word' id='word_1_651' title='bbox 2832 2401 3172 2473; x_wconf 70' lang='lat' dir='ltr'>praedicatus</span> <span class='ocrx_word' id='word_1_652' title='bbox 3198 2404 3283 2455; x_wconf 87' lang='lat' dir='ltr'>est</span> <span class='ocrx_word' id='word_1_653' title='bbox 3312 2399 3375 2453; x_wconf 89' lang='lat' dir='ltr'>in</span> <span class='ocrx_word' id='word_1_654' title='bbox 3417 2398 3564 2453; x_wconf 90' lang='lat' dir='ltr'>vobis</span> <span class='ocrx_word' id='word_1_655' title='bbox 3609 2414 3711 2470; x_wconf 88' lang='lat' dir='ltr'>per</span> 
     </span>
    </p>
   </div>
   <div class='ocr_carea' id='block_1_73' title="bbox 2116 2486 3707 2561">
    <p class='ocr_par' dir='ltr' id='par_1_73' title="bbox 2116 2486 3707 2561">
     <span class='ocr_line' id='line_1_73' title="bbox 2116 2486 3707 2561; baseline -0.003 -17"><span class='ocrx_word' id='word_1_656' title='bbox 2116 2507 2218 2547; x_wconf 89' lang='lat' dir='ltr'>nos</span> <span class='ocrx_word' id='word_1_657' title='bbox 2255 2508 2272 2544; x_wconf 90' lang='lat'><strong><em>:</em></strong></span> <span class='ocrx_word' id='word_1_658' title='bbox 2300 2489 2504 2545; x_wconf 88' lang='lat' dir='ltr'>scilicet</span> <span class='ocrx_word' id='word_1_659' title='bbox 2532 2506 2634 2561; x_wconf 84' lang='lat' dir='ltr'>per</span> <span class='ocrx_word' id='word_1_660' title='bbox 2652 2506 2740 2545; x_wconf 84' lang='lat' dir='ltr'>me</span> <span class='ocrx_word' id='word_1_661' title='bbox 2770 2494 2827 2544; x_wconf 90' lang='lat' dir='ltr'>et</span> <span class='ocrx_word' id='word_1_662' title='bbox 2854 2490 3148 2544; x_wconf 83' lang='lat' dir='ltr'>Silvanum</span> <span class='ocrx_word' id='word_1_663' title='bbox 3170 2492 3226 2543; x_wconf 88' lang='lat' dir='ltr'>et</span> <span class='ocrx_word' id='word_1_664' title='bbox 3256 2486 3623 2542; x_wconf 86' lang='lat' dir='ltr'>Timotheum.</span> <span class='ocrx_word' id='word_1_665' title='bbox 3648 2488 3707 2540; x_wconf 89' lang='lat' dir='ltr'>In</span> 
     </span>
    </p>
   </div>
   <div class='ocr_carea' id='block_1_74' title="bbox 2116 2573 3711 2648">
    <p class='ocr_par' dir='ltr' id='par_1_74' title="bbox 2116 2573 3711 2648">
     <span class='ocr_line' id='line_1_74' title="bbox 2116 2573 3711 2648; baseline -0.002 -16"><span class='ocrx_word' id='word_1_666' title='bbox 2116 2578 2208 2633; x_wconf 94' lang='lat' dir='ltr'>illo</span> <span class='ocrx_word' id='word_1_667' title='bbox 2242 2578 2454 2633; x_wconf 90' lang='lat' dir='ltr'>Christo</span> <span class='ocrx_word' id='word_1_668' title='bbox 2485 2595 2602 2634; x_wconf 81' lang='lat' dir='ltr'>non</span> <span class='ocrx_word' id='word_1_669' title='bbox 2629 2578 2745 2648; x_wconf 89' lang='lat' dir='ltr'>fuit</span> <span class='ocrx_word' id='word_1_670' title='bbox 2774 2581 2857 2633; x_wconf 89' lang='lat' dir='ltr'>est</span> <span class='ocrx_word' id='word_1_671' title='bbox 2886 2582 2942 2633; x_wconf 88' lang='lat' dir='ltr'>et</span> <span class='ocrx_word' id='word_1_672' title='bbox 2986 2594 3119 2643; x_wconf 85' lang='lat' dir='ltr'>non,</span> <span class='ocrx_word' id='word_1_673' title='bbox 3145 2576 3200 2630; x_wconf 91' lang='lat' dir='ltr'>id</span> <span class='ocrx_word' id='word_1_674' title='bbox 3231 2583 3314 2631; x_wconf 88' lang='lat' dir='ltr'>est</span> <span class='ocrx_word' id='word_1_675' title='bbox 3341 2573 3627 2629; x_wconf 77' lang='lat' dir='ltr'>afﬁrmatio</span> <span class='ocrx_word' id='word_1_676' title='bbox 3656 2582 3711 2629; x_wconf 91' lang='lat' dir='ltr'>et</span> 
     </span>
    </p>
   </div>
   <div class='ocr_carea' id='block_1_75' title="bbox 2115 2663 3710 2737">
    <p class='ocr_par' dir='ltr' id='par_1_75' title="bbox 2115 2663 3710 2737">
     <span class='ocr_line' id='line_1_75' title="bbox 2115 2663 3710 2737; baseline -0.003 -17"><span class='ocrx_word' id='word_1_677' title='bbox 2115 2666 2336 2737; x_wconf 89' lang='lat' dir='ltr'>negatio</span> <span class='ocrx_word' id='word_1_678' title='bbox 2367 2667 2436 2721; x_wconf 91' lang='lat' dir='ltr'>de</span> <span class='ocrx_word' id='word_1_679' title='bbox 2466 2666 2657 2721; x_wconf 88' lang='lat' dir='ltr'>eodem</span> <span class='ocrx_word' id='word_1_680' title='bbox 2691 2685 2709 2720; x_wconf 89' lang='lat'><strong><em>:</em></strong></span> <span class='ocrx_word' id='word_1_681' title='bbox 2728 2666 2822 2721; x_wconf 85' lang='lat' dir='ltr'>sed</span> <span class='ocrx_word' id='word_1_682' title='bbox 2844 2681 3063 2736; x_wconf 89' lang='lat' dir='ltr'>semper</span> <span class='ocrx_word' id='word_1_683' title='bbox 3081 2665 3198 2735; x_wconf 84' lang='lat' dir='ltr'>fuit</span> <span class='ocrx_word' id='word_1_684' title='bbox 3212 2665 3275 2718; x_wconf 89' lang='lat' dir='ltr'>in</span> <span class='ocrx_word' id='word_1_685' title='bbox 3296 2665 3396 2719; x_wconf 88' lang='lat' dir='ltr'>illo</span> <span class='ocrx_word' id='word_1_686' title='bbox 3412 2667 3519 2728; x_wconf 87' lang='lat' dir='ltr'>est,</span> <span class='ocrx_word' id='word_1_687' title='bbox 3542 2663 3596 2717; x_wconf 92' lang='lat' dir='ltr'>id</span> <span class='ocrx_word' id='word_1_688' title='bbox 3626 2669 3710 2717; x_wconf 88' lang='lat' dir='ltr'>est</span> 
     </span>
    </p>
   </div>
   <div class='ocr_carea' id='block_1_76' title="bbox 2114 2750 3709 2827">
    <p class='ocr_par' dir='ltr' id='par_1_76' title="bbox 2114 2750 3709 2827">
     <span class='ocr_line' id='line_1_76' title="bbox 2114 2750 3709 2827; baseline -0.002 -19"><span class='ocrx_word' id='word_1_689' title='bbox 2114 2755 2316 2809; x_wconf 88' lang='lat' dir='ltr'>veritas</span> <span class='ocrx_word' id='word_1_690' title='bbox 2334 2770 2429 2809; x_wconf 91' lang='lat' dir='ltr'>seu</span> <span class='ocrx_word' id='word_1_691' title='bbox 2452 2754 2725 2827; x_wconf 90' lang='lat' dir='ltr'>negando,</span> <span class='ocrx_word' id='word_1_692' title='bbox 2751 2769 2847 2809; x_wconf 90' lang='lat' dir='ltr'>seu</span> <span class='ocrx_word' id='word_1_693' title='bbox 2871 2752 3218 2809; x_wconf 83' lang='lat' dir='ltr'>afﬁrmando.</span> <span class='ocrx_word' id='word_1_694' title='bbox 3243 2752 3386 2806; x_wconf 83' lang='lat' dir='ltr'>Vere</span> <span class='ocrx_word' id='word_1_695' title='bbox 3414 2750 3469 2805; x_wconf 91' lang='lat' dir='ltr'>in</span> <span class='ocrx_word' id='word_1_696' title='bbox 3491 2750 3584 2806; x_wconf 92' lang='lat' dir='ltr'>illo</span> <span class='ocrx_word' id='word_1_697' title='bbox 3599 2766 3709 2806; x_wconf 90' lang='lat' dir='ltr'>non</span> 
     </span>
    </p>
   </div>
   <div class='ocr_carea' id='block_1_77' title="bbox 2116 2839 3711 2915">
    <p class='ocr_par' dir='ltr' id='par_1_77' title="bbox 2116 2839 3711 2915">
     <span class='ocr_line' id='line_1_77' title="bbox 2116 2839 3711 2915; baseline -0.001 -19"><span class='ocrx_word' id='word_1_698' title='bbox 2116 2842 2212 2897; x_wconf 82' lang='lat' dir='ltr'>fuit</span> <span class='ocrx_word' id='word_1_699' title='bbox 2242 2850 2325 2897; x_wconf 90' lang='lat' dir='ltr'>est</span> <span class='ocrx_word' id='word_1_700' title='bbox 2346 2851 2398 2897; x_wconf 89' lang='lat' dir='ltr'>et</span> <span class='ocrx_word' id='word_1_701' title='bbox 2427 2858 2535 2897; x_wconf 92' lang='lat' dir='ltr'>non</span> <span class='ocrx_word' id='word_1_702' title='bbox 2570 2857 2582 2896; x_wconf 91' lang='lat'>:</span> <span class='ocrx_word' id='word_1_703' title='bbox 2616 2858 2733 2898; x_wconf 89' lang='lat' dir='ltr'>non</span> <span class='ocrx_word' id='word_1_704' title='bbox 2750 2845 3020 2915; x_wconf 86' lang='lat' dir='ltr'>quotquot</span> <span class='ocrx_word' id='word_1_705' title='bbox 3038 2844 3177 2896; x_wconf 86' lang='lat' dir='ltr'>sunt</span> <span class='ocrx_word' id='word_1_706' title='bbox 3194 2840 3591 2913; x_wconf 84' lang='lat' dir='ltr'>promissiones</span> <span class='ocrx_word' id='word_1_707' title='bbox 3610 2839 3711 2895; x_wconf 89' lang='lat' dir='ltr'>Dei</span> 
     </span>
    </p>
   </div>
   <div class='ocr_carea' id='block_1_78' title="bbox 2121 2926 3710 2999">
    <p class='ocr_par' dir='ltr' id='par_1_78' title="bbox 2121 2926 3710 2999">
     <span class='ocr_line' id='line_1_78' title="bbox 2121 2926 3710 2999; baseline -0.003 -13"><span class='ocrx_word' id='word_1_708' title='bbox 2121 2931 2312 2987; x_wconf 84' lang='lat' dir='ltr'>Patris</span> <span class='ocrx_word' id='word_1_709' title='bbox 2334 2933 2397 2987; x_wconf 88' lang='lat' dir='ltr'>in</span> <span class='ocrx_word' id='word_1_710' title='bbox 2426 2931 2527 2986; x_wconf 87' lang='lat' dir='ltr'>illo</span> <span class='ocrx_word' id='word_1_711' title='bbox 2557 2935 2693 2986; x_wconf 88' lang='lat' dir='ltr'>sunt</span> <span class='ocrx_word' id='word_1_712' title='bbox 2714 2935 2817 2999; x_wconf 87' lang='lat' dir='ltr'>est,</span> <span class='ocrx_word' id='word_1_713' title='bbox 2851 2930 2907 2985; x_wconf 89' lang='lat' dir='ltr'>id</span> <span class='ocrx_word' id='word_1_714' title='bbox 2927 2937 3009 2985; x_wconf 90' lang='lat' dir='ltr'>est</span> <span class='ocrx_word' id='word_1_715' title='bbox 3026 2945 3172 2985; x_wconf 76' lang='lat' dir='ltr'>verae</span> <span class='ocrx_word' id='word_1_716' title='bbox 3193 2936 3245 2983; x_wconf 91' lang='lat' dir='ltr'>et</span> <span class='ocrx_word' id='word_1_717' title='bbox 3272 2927 3553 2999; x_wconf 68' lang='lat' dir='ltr'>completa:</span> <span class='ocrx_word' id='word_1_718' title='bbox 3577 2946 3592 2995; x_wconf 90' lang='lat'><strong>;</strong></span> <span class='ocrx_word' id='word_1_719' title='bbox 3622 2926 3710 2983; x_wconf 90' lang='lat' dir='ltr'>vel</span> 
     </span>
    </p>
   </div>
   <div class='ocr_carea' id='block_1_79' title="bbox 2114 3014 3707 3089">
    <p class='ocr_par' dir='ltr' id='par_1_79' title="bbox 2114 3014 3707 3089">
     <span class='ocr_line' id='line_1_79' title="bbox 2114 3014 3707 3089; baseline -0.003 -16"><span class='ocrx_word' id='word_1_720' title='bbox 2114 3018 2279 3074; x_wconf 90' lang='lat' dir='ltr'>etiam</span> <span class='ocrx_word' id='word_1_721' title='bbox 2308 3018 2574 3073; x_wconf 86' lang='lat' dir='ltr'>similiter.</span> <span class='ocrx_word' id='word_1_722' title='bbox 2637 3018 2707 3072; x_wconf 93' lang='lat' dir='ltr'>Et</span> <span class='ocrx_word' id='word_1_723' title='bbox 2763 3017 2885 3089; x_wconf 90' lang='lat' dir='ltr'>quia</span> <span class='ocrx_word' id='word_1_724' title='bbox 2940 3033 3040 3088; x_wconf 90' lang='lat' dir='ltr'>per</span> <span class='ocrx_word' id='word_1_725' title='bbox 3100 3015 3373 3071; x_wconf 90' lang='lat' dir='ltr'>Christum</span> <span class='ocrx_word' id='word_1_726' title='bbox 3424 3014 3707 3087; x_wconf 72' lang='lat' dir='ltr'>completas</span> 
     </span>
    </p>
   </div>
   <div class='ocr_carea' id='block_1_80' title="bbox 2113 3103 3707 3176">
    <p class='ocr_par' dir='ltr' id='par_1_80' title="bbox 2113 3103 3707 3176">
     <span class='ocr_line' id='line_1_80' title="bbox 2113 3103 3707 3176; baseline -0.002 -16"><span class='ocrx_word' id='word_1_727' title='bbox 2113 3114 2238 3160; x_wconf 90' lang='lat' dir='ltr'>sunt</span> <span class='ocrx_word' id='word_1_728' title='bbox 2267 3106 2661 3176; x_wconf 88' lang='lat' dir='ltr'>promissiones</span> <span class='ocrx_word' id='word_1_729' title='bbox 2689 3104 2791 3160; x_wconf 92' lang='lat' dir='ltr'>Dei</span> <span class='ocrx_word' id='word_1_730' title='bbox 2821 3105 2994 3176; x_wconf 90' lang='lat' dir='ltr'>patris</span> <span class='ocrx_word' id='word_1_731' title='bbox 3023 3104 3077 3158; x_wconf 92' lang='lat' dir='ltr'>in</span> <span class='ocrx_word' id='word_1_732' title='bbox 3108 3104 3202 3159; x_wconf 93' lang='lat' dir='ltr'>illo</span> <span class='ocrx_word' id='word_1_733' title='bbox 3233 3113 3359 3158; x_wconf 90' lang='lat' dir='ltr'>sunt.</span> <span class='ocrx_word' id='word_1_734' title='bbox 3386 3111 3488 3171; x_wconf 90' lang='lat' dir='ltr'>est,</span> <span class='ocrx_word' id='word_1_735' title='bbox 3540 3103 3594 3158; x_wconf 94' lang='lat' dir='ltr'>id</span> <span class='ocrx_word' id='word_1_736' title='bbox 3623 3110 3707 3158; x_wconf 91' lang='lat' dir='ltr'>est</span> 
     </span>
    </p>
   </div>
   <div class='ocr_carea' id='block_1_81' title="bbox 2114 3192 3707 3265">
    <p class='ocr_par' dir='ltr' id='par_1_81' title="bbox 2114 3192 3707 3265">
     <span class='ocr_line' id='line_1_81' title="bbox 2114 3192 3707 3265; baseline -0.004 -15"><span class='ocrx_word' id='word_1_737' title='bbox 2114 3211 2258 3250; x_wconf 68' lang='lat' dir='ltr'>verae</span> <span class='ocrx_word' id='word_1_738' title='bbox 2282 3203 2335 3250; x_wconf 90' lang='lat' dir='ltr'>et</span> <span class='ocrx_word' id='word_1_739' title='bbox 2383 3194 2668 3265; x_wconf 76' lang='lat' dir='ltr'>completa:</span> <span class='ocrx_word' id='word_1_740' title='bbox 2699 3202 2823 3249; x_wconf 91' lang='lat' dir='ltr'>sunt</span> <span class='ocrx_word' id='word_1_741' title='bbox 2868 3193 3260 3265; x_wconf 89' lang='lat' dir='ltr'>promissiones</span> <span class='ocrx_word' id='word_1_742' title='bbox 3306 3193 3406 3247; x_wconf 92' lang='lat' dir='ltr'>Dei</span> <span class='ocrx_word' id='word_1_743' title='bbox 3442 3192 3597 3248; x_wconf 90' lang='lat' dir='ltr'>:ideo</span> <span class='ocrx_word' id='word_1_744' title='bbox 3650 3194 3707 3246; x_wconf 91' lang='lat' dir='ltr'>et</span> 
     </span>
    </p>
   </div>
   <div class='ocr_carea' id='block_1_82' title="bbox 2112 3280 3705 3355">
    <p class='ocr_par' dir='ltr' id='par_1_82' title="bbox 2112 3280 3705 3355">
     <span class='ocr_line' id='line_1_82' title="bbox 2112 3280 3705 3355; baseline -0.003 -16"><span class='ocrx_word' id='word_1_745' title='bbox 2112 3299 2215 3355; x_wconf 80' lang='lat' dir='ltr'>per</span> <span class='ocrx_word' id='word_1_746' title='bbox 2242 3285 2429 3355; x_wconf 85' lang='lat' dir='ltr'>ipsum</span> <span class='ocrx_word' id='word_1_747' title='bbox 2461 3282 2731 3338; x_wconf 89' lang='lat' dir='ltr'>Christum</span> <span class='ocrx_word' id='word_1_748' title='bbox 2772 3283 3013 3338; x_wconf 88' lang='lat' dir='ltr'>dicimus</span> <span class='ocrx_word' id='word_1_749' title='bbox 3061 3298 3249 3349; x_wconf 90' lang='lat' dir='ltr'>amen,</span> <span class='ocrx_word' id='word_1_750' title='bbox 3279 3281 3335 3336; x_wconf 90' lang='lat' dir='ltr'>id</span> <span class='ocrx_word' id='word_1_751' title='bbox 3371 3288 3453 3335; x_wconf 91' lang='lat' dir='ltr'>est</span> <span class='ocrx_word' id='word_1_752' title='bbox 3482 3280 3554 3334; x_wconf 90' lang='lat' dir='ltr'>ita</span> <span class='ocrx_word' id='word_1_753' title='bbox 3583 3295 3705 3335; x_wconf 88' lang='lat' dir='ltr'>esse</span> 
     </span>
    </p>
   </div>
   <div class='ocr_carea' id='block_1_83' title="bbox 2116 3369 3702 3442">
    <p class='ocr_par' dir='ltr' id='par_1_83' title="bbox 2116 3369 3702 3442">
     <span class='ocr_line' id='line_1_83' title="bbox 2116 3369 3702 3442; baseline -0.002 -16"><span class='ocrx_word' id='word_1_754' title='bbox 2116 3371 2443 3442; x_wconf 89' lang='lat' dir='ltr'>completum</span> <span class='ocrx_word' id='word_1_755' title='bbox 2474 3371 2613 3426; x_wconf 87' lang='lat' dir='ltr'>sicut</span> <span class='ocrx_word' id='word_1_756' title='bbox 2647 3371 2978 3442; x_wconf 90' lang='lat' dir='ltr'>promissum</span> <span class='ocrx_word' id='word_1_757' title='bbox 3010 3378 3108 3437; x_wconf 90' lang='lat' dir='ltr'>est,</span> <span class='ocrx_word' id='word_1_758' title='bbox 3143 3380 3195 3426; x_wconf 92' lang='lat' dir='ltr'>et</span> <span class='ocrx_word' id='word_1_759' title='bbox 3238 3372 3343 3425; x_wconf 92' lang='lat' dir='ltr'>hoc</span> <span class='ocrx_word' id='word_1_760' title='bbox 3376 3377 3547 3424; x_wconf 90' lang='lat' dir='ltr'>totum</span> <span class='ocrx_word' id='word_1_761' title='bbox 3574 3369 3702 3435; x_wconf 88' lang='lat' dir='ltr'>Deo,</span> 
     </span>
    </p>
   </div>
   <div class='ocr_carea' id='block_1_84' title="bbox 2114 3456 3711 3531">
    <p class='ocr_par' dir='ltr' id='par_1_84' title="bbox 2114 3456 3711 3531">
     <span class='ocr_line' id='line_1_84' title="bbox 2114 3456 3711 3531; baseline -0.003 -17"><span class='ocrx_word' id='word_1_762' title='bbox 2114 3460 2168 3514; x_wconf 91' lang='lat' dir='ltr'>id</span> <span class='ocrx_word' id='word_1_763' title='bbox 2199 3467 2283 3515; x_wconf 91' lang='lat' dir='ltr'>est</span> <span class='ocrx_word' id='word_1_764' title='bbox 2312 3460 2380 3514; x_wconf 88' lang='lat' dir='ltr'>ad</span> <span class='ocrx_word' id='word_1_765' title='bbox 2412 3458 2641 3531; x_wconf 87' lang='lat' dir='ltr'>gloriam</span> <span class='ocrx_word' id='word_1_766' title='bbox 2686 3458 2806 3524; x_wconf 89' lang='lat' dir='ltr'>Dei,</span> <span class='ocrx_word' id='word_1_767' title='bbox 2838 3466 2889 3513; x_wconf 92' lang='lat' dir='ltr'>et</span> <span class='ocrx_word' id='word_1_768' title='bbox 2918 3459 2988 3512; x_wconf 89' lang='lat' dir='ltr'>ad</span> <span class='ocrx_word' id='word_1_769' title='bbox 3022 3458 3255 3530; x_wconf 88' lang='lat' dir='ltr'>gloriam</span> <span class='ocrx_word' id='word_1_770' title='bbox 3286 3464 3546 3525; x_wconf 89' lang='lat' dir='ltr'>nostram,</span> <span class='ocrx_word' id='word_1_771' title='bbox 3581 3456 3711 3526; x_wconf 91' lang='lat' dir='ltr'>quia</span> 
     </span>
    </p>
   </div>
   <div class='ocr_carea' id='block_1_85' title="bbox 2114 3544 3709 3619">
    <p class='ocr_par' dir='ltr' id='par_1_85' title="bbox 2114 3544 3709 3619">
     <span class='ocr_line' id='line_1_85' title="bbox 2114 3544 3709 3619; baseline -0.003 -16"><span class='ocrx_word' id='word_1_772' title='bbox 2114 3565 2212 3619; x_wconf 91' lang='lat' dir='ltr'>per</span> <span class='ocrx_word' id='word_1_773' title='bbox 2239 3548 2514 3603; x_wconf 87' lang='lat' dir='ltr'>veritatem</span> <span class='ocrx_word' id='word_1_774' title='bbox 2545 3548 2645 3601; x_wconf 92' lang='lat' dir='ltr'>Dei</span> <span class='ocrx_word' id='word_1_775' title='bbox 2676 3546 3058 3617; x_wconf 86' lang='lat' dir='ltr'>comprobatur</span> <span class='ocrx_word' id='word_1_776' title='bbox 3098 3546 3293 3600; x_wconf 90' lang='lat' dir='ltr'>veritas</span> <span class='ocrx_word' id='word_1_777' title='bbox 3322 3552 3526 3600; x_wconf 89' lang='lat' dir='ltr'>nostra.</span> <span class='ocrx_word' id='word_1_778' title='bbox 3559 3544 3709 3598; x_wconf 88' lang='lat' dir='ltr'>Licet</span> 
     </span>
    </p>
   </div>
   <div class='ocr_carea' id='block_1_86' title="bbox 2116 3631 3706 3706">
    <p class='ocr_par' dir='ltr' id='par_1_86' title="bbox 2116 3631 3706 3706">
     <span class='ocr_line' id='line_1_86' title="bbox 2116 3631 3706 3706; baseline -0.004 -15"><span class='ocrx_word' id='word_1_779' title='bbox 2116 3636 2293 3691; x_wconf 91' lang='lat' dir='ltr'>dicam</span> <span class='ocrx_word' id='word_1_780' title='bbox 2322 3636 2391 3689; x_wconf 90' lang='lat' dir='ltr'>ad</span> <span class='ocrx_word' id='word_1_781' title='bbox 2438 3634 2673 3706; x_wconf 90' lang='lat' dir='ltr'>gloriam</span> <span class='ocrx_word' id='word_1_782' title='bbox 2719 3642 2963 3689; x_wconf 89' lang='lat' dir='ltr'>nostram</span> <span class='ocrx_word' id='word_1_783' title='bbox 3014 3640 3194 3688; x_wconf 86' lang='lat' dir='ltr'>tamen</span> <span class='ocrx_word' id='word_1_784' title='bbox 3242 3648 3351 3688; x_wconf 88' lang='lat' dir='ltr'>non</span> <span class='ocrx_word' id='word_1_785' title='bbox 3379 3631 3557 3698; x_wconf 91' lang='lat' dir='ltr'>nobis,</span> <span class='ocrx_word' id='word_1_786' title='bbox 3607 3631 3706 3685; x_wconf 90' lang='lat' dir='ltr'>sed</span> 
     </span>
    </p>
   </div>
   <div class='ocr_carea' id='block_1_87' title="bbox 2116 3720 3707 3795">
    <p class='ocr_par' dir='ltr' id='par_1_87' title="bbox 2116 3720 3707 3795">
     <span class='ocr_line' id='line_1_87' title="bbox 2116 3720 3707 3795; baseline -0.003 -17"><span class='ocrx_word' id='word_1_787' title='bbox 2116 3725 2232 3778; x_wconf 93' lang='lat' dir='ltr'>Deo</span> <span class='ocrx_word' id='word_1_788' title='bbox 2253 3723 2480 3778; x_wconf 89' lang='lat' dir='ltr'>debetur</span> <span class='ocrx_word' id='word_1_789' title='bbox 2492 3722 2664 3793; x_wconf 89' lang='lat' dir='ltr'>gloria</span> <span class='ocrx_word' id='word_1_790' title='bbox 2691 3737 2702 3775; x_wconf 93' lang='lat'>:</span> <span class='ocrx_word' id='word_1_791' title='bbox 2727 3723 2821 3795; x_wconf 87' lang='lat' dir='ltr'>qui</span> <span class='ocrx_word' id='word_1_792' title='bbox 2842 3724 2985 3777; x_wconf 85' lang='lat' dir='ltr'>Deus</span> <span class='ocrx_word' id='word_1_793' title='bbox 3000 3723 3410 3790; x_wconf 74' lang='lat' dir='ltr'>confirmatnos</span> <span class='ocrx_word' id='word_1_794' title='bbox 3426 3720 3707 3776; x_wconf 83' lang='lat' dir='ltr'>vobiscum</span> 
     </span>
    </p>
   </div>
   <div class='ocr_carea' id='block_1_88' title="bbox 2117 3807 3705 3875">
    <p class='ocr_par' dir='ltr' id='par_1_88' title="bbox 2117 3807 3705 3875">
     <span class='ocr_line' id='line_1_88' title="bbox 2117 3807 3705 3875; baseline -0.003 -10"><span class='ocrx_word' id='word_1_795' title='bbox 2117 3820 2174 3865; x_wconf 92' lang='lat' dir='ltr'>ut</span> <span class='ocrx_word' id='word_1_796' title='bbox 2204 3811 2400 3866; x_wconf 89' lang='lat' dir='ltr'>veritas</span> <span class='ocrx_word' id='word_1_797' title='bbox 2419 3810 2472 3864; x_wconf 91' lang='lat' dir='ltr'>in</span> <span class='ocrx_word' id='word_1_798' title='bbox 2490 3810 2646 3865; x_wconf 90' lang='lat' dir='ltr'>vobis</span> <span class='ocrx_word' id='word_1_799' title='bbox 2668 3810 2764 3864; x_wconf 89' lang='lat' dir='ltr'>sit:</span> <span class='ocrx_word' id='word_1_800' title='bbox 2798 3817 2851 3865; x_wconf 89' lang='lat' dir='ltr'>et</span> <span class='ocrx_word' id='word_1_801' title='bbox 2872 3810 2978 3865; x_wconf 89' lang='lat' dir='ltr'>hoc</span> <span class='ocrx_word' id='word_1_802' title='bbox 3018 3810 3082 3865; x_wconf 88' lang='lat' dir='ltr'>in</span> <span class='ocrx_word' id='word_1_803' title='bbox 3115 3809 3352 3865; x_wconf 87' lang='lat' dir='ltr'>Christo.</span> <span class='ocrx_word' id='word_1_804' title='bbox 3393 3808 3498 3875; x_wconf 84' lang='lat' dir='ltr'>Qui</span> <span class='ocrx_word' id='word_1_805' title='bbox 3542 3807 3705 3862; x_wconf 88' lang='lat' dir='ltr'>etiam</span> 
     </span>
    </p>
   </div>
   <div class='ocr_carea' id='block_1_89' title="bbox 2116 3895 3701 3968">
    <p class='ocr_par' dir='ltr' id='par_1_89' title="bbox 2116 3895 3701 3968">
     <span class='ocr_line' id='line_1_89' title="bbox 2116 3895 3701 3968; baseline -0.004 -13"><span class='ocrx_word' id='word_1_806' title='bbox 2116 3901 2264 3955; x_wconf 91' lang='lat' dir='ltr'>Deus</span> <span class='ocrx_word' id='word_1_807' title='bbox 2293 3901 2468 3954; x_wconf 72' lang='lat' dir='ltr'>unxit</span> <span class='ocrx_word' id='word_1_808' title='bbox 2496 3915 2599 3955; x_wconf 87' lang='lat' dir='ltr'>nos</span> <span class='ocrx_word' id='word_1_809' title='bbox 2643 3897 2764 3954; x_wconf 90' lang='lat' dir='ltr'>oleo</span> <span class='ocrx_word' id='word_1_810' title='bbox 2812 3896 3250 3953; x_wconf 86' lang='lat' dir='ltr'>sanctiﬁcationis</span> <span class='ocrx_word' id='word_1_811' title='bbox 3281 3897 3338 3951; x_wconf 91' lang='lat' dir='ltr'>in</span> <span class='ocrx_word' id='word_1_812' title='bbox 3365 3895 3701 3968; x_wconf 88' lang='lat' dir='ltr'>baptismate.</span> 
     </span>
    </p>
   </div>
   <div class='ocr_carea' id='block_1_90' title="bbox 2118 3984 3708 4059">
    <p class='ocr_par' dir='ltr' id='par_1_90' title="bbox 2118 3984 3708 4059">
     <span class='ocr_line' id='line_1_90' title="bbox 2118 3984 3708 4059; baseline -0.003 -17"><span class='ocrx_word' id='word_1_813' title='bbox 2118 3988 2223 4055; x_wconf 84' lang='lat' dir='ltr'>Qui</span> <span class='ocrx_word' id='word_1_814' title='bbox 2259 3987 2420 4043; x_wconf 89' lang='lat' dir='ltr'>etiam</span> <span class='ocrx_word' id='word_1_815' title='bbox 2450 3988 2694 4059; x_wconf 87' lang='lat' dir='ltr'>signavit</span> <span class='ocrx_word' id='word_1_816' title='bbox 2715 4003 2837 4053; x_wconf 87' lang='lat' dir='ltr'>nos,</span> <span class='ocrx_word' id='word_1_817' title='bbox 2869 3987 2925 4041; x_wconf 93' lang='lat' dir='ltr'>id</span> <span class='ocrx_word' id='word_1_818' title='bbox 2946 3994 3029 4042; x_wconf 90' lang='lat' dir='ltr'>est</span> <span class='ocrx_word' id='word_1_819' title='bbox 3050 3987 3267 4058; x_wconf 87' lang='lat' dir='ltr'>signum</span> <span class='ocrx_word' id='word_1_820' title='bbox 3286 3984 3630 4041; x_wconf 88' lang='lat' dir='ltr'>discretionis</span> <span class='ocrx_word' id='word_1_821' title='bbox 3642 3984 3708 4038; x_wconf 89' lang='lat' dir='ltr'>ab</span> 
     </span>
    </p>
   </div>
   <div class='ocr_carea' id='block_1_91' title="bbox 2116 4074 3706 4147">
    <p class='ocr_par' dir='ltr' id='par_1_91' title="bbox 2116 4074 3706 4147">
     <span class='ocr_line' id='line_1_91' title="bbox 2116 4074 3706 4147; baseline -0.004 -15"><span class='ocrx_word' id='word_1_822' title='bbox 2116 4077 2239 4132; x_wconf 89' lang='lat' dir='ltr'>aliis</span> <span class='ocrx_word' id='word_1_823' title='bbox 2270 4075 2502 4146; x_wconf 89' lang='lat' dir='ltr'>(scilicet</span> <span class='ocrx_word' id='word_1_824' title='bbox 2521 4076 2769 4147; x_wconf 88' lang='lat' dir='ltr'>virtutes)</span> <span class='ocrx_word' id='word_1_825' title='bbox 2796 4075 2946 4131; x_wconf 88' lang='lat' dir='ltr'>dedit</span> <span class='ocrx_word' id='word_1_826' title='bbox 2969 4075 3147 4130; x_wconf 90' lang='lat' dir='ltr'>nobis.</span> <span class='ocrx_word' id='word_1_827' title='bbox 3180 4075 3471 4147; x_wconf 86' lang='lat' dir='ltr'>quietiam</span> <span class='ocrx_word' id='word_1_828' title='bbox 3501 4074 3706 4144; x_wconf 81' lang='lat' dir='ltr'>pignus</span> 
     </span>
    </p>
   </div>
   <div class='ocr_carea' id='block_1_92' title="bbox 2117 4159 3707 4238">
    <p class='ocr_par' dir='ltr' id='par_1_92' title="bbox 2117 4159 3707 4238">
     <span class='ocr_line' id='line_1_92' title="bbox 2117 4159 3707 4238; baseline -0.004 -17"><span class='ocrx_word' id='word_1_829' title='bbox 2117 4167 2355 4238; x_wconf 85' lang='lat' dir='ltr'>spiritus</span> <span class='ocrx_word' id='word_1_830' title='bbox 2373 4165 2547 4231; x_wconf 88' lang='lat' dir='ltr'>dedit,</span> <span class='ocrx_word' id='word_1_831' title='bbox 2580 4164 2635 4219; x_wconf 92' lang='lat' dir='ltr'>id</span> <span class='ocrx_word' id='word_1_832' title='bbox 2665 4172 2748 4219; x_wconf 90' lang='lat' dir='ltr'>est</span> <span class='ocrx_word' id='word_1_833' title='bbox 2776 4164 3035 4234; x_wconf 88' lang='lat' dir='ltr'>Spiritum</span> <span class='ocrx_word' id='word_1_834' title='bbox 3063 4171 3308 4218; x_wconf 89' lang='lat' dir='ltr'>sanctum</span> <span class='ocrx_word' id='word_1_835' title='bbox 3336 4170 3393 4216; x_wconf 92' lang='lat' dir='ltr'>ut</span> <span class='ocrx_word' id='word_1_836' title='bbox 3440 4162 3508 4216; x_wconf 90' lang='lat' dir='ltr'>sit</span> <span class='ocrx_word' id='word_1_837' title='bbox 3547 4159 3707 4215; x_wconf 90' lang='lat' dir='ltr'>nobis</span> 
     </span>
    </p>
   </div>
   <div class='ocr_carea' id='block_1_93' title="bbox 2117 4249 3707 4326">
    <p class='ocr_par' dir='ltr' id='par_1_93' title="bbox 2117 4249 3707 4326">
     <span class='ocr_line' id='line_1_93' title="bbox 2117 4249 3707 4326; baseline -0.004 -17"><span class='ocrx_word' id='word_1_838' title='bbox 2117 4255 2277 4309; x_wconf 90' lang='lat' dir='ltr'>arrha</span> <span class='ocrx_word' id='word_1_839' title='bbox 2306 4253 2502 4308; x_wconf 76' lang='lat' dir='ltr'>futurae</span> <span class='ocrx_word' id='word_1_840' title='bbox 2521 4253 2708 4326; x_wconf 70' lang='lat' dir='ltr'>gloria:</span> <span class='ocrx_word' id='word_1_841' title='bbox 2744 4267 2755 4306; x_wconf 90' lang='lat'>:</span> <span class='ocrx_word' id='word_1_842' title='bbox 2789 4268 2952 4323; x_wconf 90' lang='lat' dir='ltr'>quem</span> <span class='ocrx_word' id='word_1_843' title='bbox 2980 4251 3227 4321; x_wconf 89' lang='lat' dir='ltr'>spiritum</span> <span class='ocrx_word' id='word_1_844' title='bbox 3253 4250 3402 4304; x_wconf 88' lang='lat' dir='ltr'>dedit</span> <span class='ocrx_word' id='word_1_845' title='bbox 3430 4251 3492 4305; x_wconf 87' lang='lat' dir='ltr'>in</span> <span class='ocrx_word' id='word_1_846' title='bbox 3522 4249 3707 4305; x_wconf 88' lang='lat' dir='ltr'>cordi-</span> 
     </span>
    </p>
   </div>
   <div class='ocr_carea' id='block_1_94' title="bbox 422 4333 3708 4415">
    <p class='ocr_par' dir='ltr' id='par_1_94' title="bbox 422 4333 3708 4415">
     <span class='ocr_line' id='line_1_94' title="bbox 422 4333 3708 4415; baseline 0 -25"><span class='ocrx_word' id='word_1_847' title='bbox 422 4336 501 4390; x_wconf 86' lang='lat' dir='ltr'>sti</span> <span class='ocrx_word' id='word_1_848' title='bbox 531 4354 549 4389; x_wconf 91' lang='lat'><strong><em>:</em></strong></span> <span class='ocrx_word' id='word_1_849' title='bbox 580 4336 799 4406; x_wconf 90' lang='lat' dir='ltr'>quando</span> <span class='ocrx_word' id='word_1_850' title='bbox 828 4353 924 4393; x_wconf 91' lang='lat' dir='ltr'>vos</span> <span class='ocrx_word' id='word_1_851' title='bbox 955 4338 1023 4392; x_wconf 90' lang='lat' dir='ltr'>de</span> <span class='ocrx_word' id='word_1_852' title='bbox 1052 4339 1363 4395; x_wconf 90' lang='lat' dir='ltr'>obedientia</span> <span class='ocrx_word' id='word_1_853' title='bbox 1391 4340 1643 4410; x_wconf 82' lang='lat' dir='ltr'>exhibita,</span> <span class='ocrx_word' id='word_1_854' title='bbox 1676 4358 1782 4415; x_wconf 85' lang='lat' dir='ltr'>ego</span> <span class='ocrx_word' id='word_1_855' title='bbox 1810 4344 1879 4398; x_wconf 91' lang='lat' dir='ltr'>de</span> <span class='ocrx_word' id='word_1_856' title='bbox 1917 4344 2013 4400; x_wconf 91' lang='lat' dir='ltr'>do-</span> <span class='ocrx_word' id='word_1_857' title='bbox 2035 4333 2087 4394; x_wconf 89' lang='lat' dir='ltr'>D</span> <span class='ocrx_word' id='word_1_858' title='bbox 2119 4344 2217 4399; x_wconf 86' lang='lat' dir='ltr'>bus</span> <span class='ocrx_word' id='word_1_859' title='bbox 2246 4344 2457 4399; x_wconf 83' lang='lat' dir='ltr'>nostris</span> <span class='ocrx_word' id='word_1_860' title='bbox 2477 4342 2836 4396; x_wconf 88' lang='lat' dir='ltr'>habitatorem</span> <span class='ocrx_word' id='word_1_861' title='bbox 2867 4338 3200 4395; x_wconf 89' lang='lat' dir='ltr'>continuum.</span> <span class='ocrx_word' id='word_1_862' title='bbox 3242 4339 3310 4393; x_wconf 88' lang='lat' dir='ltr'>Et</span> <span class='ocrx_word' id='word_1_863' title='bbox 3337 4353 3458 4393; x_wconf 91' lang='lat' dir='ltr'>cum</span> <span class='ocrx_word' id='word_1_864' title='bbox 3477 4337 3708 4408; x_wconf 86' lang='lat' dir='ltr'>Spiritus</span> 
     </span>
    </p>
   </div>
   <div class='ocr_carea' id='block_1_95' title="bbox 423 4421 2016 4488">
    <p class='ocr_par' dir='ltr' id='par_1_95' title="bbox 423 4421 2016 4488">
     <span class='ocr_line' id='line_1_95' title="bbox 423 4421 2016 4488; baseline 0.007 -11"><span class='ocrx_word' id='word_1_865' title='bbox 423 4421 599 4477; x_wconf 90' lang='lat' dir='ltr'>ctrina</span> <span class='ocrx_word' id='word_1_866' title='bbox 648 4426 1139 4481; x_wconf 88' lang='lat' dir='ltr'>remunerabimur.</span> <span class='ocrx_word' id='word_1_867' title='bbox 1209 4428 1423 4483; x_wconf 81' lang='lat' dir='ltr'>Transit</span> <span class='ocrx_word' id='word_1_868' title='bbox 1466 4430 1664 4485; x_wconf 89' lang='lat' dir='ltr'>iterum</span> <span class='ocrx_word' id='word_1_869' title='bbox 1713 4432 1784 4486; x_wconf 91' lang='lat' dir='ltr'>ad</span> <span class='ocrx_word' id='word_1_870' title='bbox 1822 4431 1968 4486; x_wconf 88' lang='lat' dir='ltr'>aliud</span> <span class='ocrx_word' id='word_1_871' title='bbox 2004 4448 2016 4488; x_wconf 91' lang='lat'><strong>:</strong></span> 
     </span>
    </p>
   </div>
   <div class='ocr_carea' id='block_1_96' title="bbox 423 4509 2021 4590">
    <p class='ocr_par' dir='ltr' id='par_1_96' title="bbox 423 4509 2021 4590">
     <span class='ocr_line' id='line_1_96' title="bbox 423 4509 2021 4590; baseline 0.006 -26"><span class='ocrx_word' id='word_1_872' title='bbox 423 4509 507 4564; x_wconf 92' lang='lat' dir='ltr'>Illi</span> <span class='ocrx_word' id='word_1_873' title='bbox 538 4510 682 4565; x_wconf 91' lang='lat' dir='ltr'>enim</span> <span class='ocrx_word' id='word_1_874' title='bbox 709 4515 1039 4569; x_wconf 89' lang='lat' dir='ltr'>accusabant</span> <span class='ocrx_word' id='word_1_875' title='bbox 1070 4531 1195 4570; x_wconf 90' lang='lat' dir='ltr'>eum</span> <span class='ocrx_word' id='word_1_876' title='bbox 1241 4516 1309 4571; x_wconf 90' lang='lat' dir='ltr'>de</span> <span class='ocrx_word' id='word_1_877' title='bbox 1339 4517 1575 4585; x_wconf 89' lang='lat' dir='ltr'>levitate,</span> <span class='ocrx_word' id='word_1_878' title='bbox 1622 4519 1747 4590; x_wconf 90' lang='lat' dir='ltr'>quia</span> <span class='ocrx_word' id='word_1_879' title='bbox 1776 4519 1827 4573; x_wconf 92' lang='lat' dir='ltr'>in</span> <span class='ocrx_word' id='word_1_880' title='bbox 1850 4520 2021 4590; x_wconf 91' lang='lat' dir='ltr'>priori</span> 
     </span>
    </p>
   </div>
   <div class='ocr_carea' id='block_1_97' title="bbox 424 4597 2020 4671">
    <p class='ocr_par' dir='ltr' id='par_1_97' title="bbox 424 4597 2020 4671">
     <span class='ocr_line' id='line_1_97' title="bbox 424 4597 2020 4671; baseline 0.007 -20"><span class='ocrx_word' id='word_1_881' title='bbox 424 4597 663 4668; x_wconf 87' lang='lat' dir='ltr'>Epistola</span> <span class='ocrx_word' id='word_1_882' title='bbox 693 4600 902 4656; x_wconf 84' lang='lat' dir='ltr'>dixerat</span> <span class='ocrx_word' id='word_1_883' title='bbox 932 4619 991 4657; x_wconf 89' lang='lat' dir='ltr'>se</span> <span class='ocrx_word' id='word_1_884' title='bbox 1040 4612 1320 4658; x_wconf 90' lang='lat' dir='ltr'>venturum</span> <span class='ocrx_word' id='word_1_885' title='bbox 1368 4606 1438 4659; x_wconf 88' lang='lat' dir='ltr'>ad</span> <span class='ocrx_word' id='word_1_886' title='bbox 1468 4622 1582 4671; x_wconf 90' lang='lat' dir='ltr'>eos,</span> <span class='ocrx_word' id='word_1_887' title='bbox 1616 4614 1668 4662; x_wconf 93' lang='lat' dir='ltr'>et</span> <span class='ocrx_word' id='word_1_888' title='bbox 1696 4622 1805 4661; x_wconf 88' lang='lat' dir='ltr'>non</span> <span class='ocrx_word' id='word_1_889' title='bbox 1849 4623 2020 4662; x_wconf 88' lang='lat' dir='ltr'>vene-</span> 
     </span>
    </p>
   </div>
   <div class='ocr_carea' id='block_1_98' title="bbox 424 4688 2017 4765">
    <p class='ocr_par' dir='ltr' id='par_1_98' title="bbox 424 4688 2017 4765">
     <span class='ocr_line' id='line_1_98' title="bbox 424 4688 2017 4765; baseline 0.006 -25"><span class='ocrx_word' id='word_1_890' title='bbox 424 4693 523 4741; x_wconf 89' lang='lat' dir='ltr'>rat.</span> <span class='ocrx_word' id='word_1_891' title='bbox 557 4688 637 4743; x_wconf 92' lang='lat' dir='ltr'>De</span> <span class='ocrx_word' id='word_1_892' title='bbox 666 4690 947 4745; x_wconf 89' lang='lat' dir='ltr'>mendacio</span> <span class='ocrx_word' id='word_1_893' title='bbox 976 4701 1157 4747; x_wconf 89' lang='lat' dir='ltr'>autem</span> <span class='ocrx_word' id='word_1_894' title='bbox 1187 4708 1298 4747; x_wconf 89' lang='lat' dir='ltr'>non</span> <span class='ocrx_word' id='word_1_895' title='bbox 1326 4702 1576 4763; x_wconf 88' lang='lat' dir='ltr'>poterant</span> <span class='ocrx_word' id='word_1_896' title='bbox 1613 4710 1736 4749; x_wconf 89' lang='lat' dir='ltr'>eum</span> <span class='ocrx_word' id='word_1_897' title='bbox 1769 4710 2017 4765; x_wconf 87' lang='lat' dir='ltr'>arguere.</span> 
     </span>
    </p>
   </div>
   <div class='ocr_carea' id='block_1_99' title="bbox 422 4774 2020 4852">
    <p class='ocr_par' dir='ltr' id='par_1_99' title="bbox 422 4774 2020 4852">
     <span class='ocr_line' id='line_1_99' title="bbox 422 4774 2020 4852; baseline 0.005 -23"><span class='ocrx_word' id='word_1_898' title='bbox 422 4774 641 4830; x_wconf 89' lang='lat' dir='ltr'>Dixerat</span> <span class='ocrx_word' id='word_1_899' title='bbox 672 4778 814 4832; x_wconf 89' lang='lat' dir='ltr'>enim</span> <span class='ocrx_word' id='word_1_900' title='bbox 849 4796 862 4831; x_wconf 90' lang='lat'><strong>:</strong></span> <span class='ocrx_word' id='word_1_901' title='bbox 898 4780 1122 4834; x_wconf 83' lang='lat' dir='ltr'>Veniam</span> <span class='ocrx_word' id='word_1_902' title='bbox 1154 4780 1199 4834; x_wconf 91' lang='lat' dir='ltr'>si</span> <span class='ocrx_word' id='word_1_903' title='bbox 1232 4781 1494 4836; x_wconf 90' lang='lat' dir='ltr'>Dominus</span> <span class='ocrx_word' id='word_1_904' title='bbox 1538 4782 1870 4852; x_wconf 89' lang='lat' dir='ltr'>permiserit.</span> <span class='ocrx_word' id='word_1_905' title='bbox 1905 4784 2020 4837; x_wconf 91' lang='lat' dir='ltr'>Lit-</span> 
     </span>
    </p>
   </div>
   <div class='ocr_carea' id='block_1_100' title="bbox 421 4864 2023 4942">
    <p class='ocr_par' dir='ltr' id='par_1_100' title="bbox 421 4864 2023 4942">
     <span class='ocr_line' id='line_1_100' title="bbox 421 4864 2023 4942; baseline 0.006 -26"><span class='ocrx_word' id='word_1_906' title='bbox 421 4869 536 4917; x_wconf 90' lang='lat' dir='ltr'>tera</span> <span class='ocrx_word' id='word_1_907' title='bbox 564 4864 643 4920; x_wconf 91' lang='lat' dir='ltr'>sic</span> <span class='ocrx_word' id='word_1_908' title='bbox 666 4866 913 4938; x_wconf 88' lang='lat' dir='ltr'>jungitur</span> <span class='ocrx_word' id='word_1_909' title='bbox 946 4883 958 4921; x_wconf 91' lang='lat'>:</span> <span class='ocrx_word' id='word_1_910' title='bbox 992 4870 1061 4922; x_wconf 91' lang='lat' dir='ltr'>Et</span> <span class='ocrx_word' id='word_1_911' title='bbox 1093 4868 1197 4924; x_wconf 84' lang='lat' dir='ltr'>hac</span> <span class='ocrx_word' id='word_1_912' title='bbox 1226 4870 1589 4938; x_wconf 83' lang='lat' dir='ltr'>conﬁdentia,</span> <span class='ocrx_word' id='word_1_913' title='bbox 1624 4870 1710 4925; x_wconf 91' lang='lat' dir='ltr'>vel</span> <span class='ocrx_word' id='word_1_914' title='bbox 1742 4871 1869 4942; x_wconf 90' lang='lat' dir='ltr'>quia</span> <span class='ocrx_word' id='word_1_915' title='bbox 1898 4871 2023 4925; x_wconf 89' lang='lat' dir='ltr'>sim-</span> 
     </span>
    </p>
   </div>
   <div class='ocr_carea' id='block_1_101' title="bbox 423 4950 2020 5029">
    <p class='ocr_par' dir='ltr' id='par_1_101' title="bbox 423 4950 2020 5029">
     <span class='ocr_line' id='line_1_101' title="bbox 423 4950 2020 5029; baseline 0.006 -25"><span class='ocrx_word' id='word_1_916' title='bbox 423 4950 636 5021; x_wconf 88' lang='lat' dir='ltr'>pliciter</span> <span class='ocrx_word' id='word_1_917' title='bbox 665 4962 719 5008; x_wconf 89' lang='lat' dir='ltr'>et</span> <span class='ocrx_word' id='word_1_918' title='bbox 764 4955 976 5010; x_wconf 89' lang='lat' dir='ltr'>sincere</span> <span class='ocrx_word' id='word_1_919' title='bbox 1024 4964 1380 5012; x_wconf 89' lang='lat' dir='ltr'>conversatus</span> <span class='ocrx_word' id='word_1_920' title='bbox 1427 4974 1547 5012; x_wconf 92' lang='lat' dir='ltr'>sum</span> <span class='ocrx_word' id='word_1_921' title='bbox 1577 4959 1719 5029; x_wconf 92' lang='lat' dir='ltr'>apud</span> <span class='ocrx_word' id='word_1_922' title='bbox 1767 4974 1903 5026; x_wconf 91' lang='lat' dir='ltr'>vos;</span> <span class='ocrx_word' id='word_1_923' title='bbox 1935 4960 2020 5014; x_wconf 89' lang='lat' dir='ltr'>vel</span> 
     </span>
    </p>
   </div>
   <div class='ocr_carea' id='block_1_102' title="bbox 422 5038 2023 5117">
    <p class='ocr_par' dir='ltr' id='par_1_102' title="bbox 422 5038 2023 5117">
     <span class='ocr_line' id='line_1_102' title="bbox 422 5038 2023 5117; baseline 0.006 -26"><span class='ocrx_word' id='word_1_924' title='bbox 422 5038 545 5109; x_wconf 88' lang='lat' dir='ltr'>quia</span> <span class='ocrx_word' id='word_1_925' title='bbox 574 5056 672 5095; x_wconf 91' lang='lat' dir='ltr'>vos</span> <span class='ocrx_word' id='word_1_926' title='bbox 701 5043 831 5097; x_wconf 89' lang='lat' dir='ltr'>estis</span> <span class='ocrx_word' id='word_1_927' title='bbox 861 5044 1040 5115; x_wconf 89' lang='lat' dir='ltr'>gloria</span> <span class='ocrx_word' id='word_1_928' title='bbox 1070 5061 1207 5110; x_wconf 88' lang='lat' dir='ltr'>mea,</span> <span class='ocrx_word' id='word_1_929' title='bbox 1241 5060 1345 5115; x_wconf 85' lang='lat' dir='ltr'>ego</span> <span class='ocrx_word' id='word_1_930' title='bbox 1390 5054 1573 5101; x_wconf 86' lang='lat' dir='ltr'>vestra</span> <span class='ocrx_word' id='word_1_931' title='bbox 1605 5065 1618 5100; x_wconf 87' lang='lat'><strong>:</strong></span> <span class='ocrx_word' id='word_1_932' title='bbox 1648 5049 1770 5113; x_wconf 89' lang='lat' dir='ltr'>hac,</span> <span class='ocrx_word' id='word_1_933' title='bbox 1804 5047 2023 5117; x_wconf 89' lang='lat' dir='ltr'>inquam</span> 
     </span>
    </p>
   </div>
   <div class='ocr_carea' id='block_1_103' title="bbox 424 5125 2023 5206">
    <p class='ocr_par' dir='ltr' id='par_1_103' title="bbox 424 5125 2023 5206">
     <span class='ocr_line' id='line_1_103' title="bbox 424 5125 2023 5206; baseline 0.006 -26"><span class='ocrx_word' id='word_1_934' title='bbox 424 5125 510 5182; x_wconf 89' lang='lat' dir='ltr'>vel</span> <span class='ocrx_word' id='word_1_935' title='bbox 531 5128 633 5184; x_wconf 91' lang='lat' dir='ltr'>hac</span> <span class='ocrx_word' id='word_1_936' title='bbox 653 5130 982 5186; x_wconf 84' lang='lat' dir='ltr'>confidentia</span> <span class='ocrx_word' id='word_1_937' title='bbox 1001 5133 1152 5187; x_wconf 89' lang='lat' dir='ltr'>volui</span> <span class='ocrx_word' id='word_1_938' title='bbox 1167 5136 1358 5188; x_wconf 87' lang='lat' dir='ltr'>venire</span> <span class='ocrx_word' id='word_1_939' title='bbox 1377 5133 1450 5188; x_wconf 91' lang='lat' dir='ltr'>ad</span> <span class='ocrx_word' id='word_1_940' title='bbox 1471 5151 1561 5190; x_wconf 88' lang='lat' dir='ltr'>vos</span> <span class='ocrx_word' id='word_1_941' title='bbox 1592 5154 1609 5189; x_wconf 90' lang='lat'><strong><em>:</em></strong></span> <span class='ocrx_word' id='word_1_942' title='bbox 1628 5136 1789 5206; x_wconf 83' lang='lat' dir='ltr'>prius</span> <span class='ocrx_word' id='word_1_943' title='bbox 1806 5135 2023 5206; x_wconf 90' lang='lat' dir='ltr'>quidem</span> 
     </span>
    </p>
   </div>
   <div class='ocr_carea' id='block_1_104' title="bbox 422 5214 2022 5293">
    <p class='ocr_par' dir='ltr' id='par_1_104' title="bbox 422 5214 2022 5293">
     <span class='ocr_line' id='line_1_104' title="bbox 422 5214 2022 5293; baseline 0.007 -26"><span class='ocrx_word' id='word_1_944' title='bbox 422 5214 589 5281; x_wconf 89' lang='lat' dir='ltr'>volui,</span> <span class='ocrx_word' id='word_1_945' title='bbox 624 5218 721 5273; x_wconf 91' lang='lat' dir='ltr'>sed</span> <span class='ocrx_word' id='word_1_946' title='bbox 753 5220 913 5275; x_wconf 93' lang='lat' dir='ltr'>modo</span> <span class='ocrx_word' id='word_1_947' title='bbox 942 5220 1089 5275; x_wconf 90' lang='lat' dir='ltr'>nolo.</span> <span class='ocrx_word' id='word_1_948' title='bbox 1124 5220 1283 5274; x_wconf 93' lang='lat' dir='ltr'>Volui</span> <span class='ocrx_word' id='word_1_949' title='bbox 1314 5220 1498 5293; x_wconf 91' lang='lat' dir='ltr'>utique</span> <span class='ocrx_word' id='word_1_950' title='bbox 1528 5230 1676 5288; x_wconf 92' lang='lat' dir='ltr'>tunc,</span> <span class='ocrx_word' id='word_1_951' title='bbox 1710 5227 1775 5277; x_wconf 88' lang='lat' dir='ltr'>ut</span> <span class='ocrx_word' id='word_1_952' title='bbox 1797 5239 1897 5293; x_wconf 92' lang='lat' dir='ltr'>per</span> <span class='ocrx_word' id='word_1_953' title='bbox 1924 5223 2022 5278; x_wconf 88' lang='lat' dir='ltr'>ad-</span> 
     </span>
    </p>
   </div>
   <div class='ocr_carea' id='block_1_105' title="bbox 423 5307 2024 5381">
    <p class='ocr_par' dir='ltr' id='par_1_105' title="bbox 423 5307 2024 5381">
     <span class='ocr_line' id='line_1_105' title="bbox 423 5307 2024 5381; baseline 0.003 -21"><span class='ocrx_word' id='word_1_954' title='bbox 423 5312 645 5360; x_wconf 84' lang='lat' dir='ltr'>ventum</span> <span class='ocrx_word' id='word_1_955' title='bbox 676 5324 857 5362; x_wconf 91' lang='lat' dir='ltr'>meum</span> <span class='ocrx_word' id='word_1_956' title='bbox 908 5307 1186 5363; x_wconf 85' lang='lat' dir='ltr'>haberetis</span> <span class='ocrx_word' id='word_1_957' title='bbox 1217 5310 1526 5365; x_wconf 87' lang='lat' dir='ltr'>secundum</span> <span class='ocrx_word' id='word_1_958' title='bbox 1558 5311 1828 5381; x_wconf 84' lang='lat' dir='ltr'>gratiam,</span> <span class='ocrx_word' id='word_1_959' title='bbox 1858 5311 1912 5365; x_wconf 91' lang='lat' dir='ltr'>id</span> <span class='ocrx_word' id='word_1_960' title='bbox 1944 5320 2024 5366; x_wconf 90' lang='lat' dir='ltr'>est</span> 
     </span>
    </p>
   </div>
   <div class='ocr_carea' id='block_1_106' title="bbox 426 5392 2023 5469">
    <p class='ocr_par' dir='ltr' id='par_1_106' title="bbox 426 5392 2023 5469">
     <span class='ocr_line' id='line_1_106' title="bbox 426 5392 2023 5469; baseline 0.006 -25"><span class='ocrx_word' id='word_1_961' title='bbox 426 5392 555 5463; x_wconf 88' lang='lat' dir='ltr'>quia</span> <span class='ocrx_word' id='word_1_962' title='bbox 583 5403 707 5466; x_wconf 88' lang='lat' dir='ltr'>post</span> <span class='ocrx_word' id='word_1_963' title='bbox 736 5395 1064 5467; x_wconf 90' lang='lat' dir='ltr'>baptismum</span> <span class='ocrx_word' id='word_1_964' title='bbox 1104 5396 1372 5469; x_wconf 90' lang='lat' dir='ltr'>peccastis</span> <span class='ocrx_word' id='word_1_965' title='bbox 1413 5397 1467 5452; x_wconf 89' lang='lat' dir='ltr'>in</span> <span class='ocrx_word' id='word_1_966' title='bbox 1500 5398 1794 5454; x_wconf 87' lang='lat' dir='ltr'>secundam</span> <span class='ocrx_word' id='word_1_967' title='bbox 1823 5399 2023 5455; x_wconf 89' lang='lat' dir='ltr'>remis-</span> 
     </span>
    </p>
   </div>
   <div class='ocr_carea' id='block_1_107' title="bbox 2122 4425 3708 4498">
    <p class='ocr_par' dir='ltr' id='par_1_107' title="bbox 2122 4425 3708 4498">
     <span class='ocr_line' id='line_1_107' title="bbox 2122 4425 3708 4498; baseline -0.004 -12"><span class='ocrx_word' id='word_1_968' title='bbox 2122 4441 2341 4487; x_wconf 91' lang='lat' dir='ltr'>sanctus</span> <span class='ocrx_word' id='word_1_969' title='bbox 2371 4430 2438 4484; x_wconf 91' lang='lat' dir='ltr'>sit</span> <span class='ocrx_word' id='word_1_970' title='bbox 2468 4430 2520 4483; x_wconf 91' lang='lat' dir='ltr'>in</span> <span class='ocrx_word' id='word_1_971' title='bbox 2543 4429 2719 4494; x_wconf 89' lang='lat' dir='ltr'>nobis,</span> <span class='ocrx_word' id='word_1_972' title='bbox 2754 4443 2862 4483; x_wconf 90' lang='lat' dir='ltr'>non</span> <span class='ocrx_word' id='word_1_973' title='bbox 2891 4436 2973 4482; x_wconf 90' lang='lat' dir='ltr'>est</span> <span class='ocrx_word' id='word_1_974' title='bbox 2999 4426 3352 4493; x_wconf 90' lang='lat' dir='ltr'>credendum,</span> <span class='ocrx_word' id='word_1_975' title='bbox 3405 4426 3550 4498; x_wconf 92' lang='lat' dir='ltr'>quod</span> <span class='ocrx_word' id='word_1_976' title='bbox 3575 4425 3708 4481; x_wconf 87' lang='lat' dir='ltr'>levi-</span> 
     </span>
    </p>
   </div>
   <div class='ocr_carea' id='block_1_108' title="bbox 2121 4514 3178 4575">
    <p class='ocr_par' dir='ltr' id='par_1_108' title="bbox 2121 4514 3178 4575">
     <span class='ocr_line' id='line_1_108' title="bbox 2121 4514 3178 4575; baseline -0.006 -2"><span class='ocrx_word' id='word_1_977' title='bbox 2121 4527 2201 4573; x_wconf 88' lang='lat' dir='ltr'>tas</span> <span class='ocrx_word' id='word_1_978' title='bbox 2234 4519 2320 4575; x_wconf 91' lang='lat' dir='ltr'>vel</span> <span class='ocrx_word' id='word_1_979' title='bbox 2352 4517 2695 4573; x_wconf 90' lang='lat' dir='ltr'>mendacium</span> <span class='ocrx_word' id='word_1_980' title='bbox 2727 4514 2890 4570; x_wconf 85' lang='lat' dir='ltr'>fuerit</span> <span class='ocrx_word' id='word_1_981' title='bbox 2920 4515 2977 4568; x_wconf 91' lang='lat' dir='ltr'>in</span> <span class='ocrx_word' id='word_1_982' title='bbox 3000 4514 3178 4570; x_wconf 91' lang='lat' dir='ltr'>nobis.</span> 
     </span>
    </p>
   </div>
   <div class='ocr_carea' id='block_1_109' title="bbox 2192 4602 3710 4677">
    <p class='ocr_par' dir='ltr' id='par_1_109' title="bbox 2192 4602 3710 4677">
     <span class='ocr_line' id='line_1_109' title="bbox 2192 4602 3710 4677; baseline -0.003 -16"><span class='ocrx_word' id='word_1_983' title='bbox 2192 4609 2480 4677; x_wconf 84' lang='lat' dir='ltr'>Postquam</span> <span class='ocrx_word' id='word_1_984' title='bbox 2499 4621 2558 4659; x_wconf 90' lang='lat' dir='ltr'>se</span> <span class='ocrx_word' id='word_1_985' title='bbox 2579 4604 2873 4670; x_wconf 88' lang='lat' dir='ltr'>excusavit,</span> <span class='ocrx_word' id='word_1_986' title='bbox 2890 4603 3033 4675; x_wconf 91' lang='lat' dir='ltr'>quod</span> <span class='ocrx_word' id='word_1_987' title='bbox 3050 4618 3150 4658; x_wconf 89' lang='lat' dir='ltr'>nec</span> <span class='ocrx_word' id='word_1_988' title='bbox 3167 4618 3273 4674; x_wconf 93' lang='lat' dir='ltr'>quo</span> <span class='ocrx_word' id='word_1_989' title='bbox 3284 4602 3519 4671; x_wconf 89' lang='lat' dir='ltr'>levitate,</span> <span class='ocrx_word' id='word_1_990' title='bbox 3534 4617 3710 4673; x_wconf 86' lang='lat' dir='ltr'>neque</span> 
     </span>
    </p>
   </div>
   <div class='ocr_carea' id='block_1_110' title="bbox 2120 4689 3705 4763">
    <p class='ocr_par' dir='ltr' id='par_1_110' title="bbox 2120 4689 3705 4763">
     <span class='ocr_line' id='line_1_110' title="bbox 2120 4689 3705 4763; baseline -0.006 -12"><span class='ocrx_word' id='word_1_991' title='bbox 2120 4695 2422 4751; x_wconf 89' lang='lat' dir='ltr'>secundum</span> <span class='ocrx_word' id='word_1_992' title='bbox 2451 4708 2668 4748; x_wconf 89' lang='lat' dir='ltr'>carnem</span> <span class='ocrx_word' id='word_1_993' title='bbox 2700 4692 2947 4763; x_wconf 84' lang='lat' dir='ltr'>cogitans</span> <span class='ocrx_word' id='word_1_994' title='bbox 2977 4691 3048 4745; x_wconf 90' lang='lat' dir='ltr'>ad</span> <span class='ocrx_word' id='word_1_995' title='bbox 3079 4707 3174 4747; x_wconf 91' lang='lat' dir='ltr'>eos</span> <span class='ocrx_word' id='word_1_996' title='bbox 3204 4690 3392 4747; x_wconf 89' lang='lat' dir='ltr'>venire</span> <span class='ocrx_word' id='word_1_997' title='bbox 3422 4689 3705 4755; x_wconf 88' lang='lat' dir='ltr'>dimiserit,</span> 
     </span>
    </p>
   </div>
   <div class='ocr_carea' id='block_1_111' title="bbox 2121 4778 3709 4852">
    <p class='ocr_par' dir='ltr' id='par_1_111' title="bbox 2121 4778 3709 4852">
     <span class='ocr_line' id='line_1_111' title="bbox 2121 4778 3709 4852; baseline -0.004 -13"><span class='ocrx_word' id='word_1_998' title='bbox 2121 4783 2301 4839; x_wconf 89' lang='lat' dir='ltr'>subdit</span> <span class='ocrx_word' id='word_1_999' title='bbox 2326 4797 2548 4838; x_wconf 72' lang='lat' dir='ltr'>causa&#39;n</span> <span class='ocrx_word' id='word_1_1000' title='bbox 2589 4797 2759 4852; x_wconf 90' lang='lat' dir='ltr'>quare</span> <span class='ocrx_word' id='word_1_1001' title='bbox 2798 4797 2908 4834; x_wconf 92' lang='lat' dir='ltr'>non</span> <span class='ocrx_word' id='word_1_1002' title='bbox 2955 4780 3179 4845; x_wconf 88' lang='lat' dir='ltr'>venerit,</span> <span class='ocrx_word' id='word_1_1003' title='bbox 3227 4780 3413 4835; x_wconf 90' lang='lat' dir='ltr'>dicens</span> <span class='ocrx_word' id='word_1_1004' title='bbox 3445 4796 3458 4832; x_wconf 89' lang='lat'><strong>:</strong></span> <span class='ocrx_word' id='word_1_1005' title='bbox 3491 4780 3593 4833; x_wconf 89' lang='lat' dir='ltr'>Pro</span> <span class='ocrx_word' id='word_1_1006' title='bbox 3623 4778 3709 4832; x_wconf 88' lang='lat' dir='ltr'>le-</span> 
     </span>
    </p>
   </div>
   <div class='ocr_carea' id='block_1_112' title="bbox 2119 4866 3709 4941">
    <p class='ocr_par' dir='ltr' id='par_1_112' title="bbox 2119 4866 3709 4941">
     <span class='ocr_line' id='line_1_112' title="bbox 2119 4866 3709 4941; baseline -0.004 -15"><span class='ocrx_word' id='word_1_1007' title='bbox 2119 4872 2305 4940; x_wconf 90' lang='lat' dir='ltr'>vitate,</span> <span class='ocrx_word' id='word_1_1008' title='bbox 2334 4870 2420 4925; x_wconf 89' lang='lat' dir='ltr'>vel</span> <span class='ocrx_word' id='word_1_1009' title='bbox 2443 4870 2568 4941; x_wconf 93' lang='lat' dir='ltr'>quia</span> <span class='ocrx_word' id='word_1_1010' title='bbox 2596 4868 2888 4925; x_wconf 89' lang='lat' dir='ltr'>carnaliter</span> <span class='ocrx_word' id='word_1_1011' title='bbox 2916 4869 3212 4941; x_wconf 88' lang='lat' dir='ltr'>cogitarem</span> <span class='ocrx_word' id='word_1_1012' title='bbox 3258 4866 3446 4922; x_wconf 89' lang='lat' dir='ltr'>venire</span> <span class='ocrx_word' id='word_1_1013' title='bbox 3482 4881 3592 4921; x_wconf 89' lang='lat' dir='ltr'>non</span> <span class='ocrx_word' id='word_1_1014' title='bbox 3621 4866 3709 4920; x_wconf 89' lang='lat' dir='ltr'>di-</span> 
     </span>
    </p>
   </div>
   <div class='ocr_carea' id='block_1_113' title="bbox 2122 4955 3711 5028">
    <p class='ocr_par' dir='ltr' id='par_1_113' title="bbox 2122 4955 3711 5028">
     <span class='ocr_line' id='line_1_113' title="bbox 2122 4955 3711 5028; baseline -0.004 -14"><span class='ocrx_word' id='word_1_1015' title='bbox 2122 4959 2245 5014; x_wconf 89' lang='lat' dir='ltr'>misi</span> <span class='ocrx_word' id='word_1_1016' title='bbox 2279 4975 2292 5014; x_wconf 91' lang='lat'><strong>:</strong></span> <span class='ocrx_word' id='word_1_1017' title='bbox 2328 4959 2423 5013; x_wconf 90' lang='lat' dir='ltr'>sed</span> <span class='ocrx_word' id='word_1_1018' title='bbox 2460 4958 2585 5012; x_wconf 91' lang='lat' dir='ltr'>ideo</span> <span class='ocrx_word' id='word_1_1019' title='bbox 2613 4964 2672 5011; x_wconf 91' lang='lat' dir='ltr'>ut</span> <span class='ocrx_word' id='word_1_1020' title='bbox 2692 4973 2978 5028; x_wconf 90' lang='lat' dir='ltr'>parcerem</span> <span class='ocrx_word' id='word_1_1021' title='bbox 3008 4956 3165 5011; x_wconf 90' lang='lat' dir='ltr'>vobis</span> <span class='ocrx_word' id='word_1_1022' title='bbox 3212 4972 3319 5010; x_wconf 90' lang='lat' dir='ltr'>non</span> <span class='ocrx_word' id='word_1_1023' title='bbox 3352 4955 3500 5010; x_wconf 91' lang='lat' dir='ltr'>veni.</span> <span class='ocrx_word' id='word_1_1024' title='bbox 3539 4956 3607 5009; x_wconf 90' lang='lat' dir='ltr'>Et</span> <span class='ocrx_word' id='word_1_1025' title='bbox 3653 4961 3711 5008; x_wconf 92' lang='lat' dir='ltr'>ut</span> 
     </span>
    </p>
   </div>
   <div class='ocr_carea' id='block_1_114' title="bbox 2122 5043 3710 5115">
    <p class='ocr_par' dir='ltr' id='par_1_114' title="bbox 2122 5043 3710 5115">
     <span class='ocr_line' id='line_1_114' title="bbox 2122 5043 3710 5115; baseline -0.003 -13"><span class='ocrx_word' id='word_1_1026' title='bbox 2122 5046 2375 5111; x_wconf 88' lang='lat' dir='ltr'>credatis,</span> <span class='ocrx_word' id='word_1_1027' title='bbox 2406 5053 2463 5100; x_wconf 89' lang='lat' dir='ltr'>ut</span> <span class='ocrx_word' id='word_1_1028' title='bbox 2491 5045 2646 5100; x_wconf 90' lang='lat' dir='ltr'>vobis</span> <span class='ocrx_word' id='word_1_1029' title='bbox 2674 5060 2957 5115; x_wconf 90' lang='lat' dir='ltr'>parcerem</span> <span class='ocrx_word' id='word_1_1030' title='bbox 2978 5060 3067 5100; x_wconf 90' lang='lat' dir='ltr'>me</span> <span class='ocrx_word' id='word_1_1031' title='bbox 3097 5060 3205 5099; x_wconf 90' lang='lat' dir='ltr'>non</span> <span class='ocrx_word' id='word_1_1032' title='bbox 3226 5043 3461 5108; x_wconf 89' lang='lat' dir='ltr'>venisse,</span> <span class='ocrx_word' id='word_1_1033' title='bbox 3485 5057 3590 5113; x_wconf 88' lang='lat' dir='ltr'>ego</span> <span class='ocrx_word' id='word_1_1034' title='bbox 3619 5043 3710 5097; x_wconf 87' lang='lat' dir='ltr'>in-</span> 
     </span>
    </p>
   </div>
   <div class='ocr_carea' id='block_1_115' title="bbox 2123 5130 3707 5203">
    <p class='ocr_par' dir='ltr' id='par_1_115' title="bbox 2123 5130 3707 5203">
     <span class='ocr_line' id='line_1_115' title="bbox 2123 5130 3707 5203; baseline -0.004 -13"><span class='ocrx_word' id='word_1_1035' title='bbox 2123 5150 2250 5190; x_wconf 88' lang='lat' dir='ltr'>voco</span> <span class='ocrx_word' id='word_1_1036' title='bbox 2282 5137 2457 5189; x_wconf 88' lang='lat' dir='ltr'>Deum</span> <span class='ocrx_word' id='word_1_1037' title='bbox 2488 5138 2685 5189; x_wconf 86' lang='lat' dir='ltr'>testem</span> <span class='ocrx_word' id='word_1_1038' title='bbox 2707 5134 2862 5203; x_wconf 89' lang='lat' dir='ltr'>hujus</span> <span class='ocrx_word' id='word_1_1039' title='bbox 2892 5134 2992 5187; x_wconf 89' lang='lat' dir='ltr'>rei.</span> <span class='ocrx_word' id='word_1_1040' title='bbox 3030 5132 3155 5187; x_wconf 87' lang='lat' dir='ltr'>Mali</span> <span class='ocrx_word' id='word_1_1041' title='bbox 3170 5131 3389 5203; x_wconf 91' lang='lat' dir='ltr'>quidem</span> <span class='ocrx_word' id='word_1_1042' title='bbox 3418 5130 3707 5202; x_wconf 84' lang='lat' dir='ltr'>negligen-</span> 
     </span>
    </p>
   </div>
   <div class='ocr_carea' id='block_1_116' title="bbox 2123 5219 3710 5285">
    <p class='ocr_par' dir='ltr' id='par_1_116' title="bbox 2123 5219 3710 5285">
     <span class='ocr_line' id='line_1_116' title="bbox 2123 5219 3710 5285; baseline -0.004 -7"><span class='ocrx_word' id='word_1_1043' title='bbox 2123 5232 2205 5278; x_wconf 91' lang='lat' dir='ltr'>tes</span> <span class='ocrx_word' id='word_1_1044' title='bbox 2233 5222 2511 5277; x_wconf 80' lang='lat' dir='ltr'>oﬂ‘endere</span> <span class='ocrx_word' id='word_1_1045' title='bbox 2551 5223 2743 5285; x_wconf 86' lang='lat' dir='ltr'>Deum,</span> <span class='ocrx_word' id='word_1_1046' title='bbox 2789 5229 2985 5277; x_wconf 91' lang='lat' dir='ltr'>testem</span> <span class='ocrx_word' id='word_1_1047' title='bbox 3035 5220 3282 5275; x_wconf 84' lang='lat' dir='ltr'>falsitatis</span> <span class='ocrx_word' id='word_1_1048' title='bbox 3315 5235 3422 5274; x_wconf 92' lang='lat' dir='ltr'>non</span> <span class='ocrx_word' id='word_1_1049' title='bbox 3485 5219 3710 5273; x_wconf 89' lang='lat' dir='ltr'>multum</span> 
     </span>
    </p>
   </div>
   <div class='ocr_carea' id='block_1_117' title="bbox 2123 5308 3711 5379">
    <p class='ocr_par' dir='ltr' id='par_1_117' title="bbox 2123 5308 3711 5379">
     <span class='ocr_line' id='line_1_117' title="bbox 2123 5308 3711 5379; baseline -0.006 -10"><span class='ocrx_word' id='word_1_1050' title='bbox 2123 5319 2373 5369; x_wconf 90' lang='lat' dir='ltr'>curarent</span> <span class='ocrx_word' id='word_1_1051' title='bbox 2402 5312 2672 5367; x_wconf 88' lang='lat' dir='ltr'>advocare</span> <span class='ocrx_word' id='word_1_1052' title='bbox 2722 5312 2894 5365; x_wconf 90' lang='lat' dir='ltr'>Deum</span> <span class='ocrx_word' id='word_1_1053' title='bbox 2921 5327 2932 5365; x_wconf 93' lang='lat'>:</span> <span class='ocrx_word' id='word_1_1054' title='bbox 2960 5310 3055 5365; x_wconf 91' lang='lat' dir='ltr'>sed</span> <span class='ocrx_word' id='word_1_1055' title='bbox 3088 5308 3286 5363; x_wconf 89' lang='lat' dir='ltr'>Paulus</span> <span class='ocrx_word' id='word_1_1056' title='bbox 3318 5308 3410 5379; x_wconf 90' lang='lat' dir='ltr'>qui</span> <span class='ocrx_word' id='word_1_1057' title='bbox 3440 5324 3500 5362; x_wconf 91' lang='lat' dir='ltr'>se</span> <span class='ocrx_word' id='word_1_1058' title='bbox 3543 5314 3711 5361; x_wconf 93' lang='lat' dir='ltr'>totum</span> 
     </span>
    </p>
   </div>
   <div class='ocr_carea' id='block_1_118' title="bbox 2124 5396 3711 5472">
    <p class='ocr_par' dir='ltr' id='par_1_118' title="bbox 2124 5396 3711 5472">
     <span class='ocr_line' id='line_1_118' title="bbox 2124 5396 3711 5472; baseline -0.003 -17"><span class='ocrx_word' id='word_1_1059' title='bbox 2124 5400 2179 5458; x_wconf 90' lang='lat' dir='ltr'>in</span> <span class='ocrx_word' id='word_1_1060' title='bbox 2202 5402 2316 5457; x_wconf 87' lang='lat' dir='ltr'>Deo</span> <span class='ocrx_word' id='word_1_1061' title='bbox 2338 5408 2614 5472; x_wconf 90' lang='lat' dir='ltr'>posuerat,</span> <span class='ocrx_word' id='word_1_1062' title='bbox 2638 5415 2745 5456; x_wconf 89' lang='lat' dir='ltr'>non</span> <span class='ocrx_word' id='word_1_1063' title='bbox 2758 5404 3107 5470; x_wconf 65' lang='lat' dir='ltr'>praesumeret</span> <span class='ocrx_word' id='word_1_1064' title='bbox 3130 5399 3303 5452; x_wconf 88' lang='lat' dir='ltr'>Deum</span> <span class='ocrx_word' id='word_1_1065' title='bbox 3330 5396 3505 5452; x_wconf 88' lang='lat' dir='ltr'>facere</span> <span class='ocrx_word' id='word_1_1066' title='bbox 3517 5402 3711 5451; x_wconf 84' lang='lat' dir='ltr'>testem</span> 
     </span>
    </p>
   </div>
  </div>
