3960 6050
198 220 305 275 225

775 214 1153 271 EXPOSITIO
1213 214 1285 269 IN
1339 212 1719 269 EPISTOLAS
1774 211 2000 267 PAULI.
2031 211 2203 264 -ΙΝ
2257 210 2477 266 EPIST.
2538 210 2585 263 II
2625 210 2717 264 AD
2760 208 2925 265 COR.

3382 212 3505 271 .226

208 342 327 408 ejus
357 339 458 404 rei,
494 355 655 410 quam
688 354 877 394 veram
923 356 1029 394 non
1080 340 1426 412 intelligeret.
1462 340 1632 396 Aliter
1662 338 1805 393 enim
1825 337 1883 399 A
1917 358 1938 387 ι
1972 336 2039 389 sti
2070 337 2245 389 bonus
2278 336 2411 391 odor
2458 352 2644 389 sumus
2676 337 2789 389 Deo
2838 335 2891 388 in
2941 334 3023 387 his
3054 333 3145 404 qui
3179 332 3311 387 salvi
3352 331 3503 397 ﬁunt,

207 444 402 501 agens,
424 428 694 484 mendacii
714 430 887 483 Deum
912 437 1185 501 argueret.
1222 431 1393 483 Deum
1414 429 1597 499 utique
1621 428 1819 482 invoco

210 525 455 571 testem:
509 532 616 571 non
666 517 843 571 solum
884 526 1075 572 contra
1121 534 1337 587 corpus,
1391 525 1444 571 ut
1493 516 1537 569 si
1585 517 1818 571 mendax

207 604 388 671 fuero,
412 606 468 659 in
500 606 615 660 solo
637 622 725 660 me
755 606 942 676 puniat
970 622 1221 676 corpore,
1245 606 1340 661 sed
1363 606 1619 673 etiamin,
1654 604 1707 658 id
1739 607 1821 658 est

211 702 401 749 contra
433 697 689 749 animam
724 711 926 759 meam,
968 703 1022 749 ut
1060 695 1251 765 perdat
1295 711 1414 749 eam
1437 710 1559 750 cum
1589 708 1817 763 corpore

214 782 264 835 si
320 783 593 838 mendacii
632 791 827 838 testem
874 782 1013 838 facio
1060 784 1253 838 Deum.
1297 783 1427 837 Inde
1460 784 1632 837 Deum
1660 783 1819 836 advo-

207 886 274 926 co
309 880 501 925 testem
536 889 549 924 :
583 873 725 943 quod
753 888 993 941 parcens
1026 873 1190 937 vobis,
1223 872 1277 925 id
1298 879 1380 926 est
1401 880 1457 924 ut
1478 870 1818 926 commodius

208 975 434 1029 possem
467 975 692 1029 parcere
724 960 897 1027 vobis,
931 977 1045 1015 non
1069 962 1193 1014 veni
1218 959 1549 1015 Corinthum
1566 961 1742 1025 ultra,
1762 957 1817 1011 id

211 1056 295 1102 est
325 1047 551 1102 ulterius
581 1064 741 1119 quam
772 1048 945 1118 prima
976 1049 1117 1104 vice.

286 1136 605 1207 Priusquam
630 1136 773 1191 dicat
794 1136 958 1206 inquo
970 1137 1049 1191 eis
1072 1153 1180 1191 non
1203 1138 1469 1191 veniendo
1488 1136 1813 1207 pepercerit,

211 1224 540 1279 determinat
569 1225 655 1279 hic
686 1224 832 1295 quod
860 1225 950 1289 ait,
984 1242 1240 1295 parcens.
1274 1225 1532 1279 Corinthii
1555 1224 1695 1278 enim
1727 1224 1815 1276 in-

211 1314 477 1367 sidiantes
498 1314 678 1367 verbis
710 1314 844 1381 ejus,
879 1315 1124 1369 dicerent
1158 1330 1170 1367 :
1207 1316 1284 1367 Ita
1306 1314 1386 1367 ais
1414 1321 1463 1367 te
1480 1312 1811 1383 pepercisse,

211 1418 273 1455 ac
304 1401 351 1455 si
385 1401 538 1471 regia
559 1409 821 1471 potestate
853 1403 1056 1456 habeas
1088 1418 1187 1455 nos
1217 1417 1412 1471 cogere
1434 1418 1497 1455 ex
1521 1409 1606 1454 tua
1624 1401 1815 1455 volun-

213 1498 347 1544 tate.
386 1491 618 1544 Parcens
648 1507 762 1546 non
793 1490 915 1545 ideo
937 1490 1079 1555 dico,
1105 1491 1233 1561 quia
1256 1506 1355 1544 nos
1378 1491 1741 1544 dominamur
1754 1490 1815 1557 ﬁ-

216 1579 305 1633 dei
339 1583 541 1633 vestra:
572 1597 589 1632 :
619 1576 753 1632 fides
800 1580 945 1632 enim
991 1594 1083 1633 res
1112 1587 1194 1632 est
1218 1578 1541 1643 voluntaria,
1575 1593 1682 1631 non
1712 1593 1813 1631 ne-

1927 446 1947 474 «
1985 432 2036 479 et
2063 425 2117 479 in
2149 425 2232 478 his
2263 425 2353 495 qui
2402 433 2652 494 pereunt.
2705 424 2837 477 Aliis
2886 423 3104 493 quidem
3153 423 3289 476 odor
3316 420 3508 475 mortis

1926 536 1947 563 ι
1979 515 2034 567 in
2062 523 2311 577 mortem,
2347 514 2468 567 aliis
2506 521 2687 567 autem
2729 512 2863 566 odor
2894 512 3015 566 vitae
3046 511 3100 564 in
3129 510 3312 565 vitam.
3346 510 3413 563 Et
3442 509 3509 561 ad

1924 625 1945 649 α
1984 603 2099 657 haec
2148 602 2268 672 quis
2319 610 2427 656 tam
2496 602 2770 655 idoneus?
2799 601 2921 654 Non
2974 600 3115 653 enim
3157 614 3343 652 sumus
3375 598 3513 652 sicut

1923 712 1945 741 ι
1980 690 2193 760 plurimi
2224 690 2589 744 adulterantes
2629 689 2851 743 verbum
2884 688 2984 743 Dei
3015 705 3027 741 :
3062 688 3159 742 sed
3191 704 3255 741 ex
3284 685 3512 740 sinceri-

1924 800 1945 827 ι
1984 786 2108 844 tate,
2159 779 2297 834 sicut
2348 795 2413 833 ex
2466 780 2580 833 Deo
2630 794 2811 833 coram
2860 778 2975 832 Deo
3004 776 3058 829 in
3088 776 3303 831 Christo
3332 774 3513 845 loqui-

1924 888 1945 916 (ί
1983 884 2121 921 mur.
2163 890 2183 914 ι)

2551 1021 2865 1061 EXPOSITIO.

1991 1140 2283 1208 Postquam
2316 1138 2692 1192 determinavit
2715 1138 2986 1208 quomodo
3017 1137 3217 1192 dixerit
3241 1154 3516 1209 parcens;

1918 1227 2242 1280 determinat
2276 1227 2329 1279 in
2368 1243 2476 1297 quo
2524 1227 2844 1296 pepercerit,
2909 1226 3096 1281 dicens
3131 1242 3143 1280 :
3176 1228 3294 1295 Ego
3333 1226 3515 1297 utique

1917 1332 2027 1370 non
2059 1316 2185 1370 veni
2215 1315 2559 1383 Corinthum,
2594 1316 2689 1368 sed
2724 1314 2879 1367 statui
2920 1316 3024 1369 hoc
3071 1314 3247 1384 ipsum
3288 1314 3430 1383 quod
3461 1314 3516 1367 in

1915 1404 2082 1474 priori
2112 1404 2351 1474 Epistola
2373 1411 2680 1481 statueram.
2712 1404 2919 1470 Statui,
2953 1403 3195 1472 inquam,
3229 1402 3373 1472 apud
3404 1418 3510 1466 me,

1917 1509 2026 1546 non
2068 1492 2368 1562 praecipitio
2417 1491 2835 1546 inconsiderata}
2884 1491 3181 1555 sententiae,
3244 1490 3340 1544 sed
3369 1490 3519 1562 apud

1915 1598 2005 1636 me
2036 1581 2323 1651 diligenter
2369 1587 2708 1650 pertractans
2740 1595 2803 1633 ex
2847 1578 3073 1633 consilio
3103 1579 3277 1645 statui,
3312 1595 3383 1634 ne
3413 1580 3520 1633 ite-

218 1667 479 1720 cessitate
507 1666 730 1720 dominii
761 1667 1026 1739 cogenda.
1078 1667 1359 1721 Dominari
1403 1674 1581 1719 autem
1614 1664 1814 1719 dicitur
1849 1690 1899 1749 B
1920 1686 2049 1724 rum
2072 1670 2319 1724 venirem
2343 1669 2412 1722 ad
2432 1684 2520 1723 vos
2540 1669 2599 1722 in
2624 1668 2884 1732 tristitia,
2914 1667 2966 1720 id
2990 1675 3073 1721 est
3094 1667 3163 1721 ad
3193 1666 3519 1721 contristan-

218 1754 273 1806 in
304 1755 664 1824 potestatibus
695 1754 819 1822 illis,
852 1754 942 1808 ubi
973 1753 1115 1808 filius
1146 1754 1387 1809 succedit
1417 1753 1555 1823 patri
1587 1770 1687 1806 usu
1717 1769 1819 1807 ne-

218 1841 469 1896 cessario
503 1860 515 1894 :
551 1843 649 1896 sed
678 1842 734 1895 in
779 1841 1011 1912 praelatis
1060 1842 1322 1897 Ecclesia:
1352 1842 1532 1907 (etiam
1565 1840 1617 1894 in
1649 1856 1827 1895 saecu-

216 1929 427 1983 laribus
457 1930 548 2000 qui
582 1946 686 1983 non
716 1930 839 2002 lege
862 1930 1244 1995 successionis,
1269 1930 1364 1983 sed
1387 1946 1485 1999 per
1507 1928 1827 1983 electionem

218 2022 480 2088 praesunt)
511 2019 689 2088 potius
727 2019 833 2072 dici
865 2019 1026 2073 debet
1057 2019 1288 2072 servitus
1318 2034 1477 2087 quam
1506 2016 1823 2071 dominium.

220 2107 352 2161 Ideo
405 2107 475 2159 ait
525 2122 633 2161 non
676 2107 1017 2161 dominamur
1053 2106 1177 2160 fidei
1222 2114 1413 2161 vestrae
1448 2123 1461 2159 :
1494 2106 1587 2161 sed
1631 2122 1826 2160 sumus

224 2196 518 2265 adjutores
546 2196 731 2263 vestri,
766 2211 874 2249 non
905 2204 1181 2251 cessantes
1203 2210 1359 2249 orare
1381 2196 1555 2248 Deum
1573 2210 1672 2263 pro
1704 2209 1827 2248 cor-

223 2284 469 2338 rectione
502 2283 689 2349 vestri,
712 2284 988 2352 adjutores
1028 2284 1149 2339 dico
1178 2284 1367 2354 gaudii
1398 2283 1572 2337 vestri
1602 2298 1619 2333 :
1650 2282 1706 2335 in
1732 2282 1826 2335 illa

222 2372 369 2425 enim
404 2388 463 2426 re
497 2388 595 2427 vos
625 2372 940 2441 adjuvamus
970 2372 1037 2425 de
1066 2387 1173 2442 qua
1204 2371 1438 2425 habituri
1461 2370 1588 2424 estis
1610 2386 1824 2439 perma-

220 2477 362 2515 nens
392 2461 654 2532 gaudium
688 2479 699 2514 :
735 2477 901 2531 quare
931 2460 1089 2515 nobis
1136 2460 1362 2531 obsequi
1412 2459 1643 2513 debetis.
1683 2459 1823 2512 Vere

222 2565 333 2603 non
362 2549 705 2603 dominamur
752 2549 907 2603 vobis
941 2564 953 2601 :
989 2565 1124 2603 nam
1164 2564 1253 2603 vos
1302 2548 1469 2602 statis
1516 2547 1621 2615 ﬁde
1655 2566 1671 2600 :
1702 2562 1823 2617 quae

222 2638 515 2692 voluntatis
544 2654 632 2693 res
658 2646 758 2703 est,
783 2653 893 2692 non
922 2636 1285 2703 necessitatis,
1321 2636 1367 2689 si
1388 2651 1485 2691 vos
1504 2634 1677 2689 statis.

733 2790 960 2847 161
1010 2791 1233 2848 CAPUT
1267 2792 1332 2845 II.

296 2940 317 2963 α
358 2915 533 2972 Statui
579 2923 759 2969 autem
807 2917 913 2970 hoc
944 2915 1119 2985 ipsum
1169 2914 1313 2983 apud
1367 2930 1497 2977 me;
1528 2928 1594 2967 ne
1627 2912 1821 2967 iterum

226 3028 247 3055 ι
286 3006 338 3057 in
372 3003 588 3057 tristitia
618 3004 860 3058 venirem
892 3003 963 3058 ad
994 3018 1110 3057 vos.
1163 3002 1219 3056 bi
1258 3001 1399 3055 enim
1432 3016 1537 3073 ego
1564 3000 1821 3056 contristo

227 3117 248 3139 α
281 3109 380 3147 vos
417 3110 428 3144 :
463 3101 515 3147 et
547 3092 669 3163 quis
700 3100 781 3146 est
810 3092 901 3163 qui
942 3108 1029 3146 me
1078 3088 1329 3155 lzetificet,
1366 3089 1470 3143 nisi
1501 3088 1591 3160 qui
1622 3088 1827 3144 contri-

228 3201 250 3229 ι
288 3188 466 3234 statur
495 3196 560 3234 ex
592 3196 678 3234 me
698 3180 724 3233 ?
753 3182 819 3234 Et
861 3181 965 3234 hoc
996 3179 1174 3249 ipsum
1205 3178 1399 3247 scripsi
1430 3177 1604 3241 vobis,
1638 3185 1691 3231 ut
1723 3192 1832 3230 non

230 3292 249 3313 ι
287 3284 413 3322 cum
461 3284 665 3322 venero
720 3267 989 3321 tristitiam
1037 3284 1203 3337 super
1251 3266 1518 3319 tristitiam
1576 3264 1829 3333 habeam,

230 3373 251 3401 ι
288 3352 358 3406 de
409 3352 608 3421 quibus
654 3358 962 3420 oportuerat
1010 3368 1097 3405 me
1147 3350 1421 3422 gaudere;
1456 3346 1734 3403 confidens
1778 3348 1833 3400 in

231 3460 252 3489 ι
287 3439 544 3493 omnibus
573 3439 749 3503 vobis,
798 3440 925 3510 quia
970 3454 1151 3493 meum
1182 3438 1438 3510 gaudium
1468 3436 1707 3490 omnium
1738 3452 1833 3490 ve-

235 3551 257 3573 α
296 3535 466 3581 strum
498 3536 599 3581 est.
632 3527 774 3581 Nam
820 3544 885 3581 ex
922 3528 1089 3581 multa
1133 3526 1472 3580 tribulatione
1503 3532 1555 3579 et
1585 3524 1833 3595 angustia

236 3640 257 3661 α
296 3616 480 3670 cordis
511 3616 705 3686 scripsi
734 3616 889 3671 vobis
941 3632 1040 3685 per
1066 3615 1263 3669 multas
1292 3614 1559 3684 lacrymas
1594 3628 1605 3666 :
1640 3628 1747 3666 non
1779 3619 1834 3665 ut

238 3725 256 3756 ι
298 3704 715 3770 contristemini,
749 3704 845 3758 sed
874 3712 932 3757 ut
964 3704 1142 3758 sciatis
1197 3717 1360 3774 quam
1398 3701 1707 3755 charitatem
1740 3701 1837 3753 ha-

236 3815 255 3837 α
298 3793 461 3846 beam
512 3792 875 3847 abundantius
926 3791 978 3845 in
1026 3792 1199 3846 vobis.
1242 3790 1297 3845 Si
1336 3789 1457 3860 quis
1489 3796 1668 3842 autem
1698 3803 1834 3842 con-

234 3904 255 3927 «ι
298 3880 535 3934 tristavit
576 3897 684 3949 me,
737 3896 844 3935 non
884 3896 971 3933 me
1015 3878 1382 3942 contristavit;
1418 3877 1513 3931 sed
1564 3893 1630 3931 ex
1660 3883 1832 3945 parte,

235 3993 257 4016 ι
299 3978 357 4023 ut
387 3984 499 4022 non
539 3984 763 4023 onerem
812 3984 1003 4022 omnes
1044 3983 1161 4022 vos.
1196 3965 1398 4019 Sufficit
1428 3965 1522 4029 illi,
1560 3963 1654 4034 qui
1684 3964 1836 4032 ejus-

238 4082 259 4104 «ι
298 4057 450 4111 modi
493 4065 594 4119 est,
658 4056 967 4127 objurgatio
1000 4056 1115 4110 haec
1163 4071 1284 4125 qua:
1316 4053 1372 4106 fit
1407 4068 1439 4107 a
1468 4052 1732 4123 pluribus,
1768 4052 1838 4105 ita

238 4169 257 4191 ιι
302 4153 360 4198 ut
390 4162 420 4198 e
472 4145 748 4198 contrario
796 4144 972 4214 magis
1016 4142 1229 4197 donetis
1260 4149 1313 4196 et
1340 4140 1695 4195 consolemini
1723 4156 1733 4194 :
1768 4155 1838 4193 ne

244 4255 265 4282 ι
303 4232 447 4287 forte
485 4232 864 4287 abundantiori
912 4231 1125 4285 tristitia
1156 4230 1533 4295 absorbeatur,
1568 4228 1658 4299 qui
1688 4228 1838 4295 ejus-

239 4344 259 4366 α
300 4320 451 4375 modi
481 4328 581 4374 est.
622 4322 849 4390 Propter
877 4321 1022 4391 quod
1052 4320 1279 4375 obsecro
1314 4335 1429 4383 vos,
1466 4325 1522 4371 ut
1551 4315 1840 4371 confirme-

1931 1759 2057 1811 dum
2087 1774 2204 1827 vos.
2242 1758 2441 1811 Iterum
2478 1756 2626 1825 dicit,
2677 1755 2804 1826 quia
2852 1756 2907 1810 in
2950 1755 3121 1825 prima
3150 1755 3396 1825 Epistola
3427 1772 3520 1810 ve-

1928 1854 2080 1900 nerat
2109 1845 2414 1900 contristari
2459 1860 2573 1907 eos,
2610 1861 2733 1906 quia
2827 1844 2962 1913 lapsi
3007 1844 3217 1897 fuerant
3244 1844 3297 1897 in
3325 1858 3522 1913 pecca-

1929 1942 2038 1987 tum
2074 1952 2085 1986 :
2122 1933 2166 1987 si
2197 1949 2304 1987 non
2344 1934 2773 2003 praesentialiter,
2828 1940 3010 1987 tamen
3058 1947 3159 2001 per
3200 1930 3510 2000 epistolam.

1929 2022 2027 2077 Vel
2056 2023 2128 2076 ita
2162 2040 2173 2075 :
2208 2024 2325 2093 Ego
2366 2023 2477 2090 jam
2528 2021 2695 2075 semel
2742 2036 3017 2089 veneram,
3078 2020 3175 2074 sed
3220 2020 3343 2074 ideo
3373 2018 3520 2074 nolui

1928 2111 2120 2165 iterum
2151 2111 2357 2173 venire,
2410 2126 2478 2164 ne
2508 2110 2771 2163 adventus
2800 2125 2956 2163 meus
2987 2116 3127 2162 esset
3157 2108 3309 2162 vobis
3338 2108 3393 2161 in
3422 2109 3521 2162 tri-

1928 2199 2087 2251 stitia.
2142 2199 2270 2253 Ideo
2324 2198 2523 2251 Paulus
2552 2198 2741 2253 venire
2780 2197 2970 2266 noluit,
3019 2196 3145 2267 quia
3194 2196 3238 2249 si
3284 2212 3524 2266 praesens

1926 2286 2099 2352 fieret,
2135 2294 2413 2356 oporteret
2445 2303 2590 2349 eum,
2618 2294 2675 2339 ut
2696 2285 3100 2355 impoznitentes
3134 2285 3419 2339 severitate
3432 2285 3525 2353 ju-

1926 2375 2051 2430 dicii
2089 2382 2396 2429 removeret
2425 2374 2493 2427 ab
2525 2374 2773 2429 Ecclesia
2806 2392 2818 2426 :
2853 2374 2985 2444 quia
3008 2389 3251 2443 praesens
3272 2388 3380 2426 non
3401 2390 3530 2442 pos-

1927 2470 2006 2517 set
2039 2463 2114 2517 uti
2166 2471 2312 2517 tanta
2358 2462 2600 2531 lenitate,
2652 2462 2843 2516 videns
2892 2462 3033 2514 mala
3064 2476 3248 2515 eorum
3282 2476 3294 2514 :
3330 2469 3528 2531 quanta

1926 2551 2286 2621 temperantia
2332 2531 2459 2621 erga
2511 2550 2633 2603 illos
2671 2566 2771 2620 per
2817 2550 3120 2619 Epistolam
3152 2548 3335 2614 utitur,
3370 2556 3421 2601 et
3450 2548 3529 2603 sic

1922 2640 2119 2694 malum
2153 2640 2256 2693 hoc
2299 2638 2539 2693 eveniret
2576 2656 2587 2691 :
2621 2646 2677 2691 ut
2707 2654 2831 2691 cum
2861 2638 2914 2691 in
2964 2638 3217 2691 unitatem
3270 2635 3529 2691 Ecclesiae

1924 2744 2020 2783 eos
2067 2743 2327 2782 revocare
2367 2727 2591 2782 deberet
2622 2744 2634 2779 :
2666 2726 2845 2796 potius
2887 2742 2987 2795 per
3022 2723 3410 2779 districtionem
3433 2724 3526 2791 ju-

1926 2817 2080 2871 stitias
2127 2832 2221 2871 eos
2269 2816 2339 2869 ab
2378 2815 2607 2870 invicem
2659 2822 2962 2883 separaret,
3016 2829 3154 2883 quos
3190 2812 3387 2866 absens
3429 2826 3527 2881 per

1920 2904 2195 2959 lenitatem
2226 2902 2633 2969 misericordiae,
2688 2902 2757 2956 ad
2807 2902 3065 2956 unitatem
3121 2916 3383 2956 revocare
3432 2915 3529 2970 po-

1924 2994 2132 3061 tuisset,
2168 2993 2313 3064 quod
2345 2992 2528 3063 utique
2560 2991 2704 3046 fecit.
2740 2991 2868 3045 Ideo
2899 2990 3048 3045 nolui
3078 2989 3275 3043 iterum
3299 2988 3483 3043 venire
3514 3006 3528 3043 :

1929 3084 2061 3154 quia
2089 3083 2139 3136 si
2168 3098 2261 3153 ego
2292 3082 2565 3137 contristo
2598 3096 2689 3133 vos
2721 3094 3042 3150 quocunque
3091 3077 3252 3132 modo
3291 3079 3412 3149 quis
3444 3080 3529 3132 est

1928 3172 1991 3224 in
2023 3170 2181 3225 vobis
2211 3171 2305 3242 qui
2335 3185 2423 3224 me
2458 3169 2725 3237 lwtiﬁcet,
2758 3170 2875 3223 nisi
2906 3167 2993 3221 ille
3027 3169 3121 3239 qui
3150 3167 3532 3224 contristatur

1931 3276 2004 3315 ex
2024 3276 2133 3325 me,
2157 3258 2213 3312 id
2238 3267 2317 3311 est
2340 3258 2637 3312 secundum
2670 3271 2849 3310 meam
2879 3256 3231 3319 voluntatem,
3256 3263 3313 3309 ut
3342 3254 3534 3309 contri-

1932 3355 2103 3402 status
2141 3347 2207 3400 de
2240 3353 2465 3416 peccato
2513 3344 2818 3414 poeniteat?
2850 3343 3008 3411 Quod
3053 3344 3098 3397 si
3118 3344 3381 3408 venirem,
3425 3359 3533 3398 non

1933 3435 2087 3489 fieret
2116 3442 2172 3488 ut
2216 3434 2410 3503 aliquis
2458 3449 2544 3487 me
2584 3434 2686 3486 hoc
2734 3432 2896 3485 modo
2927 3430 3239 3486 laetiﬁcaret.
3274 3433 3357 3485 Me
3388 3432 3533 3485 enim

1933 3531 2199 3595 praesente
2250 3521 2515 3576 districtio
2570 3520 2793 3589 justitiae
2852 3520 3028 3589 magis
3088 3535 3187 3573 vos
3235 3519 3537 3573 deterreret

1937 3624 2101 3679 quam
2131 3606 2199 3659 ad
2246 3604 2623 3675 paenitentiam
2671 3603 2938 3657 suaderet.
2974 3602 3112 3656 lllud
3145 3602 3301 3656 etiam
3341 3602 3531 3668 innuit,

1935 3713 1999 3752 ac
2030 3695 2076 3748 si
2108 3694 2312 3748 diceret
2347 3708 2357 3745 :
2394 3694 2619 3763 Propter
2664 3693 2836 3746 Deum
2885 3690 3103 3761 quidem
3146 3690 3411 3760 pmnitere
3439 3689 3536 3743 de-

1934 3782 2189 3836 buiSSetis
2224 3789 2275 3835 et
2325 3781 2403 3847 (ut
2448 3780 2581 3834 illud
2632 3779 2898 3847 omittam)
2938 3794 3038 3847 pro
3068 3794 3134 3832 eo
3182 3778 3299 3832 solo
3347 3786 3403 3831 ut
3448 3792 3536 3832 me

1937 3871 2218 3926 doctorem
2247 3877 2488 3923 vestrum
2528 3867 2899 3921 laetificaretis.
2949 3868 3016 3921 Et
3066 3867 3165 3923 hoc
3194 3868 3401 3938 ipsum,
3436 3865 3540 3920 sci-

1936 3959 2060 4012 licet
2080 3974 2150 4013 ne
2172 3957 2395 4012 veniens
2419 3957 2473 4009 in
2498 3956 2710 4009 tristitia
2743 3955 3013 4009 neminem
3037 3955 3128 4026 qui
3150 3971 3235 4009 me
3252 3954 3544 4009 laetificaret

1936 4047 2257 4110 invenirem,
2290 4046 2495 4115 scripsi
2522 4046 2666 4099 vobis
2697 4043 2819 4097 ideo
2845 4061 2857 4096 :
2884 4048 2949 4098 ut
2973 4060 3102 4099 cum
3128 4042 3543 4113 praesentialiter

1936 4151 2155 4200 venero,
2209 4149 2323 4188 non
2365 4132 2595 4187 habeam
2641 4132 2944 4186 tristitiam
2994 4148 3162 4202 super
3215 4132 3537 4186 tristitiam.

1938 4221 2258 4290 Hujusmodi
2290 4221 2508 4291 quidem
2557 4220 2828 4273 tristitiam
2877 4219 3105 4273 audiens
3146 4234 3244 4274 vos
3278 4233 3540 4289 peccasse

1939 4310 2153 4364 habebo
2185 4308 2498 4374 secundam,
2535 4308 2581 4361 si
2613 4308 2838 4361 veniens
2868 4322 2965 4361 vos
3014 4306 3350 4362 incorrectos
3393 4312 3541 4362 inve-

244 4430 266 4458 ι
307 4410 376 4461 tis
404 4408 461 4462 in
492 4408 645 4462 illum
677 4409 1014 4463 charitatem.
1048 4409 1176 4462 Ideo
1208 4407 1351 4462 enim
1377 4414 1430 4460 et
1454 4405 1643 4475 scripsi
1662 4404 1835 4470 vobis,
1865 4394 1920 4455 D
1942 4415 2075 4453 nero
2111 4416 2123 4451 ε
2156 4405 2320 4469 utque
2350 4412 2449 4451 vos
2470 4404 2750 4451 correctos
2781 4395 3049 4449 inveniam
3089 4395 3269 4451 scribo
3290 4412 3433 4451 nunc
3454 4412 3541 4451 me

244 4518 267 4546 ι
304 4504 361 4551 ut
393 4512 721 4567 cognoscam
770 4497 1198 4567 experimentum
1230 4502 1489 4557 vestrum,
1534 4510 1600 4546 an
1632 4493 1685 4547 in
1718 4508 1840 4548 om-

242 4606 263 4635 ι
300 4585 467 4639 nibus
515 4585 832 4640 obedientes
875 4585 1013 4640 sitis.
1064 4584 1161 4639 Cui
1211 4591 1390 4637 autem
1430 4581 1633 4653 aliquid
1663 4582 1841 4635 dona-

244 4694 268 4722 ι
306 4672 426 4737 stis,
479 4680 532 4727 et
575 4688 678 4743 ego
712 4690 726 4727 :
759 4688 885 4727 nam
934 4680 987 4727 et
1035 4688 1139 4744 ego
1169 4672 1314 4743 quod
1352 4670 1568 4735 donavi,
1617 4669 1663 4723 si
1712 4669 1842 4740 quid

244 4783 265 4811 α
304 4762 527 4829 donavi,
562 4761 761 4816 donavi
806 4769 1029 4832 propter
1057 4776 1155 4815 vos
1184 4760 1240 4813 in
1270 4775 1503 4829 persona
1536 4758 1752 4823 Christi,
1786 4764 1843 4811 ut

244 4872 266 4900 ι
302 4865 415 4904 non
446 4850 937 4905 circumveniamur
977 4866 1007 4903 a
1039 4849 1316 4913 Satanna;
1351 4864 1459 4901 non
1490 4846 1635 4901 enim
1688 4846 1845 4917 igno-

246 4963 267 4983 α
304 4954 488 4992 ramus
536 4938 891 5009 cogitationes
953 4938 1087 5005 ejus.
1158 4938 1292 4991 Cum
1342 4935 1615 4991 venissem
1664 4942 1844 4988 autem

244 5048 267 5076 ι
301 5026 589 5090 Troadem,
637 5036 861 5097 propter
904 5024 1264 5097 Evangelium
1313 5023 1529 5089 Christi,
1564 5030 1616 5077 et
1646 5021 1843 5076 ostium

247 5137 268 5160 ι
305 5114 435 5167 mihi
468 5123 715 5184 apertum
746 5122 889 5169 esset
917 5115 970 5169 in
1003 5114 1252 5179 Domino,
1276 5128 1383 5166 non
1406 5111 1569 5164 habui
1599 5110 1844 5181 requiem

249 5222 269 5250 ι
306 5202 521 5271 spiritui
568 5219 710 5269 meo,
763 5218 827 5257 eo
873 5202 1017 5273 quod
1058 5217 1166 5255 non
1196 5199 1498 5255 invenerim
1527 5198 1705 5252 Titum
1734 5197 1845 5251 fra—

252 5310 272 5339 ι
306 5298 443 5344 trem
494 5306 674 5345 meum
707 5308 719 5344 :
752 5292 850 5345 sed
897 5289 1229 5345 valefaciens
1252 5289 1350 5353 eis,
1403 5286 1676 5357 profectus
1726 5301 1842 5339 sum

254 5398 273 5425 α
308 5377 365 5431 in
410 5378 801 5433 Macedoniam.
846 5380 962 5433 Deo
1011 5386 1194 5433 autem
1243 5376 1448 5447 gratias
1487 5374 1578 5445 qui
1628 5388 1846 5442 semper

256 5486 276 5515 ι
310 5465 605 5535 triumphat
642 5482 742 5523 nos
789 5467 842 5521 in
874 5467 1088 5523 Christo
1118 5468 1269 5532 Jesu,
1300 5472 1353 5519 et
1384 5464 1611 5519 odorem
1640 5461 1847 5516 notitiai

254 5575 274 5601 ιι
310 5570 423 5609 suae
450 5554 761 5613 manifestat
788 5572 888 5629 per
918 5572 1019 5612 nos
1048 5556 1105 5612 in
1143 5553 1291 5612 omni
1319 5554 1442 5609 loco
1478 5570 1491 5607 :
1527 5551 1652 5623 quia
1683 5548 1845 5606 Chri-

1942 4488 1997 4541 in
2028 4502 2094 4541 eo
2122 4485 2388 4541 laetificari
2435 4492 2641 4539 tantum
2695 4484 2787 4555 qui
2816 4484 2885 4538 ad
2914 4484 3284 4554 pmnitentiam
3332 4484 3541 4539 contri-

1946 4584 2135 4630 statur.
2158 4574 2449 4629 Tristitiam
2483 4573 2606 4629 dico
2634 4574 2857 4627 habeam
2890 4573 2958 4626 de
2989 4572 3143 4627 vobis
3174 4573 3491 4628 incorrectis
3526 4585 3537 4625 :

1954 4664 2013 4720 1
2029 4662 2188 4718 62
2207 4663 2272 4717 de
2290 4663 2485 4733 quibus
2504 4662 2660 4718 modo
2679 4664 2933 4732 primum
2954 4664 3282 4732 Oportuerat
3303 4678 3391 4716 me
3411 4678 3545 4732 gau-

1944 4752 2073 4807 dere
2092 4751 2229 4805 bene
2253 4750 2535 4805 correctis.
2560 4750 2627 4802 Et
2645 4764 2836 4803 revera
2849 4748 3103 4820 gaudebo
3126 4748 3263 4802 sicut
3283 4748 3538 4818 Oportuit.

1943 4840 2082 4892 Nam
2110 4838 2399 4907 conﬁdens
2430 4854 2549 4891 sum
2579 4838 2641 4891 in
2670 4835 2928 4891 omnibus
2950 4836 3126 4902 vobis,
3160 4836 3304 4907 quod
3334 4836 3402 4891 de
3428 4852 3545 4891 cor-

1945 4927 2182 4982 rectione
2221 4927 2385 4980 vestri
2433 4925 2685 4997 gaudebo
2732 4942 2744 4978 :
2788 4932 3077 4995 prOpterea
3123 4925 3253 4996 quia
3304 4924 3543 4995 quandiu

1947 5031 2093 5069 eram
2125 5014 2268 5085 apud
2298 5030 2414 5079 vos,
2446 5014 2714 5085 gaudium
2756 5029 2944 5068 meum
2976 5020 3095 5067 erat
3132 5013 3392 5085 gaudium
3430 5030 3546 5069 om-

1946 5106 2109 5159 nium
2140 5107 2389 5158 vestrum
2420 5122 2437 5156 :
2460 5102 2585 5172 quia
2615 5109 2671 5155 ut
2700 5102 2935 5171 primum
2982 5101 3247 5155 videbatis
3294 5119 3381 5157 me
3411 5118 3544 5174 gau-

1946 5191 2179 5258 dentem,
2228 5191 2391 5245 etiam
2431 5206 2540 5245 non
2590 5190 2863 5245 intellecta
2907 5206 2966 5243 re
2997 5189 3065 5244 de
3105 5207 3209 5261 qua
3236 5192 3543 5263 gaudebam

1946 5281 2037 5350 pia
2063 5279 2346 5334 affectione
2374 5278 2797 5349 congaudebatis
2821 5277 2951 5331 mihi
2985 5292 2996 5331 :
3023 5286 3074 5332 et
3102 5287 3387 5349 propterea
3415 5294 3545 5333 con-

1946 5369 2054 5424 fido
2076 5368 2220 5439 quod
2242 5384 2433 5423 revera
2455 5367 2522 5421 de
2544 5366 2717 5431 vobis,
2743 5366 3005 5422 correctis
3026 5367 3300 5437 gaudebo.
3322 5365 3419 5419 Vel
3441 5366 3538 5419 ita:

1948 5456 2240 5513 Confidens
2289 5473 2406 5510 sum
2446 5455 2501 5509 in
2546 5455 2720 5521 vobis,
2762 5454 2887 5525 quia
2927 5455 3185 5525 gaudium
3232 5469 3415 5507 meum
3461 5459 3544 5507 est

1948 5546 2205 5619 gaudium
2252 5545 2491 5601 omnium
2558 5551 2814 5611 vestrum,
2863 5542 2919 5598 id
2966 5550 3048 5598 est
3095 5542 3241 5613 quod
3284 5540 3543 5614 gaudium
