3960 6050
439 177 546 232 227
1001 178 1058 233 S.
1100 176 1459 234 BRUNONIS
1497 177 2144 236 CARTHUSIANORUM
2182 178 2664 238 INSTITUTORIS
2705 179 2858 237 OPP.
2901 181 3076 238 PARS
3115 184 3181 239 II.
3636 187 3742 241 228

446 298 590 369 quod
622 298 859 353 futurum
890 308 1147 370 exspecto
1193 300 1274 372 (ut
1305 302 1458 374 digni
1489 302 1606 357 sitis
1637 303 1841 359 habere
1871 305 2046 358 Deum
2074 306 2126 364 Α
2148 303 2423 374 rigeretur
2451 306 2518 360 ab
2542 306 2794 362 Ecclesia
2846 307 3150 377 expulistis)
3194 308 3444 375 obsecro,
3496 308 3739 380 inquam,

447 389 568 457 oro)
599 396 651 442 et
673 403 770 443 vos
802 388 1085 444 habituros
1134 389 1371 446 conﬁdo.
1416 392 1545 446 Ideo
1575 392 1655 446 ait
1683 391 1964 448 confidens
1995 392 2051 445 in
2154 400 2210 445 ut
2244 393 2559 449 charitatem
2589 396 2735 451 hanc
2756 396 3121 464 conﬁrmetis,
3144 395 3198 449 id
3220 404 3302 450 est
3317 394 3528 451 firmam
3550 406 3601 451 et
3617 414 3742 467 per-

444 476 715 543 omnibus,
761 493 829 531 ne
860 486 1148 548 peccantes
1171 487 1425 550 putarent
1457 481 1682 535 Paulum
1705 480 1949 536 diffidere
1981 481 2049 535 de
2150 478 2345 537 fectam
2376 483 2670 537 ostendatis
2698 486 2758 539 in
2788 484 2975 549 illum,
3009 484 3361 556 indulgendo,
3393 492 3445 539 et
3473 486 3526 539 in
3555 486 3746 541 Eccle-

444 564 743 619 salvatione
778 565 887 619 sui.
946 565 1087 634 Quia
1116 567 1248 621 dixit
1278 568 1551 623 tristitiam
1603 570 1833 624 habeam
1883 586 2049 640 super
2148 569 2280 622 siam
2331 570 2660 640 recipiendo,
2708 588 2867 642 quam
2907 573 3221 627 charitatem
3273 572 3571 643 inco‘pistis
3618 589 3743 628 eum

444 653 730 719 tristitiam,
780 654 1027 709 dicerent
1057 656 1131 709 illi
1168 671 1179 709 :
1212 656 1533 712 Habuistine
1577 657 1842 713 tristitiam
1864 658 1892 712 εἰ
1923 658 2044 713 Uti-
2145 657 2467 725 abjiciendo.
2504 659 2726 713 Debetis
2755 660 3040 733 indulgere
3070 661 3119 715 ei
3153 679 3165 713 :
3197 677 3333 716 nam
3362 662 3484 716 ideo
3514 662 3739 733 scripsi,

441 758 547 812 que
578 742 761 796 habui.
797 744 939 798 Nam
971 760 1075 814 ego
1095 746 1298 816 scripsi
1325 746 1471 801 vobis
1488 763 1561 802 ex
1590 748 1776 801 multa
1799 747 2041 803 tribula-
2144 754 2200 800 ut
2223 755 2455 816 coeptam
2479 747 2793 803 charitatem
2813 748 3201 803 consummetis
3219 766 3231 802 :
3250 756 3304 804 et
3333 753 3399 804 ut
3413 764 3742 820 coynoscam

441 831 594 885 tione
626 831 890 902 corporis,
920 832 1238 900 jejunando,
1267 833 1561 904 vigilando,
1588 843 1644 889 ut
1674 837 1818 889 Deus
1848 850 2041 906 parce-
2142 836 2599 907 experimentum
2621 842 2892 904 vestrum,
2909 838 2965 891 id
2986 844 3067 891 est
3090 853 3187 892 vos
3208 846 3458 908 expertos
3477 853 3600 894 cum
3617 842 3741 893 e‘um

439 926 521 974 ret
552 919 707 974 vobis
742 936 754 974 :
787 924 844 975 et
869 936 942 975 ex
972 922 1159 976 multa
1187 924 1454 993 angustia
1483 924 1665 979 cordis
1688 923 1949 979 sollicitus
1970 924 2038 979 de
2139 923 2206 976 ab
2256 923 2503 979 Ecclesia
2531 940 2597 980 ex
2636 924 2867 981 163
2905 924 3218 980 obedientia
3252 926 3547 997 separastis
3573 946 3586 992 ;
3640 942 3741 982 co-

437 1007 611 1062 salute
641 1015 825 1063 vestra
855 1008 1046 1079 scripsi
1076 1009 1250 1076 vobis,
1285 1009 1575 1081 aﬁligendo
1604 1028 1692 1066 me
1713 1027 1811 1083 per
1838 1012 2037 1066 multas
2138 1027 2424 1083 gnoscam,
2457 1012 2599 1079 dico,
2649 1030 2727 1069 an
2766 1014 3083 1070 obedientes
3125 1014 3251 1069 sitis
3278 1015 3341 1069 in
3372 1015 3647 1081 omnibus,
3682 1024 3743 1070 ut

433 1094 718 1167 lacrymas.
750 1097 868 1152 Nec
914 1097 1036 1152 ideo
1086 1115 1174 1152 me
1212 1098 1522 1153 tribulatum
1573 1107 1626 1153 et
1666 1100 2036 1171 angustiatum
2137 1099 2277 1155 sicut
2294 1100 2447 1170 prius
2476 1100 2740 1156 obedistis
2771 1118 2894 1157 eum
2926 1103 3281 1170 removendo,
3317 1102 3397 1158 sic
3427 1120 3570 1158 nunc
3600 1103 3740 1159 obe-

433 1199 555 1239 esse
584 1200 853 1251 memoro,
888 1192 945 1239 ut
991 1201 1090 1241 vos
1117 1202 1334 1241 mecum
1365 1187 1764 1242 contristemini
1799 1203 1812 1241 :
1843 1190 1940 1243 sed
1968 1193 2033 1244 ut

431 1274 628 1328 sciatis
640 1276 1273 1345 quantamcharitatem
1295 1274 1528 1331 habeam
1550 1276 1621 1331 ad
1654 1292 1866 1334 omnes.
1891 1277 2031 1332 Cha-

430 1360 639 1415 ritatem
678 1361 800 1417 dico
830 1362 1217 1418 abundantius
1239 1366 1300 1418 in
1333 1365 1479 1419 vobis
1523 1372 1796 1419 ostensam
1832 1382 1845 1418 :
1880 1365 2022 1436 apud

433 1465 569 1520 quos
612 1457 665 1503 et
705 1449 905 1504 diutius
953 1452 1133 1505 mansi
1166 1468 1179 1505 :
1214 1459 1267 1505 et
1296 1452 1429 1506 nihil
1476 1468 1507 1506 a
1547 1453 1704 1507 vobis
1734 1453 2024 1523 recipiens,

431 1537 499 1591 de
530 1537 719 1592 labore
750 1554 1007 1592 manuum
1057 1539 1184 1594 vixi.
1237 1539 1470 1595 Ostensa
1511 1557 1698 1607 causa,
1746 1557 1914 1612 quare
1957 1542 2026 1596 ad

430 1642 524 1681 eos
555 1642 663 1681 non
692 1627 916 1691 venerit,
954 1644 1073 1698 quae
1093 1644 1258 1684 causa
1288 1630 1357 1683 ad
1388 1629 1699 1685 suasionem
1729 1630 2021 1685 correctio-

430 1714 515 1768 nis
545 1714 743 1769 idonea
769 1714 883 1782 fuit,
927 1716 1109 1769 subdit
1155 1717 1225 1771 de
1253 1716 1347 1771 illo
1377 1733 1539 1788 quem
1568 1718 1638 1771 ab
1668 1718 1916 1773 Ecclesia
1946 1736 2032 1773 se-

429 1803 611 1872 parari
635 1803 875 1871 jusserat
920 1803 974 1857 in
1022 1804 1124 1857 alia
1156 1805 1398 1874 Epistola
1433 1821 1445 1860 :
1478 1805 1599 1876 quia
1631 1806 1862 1861 duxerat
1890 1822 2029 1862 uxo-

430 1906 547 1945 rem
577 1891 750 1961 patris
784 1907 795 1945 :
831 1891 982 1961 cujus
1012 1892 1385 1962 paenitentiam
1424 1894 1573 1965 (quia
1616 1894 1816 1949 audivit
1844 1895 2029 1949 indul-

430 1979 616 2051 gentia
662 1979 906 2049 dignam)
959 1979 1145 2035 scribit
1190 1981 1455 2037 Ecclesiaa
1502 1982 1922 2048 Corinthiorum,
1974 1990 2031 2037 ut

427 2082 550 2122 eum
584 2067 845 2137 recipiant
879 2082 890 2121 :
928 2068 1165 2122 scientes
1198 2068 1415 2123 Paulum
1461 2069 1752 2124 indulsisse
1782 2070 1878 2125 illi.
1920 2071 2029 2124 Lit-

426 2161 546 2209 tera
576 2155 653 2209 sic
676 2155 926 2225 jungitur
961 2172 973 2208 :
1015 2156 1157 2210 Nolo
1184 2165 1241 2210 ut
1270 2172 1367 2211 vos
1398 2158 1792 2212 contristemini
1817 2177 1830 2224 ;
1856 2159 1953 2212 sed
1982 2159 2028 2213 si

428 2243 551 2313 quis
580 2243 919 2298 contristavit
948 2260 1036 2297 me
1058 2246 1136 2312 (ut
1167 2244 1256 2299 ille
1288 2245 1380 2317 qui
1399 2261 1624 2301 uxorem
1654 2246 1825 2316 patris
1855 2247 2026 2317 duxit)

426 2346 535 2385 non
574 2347 661 2386 me
709 2339 919 2386 tantum
966 2332 1326 2399 contristavit,
1364 2334 1461 2388 sed
1505 2349 1604 2389 vos
1651 2352 1664 2387 :
1711 2342 1764 2390 et
1809 2336 1914 2390 hoc
1960 2351 2027 2390 ex

425 2428 580 2491 parte
618 2438 631 2474 :
664 2436 771 2475 non
817 2420 958 2475 enim
990 2436 1180 2476 omnes
1225 2422 1529 2477 contristati
1570 2423 1727 2490 estis,
1770 2424 1868 2478 sed
1897 2423 2025 2478 boni

425 2515 631 2562 tantum
696 2509 1021 2564 condoluere
1068 2508 1216 2564 fratri
1264 2510 1526 2580 peccanti.
1576 2511 1659 2565 Ex
1701 2519 1855 2581 parte
1901 2512 2024 2567 ideo

421 2596 545 2652 dico
580 2614 593 2650 :
627 2600 693 2652 ut
713 2614 827 2652 non
849 2614 1077 2653 onerem
1107 2614 1300 2653 omnes
1322 2616 1433 2666 vos,
1458 2599 1511 2652 id
1533 2607 1616 2653 est
1636 2599 1923 2672 indignum
1942 2608 2024 2655 est

419 2686 524 2740 hoc
572 2700 709 2739 onus
758 2685 1034 2756 imponere
1084 2686 1239 2741 vobis
1281 2687 1554 2753 omnibus,
1613 2696 1670 2741 ut
1718 2687 1866 2742 fratri
1912 2704 2022 2743 non

421 2772 839 2843 compatiamini.
874 2774 989 2829 Hoc
1028 2782 1211 2828 autem
1254 2774 1461 2830 ironice
1492 2775 1624 2831 dicit
1670 2784 1895 2846 propter
1926 2792 2022 2831 eos

421 2862 513 2932 qui
544 2861 925 2932 superbierunt
960 2862 1029 2917 de
1058 2862 1212 2933 lapsu
1241 2862 1440 2929 fratris,
1475 2864 1561 2917 cui
1592 2864 1887 2919 condolere
1918 2865 2020 2919 de-

419 2950 687 3017 buerant;
720 2950 806 3005 vel
836 2950 946 3004 ita:
975 2951 1098 3005 Non
1138 2967 1225 3005 me
1272 2952 1610 3007 contristavit
1641 2960 1886 3020 tantum;
1920 2954 2016 3008 sed

419 3054 516 3094 vos
546 3055 612 3094 ex
641 3047 811 3109 parte,
844 3038 899 3092 id
932 3048 1013 3094 est
1042 3039 1343 3094 secundum
1372 3048 1585 3109 partem
1616 3040 1881 3095 bonorum
1917 3058 1928 3096 :
1962 3050 2015 3097 et

416 3127 554 3182 hanc
583 3135 792 3197 partem
823 3126 1053 3196 excipio,
1086 3135 1143 3180 ut
1172 3143 1281 3182 non
1325 3143 1550 3182 onerem
1598 3143 1788 3183 omnes
1818 3144 1915 3184 vos
1946 3129 2013 3185 de

418 3222 729 3284 contemptu
758 3215 1032 3285 peccantis
1070 3214 1251 3269 fratris
1285 3233 1298 3268 :
1335 3216 1552 3285 quidam
1599 3216 1742 3270 enim
1774 3224 2013 3271 vestrum

417 3302 578 3372 (sicut
600 3302 805 3371 justum
839 3306 975 3372 erat)
1024 3302 1440 3359 condoluerunt.
1475 3305 1554 3359 De
1584 3304 1677 3359 illo
1706 3312 1886 3360 autem
1921 3306 2013 3376 qui

415 3407 503 3445 me
533 3399 587 3445 et
615 3406 712 3445 vos
741 3391 1098 3458 contristavit,
1145 3392 1333 3446 scitote
1387 3393 1639 3463 quoniam
1680 3395 1889 3464 sufﬁcit
1923 3395 2015 3449 illi

420 3480 517 3551 qui
546 3484 629 3535 est
660 3480 954 3549 ejusmodi,
987 3480 1043 3534 id
1074 3488 1156 3535 est
1187 3487 1347 3535 tantae
1383 3480 1689 3551 fragilitatis
1723 3499 1736 3535 :
1770 3482 1915 3551 quod
1944 3482 2014 3553 (si

415 3567 580 3621 nimia
619 3567 954 3623 districtione
984 3570 1239 3637 vexetur)
1271 3568 1601 3639 desperabit.
1636 3569 1736 3637 Illi,
1770 3569 2009 3641 inquam,

414 3655 610 3711 sufﬁcit
637 3657 755 3711 haec
783 3657 1116 3727 objurgatio,
1144 3672 1252 3727 qua
1274 3673 1397 3711 eum
1419 3657 1695 3727 objurgati
1720 3658 1870 3722 estis,
1904 3658 2013 3727 pel-

411 3743 574 3798 lendo
606 3744 675 3797 ab
707 3744 950 3799 Ecclesia
979 3760 1079 3813 pro
1101 3752 1345 3813 peccato.
1381 3744 1703 3815 Objurgatio
1724 3746 1867 3814 dico,
1893 3763 2014 3817 qua:

413 3831 481 3899 ﬁt
510 3832 603 3886 illi
629 3850 665 3887 a
691 3832 949 3902 pluribus
975 3832 1221 3901 peccanti
1251 3831 1407 3886 fratri
1430 3833 1574 3900 juste
1597 3833 2013 3888 condolentibus

412 3917 607 3973 suﬂicit
649 3934 661 3971 :
698 3919 771 3973 ita
795 3927 853 3972 ut
882 3934 980 3975 vos
1011 3935 1041 3974 e
1071 3919 1343 3973 contrario
1376 3928 1620 3991 agentes,
1672 3928 1731 3975 ut
1775 3921 1914 3975 sicut
1943 3921 2011 3975 ab

413 4006 664 4062 Ecclesia
691 4007 844 4076 prius
874 4007 1189 4077 separastis,
1223 4023 1367 4062 nunc
1398 4024 1427 4062 e
1444 4009 1719 4063 contrario
1747 4008 2011 4063 Ecclesiae

415 4111 540 4151 eum
572 4095 887 4150 restituatis.
921 4097 963 4149 E
992 4096 1300 4161 contrario,
1335 4096 1576 4167 inquam,
1610 4097 1748 4152 sicut
1778 4096 2011 4166 amplius

412 4183 747 4256 objurgastis
778 4190 831 4238 et
859 4183 951 4237 ille
999 4183 1266 4253 patienter
1314 4184 1545 4251 sustulit,
1588 4186 1674 4239 ita
1703 4186 1882 4256 magis
1909 4185 2010 4239 do-

408 4273 580 4339 netis,
613 4272 668 4326 id
698 4279 780 4326 est
808 4272 1092 4327 remittatis
1125 4271 1174 4325 ei
1204 4281 1487 4344 peccatum
1530 4289 1706 4339 suum,
1739 4281 1791 4327 et
1821 4289 1889 4328 ne
1916 4289 2013 4343 pu-

2134 1187 2292 1242 diatis
2322 1187 2656 1258 indulgendo
2700 1189 2824 1260 ipsi.
2874 1190 2961 1257 Et,
2998 1190 3137 1246 sicut
3164 1206 3382 1260 moneo,
3415 1191 3623 1246 debetis
3654 1192 3737 1246 in-

2132 1274 2358 1346 dulgere
2392 1292 2405 1330 :
2439 1276 2567 1347 quia
2595 1280 2646 1333 si
2675 1293 2767 1333 vos
2796 1278 2957 1334 alicui
3002 1279 3364 1335 condonastis
3411 1280 3645 1352 aliquid,
3677 1284 3735 1337 et

2130 1379 2227 1434 ego
2257 1364 2536 1420 vobiscum
2568 1364 2768 1419 indulsi

2199 1452 2453 1508 Dicerent
2485 1453 2563 1507 illi
2598 1469 2609 1506 :
2644 1454 2868 1508 Donasti
2919 1454 3174 1522 fortasse,
3214 1455 3311 1510 sed
3359 1470 3468 1512 non
3514 1463 3739 1527 propter

2128 1556 2247 1595 nos.
2273 1541 2368 1608 Ita,
2390 1541 2612 1612 inquam
2634 1558 2644 1595 :
2664 1560 2800 1597 nam
2821 1543 2963 1615 quod
2981 1560 3076 1614 ego
3093 1544 3314 1609 donavi,
3338 1546 3388 1599 si
3408 1544 3734 1616 aliquando,

2060 1628 2337 1716 Bdonavi
2380 1631 2613 1701 aliquid,
2669 1632 2773 1685 hoc
2821 1635 3053 1702 propter
3098 1648 3189 1688 vos
3238 1632 3461 1687 donavi.
3516 1633 3613 1687 Ubi
3658 1633 3735 1687 ita

2133 1716 2337 1772 dictum
2377 1734 2534 1772 suum
2585 1718 2832 1788 reprimit
2869 1736 2882 1773 :
2916 1719 2973 1774 Si
3002 1719 3131 1790 quid
3160 1720 3376 1787 donavi,
3408 1720 3643 1775 ostendit
3674 1736 3735 1775 se

2130 1805 2322 1875 paucis
2352 1805 2642 1861 indulsisse
2671 1822 2769 1877 pro
2812 1805 2940 1873 alio,
2971 1814 3028 1861 ut
3056 1823 3157 1862 nos
3186 1808 3472 1863 admoneat
3499 1823 3609 1862 non
3635 1823 3732 1878 pro

2131 1893 2333 1948 carnali
2362 1893 2668 1959 dilectione,
2721 1894 2819 1949 sed
2860 1894 3037 1966 magis
3066 1910 3167 1965 pro
3198 1895 3375 1950 fructu
3402 1894 3734 1965 paenitentia:

2128 1980 2443 2036 dimittenda
2465 1998 2587 2037 esse
2615 1990 2858 2052 peccata.
2907 1983 3105 2037 Iterum
3131 1982 3242 2038 ille.
3276 1982 3416 2051 Quid
3444 1983 3569 2038 inde
3600 1983 3646 2037 si
3676 1991 3734 2038 tu

2129 2069 2445 2124 condonasti
2464 2070 2491 2123 ἱ)
2521 2069 2744 2124 Multum
2775 2071 2961 2141 utique
2990 2071 3113 2141 quia
3140 2072 3247 2126 hoc
3284 2072 3486 2127 donavi
3512 2074 3575 2126 in
3603 2086 3733 2143 per-

2128 2173 2267 2213 sona
2299 2158 2528 2225 Christi,
2562 2158 2713 2213 idem
2761 2159 2925 2214 valuit
2954 2157 3032 2212 illi
3061 2160 3146 2213 cui
3176 2159 3376 2214 donavi
3406 2175 3471 2215 ac
3503 2159 3548 2214 si
3575 2158 3733 2214 Chri-

2128 2252 2242 2298 stus
2272 2245 2502 2300 donaret
2533 2245 2583 2301 ei
2610 2246 2663 2299 in
2705 2248 2923 2317 propria
2970 2263 3225 2316 persona.
3271 2247 3498 2317 Oportet
3544 2247 3732 2318 utique

2127 2349 2225 2388 vos
2255 2333 2539 2404 indulgere
2572 2334 2617 2389 ei
2652 2342 2762 2389 tum
2797 2344 3023 2406 propter
3050 2352 3157 2402 me,
3191 2343 3479 2406 propterea
3508 2340 3575 2391 ut
3611 2353 3729 2393 non

2126 2423 2661 2487 circumveniamur,
2704 2423 2759 2477 id
2820 2431 2903 2477 est
2949 2440 3016 2478 ne
3062 2424 3397 2494 decipiamur
3425 2441 3459 2478 a
3489 2424 3725 2479 Satana.

2125 2511 2273 2565 Sicut
2302 2511 2446 2565 enim
2486 2511 2541 2564 in
2589 2511 2755 2565 nimia
2792 2511 3015 2567 mollitie
3066 2511 3284 2582 decipit,
3318 2512 3396 2567 sic
3431 2512 3485 2565 in
3524 2513 3728 2567 severi-

2122 2607 2227 2654 tate
2258 2616 2377 2670 qua:
2416 2615 2579 2669 supra
2622 2600 2847 2654 modum
2891 2608 2992 2669 est,
3038 2600 3286 2655 diabolus
3329 2600 3725 2656 circumvenit:

2121 2686 2243 2741 ideo
2274 2703 2471 2742 moneo
2501 2704 2569 2741 ne
2601 2688 3097 2743 circumveniamini
3129 2704 3157 2741 a
3188 2688 3384 2743 Satana
3415 2706 3428 2742 :
3460 2689 3591 2761 quia
3622 2705 3724 2745 nos

2119 2792 2235 2829 non
2264 2778 2588 2846 ignoramus
2618 2777 2991 2847 cogitationes
3011 2780 3133 2847 ejus
3153 2778 3380 2842 Satanae,
3405 2792 3567 2848 quam
3597 2793 3727 2832 ver-

2120 2871 2255 2917 suta}
2303 2862 2408 2916 sint
2446 2880 2458 2917 :
2490 2863 2585 2916 ubi
2630 2864 2791 2918 etiam
2846 2863 3201 2934 intelligimus
3243 2864 3517 2931 virtutem,
3568 2872 3627 2918 ut
3670 2866 3728 2919 in

2119 2950 2520 3021 disciplinando
2578 2960 2865 3022 peccatore
2939 2968 3093 3006 suam
3160 2952 3357 3008 inferat
3436 2951 3723 3010 fallaciam.

2114 3038 2369 3094 Ostendit
2396 3040 2593 3094 iterum
2627 3040 2841 3105 Paulus,
2874 3040 3020 3111 quod
3041 3040 3201 3112 culpa
3229 3056 3417 3096 eorum
3447 3040 3563 3107 fuit,
3594 3041 3725 3095 dum

2112 3127 2453 3197 propositum
2504 3127 2757 3182 veniendi
2795 3128 2865 3181 ad
2914 3142 3009 3183 eos
3062 3129 3310 3196 mutavit,
3361 3129 3488 3200 quia
3518 3143 3613 3183 eos
3643 3127 3725 3182 in-

2113 3224 2388 3271 ccrrectos
2436 3216 2657 3271 audivit.
2704 3216 2827 3270 Non
2874 3216 3013 3270 ultra
3065 3218 3189 3272 veni
3241 3217 3577 3286 Corinthum,
3624 3216 3724 3271 sed

2113 3303 2238 3358 veni
2268 3318 2439 3374 usque
2466 3304 2752 3358 Troadem.
2789 3305 2927 3359 Cum
2948 3312 3127 3359 autem
3146 3306 3421 3360 venissem
3457 3304 3723 3360 Troadem

2113 3395 2345 3463 pr0pter
2373 3392 2745 3461 Evangelium
2766 3391 2979 3447 Christi
3006 3393 3417 3462 praedicandum
3452 3410 3465 3446 :
3497 3392 3720 3463 (ubique

2115 3479 2259 3534 enim
2289 3480 2684 3549 praedicabant)
2715 3484 2771 3534 et
2799 3496 2922 3533 cum
2969 3480 3063 3545 ibi,
3116 3480 3343 3545 Troade,
3388 3484 3534 3535 esset
3578 3479 3724 3535 mihi

2114 3572 2379 3638 apertum
2400 3570 2630 3632 ostium,
2665 3567 2716 3620 id
2745 3574 2849 3632 est,
2874 3575 3085 3621 mentes
3104 3583 3293 3621 eorum
3314 3575 3515 3637 parata
3536 3575 3722 3621 essent

2114 3656 2184 3709 ad
2213 3654 2585 3725 recipiendum
2629 3654 2854 3708 verbum
2901 3654 3121 3717 Christi,
3168 3661 3219 3709 et
3248 3654 3353 3709 hoc
3388 3656 3451 3708 in
3482 3655 3717 3709 Domino

2113 3743 2398 3814 (Dominus
2428 3743 2572 3798 enim
2601 3742 2770 3798 corda
2809 3758 2999 3796 eorum
3026 3742 3329 3813 aperiebat)
3358 3758 3483 3798 cum
3511 3741 3587 3796 ita
3616 3758 3718 3797 ve-

2112 3831 2334 3896 nissem,
2358 3847 2475 3885 non
2498 3831 2669 3885 habui
2689 3831 2937 3901 requiem
2956 3832 3192 3901 spiritui
3210 3846 3352 3885 meo.
3372 3830 3635 3901 Requiem
3656 3847 3717 3886 se

2112 3919 2239 3973 dicit
2268 3934 2375 3973 non
2415 3918 2690 3985 habuisse,
2722 3919 2847 3990 quia
2894 3918 2949 3973 in
2993 3919 3341 3988 praedicando
3386 3935 3494 3974 non
3542 3919 3716 3989 potuit

2111 4006 2518 4061 tunclaborare.
2535 4007 2794 4077 Requiem
2819 4022 2929 4061 non
2945 4006 3130 4073 habui,
3146 4023 3207 4063 eo
3221 4008 3361 4078 quod
3382 4024 3495 4062 non
3515 4007 3710 4062 inveni

2110 4094 2167 4148 in
2195 4095 2407 4149 Troade
2436 4098 2679 4165 fratrem
2700 4111 2891 4152 meum
2927 4096 3131 4151 Titum.
3167 4096 3269 4149 Per
3289 4094 3631 4149 Timotheum
3659 4101 3714 4149 et

2109 4184 2285 4238 Titum
2316 4183 2603 4253 epistolam
2633 4184 2865 4253 primam
2905 4183 3199 4238 Corinthiis
3231 4183 3449 4238 miserat
3490 4198 3502 4236 :
3536 4184 3715 4237 Timo-

2109 4273 2267 4327 theus
2297 4280 2480 4326 autem
2509 4288 2759 4327 reversus
2791 4280 2907 4327 erat
2926 4272 2995 4327 ad
3016 4271 3237 4325 Paulum
3270 4289 3283 4325 :
3318 4272 3415 4326 sed
3446 4271 3593 4324 Titus
3624 4271 3713 4325 de-

407 4368 483 4415 tet
512 4362 617 4415 hoc
654 4375 753 4415 vos
781 4375 962 4430 agere,
999 4359 1152 4431 quasi
1182 4376 1290 4414 non
1323 4368 1578 4416 curantes
1600 4360 1668 4415 de
1697 4376 1784 4427 eo,
1818 4376 2011 4417 conso-
2030 4362 2082 4422 D
2111 4360 2381 4415 tinebatur
2411 4361 2586 4415 adhuc
2630 4360 2891 4425 Corinthi,
2935 4359 3233 4414 laborando
3274 4360 3343 4413 de
3374 4358 3711 4415 correctione

413 4449 613 4503 lemini
642 4464 765 4503 eum
795 4447 1111 4519 frequenter
1140 4465 1238 4519 per
1269 4448 1672 4504 consolationes
1702 4448 2009 4520 Scriptura-

409 4553 549 4591 rum.
571 4536 700 4591 Ideo
730 4536 851 4591 dico
873 4536 1086 4591 donetis
1108 4545 1159 4591 et
1182 4536 1555 4606 consolemini,
1579 4554 1650 4593 ne
1670 4540 1819 4607 forte
1841 4538 2011 4608 (quod

410 4625 518 4680 cito
547 4625 867 4695 contingere
899 4626 1107 4695 posset)
1139 4624 1229 4680 hic
1266 4626 1362 4697 qui
1401 4629 1485 4681 est
1516 4625 1807 4696 ejusmodi,
1845 4625 1900 4678 id
1930 4633 2013 4679 est

409 4713 594 4768 multae
624 4712 951 4784 fragilitatis,
984 4713 1365 4779 absorbeatur,
1398 4712 1454 4767 id
1485 4720 1567 4767 est
1593 4712 1897 4783 desperans
1923 4712 2014 4768 de-

407 4801 663 4872 glutiatur
691 4801 1094 4857 abundantiori
1126 4802 1389 4857 tristitia.
1424 4800 1481 4855 Si
1514 4800 1660 4855 enim
1690 4816 1853 4871 supra
1889 4816 2012 4856 mo-

406 4890 535 4943 dum
566 4890 865 4945 coerceatis
913 4907 1058 4957 eum,
1108 4889 1432 4960 desperabit
1477 4890 1545 4945 de
1577 4890 1749 4945 salute
1783 4907 1796 4944 :
1828 4897 1882 4944 et
1908 4890 2014 4945 cito

407 4977 717 5033 revolvatur
761 4977 922 5032 etiam
970 4978 1024 5031 in
1066 4978 1304 5033 deterius
1350 4986 1654 5048 peccatum.
1703 4977 1893 5032 Melior
1933 4970 2017 5032 est

407 5065 553 5119 enim
590 5065 961 5121 misericordia
998 5067 1067 5121 ad
1116 5065 1347 5121 salutem
1377 5082 1536 5137 quam
1566 5066 1828 5122 severitas
1850 5066 2017 5135 justi-

408 5154 497 5208 tice
524 5169 798 5226 generans
846 5154 1307 5225 desperationem.
1354 5156 1589 5225 Propter
1632 5154 1794 5225 quod,
1828 5169 1897 5207 ne
1926 5152 2019 5207 ille

407 5241 764 5297 absorbeatur
792 5258 914 5297 cum
965 5257 1186 5312 possem
1226 5241 1494 5311 imperare
1528 5258 1542 5295 :
1592 5240 1768 5311 magis
1798 5255 1863 5294 ex
1893 5240 2019 5294 cha-

405 5329 586 5397 ritate,
612 5332 831 5387 obsecro
853 5346 943 5386 vos
962 5334 1028 5384 ut
1046 5329 1388 5385 charitatem
1405 5328 1547 5383 bene
1566 5328 1861 5397 incoeptum
1874 5327 2021 5399 (cha-

402 5416 537 5473 ritas
568 5418 713 5474 enim
742 5417 841 5472 fuit
872 5416 1019 5487 quod
1050 5431 1175 5471 eum
1204 5431 1271 5471 ex
1320 5423 1594 5487 praecepto
1633 5431 1778 5487 meo,
1809 5423 1867 5471 ut
1892 5429 2021 5472 cor-

2112 4464 2319 4504 eorum.
2389 4450 2502 4503 Hoc
2550 4455 2733 4503 autem
2796 4447 2940 4518 quod
2997 4455 3219 4517 propter
3262 4447 3562 4502 absentiam
3609 4446 3712 4501 Titi

2109 4537 2411 4593 Troadibus
2456 4536 2757 4606 praedicare
2794 4550 2903 4590 non
2934 4535 3123 4605 potuit,
3174 4534 3335 4606 culpa
3367 4534 3463 4590 fuit
3509 4534 3708 4590 Corin-

2111 4626 2367 4692 thiorum,
2400 4639 2629 4695 quorum
2659 4622 2988 4679 incorrectio
3035 4623 3211 4677 Titum
3241 4624 3536 4679 detinebat.
3570 4624 3709 4677 Pro-

2111 4721 2230 4784 pter
2257 4713 2432 4766 Titum
2448 4712 2616 4767 noluit
2636 4712 2851 4767 Troade
2872 4711 3174 4781 prmdicare
3194 4712 3388 4766 Paulus
3424 4726 3436 4764 :
3463 4710 3550 4766 vel
3579 4711 3708 4781 quia

2113 4802 2261 4855 Titus
2292 4799 2439 4871 prius
2470 4800 2548 4855 eis
2592 4800 3004 4871 praedicaverat,
3037 4816 3107 4854 ne
3137 4800 3351 4866 Paulus,
3387 4814 3452 4854 eo
3482 4799 3710 4854 absente

2113 4888 2438 4959 pradicans,
2472 4888 2756 4943 videretur
2800 4888 3048 4943 minuere
3083 4896 3405 4959 potestatem
3453 4887 3574 4941 Titi.
3608 4886 3709 4941 Vel

2117 4978 2243 5049 quia
2272 4977 2417 5030 Titus
2464 4976 2735 5046 interpres
2792 4984 2909 5031 erat
2956 4976 3124 5042 Pauli,
3158 4984 3211 5031 et
3251 4976 3491 5047 linguam
3520 4991 3710 5030 eorum

2117 5064 2429 5133 expressius
2458 5064 2608 5134 loqui
2636 5072 2868 5135 poterat.
2893 5064 3018 5119 Non
3037 5064 3223 5136 utique
3256 5064 3493 5135 requiem
3525 5063 3707 5129 habui,

2115 5152 2211 5207 sed
2238 5153 2581 5223 vale/ueiens
2604 5154 2704 5222 eis,
2730 5153 3043 5218 Troadibus,
3060 5156 3351 5225 profectus
3370 5169 3496 5208 sum
3519 5152 3582 5207 in
3608 5152 3713 5207 Ma-

2117 5240 2429 5295 cedoniam.
2465 5240 2531 5295 Hi
2562 5241 2887 5296 Macedones
2933 5240 2989 5294 in
3036 5256 3235 5311 magno
3276 5241 3483 5295 honore
3516 5254 3709 5294 susce-

2118 5338 2319 5400 perunt
2355 5329 2673 5400 Apostolum
2710 5345 2721 5384 :
2757 5338 2815 5385 ut
2845 5330 3009 5385 etiam
3037 5330 3106 5386 de
3134 5329 3298 5386 rebus
3336 5345 3529 5385 eorum
3560 5327 3711 5399 quid«

2119 5418 2250 5491 quid
2279 5418 2457 5488 vellet,
2493 5418 2784 5490 disponere
2812 5425 3018 5490 posset.
