3960 6050
203 186 309 239 2‘29

832 182 1211 240 EXPOSITIO
1250 183 1324 238 IN
1360 182 1740 240 EPISTOLAS
1779 182 2003 238 PAULI.
2035 212 2103 223 —

2169 182 2240 237 ΙΝ
2271 183 2486 238 EPIST.
2530 183 2577 237 II
2608 183 2702 237 AD
2736 181 2900 237 COR-
3409 179 3514 235 230

284 306 387 362 Hic
419 305 603 377 incipit
637 306 830 361 Paulus
857 306 1211 378 magniﬁcare
1261 323 1339 371 se,
1374 314 1426 361 et
1457 306 1816 360 ministerium
1837 307 1892 365 Α
1924 328 1946 352 α
1973 305 2243 359 Christum
2274 306 2342 360 ad
2383 308 2555 361 Deum
2592 321 2603 360 :
2638 321 2747 359 non
2796 303 2939 375 quod
2989 301 3317 357 sufﬁcientes
3346 300 3513 355 simus

215 412 375 449 suum
413 412 425 449 :
462 405 513 451 et
542 396 1028 466 pseudoapostolos
1074 395 1444 465 multipliciter
1488 396 1812 465 deprimere,

212 485 349 555 quia
394 484 613 555 quidam
636 485 1038 539 Corinthiorum
1078 484 1200 538 illos
1229 484 1595 554 praeferebant
1625 484 1813 538 Paulo.

216 572 505 628 Profectus
570 590 687 627 sum
744 574 799 627 in
848 573 1259 629 Macedoniam:
1312 573 1386 626 ibi
1454 580 1633 627 autem
1698 589 1817 626 sum

217 662 543 716 constitutus
575 662 932 732 triumphator
975 662 1030 716 in
1078 662 1312 727 Christo,
1359 669 1411 716 et
1449 661 1575 715 inde
1603 663 1817 732 gratias

211 764 321 821 ago
345 752 453 805 Deo
475 753 568 822 qui
586 766 804 821 semper
824 752 1141 822 triumphat
1162 767 1283 816 nos,
1303 750 1358 803 id
1380 758 1461 804 est
1483 750 1816 819 triumphare

215 853 320 891 nos
354 837 483 893 facit
508 839 571 892 in
596 838 813 893 Christo
829 840 980 905 Jesu,
1006 839 1061 892 id
1083 846 1164 892 est
1187 854 1284 909 per
1316 838 1584 892 Christum
1607 839 1815 903 Jesum,

206 923 270 977 in
304 940 415 995 quo
446 940 554 979 non
601 925 930 995 triumphant
977 926 1184 995 pseudo
1219 940 1230 979 :
1264 934 1315 980 et
1346 926 1436 997 qui
1466 927 1613 979 Deus
1642 925 1817 978 mani-

214 1013 385 1067 festat
414 1014 640 1069 odorem
686 1014 909 1068 notitia:
955 1030 1089 1079 suae,
1140 1014 1195 1067 id
1239 1022 1321 1068 est
1368 1014 1641 1067 Christum
1677 1028 1688 1066 :
1722 1028 1819 1083 per

212 1101 374 1169 cujus
416 1101 800 1156 humanitatem
832 1102 1123 1156 odoramus
1174 1101 1410 1157 divinam
1460 1110 1513 1156 et
1568 1101 1819 1155 indivisi-

215 1190 389 1244 bilem
437 1191 749 1244 essentiam.
801 1190 901 1246 Vel
943 1190 1254 1245 manifestat
1303 1207 1400 1261 per
1444 1206 1544 1245 nos
1593 1188 1819 1244 odorem

219 1295 335 1333 suae
386 1279 609 1343 notitia,
666 1279 721 1333 id
779 1287 861 1333 est
908 1279 1346 1349 pradicationem
1413 1286 1674 1345 nostram,
1722 1294 1820 1348 per

215 1383 381 1438 quam
430 1368 602 1423 virtus
664 1368 763 1422 Dei
824 1367 1203 1422 manifestatur
1250 1368 1303 1421 in
1353 1368 1501 1422 omni
1545 1367 1666 1423 loco
1709 1383 1818 1439 quo

213 1456 605 1525 praedicamus.
650 1455 957 1510 Manifestat
1002 1456 1188 1527 utique
1229 1471 1331 1525 per
1359 1472 1460 1510 nos
1491 1473 1503 1509 :
1538 1459 1670 1527 quia
1717 1472 1818 1510 nos

214 1560 415 1598 sumus
446 1546 619 1599 bonus
650 1545 782 1599 odor
804 1544 1032 1609 Christi,
1068 1544 1122 1597 id
1166 1551 1247 1599 est
1278 1544 1323 1598 si
1368 1544 1485 1614 quis
1531 1544 1820 1613 puritatem

213 1641 432 1686 actuum
463 1641 769 1686 nostrorum
800 1632 1130 1697 considerat,
1182 1640 1359 1702 potest
1402 1632 1635 1686 odorare
1664 1631 1818 1685 boni-
1847 1663 1898 1721 B
1925 1659 1945 1681 α

214 1729 379 1773 tatem
427 1720 645 1785 Christi,
699 1721 851 1788 cujus
909 1735 1009 1775 nos
1067 1736 1253 1773 sumus
1306 1719 1555 1774 ministri.
1616 1721 1813 1785 Bonus,

214 1809 461 1879 inquam,
495 1808 632 1862 odor
662 1825 848 1861 sumus
886 1826 898 1862 :
934 1816 987 1862 et
1017 1808 1061 1861 si
1109 1824 1219 1862 non
1264 1807 1587 1878 quibusdam
1636 1808 1819 1863 incre-

221 1896 391 1962 dulis,
426 1904 607 1950 tamen
639 1898 767 1965 Deo,
803 1896 893 1967 qui
936 1896 1083 1950 videt
1112 1896 1370 1951 interiora
1401 1897 1581 1951 cordis
1612 1896 1810 1950 nostri.

217 1985 420 2048 Bonus,
454 1985 693 2055 inquam,
724 1984 859 2038 odor
888 2001 1075 2038 sumus
1124 1993 1380 2055 quantum
1410 1985 1479 2038 ad
1513 1985 1724 2050 Deum;
1766 1992 1818 2037 et

218 2073 274 2125 in
305 2073 395 2126 his
423 2073 513 2144 qui
542 2072 675 2126 salvi
721 2071 852 2126 ﬁunt
897 2089 994 2143 per
1041 2073 1399 2143 Evangelium
1447 2080 1712 2138 nostrum,
1766 2078 1819 2126 et

213 2162 278 2214 in
312 2160 403 2214 his
424 2161 517 2232 qui
545 2165 809 2232 pereunt.
844 2178 943 2231 per
966 2170 1331 2231 contemptum
1361 2161 1602 2229 ejusdem
1634 2161 1817 2215 Evan-

210 2248 365 2318 gelii,
404 2257 665 2318 quantum
713 2250 780 2303 ad
828 2249 1037 2317 Deum;
1079 2250 1134 2303 in
1181 2249 1419 2319 utrisque
1462 2249 1735 2303 salvandis
1766 2256 1818 2303 et

216 2337 477 2406 perituris
506 2337 682 2391 bonus
711 2338 847 2392 odor
866 2354 1053 2392 sumus
1089 2353 1100 2390 :
1127 2338 1223 2392 sed
1247 2346 1503 2407 quantum
1535 2338 1606 2391 ad
1635 2338 1817 2392 homi-

212 2440 335 2491 nes,
371 2425 504 2479 aliis
524 2426 747 2497 quidem
770 2442 955 2479 sumus
977 2427 1109 2481 odor
1129 2428 1348 2481 mortis.
1374 2426 1641 2480 Increduli
1672 2426 1816 2480 enim

210 2513 502 2567 audientes
529 2530 559 2566 a
588 2513 745 2567 nobis
776 2514 939 2567 tidem
988 2515 1207 2579 Christi,
1260 2514 1443 2569 dicunt
1491 2531 1551 2569 se
1580 2514 1816 2569 odorare

215 2617 328 2655 rem
360 2600 711 2656 mortiferam.
758 2600 997 2657 164
1031 2602 1173 2657 Odor
1201 2603 1421 2671 mortis,
1454 2602 1596 2669 dico,
1630 2602 1816 2657 valens

213 2690 294 2744 eis
322 2692 391 2744 in
418 2695 678 2755 mortem,
712 2690 767 2744 id
799 2691 964 2745 estad
984 2690 1409 2745 damnationem.
1435 2691 1578 2745 Aliis
1600 2695 1812 2756 autem,

208 2778 267 2832 id
311 2787 399 2834 est
444 2777 715 2844 ﬁdelibus,
762 2795 949 2832 sumus
991 2780 1119 2835 odor
1172 2779 1318 2833 vitaz.
1370 2781 1475 2834 Per
1517 2780 1813 2834 doctrinam

211 2867 361 2921 enim
394 2874 639 2920 nostram
670 2867 896 2922 odorant
927 2867 1090 2922 vitam
1143 2867 1381 2934 justitiw,
1432 2868 1610 2921 eundo
1653 2867 1731 2921 sic
1760 2866 1815 2920 in

212 2955 378 3009 vitam
410 2962 688 3009 aeternam.
737 2956 883 3010 Deus
938 2971 1037 3025 per
1080 2971 1180 3009 nos
1228 2955 1540 3009 manifestat
1586 2955 1813 3009 odorem

206 3042 438 3110 justitiaa
478 3058 638 3097 suae:
692 3051 743 3096 et
791 3043 858 3096 ad
911 3043 1027 3098 haec
1070 3042 1462 3097 manifestanda
1510 3045 1631 3114 quis
1677 3043 1819 3097 inter

212 3130 431 3199 pseudo
460 3139 565 3184 tam
615 3131 841 3186 idoneus
890 3131 1029 3186 sicut
1074 3148 1177 3201 ego
1226 3140 1279 3185 et
1322 3131 1617 3201 coapostoli
1664 3131 1818 3185 mei?

210 3219 395 3273 Nemo
426 3219 610 3290 utique
659 3224 775 3273 tam
816 3219 1052 3275 idoneus
1083 3240 1099 3275 :
1130 3237 1266 3275 nam
1312 3236 1413 3275 nos
1457 3235 1571 3273 non
1621 3235 1818 3275 sumus

212 3308 369 3361 sicut
392 3308 649 3377 plurimi,
685 3307 887 3363 scilicet
914 3308 1142 3377 pseudo,
1164 3308 1556 3362 adulterantes
1591 3309 1817 3362 verbum

214 3396 355 3450 Dei:
388 3396 524 3449 sicut
554 3396 697 3449 enim
728 3396 939 3449 adulter
975 3412 1092 3449 rem
1114 3395 1337 3449 alterius
1356 3403 1577 3465 usurpat
1609 3395 1812 3460 illicite,

216 3484 301 3538 sic
328 3483 540 3553 pseudo
565 3483 924 3537 ministerium
970 3483 1376 3553 praedicationis
1407 3499 1439 3536 a
1466 3482 1682 3537 nemine
1712 3482 1817 3537 sibi

214 3571 538 3639 injunctum.
570 3572 717 3626 Sicut
746 3572 909 3625 etiam
953 3571 1166 3626 adulter
1197 3571 1433 3626 fructum
1472 3571 1675 3625 sobolis
1705 3587 1815 3625 non

217 3660 412 3730 quaerit
454 3659 510 3712 in
551 3675 715 3729 opere
760 3659 1102 3730 turpitudinis
1150 3676 1281 3727 suae,
1335 3659 1433 3714 sed
1475 3660 1815 3714 solummodo

215 3747 437 3817 explere
484 3747 809 3802 libidinem:
864 3746 941 3803 sic
984 3747 1060 3801 illi
1114 3749 1323 3817 pseudo
1370 3747 1712 3802 solummodo
1759 3756 1817 3801 ut

213 3835 420 3889 lucrari
449 3836 658 3905 possint
703 3835 1041 3905 temporalia,
1092 3851 1201 3889 non
1248 3843 1436 3890 curant
1466 3836 1533 3890 de
1566 3836 1645 3889 eis
1676 3852 1814 3907 quos

212 3923 436 3991 docent,
486 3922 599 3976 sive
646 3931 889 3992 pereant,
943 3924 1058 3977 sive
1088 3938 1195 3977 non
1244 3932 1484 3993 pereant.
1535 3924 1677 3989 Non,
1725 3923 1813 3976 in-

212 4026 402 4081 quam,
433 4010 797 4065 adulteramus
829 4010 1057 4065 verbum
1102 4010 1201 4065 Dei
1235 4028 1246 4063 :
1296 4012 1391 4065 sed
1421 4011 1697 4082 loquimur
1740 4028 1814 4065 ex

212 4100 571 4164 sinceritate,
606 4098 658 4152 id
690 4106 774 4153 est
796 4099 1094 4153 secundum
1121 4114 1317 4168 puram
1348 4097 1473 4153 ﬁdei
1502 4099 1809 4154 veritatem.

209 4187 336 4240 Non
366 4187 562 4240 iterum
590 4186 961 4241 adulteramus
996 4202 1008 4240 :
1044 4188 1140 4241 sed
1174 4188 1453 4258 loquimur
1478 4190 1542 4242 in
1569 4187 1807 4250 Christo,

207 4274 260 4328 id
318 4281 403 4328 est
458 4275 756 4330 secundum
816 4274 978 4329 fidem
1035 4282 1087 4329 et
1141 4275 1530 4330 institutionem
1606 4273 1808 4330 Christi

1848 3009 1897 3072 C

1922 415 1943 444 α
1980 394 2222 465 cogitare
2266 394 2469 465 aliquid
2517 410 2549 448 a
2614 394 2807 459 nobis,
2876 391 3027 462 quasi
3070 407 3132 445 ex
3181 388 3371 453 nobis;
3423 387 3520 442 sed

1921 506 1941 529 α
1980 482 2296 538 sufﬁcientia
2381 491 2567 537 nostra
2651 498 2715 536 ex
2771 483 2885 535 Deo
2940 488 3022 535 est
3108 478 3198 549 qui
3254 485 3308 532 et
3392 476 3515 530 ido-

1923 596 1943 619 ‹‹
1980 588 2111 626 neos
2158 588 2259 626 nos
2316 571 2443 625 fecit
2484 571 2763 625 ministros
2821 569 2961 624 Novi
3010 566 3357 634 Testamenti,
3406 580 3514 620 non

1921 660 2159 715 «littera
2220 660 2316 714 sed
2386 660 2595 730 spiritu.
2660 658 2856 712 Littera
2924 658 3069 711 enim
3111 655 3348 720 occidit,
3397 653 3514 724 spi-

1923 772 1942 796 α
1980 750 2113 803 ritus
2142 758 2320 803 autem
2352 747 2609 803 viviticat.
2672 746 2807 814 Quia
2840 746 2885 800 si
2938 744 3265 799 ministratio
3321 743 3514 798 mortis

1922 860 1942 883 α
1979 837 2171 892 litteris
2260 835 2557 891 deformata
2608 835 2664 889 in
2720 834 2990 905 lapidibus
3091 833 3187 887 fuit
3258 833 3314 887 in
3387 832 3513 903 glo-

1978 925 2077 991 ria,
2111 926 2181 979 ita
2211 934 2269 979 ut
2297 942 2405 980 non
2436 933 2659 995 possent
2697 923 2978 979 intendere
3024 921 3117 976 ﬁlii
3148 921 3312 976 Israel
3338 920 3395 974 in
3424 919 3511 975 fa-

1981 1015 2118 1070 ciem
2147 1014 2338 1085 Moysi,
2373 1021 2597 1084 propter
2618 1012 2851 1084 gloriam
2879 1011 3057 1068 vultus
3087 1012 3203 1080 ejus
3232 1026 3352 1081 quaa
3391 1024 3515 1064 eva-

1982 1110 2193 1167 cuatur,
2234 1103 2506 1173 quomodo
2553 1118 2661 1157 non
2708 1101 2882 1172 magis
2926 1098 3245 1153 ministratio
3292 1097 3512 1169 spiritus

1922 1214 1942 1238 ‹‹
1981 1191 2081 1245 erit
2110 1192 2164 1244 in
2197 1190 2370 1263 gloria
2392 1190 2419 1243 ?
2446 1191 2587 1245 Nam
2616 1190 2661 1243 si
2692 1188 3013 1243 ministratio
3059 1186 3425 1242 damnationis
3456 1186 3512 1240 in

1923 1300 1944 1330 ι
1980 1279 2155 1352 gloria
2187 1288 2288 1345 est,
2321 1279 2490 1333 multo
2519 1278 2696 1350 magis
2739 1278 2975 1332 abundat
3030 1275 3391 1330 ministerium
3416 1276 3511 1345 ju-

1921 1392 1941 1416 u
1981 1368 2138 1423 stitia:
2168 1368 2220 1421 in
2271 1368 2469 1440 gloria.
2514 1368 2655 1421 Nam
2687 1383 2788 1421 nec
2836 1364 3191 1435 gloriﬁcatum
3225 1371 3324 1431 est,
3363 1363 3512 1434 quod

1922 1478 1943 1507 «
1980 1456 2173 1512 claruit
2200 1456 2257 1509 in
2287 1457 2386 1511 hac
2414 1464 2585 1526 parte,
2619 1462 2843 1525 propter
2871 1453 3226 1508 excellentem
3256 1452 3504 1523 gloriam.

1923 1568 1943 1593 ιι
1983 1545 2038 1600 Si
2069 1546 2211 1599 enim
2252 1545 2397 1616 quod
2428 1551 2724 1599 evacuatur
2770 1560 2869 1612 per
2917 1542 3148 1614 gloriam
3191 1548 3292 1603 est,
3344 1540 3512 1595 multo

1980 1634 2157 1705 magis
2189 1634 2333 1704 quod
2364 1641 2546 1687 manet
2595 1632 2647 1685 in
2696 1631 2869 1703 gloria
2900 1639 3001 1685 est.
3044 1630 3318 1684 Habentes
3346 1629 3514 1701 igitur

1924 1742 1945 1770 ι
1982 1721 2148 1774 talem
2176 1736 2348 1790 spem,
2385 1720 2549 1772 multa
2588 1716 2786 1772 ﬁducia
2832 1718 3051 1772 utimur.
3103 1717 3171 1769 Et
3216 1732 3324 1770 non
3377 1716 3515 1771 sicut

1926 1829 1945 1860 ι
1982 1810 2197 1879 Moyses
2248 1829 2268 1858 ι
2321 1808 2557 1878 ponebat
2605 1806 2852 1861 velamen
2900 1821 3067 1875 super
3114 1804 3311 1859 faciem
3360 1818 3514 1857 suam

1923 1922 1943 1945 α
1982 1897 2183 1967 (Exod.
2207 1911 2410 1964 xxxrv,
2436 1897 2547 1964 33),
2587 1918 2609 1942 »
2631 1902 2684 1948 ut
2706 1910 2813 1949 non
2834 1892 3173 1947 intenderent
3193 1890 3316 1945 ﬁliis
3345 1890 3511 1945 Israel

1923 2006 1945 2035 ι
1980 1985 2034 2038 in
2067 1984 2259 2039 faciem
2289 1985 2425 2052 ejus,
2462 1983 2610 2053 quod
2659 1988 2964 2046 evacuatur,
3020 1980 3117 2034 sed
3163 1979 3342 2035 obtusi
3389 1986 3511 2033 sunt

1924 2094 1945 2123 ι
1983 2090 2176 2128 sensus
2207 2088 2416 2127 eorum.
2452 2072 2637 2141 Usque
2678 2070 2734 2123 in
2781 2069 3104 2123 hodiernum
3153 2068 3296 2123 enim
3343 2068 3509 2137 diem,

1922 2184 1943 2209 α
1980 2161 2213 2232 idipsum
2242 2160 2489 2216 velamen
2532 2160 2587 2213 in
2644 2158 2875 2214 lectione
2922 2157 3134 2213 Veteris
3180 2156 3514 2212 Testamenti

1923 2274 1943 2297 α
1981 2258 2161 2304 manet
2202 2264 2312 2304 non
2354 2247 2674 2313 revelatum,
2728 2245 2874 2317 quod
2920 2245 2976 2300 in
3023 2245 3237 2300 Christo
3280 2260 3512 2300 evacua-

1979 2347 2085 2405 tur,
2135 2338 2231 2392 sed
2278 2353 2453 2408 usque
2482 2337 2536 2389 in
2585 2335 2910 2390 hodiernum
2961 2334 3107 2388 diem
3150 2350 3272 2389 cum
3312 2333 3513 2405 legitur

1980 2428 2215 2496 Moyses,
2249 2426 2500 2481 velamen
2547 2424 2783 2493 positum
2829 2430 2911 2477 est
2940 2439 3105 2491 super
3152 2437 3250 2477 cor
3297 2438 3507 2476 eorum.

1981 2515 2115 2569 Cum
2147 2522 2325 2568 autem
2357 2528 2655 2568 conversus
2686 2510 2845 2565 fuerit
2874 2510 2942 2564 ad
2998 2512 3188 2578 Deum,
3236 2509 3514 2564 auferetur

1980 2603 2247 2657 velamen.
2287 2624 2308 2648 α
2344 2600 2608 2655 Dominus
2636 2608 2816 2654 autem
2838 2598 3060 2669 spiritus
3086 2606 3169 2653 est
3218 2600 3399 2667 (Joan.
3432 2614 3507 2666 IV,

1923 2359 1945 2389 ε

1924 2448 1945 2477 α

1922 2537 1944 2565 ι

1922 2623 1944 2652 α

1923 2713 1944 2742 ε

1921 2802 1941 2826 ιι
1978 2780 2091 2833 Nos
2140 2793 2266 2833 vero
2314 2793 2504 2832 omnes
2543 2776 2781 2832 revelata
2827 2775 2965 2831 facie
3012 2774 3245 2844 gloriarm
3293 2775 3511 2829 Domini

1920 2889 1942 2913 «
1980 2867 2344 2937 speculantes,
2378 2865 2432 2919 in
2462 2865 2710 2920 eamdem
2737 2864 3028 2935 imaginem
3068 2862 3514 2918 transformamur

1921 2978 1941 3001 u
1979 2970 2011 3008 a
2041 2955 2281 3010 claritate
2311 2955 2367 3008 in
2414 2954 2739 3020 claritatem,
2796 2961 3048 3023 tanquam
3078 2968 3108 3006 a
3151 2951 3366 3007 Domini
3394 2950 3511 3022 spi-

1928 3065 1949 3090 α
1984 3042 2108 3097 ritu.
2145 3063 2168 3093 ι

2558 3180 2854 3220 EXPOSITIO
2868 3205 2880 3219 .

1988 3309 2056 3362 Et
2086 3307 2213 3377 quia
2241 3307 2363 3362 dico
2393 3322 2553 3361 nemo
2602 3306 2672 3360 ad
2702 3307 2818 3361 haec
2874 3314 2985 3360 tam
3034 3305 3280 3372 idoneus,
3331 3305 3510 3362 dicitis

1914 3403 2207 3466 prOpterea
2238 3395 2383 3465 quod
2411 3394 2627 3459 iterum,
2661 3403 2721 3448 ut
2749 3394 2802 3447 in
2835 3393 2942 3447 alia
2980 3394 3226 3463 Epistola
3249 3394 3340 3448 ubi
3369 3395 3511 3450 dice-

1916 3484 2039 3537 bam
2072 3483 2337 3537 Omnibus
2358 3485 2549 3537 omnia
2570 3484 2759 3552 factus
2779 3498 2906 3536 sum
2935 3482 2983 3548 (I
3004 3483 3123 3537 Cor.
3159 3498 3237 3547 ix,
3260 3485 3351 3551 22)
3374 3490 3503 3549 etc.,

1914 3572 2222 3643 incipimus
2238 3570 2649 3635 commendare,
2673 3570 2727 3623 id
2749 3577 2829 3623 est
2850 3567 3201 3641 magniﬁcare
3228 3572 3508 3625 nosmeti-

1913 3676 2060 3731 psos.
2083 3660 2206 3713 Non
2249 3658 2480 3729 utique:
2533 3658 2629 3712 sed
2676 3657 3033 3712 ministerium
3079 3657 3179 3711 Dei
3227 3657 3283 3711 in
3328 3658 3505 3713 nobis.

1916 3750 2027 3802 Aut
2054 3748 2312 3818 nunquid
2342 3762 2563 3818 egemus
2583 3746 2731 3801 sicut
2762 3746 2988 3818 quidam
3016 3744 3246 3815 (scilicet
3275 3747 3508 3817 pseudo)

1914 3836 2395 3891 commendatitiis
2416 3836 2665 3906 epistolis
2688 3834 2872 3888 missis
2903 3834 2970 3887 ab
3001 3834 3121 3888 aliis
3150 3834 3221 3889 ad
3242 3850 3334 3890 vos
3356 3856 3375 3903 ;
3406 3840 3509 3891 aut

1914 3940 1989 3979 ea:
2018 3923 2185 3987 vobis,
2220 3923 2402 3977 missis
2431 3923 2498 3976 ad
2521 3921 2697 3977 alios?
2726 3922 2808 3976 Illi
2825 3922 2966 3976 enim
2988 3923 3215 3992 pseudo,
3244 3930 3302 3977 ut
3332 3924 3510 3994 magis

1912 4019 2134 4082 possent
2166 4011 2387 4077 lucrari,
2422 4027 2541 4067 cum
2573 4011 2876 4065 transibant
2904 4010 2973 4065 de
3026 4011 3147 4067 loco
3195 4011 3265 4065 ad
3306 4012 3504 4078 locum,

1913 4101 2275 4170 precabantur
2322 4108 2379 4153 ut
2422 4099 2563 4153 illia
2609 4099 2806 4169 quibus
2869 4098 3012 4153 irent
3062 4100 3510 4155 commendarent

1914 4204 2008 4243 eos
2035 4205 2137 4259 per
2165 4187 2438 4258 epistolas,
2473 4187 2577 4241 illis
2602 4187 2671 4241 ad
2701 4203 2838 4258 quos
2883 4187 3199 4241 transibant.
3251 4189 3371 4260 Ego
3402 4189 3510 4243 uti-

1913 4293 2019 4346 que
2050 4293 2159 4331 non
2190 4292 2327 4346 egeo
2348 4275 2590 4345 epistolis
2616 4275 3024 4331 commendatiis
3058 4291 3070 4328 :
3103 4292 3227 4329 nam
3257 4292 3350 4332 vos
3371 4277 3509 4333 estis

207 4362 485 4432 loquimur
530 4378 603 4417 ea:
661 4365 790 4429 Deo,
850 4362 905 4416 id
962 4370 1045 4417 est
1104 4363 1400 4417 secundum
1459 4363 1605 4434 quod
1661 4365 1881 4429 DeusD
1912 4368 2110 4420 nostra
2143 4364 2403 4436 epistola,
2453 4363 2575 4434 quia
2612 4363 2955 4435 signaculum
2996 4364 3105 4419 mei
3151 4365 3504 4435 apostolatus,

211 4449 360 4521 loqui
406 4450 682 4517 insinuat;
741 4455 798 4506 et
846 4466 1035 4507 coram
1082 4452 1211 4517 Deo,
1246 4450 1302 4506 id
1348 4452 1513 4507 estin
1545 4451 1812 4524 benepla-

210 4539 319 4593 cito
377 4538 498 4594 Dei.

877 4663 1101 4719 CAPUT
1148 4664 1239 4719 III.

290 4825 312 4855 ι
356 4804 651 4875 Incipimus
714 4804 909 4859 iterum
957 4804 1324 4875 nosmetipsos
1372 4803 1756 4859 commendare
1786 4804 1815 4858 ?

218 4916 239 4938 ιι
276 4897 384 4947 Aut
414 4894 655 4964 nunquid
705 4909 929 4964 egemus
979 4892 1140 4961 (sicut
1186 4893 1426 4964 quidam)
1457 4893 1813 4948 commenda-

220 5003 241 5032 ς
280 4982 411 5035 titiis
435 4981 677 5051 epistolis
698 4982 765 5034 ad
796 4997 913 5047 vos,
948 4990 1118 5035 autex
1136 4981 1294 5035 vobis
1314 4982 1342 5034 ξ’
1369 4981 1613 5051 Epistola
1632 4990 1814 5037 nostra

222 5090 243 5119 ι
279 5087 377 5124 vos
410 5069 560 5135 estis,
595 5069 799 5139 scripta
837 5070 891 5123 in
938 5069 1198 5125 cordibus
1244 5070 1462 5138 nostris,
1499 5086 1619 5140 quaa
1647 5070 1814 5125 scitur

220 5179 241 5208 ε
276 5167 329 5212 et
387 5158 590 5228 legitur
642 5158 709 5211 ab
769 5158 1019 5212 omnibus
1078 5157 1407 5227 hominibus,
1468 5157 1807 5224 manifestati,

218 5268 238 5291 α
277 5246 537 5317 quoniam
566 5245 795 5316 epistola
824 5246 956 5301 estis
1001 5244 1218 5313 Christi,
1271 5245 1567 5299 ministrata
1596 5262 1625 5299 a
1655 5246 1812 5300 nobis

220 5356 240 5379 ες
272 5342 325 5388 et
355 5334 577 5405 scripta,
611 5350 721 5389 non
768 5341 1086 5401 atramento,
1136 5334 1234 5387 sed
1292 5332 1496 5404 Spiritu
1552 5332 1653 5388 Dei
1683 5333 1808 5389 vivi.

218 5443 238 5469 ε
270 5422 394 5480 Non
443 5422 499 5475 in
565 5422 758 5476 tabulis
808 5422 1035 5492 lapideis
1060 5465 1073 5487 ,
1126 5422 1223 5476 sed
1281 5422 1337 5476 in
1384 5421 1582 5476 tabulis
1630 5421 1812 5477 cordis

222 5531 243 5561 ι
277 5510 610 5567 carnalibus.
653 5511 930 5568 Fiduciam
974 5518 1154 5567 autem
1198 5511 1365 5566 talem
1407 5511 1671 5568 habemus
1717 5527 1815 5583 per

1918 4454 2010 4525 qui
2047 4468 2146 4507 vos
2175 4453 2230 4506 in
2260 4450 2367 4506 ﬁde
2388 4450 2585 4505 Christi
2616 4450 2857 4507 fundavi.
2880 4451 3124 4522 Epistola
3153 4452 3276 4509 dico
3296 4455 3510 4526 scripta

1914 4543 1980 4596 in
2000 4542 2255 4598 cordibus
2267 4542 2498 4605 nostris,
2514 4538 2676 4594 ﬁdem
2697 4540 2841 4595 enim
2862 4549 3099 4596 vestram
3121 4558 3397 4613 nunquam
3418 4543 3513 4598 ob-

1916 4629 2214 4685 liviscimur
2247 4644 2259 4682 :
2287 4629 2384 4683 sed
2414 4629 2482 4683 de
2502 4627 2672 4683 salute
2692 4636 2874 4683 vestra
2895 4628 3121 4685 sollicite
3142 4631 3316 4685 Deum
3345 4646 3509 4702 roga-

1915 4733 2036 4772 mus
2057 4717 2144 4773 :1
2160 4716 2316 4772 65
2338 4734 2459 4789 qua:
2475 4718 2715 4789 epistola
2726 4719 2909 4772 scitur
2924 4718 2990 4772 ab
3008 4719 3283 4774 omnibus.
3303 4720 3509 4774 Omnes

1917 4806 2059 4860 enim
2092 4806 2268 4861 sciunt
2294 4821 2392 4861 vos
2421 4821 2519 4876 per
2546 4822 2632 4860 me
2664 4806 2733 4860 ad
2756 4805 2918 4861 ﬁdem
2948 4821 3267 4872 conversos,
3304 4815 3357 4862 et
3386 4824 3510 4879 quae

1915 4894 2160 4964 Epistola
2192 4895 2401 4964 legitur
2429 4895 2495 4949 ab
2527 4895 2804 4949 omnibus.
2840 4895 2897 4949 Si
2926 4895 3046 4965 quis
3077 4894 3220 4950 enim
3250 4895 3379 4950 velit
3408 4911 3508 4951 co-

1915 4997 2182 5052 gnoscere
2212 4981 2388 5052 qualis
2419 4982 2521 5036 sim
2550 4982 2604 5035 in
2635 4982 2810 5048 vobis,
2842 4999 2930 5037 me
2960 4983 3093 5055 legit
3123 4991 3177 5038 et
3205 4984 3507 5055 cognoscit.

1916 5070 2025 5124 Vos
2038 5070 2160 5125 dico
2172 5071 2550 5140 manifestati,
2574 5073 2841 5143 quoniam
2852 5073 2989 5126 estis
3007 5073 3245 5144 epistola
3270 5072 3479 5128 Christi
3490 5092 3510 5129 :

1916 5158 2039 5229 quia
2069 5157 2205 5213 ﬁdes
2236 5166 2419 5213 vestra
2436 5167 2489 5213 et
2508 5160 2648 5213 bona
2678 5159 2784 5213 vita
2801 5160 3039 5214 ostendit
3068 5161 3324 5216 virtutem
3353 5161 3509 5216 Chri-

1916 5247 2002 5301 sti.
2038 5245 2278 5317 Epistola
2310 5247 2508 5301 Christi
2554 5248 2695 5315 dico,
2736 5248 3072 5304 ministrata
3105 5267 3139 5304 a
3182 5251 3355 5305 nobis.
3408 5250 3510 5303 Per

1913 5336 2020 5391 hoc
2050 5334 2194 5389 enim
2226 5336 2371 5407 quod
2403 5336 2532 5391 estis
2561 5351 2684 5390 mea
2715 5336 2943 5407 epistola
2992 5338 3084 5409 qui
3111 5353 3209 5392 vos
3256 5336 3502 5403 instruxi,

1916 5440 2022 5497 ego
2053 5432 2232 5478 autem
2262 5423 2487 5495 epistola
2527 5424 2744 5490 Christi,
2798 5425 2876 5481 sic
2919 5442 3007 5481 me
3053 5425 3325 5479 mediante
3374 5423 3507 5478 estis

1914 5512 2144 5584 epistola
2173 5512 2368 5568 Christi
2398 5528 2410 5567 :
2444 5527 2605 5583 quem
2649 5511 2923 5568 Christum
2965 5513 3118 5569 vobis
3172 5511 3505 5584 dispensavi.

1978 2692 2091 2761 24).
2133 2711 2153 2740 ν
2206 2689 2308 2745 Ubi
2355 2698 2533 2743 autem
2582 2688 2803 2759 spiritus
2852 2686 3088 2753 Domini,
3147 2686 3221 2740 ibi
3267 2686 3507 2742 libertas.
3604 2721 3615 2729 -
