3960 6050
438 226 535 278 231

988 223 1050 277 S.
1098 221 1449 278 BRUNONIS
1487 219 2135 277 CARTHUSIANORUM
2173 223 2660 282 INSTlTUTORIS
2700 225 2852 282 OPP.
2895 227 3069 283 PARS
3110 228 3177 282 II.

3632 233 3745 288 232

439 347 687 417 Epistola
719 347 841 402 dico
863 349 1098 419 scripta,
1119 363 1237 402 non
1258 350 1602 416 atramento,
1626 347 1680 401 id
1702 354 1783 401 est
1812 362 1919 402 non
1953 347 2118 408 de-A
2150 349 2359 404 avidius
2389 358 2506 405 ruat
2550 351 2606 405 in
2649 352 2870 407 vetitum
2904 371 2917 407 :
2969 352 3206 407 cumulat
3253 351 3413 408 etiam
3461 362 3740 424 peccatum

437 435 692 491 lebiliter.
743 436 842 490 Vel
885 444 1202 505 atramento,
1256 437 1309 489 id
1363 445 1441 489 est
1487 436 1665 506 aliqua
1713 436 2036 507 contagione

439 532 497 578 ut
526 524 733 595 pseudo
766 540 892 579 suos
926 540 1190 595 sequaces
1244 523 1508 594 polluant,
1537 525 1630 579 sed
1672 524 1871 593 scripta
1913 524 2035 595 Spi-

438 614 559 669 ritu
590 614 709 682 Dei,
743 612 798 667 id
830 620 911 667 est
959 612 1339 667 indelebiliter.
1386 615 1486 669 Dei
1532 612 1654 667 dico
1702 614 1829 679 vivi,
1863 612 1954 683 qui
1983 619 2036 666 et

439 717 535 756 vos
567 709 831 771 perpetuo
848 701 1031 757 vivere
1052 700 1213 757 faciet
1248 719 1260 755 :
1285 718 1401 755 non
1423 701 1615 755 iterum
1637 700 1838 771 scripta
1858 701 1918 754 in
1944 704 2035 755 ta-

442 791 586 844 bulis
613 790 866 861 lapideis,
902 790 956 844 id
1005 797 1087 844 est
1135 790 1413 854 induratis,
1448 798 1501 843 et
1539 789 1765 844 verbum
1794 788 1894 843 Dei
1925 804 2034 843 non

435 878 789 933 sentientibus
816 893 827 931 :
851 879 943 933 sed
965 878 1167 947 scripta
1190 880 1253 933 in
1278 879 1481 933 talibus
1515 878 1859 944 carnalibus,
1880 877 1932 930 id
1954 884 2035 931 est

433 966 780 1021 sensibilibus
816 982 827 1021 :
862 974 911 1021 et
941 966 1161 1021 verbum
1201 966 1297 1021 Dei
1330 967 1398 1019 ad
1450 965 1681 1021 fructum
1730 964 2034 1020 faciendum

435 1055 870 1125 suscipientibus.
905 1055 1127 1108 Tabulis
1161 1054 1283 1109 dico
1325 1054 1525 1119 cordis,
1568 1054 1618 1108 id
1651 1061 1733 1108 est
1765 1053 2034 1107 interioris

435 1143 758 1207 intellectus,
794 1143 886 1197 ubi
923 1144 995 1197 ait
1028 1161 1041 1197 :
1094 1144 1153 1196 In
1184 1142 1381 1196 tabulis
1428 1142 1678 1211 lapideis,
1727 1142 1885 1195 mittit
1934 1157 2034 1195 nos

433 1232 498 1285 ad
531 1231 847 1286 memoriam
878 1231 1080 1287 veteris
1115 1231 1267 1301 legis,
1304 1248 1426 1301 quae
1459 1231 1581 1284 data
1611 1239 1690 1283 est
1723 1230 1773 1283 in
1804 1230 2033 1300 lapideis

430 1321 631 1375 tabulis
662 1321 862 1391 (Exod.
895 1335 1097 1383 xxxrv,
1134 1323 1206 1389 1),
1263 1318 1580 1390 signiﬁcans
1612 1318 1780 1373 corda
1809 1318 2030 1372 Judmo-

432 1425 551 1463 rum
581 1408 816 1478 lapidea.
850 1407 987 1475 Quia
1021 1408 1157 1461 sicut
1187 1407 1323 1477 lapis
1355 1406 1691 1477 sculpturam
1709 1406 1925 1477 quidem
1948 1422 2033 1460 re-

432 1497 579 1566 cipit,
612 1497 708 1551 sed
738 1496 869 1549 nihil
900 1496 1099 1561 sentit;
1150 1495 1227 1549 sic
1273 1496 1437 1550 corda
1485 1495 1816 1560 Judmorum,
1864 1496 2031 1548 corti-

432 1600 551 1639 cem
591 1584 810 1654 quidem
840 1584 997 1654 legis,
1032 1583 1086 1637 id
1122 1592 1203 1637 cst
1246 1583 1515 1638 carnalem
1546 1582 1872 1637 intellectum
1905 1598 2031 1637 sus-

430 1682 726 1743 ceperunt:
763 1673 859 1726 sed
889 1672 1163 1725 medulam
1211 1671 1352 1743 legis
1398 1671 1752 1741 spiritualem,
1803 1670 2026 1736 scilicet,
2051 1704 2102 1762 B

430 1761 764 1815 intellectum
821 1776 928 1815 non
989 1759 1483 1814 senserunt:Dixit
1528 1760 1796 1829 superius.
1853 1759 2029 1813 Nemo

431 1856 543 1904 tam
563 1849 789 1904 idoneus
820 1856 878 1902 ut
910 1864 1014 1920 ego
1046 1864 1057 1901 :
1092 1848 1285 1903 iterum
1325 1863 1421 1903 vos
1470 1847 1599 1902 estis
1630 1847 1857 1917 epistola
1886 1863 2025 1915 mea,

431 1946 483 1993 et
511 1954 608 2008 per
636 1954 723 1992 me
755 1937 886 1992 estis
912 1937 1139 2006 epistola
1168 1936 1385 2002 Christi,
1420 1944 1471 1990 et
1502 1936 1567 1990 ad
1591 1937 1709 1990 haec
1740 1935 1920 1989 subdit
1949 1942 2030 1990 ta-

425 2025 533 2081 lem
564 2025 839 2091 fiduciam,
875 2025 1101 2090 scilicet,
1134 2025 1276 2094 quod
1306 2023 1628 2078 ﬁducialiter
1657 2023 1767 2077 dixi
1795 2039 1882 2077 me
1912 2039 2029 2078 ma-

430 2116 516 2187 gis
547 2115 824 2182 idoneum,
859 2122 961 2168 etc.
998 2114 1147 2167 Hanc
1178 2113 1351 2167 talem
1398 2111 1670 2182 ﬁduciam
1717 2128 1827 2166 non
1869 2112 2028 2166 nobis

424 2203 797 2272 praesumimus
825 2200 1174 2255 referendam
1207 2218 1219 2254 :
1253 2201 1350 2255 sed
1402 2200 1667 2256 habemus
1715 2201 1853 2254 hanc
1883 2198 2027 2253 fidu-

426 2291 569 2346 ciam
599 2290 937 2345 referendam
969 2290 1040 2343 ad
1059 2290 1262 2343 Deum.
1295 2287 1437 2355 Quia
1465 2290 1609 2341 enim
1634 2288 1862 2343 idoneus
1884 2304 2022 2354 sum,

425 2380 570 2450 quod
601 2395 698 2434 vos
728 2378 857 2432 estis
887 2378 1118 2448 epistola
1146 2392 1269 2432 mea
1302 2394 1314 2430 :
1348 2377 1453 2431 hoc
1500 2384 1669 2431 totum
1712 2377 1859 2431 Deus
1889 2392 2020 2447 ope-

429 2476 602 2522 ratur.
636 2467 927 2534 Habemus,
952 2467 1199 2537 inquam,
1223 2465 1293 2520 ad
1314 2467 1508 2531 Deum,
1542 2473 1593 2519 et
1610 2482 1712 2536 per
1740 2464 2024 2520 Christum

425 2557 755 2611 mediantem
789 2573 801 2609 :
838 2555 1085 2610 Christus
1115 2553 1259 2608 enim
1282 2554 1579 2609 secundum
1608 2552 1894 2622 imperium
1924 2552 2025 2608 Dei

322 2696 327 2701 .
426 2644 767 2701 consecravit
796 2660 885 2698 me
913 2643 1170 2697 idoneum
1217 2642 1558 2712 Apostolum.
1609 2641 1884 2695 Fiduciam
1914 2640 2023 2695 uti-

423 2749 529 2805 que
558 2733 699 2787 hanc
723 2732 988 2786 habemus
1004 2731 1071 2784 ad
1091 2731 1268 2785 Deum
1300 2748 1313 2783 :
1346 2746 1462 2784 non
1484 2730 1554 2783 ita
1578 2729 1721 2801 quod
1741 2729 2024 2799 sufﬁcien-

425 2827 503 2877 tes
533 2823 710 2876 simus
732 2822 1000 2891 cogitare,
1026 2820 1227 2874 nedum
1246 2818 1459 2888 operari
1482 2817 1698 2889 aliquid
1719 2835 1752 2872 a
1768 2819 1943 2884 nobis,
1967 2816 2022 2871 id

423 2918 505 2965 est
526 2909 809 2964 utilitatem
832 2916 1092 2963 nostram.
1121 2908 1293 2974 Quasi
1305 2908 1407 2960 hoc
1426 2906 1598 2976 possit
1611 2922 1731 2960 esse
1750 2923 1822 2961 ex
1842 2906 2014 2973 nobis,

421 2998 472 3052 id
506 3006 587 3053 est
616 3014 681 3052 ex
710 2997 918 3052 viribus
950 2996 1168 3060 nostris,
1191 2995 1306 3049 sine
1329 3004 1658 3064 cooperante
1689 2993 1866 3064 gratia
1896 2993 2014 3047 Dei.

2134 439 2611 507 praevaricationis,
2647 441 2791 512 quod
2821 457 2929 495 non
2960 449 3077 496 erat
3133 449 3258 496 ante
3311 441 3491 513 legem
3534 442 3736 497 datam.

2133 526 2331 582 Littera
2364 528 2585 598 quidem
2618 529 2695 583 sic
2713 530 2911 584 occidit
2944 544 2955 583 :
2982 530 3080 584 sed
3103 529 3353 601 Spiritus,
3374 530 3427 584 id
3450 538 3529 585 est
3556 532 3737 586 Evan-

2134 614 2338 685 gelium
2371 632 2493 670 cum
2524 617 2773 685 adjutore
2807 617 2998 688 spiritu
3048 618 3252 685 datum,
3304 617 3433 673 facit
3475 618 3655 675 vivere
3685 619 3741 674 in

2135 703 2365 757 sustitia.
2401 704 2789 761 Commendato
2820 706 3116 777 Evangelio
3156 722 3272 774 suo,
3311 707 3558 762 eamdem
3590 723 3739 763 com-

2132 792 2535 848 mendationem
2566 793 2804 848 refundit
2832 794 2888 848 in
2920 812 2998 859 se,
3032 795 3218 850 dicens
3256 810 3267 848 :
3301 794 3369 848 Et
3425 796 3551 867 quia
3580 795 3741 850 mini-

2135 888 2245 935 ster
2274 897 2394 934 sum
2434 882 2761 949 testamenti,
2825 883 3101 938 existentis
3157 882 3212 936 in
3269 883 3481 953 spiritu,
3540 884 3733 940 merito

2135 968 2424 1038 spiritualis
2454 970 2937 1025 administrationis
2967 971 3179 1026 habebo
3226 970 3460 1027 166
3480 971 3731 1044 gloriam.

2134 1057 2275 1113 Vere
2321 1058 2646 1113 ministratio
2697 1059 2919 1129 spiritus
2964 1060 3061 1114 erit
3107 1059 3239 1113 mihi
3272 1059 3326 1113 in
3355 1060 3563 1132 gloria;
3610 1060 3733 1131 quia

2133 1145 2453 1200 ministratio
2486 1147 2671 1200 mortis
2700 1145 2799 1208 fuit
2831 1148 3005 1218 moysi
3036 1148 3091 1201 in
3134 1147 3331 1220 gloria.
3366 1149 3481 1203 Hoc
3511 1148 3579 1202 ita
3611 1149 3685 1202 ait
3716 1165 3729 1201 :

2138 1235 2277 1300 Quia
2299 1236 2347 1289 si
2368 1236 2721 1291 ministratio
2745 1237 2966 1302 mort-is,
3000 1236 3056 1290 id
3073 1244 3154 1291 est
3176 1236 3371 1291 veteris
3390 1236 3531 1309 legis
3566 1251 3577 1289 :
3611 1252 3732 1307 quae

2133 1329 2184 1375 et
2234 1322 2675 1392 concupiscentia
2738 1325 2944 1392 majore
2990 1332 3043 1378 et
3091 1340 3233 1379 nova
3282 1324 3731 1394 prmvaricatione

2132 1418 2358 1464 mortem
2410 1410 2725 1466 inferebat:
2784 1412 2858 1478 Si,
2919 1412 3174 1483 inquam,
3235 1412 3556 1467 ministratio
3614 1413 3731 1468 haec

2135 1498 2333 1553 mortis
2366 1500 2575 1554 litteris
2606 1507 2808 1554 tantum
2840 1504 3089 1571 formata
3137 1517 3247 1555 non
3296 1501 3565 1569 adjutorio
3612 1502 3730 1572 spi-

2131 1587 2264 1640 ritus
2297 1586 2535 1656 proﬁcua
2566 1587 2706 1643 facta
2741 1606 2753 1642 :
2788 1587 3019 1643 formata
3066 1589 3185 1644 dico
3238 1590 3298 1644 in
3332 1589 3631 1661 lapidibus.
3667 1591 3729 1643 In

2133 1675 2339 1729 sabulis
2370 1676 2513 1730 enim
2542 1674 2770 1745 lapideis
2798 1676 2883 1731 lex
2909 1677 3081 1747 Moysi
3118 1677 3242 1732 data
3280 1676 3396 1743 fuit,
3430 1685 3486 1731 ut
3516 1677 3727 1750 signiﬁ-

2132 1772 2279 1818 caret
2311 1763 2523 1833 lapidea
2555 1765 2720 1819 corda
2745 1764 3074 1833 judaaorum.
3109 1765 3183 1833 Si,
3218 1765 3455 1836 inquam,
3493 1771 3591 1821 hac
3619 1766 3728 1819 mi-

2131 1851 2371 1906 nistratio
2399 1854 2515 1923 fuit
2546 1853 2718 1923 Moysi
2771 1852 2957 1907 valens
3004 1855 3066 1907 in
3110 1853 3359 1908 habenda
3385 1855 3566 1925 gloria
3597 1874 3615 1909 :
3653 1853 3729 1909 ita

2129 1940 2251 1995 dico
2273 1939 2326 1993 in
2344 1939 2537 2009 gloria,
2558 1944 2622 1995 ut
2642 1942 2751 2009 ﬁlii
2768 1941 2940 2005 Israel
2957 1958 3072 1995 non
3087 1946 3313 2013 possent
3342 1942 3640 1997 intendere
3664 1943 3725 1996 in

2129 2030 2335 2097 faciem
2356 2029 2523 2099 Moysi
2538 2033 2772 2100 propter
2782 2030 3024 2100 gloriam
3046 2031 3234 2085 vultus
3257 2033 3395 2101 ejus,
3417 2046 3537 2101 qua:
3552 2029 3728 2100 gloria

2130 2120 2458 2171 evacuatur.
2508 2117 2661 2171 Hanc
2706 2117 2849 2170 enim
2896 2117 3127 2189 gloriam
3177 2117 3357 2172 vultus
3387 2116 3586 2173 scimus
3617 2117 3724 2173 cito

2129 2202 2372 2273 elapsam
2421 2218 2453 2257 a
2500 2205 2706 2274 Moyse.
2762 2204 2838 2269 Si,
2886 2204 3123 2275 inquam,
3179 2205 3494 2259 ministratio
3535 2206 3724 2260 mortis

2128 2290 2226 2345 fuit
2254 2292 2427 2362 Moysi
2445 2293 2499 2345 in
2524 2300 2670 2346 tanta
2688 2292 2866 2364 gloria
2900 2310 2913 2347 :
2938 2294 3204 2365 quomodo
3231 2294 3582 2349 ministratio
3603 2296 3725 2364 spi-

2128 2382 2295 2445 ritus,
2329 2380 2381 2434 id
2415 2389 2496 2436 est
2525 2381 2811 2453 Evangelii
2860 2398 2980 2436 cum
3026 2398 3133 2453 quo
3186 2398 3288 2453 per
3332 2398 3525 2436 manus
3569 2398 3723 2437 meas

2127 2468 2357 2537 Spiritus
2388 2477 2605 2523 sanctus
2650 2469 3092 2534 administratur;
3144 2470 3417 2541 quomodo
3464 2471 3569 2525 hoc
3606 2486 3722 2525 non

2126 2558 2239 2611 erit
2285 2557 2417 2609 mihi
2460 2559 2638 2628 magis
2682 2557 2871 2612 valens
2913 2559 2976 2611 in
3028 2558 3281 2612 habenda
3337 2559 3517 2628 gloria
3556 2574 3719 2628 quam

2123 2645 2296 2714 Moysi
2317 2645 2344 2699 ‘P
2368 2645 2490 2699 Non
2521 2645 2625 2700 hoc
2655 2646 2783 2700 dicit
2811 2654 2865 2700 ut
2896 2662 2955 2701 se
2987 2647 3181 2701 merito
3228 2646 3477 2716 praeferat
3524 2646 3717 2717 Moysi,

2124 2733 2221 2787 sed
2252 2732 2365 2787 sola
2395 2733 2660 2804 dignitate
2691 2734 2995 2789 ministerii.
3030 2735 3133 2789 Per
3153 2751 3344 2789 manus
3372 2735 3515 2790 enim
3544 2734 3719 2805 Moysi

2122 2829 2397 2891 praecepta
2424 2821 2541 2875 sola
2569 2822 2858 2891 dabantur,
2892 2822 3037 2876 nulla
3080 2823 3259 2893 gratia
3293 2840 3306 2876 :
3340 2823 3436 2877 sed
3468 2838 3500 2877 a
3548 2822 3717 2877 Paulo

2123 2917 2175 2963 et
2202 2917 2477 2979 praecepta
2513 2927 2525 2962 :
2558 2917 2608 2964 et
2636 2926 2737 2981 per
2764 2910 3164 2980 impositionem
3203 2927 3393 2965 manus
3426 2911 3559 2979 ejus,
3593 2926 3716 2983 gra-

2122 2997 2193 3051 tia
2225 2997 2452 3068 Spiritus
2482 2999 2653 3053 sancti
2686 2999 2968 3068 adjuvans,
3002 3007 3059 3053 ut
3089 3016 3209 3070 quae
3238 2999 3712 3069 praecipiebantur,

418 3087 485 3141 Et
515 3086 640 3142 licet
671 3085 803 3139 nihil
824 3083 1148 3139 sufﬁciamus
1170 3100 1235 3137 ex
1257 3082 1431 3150 nobis,
1467 3090 1651 3136 tamen
1680 3080 1973 3135 sufficimus
1998 3100 2011 3147 ;
2042 3055 2087 3115 Ο
2118 3093 2303 3156 posset
2333 3087 2497 3140 homo
2529 3086 2767 3155 Operari.
2801 3086 2937 3155 Quia
2963 3087 3035 3140 ait
3074 3087 3131 3141 in
3173 3086 3366 3142 faciem
3406 3087 3576 3157 Moysi
3604 3102 3714 3141 non

417 3175 514 3231 sed
536 3174 627 3228 illa
649 3175 991 3243 sufﬁcientia
1006 3176 1203 3227 nostra
1219 3186 1326 3225 non
1344 3178 1551 3223 tantum
1573 3169 1869 3239 cogitandi,
1894 3169 2010 3237 sed,

417 3263 553 3317 sicut
581 3261 923 3331 praemissum
954 3267 1056 3325 est,
1098 3259 1294 3313 idonec
1342 3257 1626 3328 operandi.
1678 3256 1868 3312 Omnis
1897 3258 2014 3312 haec

415 3349 734 3406 sufficientia
762 3348 1155 3418 qualiscunque
1187 3347 1272 3414 sit,
1306 3363 1380 3401 ex
1410 3347 1519 3400 Deo
1549 3348 1653 3401 est.

488 3437 898 3493 Commendavit
943 3451 1231 3507 personam
1270 3451 1421 3489 suam
1470 3434 1603 3488 satis
1638 3451 1649 3486 :
1683 3448 1825 3489 nunc
1856 3449 2010 3488 com-

415 3526 637 3581 mendat
664 3523 1022 3579 ministerium
1054 3539 1232 3587 suum,
1266 3522 1410 3593 quod
1455 3522 1649 3575 iterum
1679 3521 2012 3591 retorquebit

413 3614 481 3668 ad
511 3613 1038 3669 commendationem
1057 3611 1159 3677 sui,
1181 3611 1369 3665 dicens
1405 3624 1415 3662 :
1452 3610 1556 3675 Qui
1577 3610 1721 3663 Deus
1749 3610 1892 3679 fecit
1910 3624 2010 3664 nos

411 3703 641 3758 idoneos
693 3702 1006 3756 ministros.
1062 3698 1347 3767 Quomodo
1405 3697 1630 3751 idoneos
1673 3713 1836 3765 supra
1880 3698 2010 3750 satis

413 3790 669 3855 ostendit,
702 3788 797 3843 sed
828 3788 980 3855 cujus
1030 3786 1105 3840 rei
1148 3784 1381 3840 ministri
1424 3785 1548 3849 sint,
1595 3783 1730 3838 illud
1777 3784 2007 3838 subdit:

411 3876 687 3932 Ministros
718 3876 840 3931 dico
871 3877 999 3930 novi
1024 3875 1372 3929 testamenti.
1406 3874 1570 3927 Vetus
1602 3872 2009 3926 Vestamentum

411 3965 563 4034 prius
594 3963 708 4029 fuit,
744 3963 889 4035 quod
917 3971 969 4016 et
1016 3961 1305 4016 delendum
1354 3968 1470 4014 erat
1514 3977 1615 4030 per
1665 3960 1899 4026 Novum,
1957 3968 2009 4014 et

411 4052 659 4108 carnales
687 4050 986 4106 secundum
1029 4048 1397 4105 carnalitatem
1441 4048 1733 4102 instruens.

484 4141 591 4196 Sed
622 4139 981 4212 Evangelium
1011 4144 1389 4194 testamentum
1420 4152 1622 4193 novum
1652 4142 1753 4200 est,
1803 4132 2008 4186 docens

412 4229 749 4285 etinnovans
782 4212 1028 4298 spiritum
1077 4225 1331 4291 hominis,
1382 4241 1483 4280 nec
1532 4224 1638 4278 alio
1684 4228 2007 4277 testamento

406 4317 815 4372 immutandum.
851 4316 1125 4369 Ministros
1173 4313 1294 4369 dico
1340 4312 1481 4368 Novi
1530 4308 1858 4366 Testamenti
1889 4308 2017 4363 exi-'

2114 3190 2277 3246 posse
2311 3174 2594 3228 intendere
2621 3175 2860 3241 Iudaeos,
2895 3175 3112 3247 signum
3141 3183 3256 3230 erat
3286 3175 3431 3246 quod
3462 3174 3712 3245 spiritua-

2114 3278 2199 3316 em
2250 3261 2581 3317 intellectum
2630 3262 2768 3334 legis
2814 3279 3009 3333 capere
3056 3279 3163 3318 non
3210 3270 3507 3333 poterant:
3542 3279 3702 3333 quem

2113 3349 2301 3417 facies,
2334 3350 2386 3403 id
2416 3360 2498 3405 est
2534 3350 2838 3406 intellectus
2887 3351 3059 3421 Moysi
3102 3351 3280 3406 lucide
3325 3351 3707 3423 c0gnoscebat.

2112 3439 2313 3492 Iterum
2344 3438 2485 3509 quod
2516 3439 2687 3508 gloria
2716 3440 2892 3493 vultus
2925 3440 3039 3507 ejus
3071 3448 3333 3494 evacuata
3360 3453 3441 3493 εει
3466 3457 3477 3491 :
3502 3437 3709 3510 signiﬁ-

2110 3526 2252 3581 cavit
2280 3527 2367 3580 illa
2398 3543 2517 3597 quae
2548 3526 2882 3580 ministrabat
2915 3526 3229 3595 temporalia
3273 3542 3415 3591 esse,
3450 3542 3559 3580 non
3587 3543 3710 3595 per-

2110 3614 2399 3680 manentia,
2437 3630 2537 3683 pro
2569 3614 2761 3685 quibus
2794 3615 3143 3683 temporalem
3174 3614 3410 3668 habebat
3452 3613 3703 3683 gloriam.

2108 3703 2246 3757 Vere
2271 3701 2593 3755 ministratio
2625 3701 2845 3771 spiritus
2891 3701 2990 3755 erit
3032 3701 3163 3755 mihi
3206 3702 3260 3755 in
3310 3700 3486 3771 gloria
3520 3720 3533 3766 ;
3581 3716 3709 3754 nam

2109 3789 2486 3843 administrare
2554 3788 2821 3859 spiritum,
2872 3796 2953 3844 est
3000 3789 3379 3844 administrare
3420 3789 3705 3859 justitiam.

2109 3878 2465 3932 Ministerium
2514 3885 2691 3931 autem
2735 3877 2957 3944 justitiaa
3001 3885 3084 3931 est
3120 3877 3307 3933 valens
3356 3877 3410 3931 in
3457 3877 3708 3932 habenda

2108 3965 2302 4035 gloria.
2335 3965 2477 4020 Nam
2508 3967 2557 4019 si
2584 3965 2940 4020 ministratio
2971 3965 3377 4030 damnationis,
3416 3965 3470 4019 id
3501 3973 3583 4020 est
3612 3980 3705 4021 ve-

2107 4053 2239 4107 teris
2267 4053 2425 4123 legis,
2461 4070 2583 4124 quae
2603 4060 2656 4107 et
2673 4061 2955 4123 peccatum
2978 4062 3028 4109 et
3048 4052 3547 4124 pravaricationem
3578 4067 3709 4123 pec-

2108 4141 2211 4197 cati
2241 4141 2402 4207 facit;
2439 4141 2504 4209 si,
2538 4142 2778 4212 inquam,
2810 4142 2925 4196 haec
2973 4142 3292 4195 ministratio
3333 4141 3506 4211 Moysi
3536 4145 3619 4195 est
3649 4138 3705 4194 in

2105 4230 2305 4301 gloria,
2329 4230 2509 4284 multo
2528 4231 2701 4301 magis
2715 4230 3119 4297 ministerium,
3139 4229 3196 4283 id
3208 4237 3290 4283 est
3303 4228 3701 4283 administratio

2100 4317 2320 4385 justitiae
2349 4318 2601 4374 abundat
2628 4317 2757 4371 mihi
2787 4320 2846 4372 in
2875 4319 3081 4388 gloria.
3113 4317 3363 4371 Abundat
3395 4316 3536 4382 ideo,
3570 4315 3700 4387 quia

412 4405 602 4463 stentis
638 4419 648 4458 ε
684 4421 795 4460 ηοη
814 4404 867 4457 in
895 4404 1092 4459 littera
1116 4406 1368 4469 tantum,
1392 4411 1447 4456 ut
1468 4403 1634 4457 Vetus
1669 4400 1798 4454 :sed
1818 4398 1873 4452 in
1893 4399 2004 4468 Spi-
2034 4407 2086 4467 D
2108 4406 2284 4479 gloria
2313 4422 2434 4460 mea
2480 4422 2822 4476 permanens,
2867 4404 2959 4459 illa
3003 4405 3332 4460 transitoria,
3384 4404 3488 4460 Ubi
3538 4420 3701 4474 supra

410 4495 531 4551 ritu
560 4501 613 4547 et
655 4492 855 4546 littera.
916 4493 1080 4547 Vetus
1138 4491 1283 4546 enim
1336 4490 1423 4545 lex
1478 4487 1731 4543 litteralia
1787 4485 2008 4557 quidem

411 4588 683 4653 prmcepta
713 4580 893 4646 debat,
927 4580 1025 4634 sed
1055 4579 1178 4649 quia
1208 4579 1440 4649 gratiam
1488 4576 1720 4647 Spiritus
1767 4589 1877 4628 non
1904 4573 2005 4625 ha-

408 4671 587 4737 bebat,
620 4669 744 4724 ideo
774 4668 949 4740 magis
976 4668 1205 4722 nocebat
1223 4682 1386 4737 quam
1408 4666 1708 4735 adjuvaret.
1736 4663 1862 4716 Ideo
1884 4661 2004 4715 dico

407 4774 610 4814 novum
638 4764 1019 4812 testamentum
1051 4772 1171 4811 esse
1199 4756 1256 4808 in
1304 4754 1528 4825 spiritu;
1563 4752 1687 4823 quia
1716 4750 1762 4804 si
1808 4750 1864 4803 in
1911 4748 2003 4802 lit-

412 4856 529 4902 tera
558 4854 763 4900 tantum
794 4853 955 4910 esset,
998 4843 1294 4900 occideret.
1343 4843 1564 4897 Littera
1594 4840 1746 4896 enim
1777 4836 1997 4901 occidit,

410 4935 503 4990 sed
533 4936 768 5005 spiritus
784 4934 1049 5003 viviﬁcat.
1072 4933 1175 4987 Les
1199 4939 1482 5001 vetusquze
1502 4924 1557 4983 in
1586 4927 1763 4981 littera
1792 4933 2004 4980 tantum

410 5022 695 5087 existebat,
729 5022 981 5077 occidere
1008 5021 1203 5076 dicitur
1238 5037 1250 5073 :
1276 5034 1384 5073 non
1406 5016 1532 5088 quia
1562 5017 1708 5069 Deus
1739 5014 1896 5068 dator
1924 5013 2003 5067 le-

408 5111 516 5184 gis,
551 5110 635 5164 vel
656 5112 869 5180 Moyses
889 5108 1136 5163 minister
1156 5107 1293 5179 legis
1310 5108 1413 5161 hoc
1435 5104 1637 5159 faceret
1672 5118 1683 5155 :
1720 5101 1816 5155 sed
1838 5100 2003 5170 impia

409 5199 696 5255 carnalitas
726 5198 1024 5264 hominum,
1058 5213 1179 5267 quae
1208 5211 1314 5249 non
1346 5192 1647 5264 promeruit
1677 5198 1730 5245 ut
1779 5188 2002 5242 haberet

407 5289 727 5358 adjutricem
776 5287 1011 5358 gratiam
1056 5300 1176 5340 cum
1223 5284 1421 5336 littera.
1473 5280 1606 5348 Quae
1650 5280 1829 5333 littera
1877 5275 2000 5330 ideo

408 5376 623 5445 occidit,
681 5376 806 5446 quia
855 5380 1017 5443 auget
1060 5369 1553 5439 concupiscentiam
1600 5364 1829 5438 peccati,
1871 5364 2001 5418 dum

408 5464 704 5536 prohibet:
754 5469 944 5516 natura
995 5467 1077 5515 est
1122 5456 1267 5514 enim
1315 5464 1517 5513 nostra:
1566 5454 1892 5528 fragilitatis,
1944 5460 2002 5507 ut

2105 4493 2177 4547 ait
2209 4512 2222 4547 :
2256 4493 2573 4548 Ministratio
2604 4493 2814 4558 mortis,
2848 4501 3082 4547 mortem
3112 4500 3391 4563 peccatum
3422 4491 3694 4563 intelligit.

2106 4582 2205 4635 Hic
2234 4589 2413 4636 autem
2434 4597 2529 4649 per
2575 4581 2995 4646 damnationem,
3044 4597 3265 4651 poenam
3311 4580 3523 4651 peccati
3551 4580 3701 4635 acci-

2105 4669 2198 4739 pit.
2234 4670 2373 4723 Vere
2405 4668 2729 4723 ministratio
2772 4684 2891 4722 mea
2936 4669 3171 4722 abundat
3213 4669 3270 4723 in
3318 4668 3489 4740 gloria
3534 4667 3700 4721 multo

2104 4756 2318 4829 magis;
2352 4773 2487 4810 nam
2520 4772 2623 4811 nec
2654 4757 3040 4827 glori/iculum
3071 4761 3173 4823 est,
3208 4757 3262 4811 id
3292 4765 3374 4811 est
3402 4772 3509 4811 non
3540 4755 3703 4810 debet

2104 4844 2211 4899 dici
2240 4842 2602 4916 glorificatum
2633 4844 2735 4899 hoc
2765 4844 2906 4915 quod
2935 4846 3146 4899 claruit
3189 4846 3251 4899 in
3281 4845 3383 4900 hac
3426 4848 3611 4915 parte,
3648 4843 3701 4896 id

2104 4941 2183 4985 est
2205 4932 2259 4984 in
2280 4932 2414 4985 facie
2436 4932 2609 5001 Moysi
2622 4937 2857 5003 prapter
2873 4933 3248 4987 excellentem
3265 4934 3526 5004 gloriam,
3552 4931 3605 4985 id
3618 4938 3700 4985 cst

2102 5020 2169 5074 ad
2186 5019 2651 5089 comparationem
2675 5019 2862 5091 gloriae
2882 5036 3016 5074 mea}
3030 5020 3447 5075 excellentioris.
3469 5019 3565 5074 Vel
3586 5020 3660 5073 ita
3680 5035 3692 5073 :

2101 5109 2224 5163 Non
2268 5108 2429 5162 debet
2473 5107 2577 5162 dici
2627 5106 2985 5179 gloriﬁcatum
3028 5108 3161 5163 illud
3209 5108 3353 5180 quod
3396 5107 3591 5163 claruit
3639 5106 3693 5161 in

2101 5196 2285 5267 Moyse
2314 5196 2370 5249 in
2398 5196 2501 5250 hac
2530 5204 2703 5266 parte,
2736 5196 2791 5250 id
2822 5204 2902 5251 est
2932 5205 3184 5267 respectu
3214 5197 3371 5266 hujus
3403 5213 3537 5251 meae
3563 5211 3696 5266 par-

2102 5284 2167 5337 tis
2201 5300 2212 5337 :
2242 5292 2465 5354 propter
2488 5285 2841 5340 excellentem
2868 5285 3117 5358 gloriam,
3170 5302 3290 5356 qua}
3337 5284 3507 5355 partis
3557 5298 3694 5338 meae

2103 5376 2201 5433 est,
2236 5376 2287 5422 et
2318 5384 2428 5423 non
2455 5369 2623 5439 partis
2663 5369 2851 5440 Moysi.
2889 5370 3027 5425 Vere
3055 5369 3232 5440 gloria
3262 5384 3385 5423 mea
3414 5384 3579 5438 super
3609 5384 3699 5422 ex-

2102 5456 2306 5513 cellens
2336 5464 2435 5524 est,
2469 5472 2596 5513 nam
2626 5472 2749 5513 mea
2778 5464 3059 5528 permanet
3094 5472 3105 5510 :
3137 5456 3228 5511 illa
3268 5464 3450 5513 autem
3477 5455 3692 5511 transit.
