3960 6050
222 161 328 214 233

830 156 1209 213 EXPOSITIO
1249 156 1322 212 IN
1358 156 1739 213 EPISTOLAS
1777 156 2003 213 PAULI.
2035 188 2104 197 —
2132 156 2206 212 IN
2242 155 2456 213 EPIST.
2498 157 2546 211 II
2584 156 2678 213 AD
2711 156 2871 214 COR.

3412 163 3517 221 234

227 285 295 339 Ει
327 298 454 338 vere
482 281 614 338 illud
646 282 793 355 quod
822 290 1004 338 manet
1036 291 1118 338 est
1140 282 1192 337 in
1216 282 1392 356 gloria
1408 282 1560 349 mihi,
1582 283 1631 338 si
1660 283 1828 337 Vetus
1846 284 1901 343 Α
1930 282 2032 339 Ubi
2065 290 2149 338 est
2195 282 2414 353 Spiritus
2463 282 2698 347 Domini,
2746 282 2822 336 ibi
2852 290 2934 337 est
2966 282 3207 339 libertas.
3240 284 3357 339 Nos
3384 301 3517 341 vero

226 372 636 426 Testamentum
661 372 804 444 quod
820 376 1131 428 evacuatur
1147 372 1317 443 Moysi
1332 376 1417 427 est
1432 388 1532 444 per
1545 372 1780 443 gloriam
1806 390 1823 426 :

225 460 374 515 idem
399 461 545 515 valet
566 462 710 532 quod
731 461 782 515 in
806 460 985 532 gloria
1017 478 1029 514 :
1062 462 1247 516 multo
1266 462 1446 532 magis
1466 460 1825 532 Evangelium

226 565 418 603 meum
450 549 591 622 quod
611 553 914 622 permanet
945 554 1029 605 est
1046 548 1177 604 mihi
1204 548 1475 605 sufﬁciens
1491 551 1553 604 in
1572 549 1826 604 habenda

225 639 433 707 gloria.

297 743 606 799 Notandum
647 732 733 799 est
774 744 921 817 quod
950 743 1098 815 prius
1128 744 1201 799 ait
1234 760 1292 799 se
1322 743 1628 800 ministrare
1662 743 1826 815 spiri-

224 841 363 897 tum,
396 849 492 904 per
522 832 769 903 spiritum
798 849 929 889 vero
967 833 1251 902 justitiam,
1286 832 1483 888 deinde
1514 833 1658 904 quod
1692 848 1826 903 per-

221 930 452 988 manet;
503 922 719 992 Moyses
785 938 914 978 vero
980 921 1307 976 ministravit
1356 921 1589 976 litteram
1640 928 1830 977 contra

224 1010 519 1080 spiritum;
553 1010 955 1066 damnationem
986 1018 1176 1064 contra
1201 1009 1486 1079 justitiam.
1536 1010 1652 1066 Hoc
1682 1009 1828 1081 quod

223 1106 542 1164 evacuatur,
575 1106 764 1153 contra
797 1100 899 1154 hoc
931 1097 1076 1169 quod
1103 1106 1401 1169 permanet.
1421 1100 1487 1153 Et
1513 1098 1650 1153 sicut
1671 1098 1829 1152 dam-

227 1186 380 1241 natio
410 1184 633 1242 effectus
673 1194 755 1241 est
803 1187 1033 1257 peccati,
1069 1186 1147 1242 sic
1169 1186 1377 1256 justitia
1407 1185 1632 1242 effectus
1662 1185 1827 1256 spiri-

229 1283 342 1329 tus.
378 1275 674 1346 Hucusque
702 1274 1060 1330 ministerium
1091 1291 1247 1329 suum
1289 1274 1587 1329 ministerio
1628 1274 1829 1329 veteris

224 1363 373 1436 legis
403 1363 657 1434 praetulit,
691 1363 890 1435 ubique
923 1364 1237 1435 deprimens
1282 1364 1512 1435 pseudo,
1560 1362 1651 1435 qui
1681 1371 1829 1419 vete-

226 1468 343 1507 rem
384 1451 567 1524 legem
612 1453 971 1508 reducebant.
1032 1452 1085 1507 Si
1137 1452 1280 1508 enim
1330 1454 1547 1523 Moyses
1582 1451 1831 1506 minister

226 1541 420 1595 mortis
469 1549 551 1595 est
597 1548 650 1596 et
709 1540 1090 1606 damnationis,
1164 1548 1366 1613 quanto
1412 1540 1588 1613 magis
1635 1540 1690 1593 hi
1740 1537 1830 1609 qui

1927 371 2194 426 habemus
2243 371 2489 441 spiritum
2532 370 2785 425 Domini:
2824 372 3100 427 Habemus
3140 373 3349 443 utique.
3379 374 3518 428 Nam

1926 477 2027 515 nos
2058 459 2308 529 discipuli
2339 458 2539 513 Christi
2567 460 2819 514 revelata
2843 461 3011 529 facie,
3036 461 3089 515 id
3111 469 3193 516 est
3222 460 3524 516 illuminata

1926 555 2126 617 mente,
2172 549 2534 619 speculantes
2568 547 2635 601 de
2694 547 2805 603 alto
2836 548 3094 603 virtutum
3129 550 3184 603 in
3223 565 3331 621 quo
3360 548 3523 620 positi

1929 652 2135 690 sumus.
2171 635 2269 689 Vel
2300 637 2683 707 speculantes,
2716 635 2771 690 id
2813 643 2912 701 est,
2946 653 3046 707 per
3075 637 3357 708 speculum
3388 653 3525 692 non-

1929 724 2057 779 dum
2086 723 2327 794 perfecte
2374 724 2666 778 intuentes.
2700 724 2800 778 Vel
2831 726 2934 780 hoc
2964 726 3051 781 vel
3083 726 3175 781 illo
3200 726 3364 781 modo
3393 741 3523 796 spe-

1929 813 2171 868 culantes
2200 813 2439 883 gloriam
2470 813 2714 875 Domini,
2750 812 2805 865 id
2836 821 2919 867 est
2941 814 3237 869 essentiam
3258 814 3480 869 Deitatis
3507 829 3519 867 :

1933 903 2417 971 transformamur
2444 902 2510 955 in
2542 900 2795 955 eamdem
2826 903 3137 971 imaginem
3159 923 3177 959 :
3209 903 3334 974 quia
3365 919 3524 975 quam

1931 989 2196 1044 subtiliter
2217 988 2465 1043 Christus
2482 988 2780 1058 scripturas
2801 989 3066 1061 intelligit,
3092 992 3236 1046 idem
3247 1008 3347 1062 per
3368 992 3527 1062 spiri-

1930 1087 2044 1133 tum
2066 1093 2166 1133 nos
2189 1076 2389 1132 docuit.
2415 1075 2945 1132 Transformabimur
2965 1079 3177 1149 plenius
3197 1080 3525 1136 resumendo

1929 1165 2424 1237 impassibilitatem
2452 1164 2701 1219 eamdem
2731 1173 2783 1219 et
2809 1166 3286 1223 immortalitatem.
3320 1169 3525 1223 Trans-

1931 1256 2226 1310 formamur
2246 1253 2369 1307 dico
2391 1270 2425 1307 a
2446 1252 2714 1307 claritate
2737 1254 2962 1324 virtutis,
2988 1256 3165 1311 eundo
3180 1257 3243 1310 in
3262 1256 3525 1325 majorem

1930 1345 2281 1399 claritatem.
2314 1339 2459 1396 Vela
2482 1339 2725 1395 claritate
2742 1340 2867 1397 ﬁdei
2890 1351 2941 1397 et
2962 1344 3095 1414 spei,
3122 1360 3239 1415 qum
3258 1360 3403 1400 nunc
3419 1352 3522 1411 est,

1930 1430 2175 1486 translati
2204 1431 2260 1483 in
2289 1428 2591 1485 claritatem
2620 1429 2720 1496 rei,
2753 1438 2810 1484 ut
2855 1431 3138 1487 videamus
3165 1433 3335 1487 Deum
3368 1432 3525 1487 sicuti

1933 1527 2033 1575 est.
2048 1517 2533 1583 Transformamur,
2557 1516 2799 1587 inquam,
2828 1534 2861 1573 a
2881 1519 3126 1575 claritate
3147 1520 3201 1574 in
3223 1520 3526 1576 claritatem

224 1637 385 1683 tanta
414 1628 731 1701 indignitate
763 1628 1051 1684 inferiores
1082 1606 1204 1683 sunt
1234 1630 1345 1700 MO}
1362 1630 1465 1684 se?
1496 1606 1634 1696 Quia
1655 1606 1829 1682 excel-

1940 1613 2207 1679 tanquam
2255 1624 2289 1661 a
2334 1606 2553 1677 Spiritu
2585 1606 2830 1672 Domini,
2856 1607 2911 1663 id
2933 1616 3033 1673 est,
3071 1617 3271 1679 quanto
3308 1609 3526 1681 dignius

227 1717 437 1772 lentem
490 1717 720 1788 gloriam
766 1726 1146 1787 exspectamus
1181 1734 1193 1770 :
1226 1718 1406 1789 igitur
1428 1733 1529 1772 nos
1561 1717 1827 1772 habentes

228 1807 409 1860 talem
464 1822 617 1876 spem
662 1804 895 1876 (scilicet
933 1805 1301 1876 permanentis
1345 1806 1558 1875 glorim)
1608 1806 1829 1860 utimur

224 1895 419 1949 multa
446 1893 653 1963 ﬁducia
685 1913 703 1948 :
736 1909 845 1948 non
896 1893 1258 1964 reprimentes
1302 1894 1531 1949 verbum
1581 1893 1680 1947 Dei
1709 1891 1825 1947 for-

225 1983 436 2037 midine
518 1983 888 2054 cujuscunque
971 1981 1336 2037 difﬁcultatis.
1414 1982 1627 2037 Utimur
1704 1981 1828 2052 qui-

226 2071 357 2125 dem
406 2068 604 2125 fiducia
656 2087 669 2123 :
723 2074 780 2125 et
827 2086 945 2124 non
990 2069 1218 2124 facimus
1263 2071 1412 2125 sicut
1460 2070 1681 2140 Moyses,
1737 2068 1828 2139 qui

222 2158 472 2229 ponebat
501 2159 757 2213 velamen
780 2174 947 2229 super
965 2160 1178 2228 faciam
1198 2175 1363 2213 suam
1387 2159 1585 2227 (Exod.
1622 2171 1824 2222 xxxxv,

228 2248 364 2315 33);
397 2247 537 2311 ideo,
589 2251 653 2302 ut
702 2262 819 2301 non
868 2248 1234 2302 intenderent
1283 2247 1394 2315 ﬁlii
1436 2246 1609 2301 Israel
1640 2247 1702 2299 in
1734 2248 1828 2315 fa-

229 2336 379 2390 ciem
429 2336 548 2405 ejus
582 2354 599 2389 :
630 2334 772 2407 quod
815 2334 1063 2389 velamen
1112 2334 1276 2389 modo
1320 2350 1420 2405 per
1466 2332 1830 2404 Evangelium

229 2432 484 2477 nostrum
530 2426 857 2479 evacuatur.
910 2424 969 2476 In
1017 2421 1316 2494 Evangelio
1387 2422 1532 2476 enim
1582 2420 1826 2491 aperitur

233 2511 503 2582 quidquid
522 2512 579 2565 in
601 2509 789 2582 figuris
806 2510 1006 2566 veteris
1027 2510 1166 2582 legis
1183 2509 1560 2565 claudebatur.
1613 2509 1830 2564 Diceret

239 2598 475 2656 167
510 2599 603 2654 ille
629 2614 641 2653 :
666 2598 845 2667 Quare
870 2598 1006 2654 dicis
1035 2599 1285 2654 velamen
1314 2598 1454 2671 legis
1485 2605 1826 2668 evacuatum,

231 2704 357 2760 quae
388 2687 523 2743 sicut
552 2688 704 2759 prius
734 2688 806 2741 ita
837 2695 889 2743 et
918 2703 1064 2743 nunc
1093 2688 1418 2742 obscuratur
1437 2688 1465 2742 il
1496 2687 1696 2741 Contra
1726 2686 1830 2741 hoc

232 2777 433 2831 Paulus
466 2794 479 2830 :
512 2777 847 2831 Evacuatum
895 2784 978 2831 est
1009 2776 1231 2846 quidem
1260 2776 1511 2831 velamen
1541 2775 1699 2847 legis,
1735 2774 1832 2830 sed

230 2882 436 2920 sensus
461 2864 748 2935 impiorum
778 2871 1002 2935 peccato
1032 2862 1361 2919 inﬁdelitatis
1381 2868 1520 2919 sunt
1540 2864 1739 2918 obtusi.
1764 2863 1832 2917 Et

1930 1705 1983 1753 et
2011 1696 2189 1767 magis
2232 1693 2456 1767 egregie
2494 1692 2711 1762 spiritus
2742 1695 2957 1750 Domini
2985 1696 3129 1752 valet
3158 1698 3262 1753 hoc
3292 1696 3521 1754 etiicere.

2545 1803 2772 1858 CAPUT
2803 1801 2874 1855 IV

2003 1912 2026 1943 ι
2076 1892 2204 1948 Ideo
2266 1893 2530 1949 habentes
2591 1894 2731 1947 hanc
2790 1889 3328 1960 administrationem,
3374 1890 3526 1960 juxta

1932 2002 1954 2031 ι
1992 1981 2139 2051 quod
2191 1981 2624 2038 misericordiam
2673 1977 2814 2052 [Dei]
2859 1979 3135 2034 consecuti
3175 1995 3379 2045 sumus,
3412 1994 3523 2033 non

1934 2090 1955 2119 ‹
1991 2068 2292 2137 deﬁcimus,
2346 2071 2441 2126 sed
2489 2069 2804 2125 abdicamns
2834 2067 3044 2122 occulta
3075 2066 3382 2136 dedecoris,
3415 2082 3525 2121 non

1934 2180 1954 2203 α
1991 2158 2332 2214 ambulantes
2363 2160 2418 2213 in
2448 2157 2662 2225 astutia,
2694 2171 2871 2227 neque
2901 2155 3266 2210 adulterantes
3295 2155 3526 2210 verbum

1934 2268 1955 2293 α
1992 2247 2091 2301 Dei
2129 2262 2141 2299 :
2176 2248 2269 2302 sed
2303 2247 2357 2301 in
2388 2246 2821 2301 manifestatione
2850 2243 3112 2308 veritatis,
3145 2242 3522 2299 commendan-

1933 2357 1955 2381 α
1992 2342 2073 2393 tes
2101 2336 2464 2406 nosmetipsos
2495 2336 2565 2389 ad
2594 2349 2815 2389 omnem
2837 2331 3227 2387 conscientiam
3246 2331 3525 2386 hominum

1934 2442 1957 2473 ι
1992 2438 2177 2478 coram
2209 2425 2343 2479 Deo.
2379 2423 2518 2492 Quia
2535 2423 2581 2477 si
2602 2422 2765 2477 etiam
2793 2428 3044 2492 Opertum
3066 2427 3148 2475 est
3167 2419 3525 2491 Evangelium

1938 2534 1958 2557 α
1993 2520 2256 2577 nostrum,
2288 2512 2345 2566 in
2372 2511 2456 2565 his
2488 2511 2579 2581 qui
2604 2516 2850 2581 pereunt,
2885 2517 2967 2564 est
2994 2516 3241 2579 opertum
3275 2523 3286 2561 :
3320 2508 3375 2561 in
3406 2506 3525 2578 qui-

1935 2620 1956 2650 ι
1996 2600 2097 2654 bus
2128 2600 2274 2655 Deus
2323 2600 2484 2668 hujus
2524 2599 2707 2654 saeculi
2752 2598 3042 2653 excaecavit
3084 2604 3295 2652 mentes
3323 2594 3521 2651 inﬁde-

1936 2712 1956 2735 α
1995 2688 2154 2757 lium,
2189 2696 2246 2742 ut
2274 2704 2381 2743 non
2430 2688 2639 2760 fulgeat
2665 2686 2989 2741 illuminatio
3015 2684 3301 2758 Evangelii
3331 2684 3523 2757 gloria

1935 2797 1957 2827 ι
1995 2772 2223 2843 Christi,
2259 2776 2348 2848 qui
2378 2784 2459 2831 est
2488 2776 2673 2848 imago
2702 2773 3028 2848 [invisibilis]
3059 2774 3184 2829 Dei.
3222 2773 3344 2829 Non
3376 2774 3522 2829 enim

1936 2866 2357 2936 «nosmetipsos
2403 2865 2788 2936 praedicamus,
2854 2863 2951 2917 sed
3001 2863 3185 2918 Jesum
3247 2862 3523 2917 Christum

230 2970 360 3008 vere
391 2952 568 3007 obtusi
601 2971 613 3006 :
649 2969 775 3008 nam
805 2968 838 3007 a
872 2961 1112 3023 tempore
1136 2952 1276 3007 datm
1292 2951 1432 3023 legis
1454 2968 1627 3023 usque
1649 2953 1710 3007 in
1735 2949 1830 3005 ho-
1855 2992 1900 3052 Ο
1939 2974 1959 3004 ι
1996 2953 2287 3008 Dominum
2315 2960 2586 3007 nostrum.
2627 2953 2741 3007 Nos
2769 2958 2949 3005 autem
2971 2966 3158 3005 servos
3180 2957 3393 3005 vestros
3423 2964 3523 3021 per

232 3042 502 3097 diernum
524 3041 671 3097 diem
694 3057 898 3108 meum,
930 3041 987 3095 id
1016 3042 1272 3096 velamen
1294 3040 1473 3110 ipsum
1490 3039 1647 3110 quale
1678 3040 1832 3109 prius

232 3138 373 3195 erat,
399 3134 593 3185 manet
613 3130 669 3184 in
688 3128 919 3185 lectione
953 3128 1165 3185 Veteris
1186 3127 1513 3182 Testamenti
1536 3144 1650 3183 non
1682 3143 1833 3182 reve-

234 3219 443 3274 latum.
478 3218 613 3272 Cum
642 3218 785 3272 enim
815 3215 1129 3271 inﬁdelibus
1161 3223 1501 3287 exponuntur
1521 3214 1710 3287 ﬁgura}
1741 3231 1835 3271 ve-

234 3307 366 3361 teris
398 3306 558 3376 legis,
594 3305 881 3360 inﬁdelitas
908 3305 1110 3361 claudit
1134 3304 1302 3360 corda
1334 3320 1540 3371 eorum,
1563 3311 1613 3357 et
1642 3303 1720 3358 sic
1748 3319 1837 3357 ve-

234 3394 417 3449 lamen
446 3394 586 3467 legis
606 3410 716 3449 non
746 3403 828 3449 est
856 3393 965 3448 illis
994 3393 1312 3448 revelatum.
1346 3393 1469 3447 Non
1491 3391 1617 3463 quia
1646 3391 1834 3446 Evan-

232 3483 441 3556 gelium
487 3491 733 3538 nostrum
782 3483 885 3537 hoc
931 3482 1295 3537 velamentum
1326 3496 1433 3535 non
1470 3478 1703 3547 auferat,
1738 3480 1836 3534 sed

235 3569 508 3639 quoniam
532 3583 642 3621 non
662 3567 925 3622 accedunt
950 3567 1019 3620 ad
1037 3566 1311 3621 Christum
1335 3581 1347 3619 :
1371 3566 1435 3619 in
1458 3580 1564 3636 quo
1591 3564 1833 3633 Christo,

233 3656 292 3710 id
323 3664 407 3710 est
437 3656 492 3709 in
522 3654 629 3710 ﬁde
660 3656 833 3724 cujus,
868 3658 1180 3710 evacuatur
1209 3655 1313 3709 hoc
1362 3653 1633 3708 velamen.
1669 3652 1835 3707 Vela-

234 3760 364 3798 men
393 3743 613 3815 quidem
656 3751 738 3798 est
785 3744 969 3798 Veteri
1009 3743 1378 3808 Testamento,
1413 3757 1521 3796 non
1552 3741 1675 3795 ideo
1705 3740 1838 3811 quin

236 3834 411 3887 Vetus
452 3832 857 3886 Testamentum
906 3848 1006 3901 per
1050 3830 1410 3903 Evangelium
1449 3836 1697 3900 apertum
1746 3828 1833 3893 sit,

234 3920 333 3976 sed
362 3920 491 3992 quia
520 3936 691 3992 usque
718 3921 781 3974 in
813 3920 1148 3975 hodiernum
1179 3920 1348 3983 diem,
1382 3934 1511 3973 cum
1545 3918 1758 3987 legitur
1786 3923 1839 3970 et

236 4008 531 4079 exponitur
554 4008 633 4062 eis
666 4025 679 4061 :
712 4009 935 4081 Moyses,
964 4009 1216 4063 velamen
1238 4005 1572 4061 inﬁdelitatis
1593 4010 1679 4060 est
1697 4004 1841 4076 posi-

240 4101 364 4152 tum
381 4113 552 4168 super
570 4096 915 4167 impcnnitens
938 4111 1034 4151 cor
1054 4111 1268 4159 eorum,
1289 4094 1432 4166 quod
1446 4093 1694 4149 velamen
1717 4108 1842 4149 eva-

236 4192 462 4241 cuatum
493 4193 577 4239 est
605 4186 659 4239 in
689 4184 933 4250 Christo,
963 4184 1030 4237 ad
1060 4200 1222 4255 quem
1253 4182 1495 4239 converti
1522 4182 1733 4237 nolunt.
1772 4181 1843 4235 Et

238 4272 389 4344 quod
422 4272 494 4327 ita
541 4272 830 4328 dicendum
860 4272 946 4339 sit,
981 4288 1220 4343 sequens
1262 4271 1443 4325 littera
1472 4269 1646 4324 innuit
1680 4285 1692 4323 :
1724 4270 1838 4325 Ve-

239 4360 427 4415 lamen
457 4377 619 4432 super
648 4376 741 4415 cor
769 4377 981 4427 eorum,
1015 4360 1136 4432 quia
1166 4375 1274 4414 non
1304 4358 1569 4415 accedunt
1585 4358 1653 4412 ad
1684 4356 1838 4411 Chri-
1857 4344 1910 4404 D

242 4457 387 4503 stum
414 4449 537 4505 :sed
550 4466 679 4505 cum
701 4450 958 4506 conversi
969 4449 1191 4521 fuerint
1210 4448 1282 4503 ad
1304 4448 1625 4512 Dominum,
1666 4446 1843 4501 ablato

239 4539 393 4609 prius
426 4537 694 4593 velamine
723 4538 905 4594 cordis
935 4553 1001 4593 ex
1025 4553 1132 4608 quo
1156 4537 1395 4591 animum
1417 4533 1716 4606 paenitendi
1745 4535 1843 4588 ha-

242 4626 481 4680 buerunt
509 4644 524 4691 ;
557 4630 854 4697 auferetur
876 4626 1071 4681 deinde
1089 4627 1347 4681 velamen
1369 4622 1761 4695 intelligentiae,
1791 4629 1845 4677 et

244 4722 435 4784 aperte
466 4722 801 4787 cognoscent
844 4714 1107 4785 mysteria
1153 4712 1312 4785 legis.
1364 4712 1525 4777 Vere,
1560 4710 1686 4782 quia
1714 4726 1845 4766 con-

248 4810 528 4858 vertentur
544 4804 615 4857 ad
636 4803 943 4867 Dominum,
971 4800 1248 4856 auferetur
1277 4799 1545 4855 velamen.
1570 4801 1711 4855 Nam
1740 4800 1845 4853 Do-

244 4893 442 4946 minus
474 4895 559 4947 est
590 4892 863 4964 spiritus:
888 4891 981 4946 ubi
1001 4894 1196 4946 autem
1216 4890 1453 4960 spiritus
1476 4895 1557 4943 est
1596 4889 1841 4955 Domini,

242 4978 299 5033 id
346 4988 447 5048 est,
501 4979 721 5049 spiritus
764 4979 1029 5033 Dominus
1077 4976 1417 5032 intransitive
1461 4975 1701 5041 dictum;
1757 4974 1845 5030 vel

246 5068 473 5138 spiritus
501 5068 718 5123 Domini
747 5067 1049 5133 transitive,
1084 5067 1231 5121 Deus
1264 5065 1410 5120 enim
1441 5064 1681 5136 seipsum
1702 5063 1795 5117 dat
1830 5080 1843 5117 :

246 5156 339 5210 ubi
370 5165 551 5211 autem
587 5165 669 5211 est
698 5156 917 5227 spiritus
949 5154 1185 5221 Domini,
1232 5155 1310 5210 ibi
1341 5162 1547 5209 remoto
1577 5151 1847 5208 velamine

247 5253 332 5299 est
365 5247 598 5301 libertas
644 5244 1034 5315 intelligentia.
1069 5242 1227 5311 Quod
1257 5242 1302 5296 si
1332 5243 1595 5297 Dominus
1626 5246 1708 5296 est
1738 5238 1847 5311 spi—

248 5333 407 5399 ritus,
441 5333 661 5403 spiritus
689 5341 867 5387 autem
900 5332 1073 5387 aufert
1103 5330 1373 5397 velamen,
1407 5330 1539 5402 quia
1570 5337 1653 5385 est
1680 5328 1847 5382 liber-

246 5430 352 5489 tas,
385 5421 552 5495 igitur
578 5421 860 5478 conversis
881 5420 952 5476 ad
973 5420 1263 5476 Dominum
1287 5418 1558 5475 auferetur
1575 5417 1844 5474 velamen.

612 5528 853 5584 Parnon.
888 5527 1067 5584 CLIII.

1944 3063 1965 3092 ι
2003 3042 2203 3110 Iesum,
2241 3040 2495 3112 quoniam
2539 3042 2687 3095 Deus
2724 3038 2816 3110 qui
2863 3038 2995 3093 dixit
3037 3038 3106 3093 de
3154 3037 3396 3093 tenebris
3442 3038 3524 3093 lu-

1940 3152 1961 3181 (
1987 3147 2113 3185 men
2144 3129 2546 3200 splendescere,
2599 3129 2718 3200 ipse
2756 3126 2931 3181 illuxit
2958 3126 3014 3181 in
3043 3127 3295 3181 cordibus
3322 3126 3523 3181 nostris

1940 3239 1963 3268 ι
1997 3218 2066 3272 ad
2112 3217 2561 3272 illuminationem
2602 3216 2844 3271 scientiae
2884 3214 3139 3271 claritatis
3168 3214 3266 3269 Dei
3302 3213 3358 3268 in
3387 3213 3523 3270 facie

1941 3327 1963 3356 ¢
1998 3305 2124 3360 Jesu
2169 3305 2388 3359 Christi.
2442 3305 2718 3359 Habemus
2786 3312 2964 3358 autem
3007 3305 3317 3359 thesaurum
3364 3303 3527 3358 istum

1941 3416 1963 3444 «
1999 3394 2054 3447 in
2083 3393 2230 3449 vasis
2272 3391 2561 3458 ﬁctilibus;
2591 3400 2649 3446 ut
2696 3391 3000 3446 sublimitas
3047 3392 3116 3446 sit
3162 3392 3372 3447 virtutis
3401 3391 3522 3458 Dei,

1941 3505 1963 3529 α
2000 3489 2051 3536 et
2082 3497 2191 3535 non
2219 3496 2285 3535 ex
2313 3480 2490 3535 nobis.
2540 3481 2599 3533 In
2644 3480 2896 3533 omnibus
2936 3479 3337 3535 tribulationem
3382 3480 3527 3550 pati-

1943 3590 1964 3619 α
1998 3586 2142 3639 mur,
2178 3569 2276 3623 sed
2310 3584 2420 3622 non
2465 3567 2855 3640 angustiamur.
2905 3566 3251 3637 Aporiamur,
3293 3568 3389 3622 sed
3417 3583 3527 3622 non

1944 3678 1965 3707 α
2001 3656 2363 3711 destituimur.
2405 3656 2847 3711 Persecutionem
2875 3655 3129 3726 patimur,
3164 3655 3261 3711 sed
3290 3670 3398 3711 non
3432 3655 3529 3711 de-

1945 3764 1964 3788 u
2002 3740 2382 3811 relinquimur.
2424 3739 2802 3806 Humiliamur,
2848 3740 2945 3795 sed
2974 3754 3083 3794 non
3122 3738 3525 3795 confundimur.

1945 3850 1967 3879 α
1999 3828 2314 3896 Dejicimur,
2367 3827 2465 3883 sed
2508 3828 2617 3883 nod
2659 3827 2920 3898 perimus.
2972 3828 3200 3898 Semper
3227 3826 3530 3882 mortiﬁca-

1944 3940 1965 3965 α
2002 3918 2204 3971 tionem
2232 3916 2362 3971 Jesu
2390 3915 2590 3971 Christi
2639 3915 2695 3969 in
2742 3930 2972 3986 corpore
3017 3923 3209 3971 nostro
3237 3915 3532 3972 circumfe-

1946 4027 1969 4056 α
2003 4013 2183 4060 rentes
2219 4020 2231 4057 :
2266 4012 2325 4059 ut
2362 4003 2598 4060 168
2621 4011 2675 4059 et
2702 4004 2814 4059 vita
2841 4005 2968 4060 Jesu
2992 4003 3048 4058 in
3076 4004 3396 4075 corporibus
3424 4020 3531 4063 no-

1946 4117 1967 4141 ‹‹
2006 4094 2134 4148 stris
2162 4092 2556 4148 manifestetur.
2592 4093 2822 4163 Semper
2849 4092 2994 4147 enim
3021 4108 3123 4148 nos
3154 4093 3247 4165 qui
3276 4093 3528 4161 vivimus,

1947 4206 1967 4229 α
2005 4182 2063 4236 in
2101 4189 2333 4237 mortem
2383 4180 2650 4235 tradimur
2694 4188 2921 4252 propter
2959 4181 3145 4237 Jesum
3177 4198 3190 4236 :
3224 4188 3282 4236 ut
3328 4189 3380 4237 et
3423 4181 3533 4237 vita

1950 4291 1972 4319 ι
2005 4270 2132 4324 Jesu
2174 4268 2550 4323 manifestetur
2592 4268 2649 4322 in
2688 4283 2851 4324 carne
2898 4277 3087 4342 nostra
3114 4268 3349 4324 mortali.
3380 4270 3531 4342 Ergo

1947 4380 1967 4406 ι
2002 4373 2149 4413 mors
2180 4357 2233 4410 in
2284 4356 2443 4411 nobis
2474 4364 2747 4426 operatur,
2780 4356 2887 4411 vita
2912 4340 3091 4412 autem
3120 4357 3176 4411 in
3206 4357 3383 4413 vobis.
3416 4340 3533 4412 Ha-

1948 4467 1969 4497 α
1996 4446 2187 4501 bentes
2216 4452 2397 4500 autem
2437 4445 2691 4500 eumdem
2735 4445 2979 4516 spiritum
3023 4444 3168 4509 ﬁdei,
3213 4445 3353 4502 sicut
3390 4446 3533 4503 scri-

1948 4556 1970 4585 α
2004 4543 2157 4605 ptum
2207 4541 2288 4589 est
2344 4550 2356 4587 :
2410 4533 2628 4589 Credidi
2688 4540 2910 4604 propter
2961 4534 3106 4605 quod
3153 4534 3365 4590 locutus
3412 4549 3534 4589 sum

1951 4645 1972 4667 α
2004 4624 2179 4693 (Psal.
2213 4636 2342 4691 cxv,
2380 4620 2451 4690 1),
2491 4645 2512 4671 »
2548 4629 2599 4676 et
2627 4638 2727 4677 nos
2749 4622 3043 4689 credimus,
3067 4630 3289 4693 propter
3309 4622 3455 4693 quod
3484 4629 3538 4677 et

1950 4732 1971 4761 α
2006 4711 2279 4781 loquimur
2313 4726 2324 4765 :
2361 4709 2615 4778 scientes,
2641 4710 2897 4781 quoniam
2921 4710 3011 4781 qui
3038 4710 3310 4765 suscitavit
3324 4711 3531 4777 Jesum,

1949 4821 1971 4851 α
2007 4807 2061 4854 et
2089 4814 2188 4855 nos
2220 4814 2341 4855 cum
2362 4798 2490 4854 Jesu
2522 4798 2815 4867 suscitabit,
2850 4806 2904 4853 et
2921 4798 3211 4854 constituet
3230 4798 3533 4854 vobiscum.

1951 4912 1971 4935 α
2008 4887 2205 4942 Omnia
2236 4887 2380 4942 enim
2411 4894 2637 4957 propter
2665 4902 2801 4953 vos;
2832 4895 2891 4941 ut
2910 4887 3083 4960 gratia
3106 4886 3407 4952 abundans,
3440 4903 3539 4958 per

1950 4998 1971 5026 ι
2007 4975 2207 5030 multos
2236 4975 2291 5028 in
2335 4975 2633 5047 gratiarum
2678 4974 2909 5040 actione,
2951 4975 3186 5030 abundet
3216 4974 3273 5030 in
3302 4975 3538 5049 gloriam

1950 5087 1971 5111 α
2006 5064 2127 5120 Dei.
2157 5064 2385 5134 Propter
2414 5064 2559 5135 quod
2588 5080 2697 5119 non
2728 5062 3012 5119 deficimus
3047 5079 3058 5117 :
3092 5064 3190 5120 sed
3219 5064 3347 5121 licet
3374 5065 3422 5119 is
3451 5062 3540 5131 qui

1951 5173 1974 5203 ε
2007 5151 2141 5207 foris
2173 5158 2256 5207 est
2301 5159 2486 5207 noster
2521 5154 2684 5207 homo
2725 5160 3121 5222 corrumpatur,
3156 5160 3339 5208 tamen
3368 5152 3415 5207 is
3446 5151 3538 5223 qui

1953 5260 1975 5290 α
2009 5239 2152 5294 intus
2180 5247 2280 5308 est,
2314 5247 2603 5295 renovatur
2633 5240 2699 5295 de
2731 5240 2818 5295 die
2848 5239 2901 5295 in
2929 5240 3094 5296 diem.
3131 5241 3189 5296 Id
3220 5241 3365 5297 enim
3396 5239 3539 5311 quod

1952 5352 1973 5375 «
2010 5328 2065 5382 in
2095 5328 2353 5399 praesenti
2383 5335 2464 5383 est
2492 5337 2935 5385 momentaneum
2960 5338 3013 5385 et
3032 5330 3155 5386 leve
3177 5328 3537 5385 tribulationis

1951 5438 1973 5468 α
2008 5424 2231 5485 nostrae,
2289 5433 2451 5489 supra
2506 5418 2726 5474 modum
2783 5417 2838 5471 in
2895 5419 3225 5474 sublimitate
3279 5425 3539 5473 aeternum

3156 5529 3185 5577 8
