3960 6050
421 141 525 194 235

934 140 990 193 S.
1026 137 1380 194 BRUNONIS
1437 138 2085 195 CARTHUSIANORUM
2143 140 2627 197 INSTITUTORIS
2681 142 2832 199 OPP.
2890 145 3068 201 PARS
3126 147 3194 201 Il.

3606 153 3709 205 236

426 285 448 309 α
483 262 669 331 gloriae
713 262 927 332 pondus
970 271 1230 332 Operatur
1271 263 1324 316 in
1374 263 1529 318 nobis
1563 278 1575 317 :
1608 279 1715 319 non
1764 272 2010 319 contem-
2039 268 2394 327 Anostrum.
2435 267 2541 321 Nos
2579 272 2770 323 autem
2816 269 3177 337 praedicamus
3228 286 3427 331 servos.
3467 286 3575 326 non
3619 288 3713 326 so-

426 371 447 400 ι
482 351 756 420 plantibus
784 351 942 405 nobis
973 368 1093 422 quae
1114 352 1385 417 videntur,
1411 353 1507 406 sed
1539 369 1657 423 qum
1688 368 1797 407 non
1827 352 2016 406 viden-

427 460 449 488 ι
486 447 586 495 tur.
632 438 766 507 Qua:
819 439 960 493 enim
1006 440 1276 507 videntur,
1343 441 1660 511 temporalia
1709 449 1852 509 sunt,
1893 457 2014 511 quae

431 550 452 574 ιι
488 536 667 582 autem
699 544 809 583 non
838 528 1108 594 videntur,
1144 537 1349 584 mterna
1380 536 1528 583 sunt.
1576 553 1597 577 ι»

1034 735 1352 775 EXPOSITIO.

494 890 563 944 Et
593 889 715 945 ideo
761 889 885 961 quia
934 890 1275 960 speculamur
1303 890 1536 961 gloriam
1568 890 1802 955 Domini,
1836 891 2015 945 eundo

423 993 455 1033 a
472 979 715 1034 claritate
736 978 789 1031 in
807 978 1122 1033 claritatem.
1146 980 1258 1032 Nos
1282 986 1568 1048 propterea
1592 979 1857 1034 habentes
1878 980 2017 1035 hanc

420 1069 909 1122 ministrationem
938 1067 1240 1137 Evangelii,
1278 1082 1386 1121 non
1408 1076 1627 1137 prepter
1652 1068 1900 1123 meritum
1920 1084 2017 1123 no-

424 1163 592 1209 strum
621 1156 781 1209 nobis
813 1155 1084 1221 traditam,
1121 1154 1217 1209 sed
1240 1156 1422 1225 juxta
1440 1156 1581 1226 quod
1602 1159 1891 1211 consecuti
1923 1174 2016 1212 su-

424 1260 552 1298 mus
583 1244 1032 1299 misericordiam
1063 1262 1095 1298 a
1117 1246 1245 1307 Deo,
1271 1260 1386 1297 non
1411 1244 1702 1312 deﬁcimus
1724 1245 1777 1297 in
1798 1245 1901 1299 hac
1916 1245 2016 1299 ad-

421 1331 838 1398 ministratione,
864 1347 1198 1402 quaecunque
1217 1332 1449 1385 adversa
1467 1348 1526 1386 se
1549 1332 1707 1387 nobis
1724 1332 1971 1405 ingerant
2001 1349 2012 1387 :

428 1420 525 1475 sed
554 1421 878 1475 abdicamus
909 1435 1015 1474 non
1048 1419 1223 1473 solum
1254 1428 1460 1489 aperta,
1485 1420 1580 1475 sed
1604 1421 1766 1475 etiam
1796 1423 2019 1477 occulta

368 1518 371 1519 '
426 1508 730 1572 dedecoris,
762 1508 816 1561 id
848 1515 929 1561 est
947 1507 1159 1577 peccati
1177 1508 1452 1561 hominem
1473 1508 1869 1564 dedecorantis.
1905 1510 2018 1564 Nos

427 1596 549 1651 dico
580 1613 695 1651 non
718 1597 1075 1651 ambulantes
1106 1598 1169 1651 in
1199 1599 1414 1653 astutia
1446 1598 1830 1668 extorquendae
1859 1614 2018 1668 pecu-

423 1684 545 1752 niae,
578 1693 635 1738 ut
662 1684 870 1755 pseudo
893 1698 924 1738 a
967 1684 1195 1738 subditis
1232 1700 1243 1737 :
1275 1701 1453 1757 neque
1481 1687 1871 1741 adulterantes
1906 1703 2020 1742 ver-

428 1773 559 1828 bum
590 1776 706 1837 Dei,
760 1781 817 1827 ut
846 1774 1055 1842 pseudo
1081 1792 1093 1838 ;
1126 1774 1240 1839 sed,
1273 1774 1625 1844 praedicando
1654 1776 1715 1829 in
1746 1776 2020 1846 manifes-

429 1862 643 1916 tatione
655 1877 803 1931 purae
820 1863 1079 1916 veritatis
1101 1882 1117 1916 :
1132 1878 1241 1916 non
1258 1863 1401 1917 enim
1420 1871 1476 1916 ut
1497 1863 1573 1916 illi
1593 1879 1847 1918 curamus
1859 1880 2021 1934 appo-

428 1949 528 2005 site
559 1949 706 2020 loqui
738 1950 805 2003 ad
834 1950 1296 2019 persuadendum,
1322 1951 1420 2005 sed
1440 1953 1899 2007 commendantes
1920 1969 2019 2022 pu-

423 2039 581 2093 ritate
610 2037 879 2092 sermonis
910 2046 961 2092 et
989 2038 1111 2093 vitae
1140 2041 1531 2110 nosmetipsos,
1552 2056 1658 2094 non
1682 2040 1750 2094 ad
1776 2040 2014 2108 oculum,

428 2134 484 2181 ut
513 2125 609 2193 illi,
644 2126 740 2179 sed
761 2126 832 2180 ad
853 2141 1075 2180 omnem
1097 2128 1505 2182 conscientiam
1528 2129 1839 2183 hominum.
1873 2128 2021 2183 Licet

429 2214 574 2269 enim
600 2213 770 2268 verbo
810 2229 911 2267 nos
957 2213 1328 2284 insequantur,
1378 2224 1555 2270 tamen
1595 2216 1740 2286 apud
1789 2233 1846 2271 se
1895 2216 2019 2270 lau-

428 2303 556 2356 dant
584 2301 870 2372 puritatem
901 2309 1160 2365 nostram.
1196 2303 1648 2358 Commendantes
1679 2304 1800 2359 dico
1828 2322 2018 2360 coram

429 2392 557 2456 Deo,
592 2390 645 2443 id
671 2398 753 2444 est
779 2389 832 2443 in
878 2390 1222 2460 beneplacito
1269 2391 1367 2445 Dei
1404 2406 1415 2444 :
1449 2392 1533 2447 cui
1562 2392 1780 2462 placere
1809 2394 2016 2463 pseudo

424 2494 635 2549 parum,
670 2486 760 2533 aut
789 2478 920 2532 nihil
953 2487 1165 2533 curent.
1198 2479 1297 2534 Vel
1324 2479 1401 2533 ita
1426 2494 1437 2533 :
1463 2480 1600 2547 Quia
1630 2480 1702 2535 ita
1733 2482 1799 2535 sit
1829 2482 1897 2536 de
1926 2497 2020 2537 no-

425 2567 530 2633 bis,
561 2567 665 2621 hoc
694 2565 816 2621 dico
846 2582 1030 2622 coram
1061 2568 1197 2632 Deo,
1220 2575 1276 2621 ut
1305 2568 1423 2637 ipse
1446 2568 1600 2623 nobis
1621 2569 1774 2625 testis
1802 2570 1888 2637 sit,
1925 2569 2018 2641 qui

425 2655 573 2710 solus
603 2654 813 2710 occulta
842 2662 1031 2709 nostra
1070 2654 1239 2709 novit.

495 2742 636 2811 Quia
665 2742 794 2797 dixit
826 2742 900 2796 ibi
927 2742 982 2795 in
1019 2742 1457 2799 manifestatione
1488 2745 1755 2811 veritatis,
1806 2745 2014 2814 objice-

426 2838 510 2886 ret
532 2831 621 2885 ille
640 2830 963 2901 quibusdam
981 2830 1307 2886 occultatum
1329 2848 1451 2887 esse
1466 2833 1843 2905 Evangelium.
1868 2834 2014 2889 Con-

430 2928 511 2975 tra
542 2919 685 2991 quod
716 2918 790 2973 ait
823 2933 835 2972 :
868 2918 1065 2989 Utique
1094 2934 1193 2974 nos
1224 2921 1667 2993 evangelizamus
1698 2922 1752 2975 in
1779 2922 2014 2978 manife-

2037 1640 2089 1698 B

2110 352 2222 405 lum
2234 353 2379 417 Jesu,
2406 354 2503 409 sed
2521 356 2681 410 etiam
2704 361 2935 421 vestros,
2953 375 3053 429 per
3067 361 3274 424 Jesum,
3296 359 3350 413 id
3373 367 3454 415 est
3477 368 3529 414 ut
3544 360 3713 415 chari-

2114 449 2277 495 tatem
2299 442 2427 496 Jesu
2449 442 2501 497 in
2525 444 2677 499 vobis
2699 444 3047 501 aedificamus.
3073 448 3140 502 Et
3159 448 3349 502 merito
3366 465 3466 519 per
3484 449 3700 503 Jesum:

2114 532 2378 600 quoniam
2391 532 2535 586 Deus
2552 533 2754 587 illuxit
2772 536 2829 588 in
2844 534 3099 590 cordibus
3110 539 3341 603 nostris,
3357 537 3605 607 aperiens
3622 553 3713 592 no-

2118 618 2201 671 bis
2216 621 2477 688 mysteria
2491 636 2588 674 sua
2614 638 2625 673 :
2648 628 2705 673 ut
2717 622 2859 675 docti
2882 622 3050 676 simus
3069 625 3444 696 evangelizare
3457 626 3632 681 vobis.
3651 626 3715 680 Il-

2116 705 2253 759 luxit
2282 707 2427 761 Deus
2450 709 2544 780 qui
2567 708 2742 778 dixit,
2768 710 2821 763 id
2843 718 2926 764 est
2947 711 3039 781 qui
3059 712 3176 766 solo
3196 713 3340 768 dicto
3362 712 3505 778 fecit,
3529 716 3714 785 splen-

2116 794 2338 850 descere
2366 794 2425 851 1
2441 796 2601 851 69
2626 799 2808 852 lucem
2828 798 2893 852 de
2907 801 3170 856 tenebris.
3189 802 3322 855 Cum
3337 802 3479 856 enim
3497 801 3548 854 in
3570 802 3715 872 prin-

2115 882 2258 952 cipio
2308 899 2492 938 massa
2522 885 2686 939 totius
2720 895 2985 942 creaturae
3016 888 3306 943 tenebrosa
3357 898 3520 955 esset,
3568 890 3714 943 nulla

2118 971 2416 1025 formarum
2438 972 2699 1027 varietate
2718 974 2992 1041 distincta,
3019 976 3149 1030 dixit
3186 992 3197 1029 :
3237 998 3257 1026 α
3297 977 3406 1031 Fiat
3439 978 3526 1031 lux
3549 980 3710 1047 (Gen.

2116 1074 2155 1123 ι,
2189 1062 2241 1127 3)
2280 1080 2326 1125 ι,
2360 1067 2412 1114 et
2436 1060 2491 1113 in
2520 1062 2625 1116 hoc
2675 1062 2819 1117 dicto
2851 1064 3104 1118 tenebras
3138 1065 3356 1135 expulit,
3393 1073 3444 1119 et
3474 1064 3600 1121 fecit
3631 1066 3713 1120 lu-

2118 1161 2243 1201 cere
2274 1147 2420 1201 illam
2450 1165 2707 1215 massam,
2744 1168 2866 1221 quaa
2895 1152 2947 1205 in
2979 1169 3145 1206 unum
3176 1154 3400 1208 confusa
3425 1162 3557 1223 erat,
3592 1154 3710 1207 dis-

2118 1236 2388 1290 cernendo
2426 1253 2526 1306 per
2574 1238 2753 1292 varias
2784 1239 3003 1294 formas.
3039 1241 3164 1307 Hic,
3200 1242 3438 1313 inquam,
3475 1244 3623 1297 Deus
3648 1242 3711 1296 i1-

2116 1323 2249 1378 luxit
2263 1323 2315 1377 in
2328 1325 2587 1380 cordibus
2601 1326 2820 1393 nostris,
2838 1329 2909 1383 ad
2928 1331 3413 1385 illuminationem
3431 1332 3706 1396 scientiis,

2116 1411 2169 1465 id
2203 1420 2283 1466 est
2311 1421 2365 1466 ut
2396 1429 2495 1468 nos
2526 1414 2856 1470 illuminaret
2903 1417 2970 1471 de
3001 1417 3225 1472 scientia
3273 1420 3557 1473 claritatis
3587 1419 3706 1487 Dei,

2116 1500 2169 1553 id
2199 1508 2282 1553 est
2324 1500 2520 1557 divinae
2559 1504 2810 1559 essentia
2845 1520 2856 1557 :
2888 1504 2957 1559 de
2986 1522 3089 1577 qua
3136 1521 3237 1561 nos
3266 1506 3571 1561 illuminare
3601 1523 3708 1561 non

2117 1589 2306 1658 potuit,
2339 1589 2442 1642 nisi
2472 1591 2532 1645 in
2581 1593 2747 1660 facie,
2800 1592 2855 1645 id
2902 1600 3000 1659 est,
3052 1594 3108 1647 in
3157 1595 3471 1664 cognitione
3522 1603 3569 1649 et
3602 1594 3709 1649 fide

2123 1675 2332 1732 Christi
2359 1680 2510 1734 Jesu.
2545 1679 2663 1733 Nisi
2695 1679 2839 1735 enim
2870 1682 3118 1736 Christus
3158 1699 3216 1737 se
3249 1683 3405 1737 nobis
3437 1683 3709 1737 visibilem

2120 1766 2451 1831 ostenderet,
2485 1767 2539 1820 in
2582 1784 2687 1839 quo
2739 1776 2851 1823 tota
2895 1769 3102 1838 Deitas,
3152 1787 3493 1842 nequaquam
3524 1771 3707 1826 scien-

2120 1853 2243 1907 tiam
2292 1855 2550 1909 claritatis
2600 1856 2698 1910 Dei
2748 1857 3053 1929 intelligere
3100 1858 3489 1915 sufiiceremus.
3541 1860 3710 1914 Com-

2118 1943 2392 1998 mendavit
2421 1960 2480 1998 se
2512 1944 2642 1998 satis
2674 1946 2970 2000 secundum
3002 1946 3269 2017 spiritum,
3302 1964 3446 2003 nunc
3475 1964 3533 2003 se
3563 1948 3709 2002 mul-

2119 2038 2229 2083 tum
2269 2031 2490 2087 viliticat
2520 2034 2818 2088 secundum
2848 2049 3066 2105 corpus,
3103 2044 3154 2090 et
3183 2053 3280 2105 per
3310 2037 3451 2091 hanc
3480 2035 3710 2092 vilifica-

2118 2118 2321 2173 tionem
2350 2122 2740 2175 commendans
2767 2123 3124 2194 Evangelium
3146 2124 3246 2177 sibi
3278 2124 3556 2179 traditum.
3588 2125 3707 2178 Nisi

2118 2207 2260 2261 enim
2293 2208 2523 2280 gloriam
2556 2210 2840 2282 Evangelii
2888 2211 2972 2265 sui
3022 2212 3325 2267 mirabilem
3355 2213 3705 2282 intelligeret,

2118 2312 2459 2367 nequaquam
2488 2313 2589 2367 pro
2612 2313 2677 2353 eo
2708 2307 2783 2353 tot
2811 2307 2863 2353 et
2896 2308 3035 2354 tanta
3066 2301 3173 2371 pati
3204 2301 3386 2355 vellet.
3421 2302 3703 2355 lllumina-

2117 2384 2193 2439 vit
2222 2401 2322 2439 nos
2352 2386 2497 2440 Deus
2530 2387 2597 2441 de
2627 2386 2853 2441 scientia
2893 2389 3088 2443 divinze
3130 2389 3401 2459 claritatis,
3435 2407 3553 2461 quae
3582 2391 3707 2445 licet

2117 2474 2253 2527 adeo
2284 2474 2447 2545 digna
2478 2474 2565 2539 sit,
2590 2483 2767 2530 tamen
2790 2479 2969 2532 istum
2989 2479 3318 2533 thesaurum
3336 2478 3591 2533 claritatis
3608 2479 3709 2533 Dei

2119 2563 2381 2618 habemus
2412 2579 2511 2618 nos
2540 2565 2603 2618 in
2634 2565 2781 2619 vasis
2810 2566 3097 2633 ﬁctilibus,
3124 2567 3179 2621 id
3208 2575 3289 2621 est
3310 2567 3362 2621 in
3384 2568 3705 2638 corporibus

2116 2650 2334 2705 nostris.
2385 2652 2720 2707 Thesaurum
2781 2653 2919 2709 bene
2974 2662 3149 2710 vocat.
3199 2657 3511 2710 Thesaurus
3559 2656 3704 2711 enim

2117 2746 2217 2803 est,
2250 2739 2393 2811 quod
2424 2740 2667 2811 diligitur
2714 2749 2768 2796 et
2814 2750 3089 2814 erogatur.
3123 2744 3268 2798 Vasa
3299 2743 3514 2814 spiritus
3545 2752 3706 2800 vocat

2116 2842 2348 2897 corpora
2383 2845 2395 2881 :
2428 2829 2559 2898 quia
2588 2829 2808 2899 spiritus
2839 2830 2971 2884 nihil
2988 2840 3329 2901 operaretur,
3351 2832 3452 2886 nisi
3475 2848 3574 2902 per
3601 2833 3703 2887 ad-

2117 2915 2567 2971 ministrationem
2629 2919 3019 2973 membrorum.
3060 2921 3223 2974 Manu
3269 2921 3412 2975 enim
3460 2921 3701 2994 porrigi-

425 2992 1413 3080 statione:quodetiam,si0pertum
1435 3014 1519 3065 est
1537 2992 2083 3081 Evangelimnno-C
2112 3020 2233 3057 mus
2278 3006 2524 3075 pauperi,
2578 3013 2631 3060 et
2674 3006 2750 3061 sic
2807 3007 2863 3060 in
2919 3008 3151 3064 caeteris.
3203 3008 3411 3064 Fictilia
3452 3009 3702 3065 dicuntur

422 3101 626 3161 strum,
654 3096 843 3151 scitote
864 3095 1009 3166 quod
1030 3102 1287 3166 apertum
1318 3100 1399 3151 est
1422 3098 1483 3151 in
1508 3099 1612 3163 his,
1640 3097 1694 3151 id
1716 3106 1799 3153 est
1821 3099 1874 3152 in
1894 3115 2017 3169 pec-

423 3192 544 3240 cato
567 3200 772 3250 eorum,
798 3184 894 3254 qui
913 3199 1013 3253 per
1032 3182 1403 3239 infidelitatem
1422 3190 1667 3257 pereunt
1700 3201 1712 3239 :
1736 3188 1799 3241 in
1822 3188 2016 3259 quibus

421 3272 791 3343 pereuntibus,
824 3272 1129 3327 excwcavit
1158 3277 1377 3328 mentes
1407 3290 1601 3329 eorum
1633 3294 1651 3328 :
1682 3274 1805 3345 quia
1837 3276 2015 3330 adhuc

420 3360 743 3429 infidelium
760 3366 901 3415 Deus
924 3360 1091 3431 hujus
1111 3362 1323 3425 saeculi,
1349 3360 1403 3415 id
1425 3370 1506 3415 est
1525 3362 1793 3428 diabolus,
1822 3363 1912 3433 qui
1931 3363 2014 3417 his

424 3448 517 3520 qui
546 3449 615 3503 de
654 3448 859 3503 mundo
890 3456 1011 3501 sunt
1040 3448 1382 3515 dominatur;
1410 3449 1562 3517 juxta
1600 3450 1731 3503 illud
1768 3465 1779 3502 :
1810 3472 1830 3500 ι
1858 3450 2013 3504 Priu-

420 3554 550 3608 ceps
580 3536 767 3591 mundi
797 3536 955 3605 hujus
986 3536 1231 3603 eiicietur
1262 3538 1446 3603 (Joan.
1481 3553 1583 3601 xu,
1608 3539 1719 3607 31).
1761 3562 1781 3585 ιι
1804 3538 1902 3593 Vel
1924 3539 2012 3593 di-

422 3642 609 3681 camus
642 3643 654 3679 :
688 3626 833 3680 Deus
884 3624 1052 3694 hujus
1096 3626 1308 3689 seaculi,
1354 3625 1409 3678 id
1438 3633 1520 3680 est
1545 3625 1635 3697 qui
1665 3641 1773 3680 non
1804 3634 2012 3681 tantum

421 3713 685 3777 coelestia,
710 3714 807 3768 sed
830 3713 992 3767 etiam
1009 3720 1225 3767 terrena
1240 3713 1531 3784 gubernat.
1546 3714 1663 3768 Fuit
1685 3714 1827 3769 enim
1854 3731 2013 3770 error

421 3801 801 3872 quorumdam,
834 3800 1007 3854 Deum
1037 3800 1282 3855 coelestia
1312 3802 1617 3873 gubernare
1648 3810 1878 3869 tantum,
1912 3812 2014 3857 ter-

419 3906 552 3945 rena
583 3890 702 3946 solo
731 3904 863 3943 casu
892 3887 1123 3943 fortunae
1152 3889 1390 3944 volvere.
1414 3890 1510 3944 Vel
1529 3889 1602 3944 ita
1634 3908 1647 3943 :
1676 3892 1823 3947 Deus
1845 3892 2012 3961 hujus

419 3980 631 4035 saeculi.
676 3976 933 4031 Homines
963 3976 1106 4031 enim
1137 3977 1205 4031 de
1235 3977 1437 4031 mundo
1465 3978 1713 4033 diversos
1745 3980 1846 4033 sibi
1877 3980 2011 4034 deos

419 4067 641 4122 faciunt.
676 4066 773 4120 Hic
815 4064 1092 4119 avaritiam
1132 4064 1277 4129 colit,
1325 4065 1413 4120 ille
1461 4066 1813 4136 voluptatem,
1862 4077 1914 4122 et
1941 4066 2009 4121 ab

418 4154 724 4224 hujusmodi
755 4153 859 4208 deo
889 4160 1249 4207 excaacantur.
1282 4154 1589 4209 Exczecavit
1616 4156 1685 4209 ita
1704 4160 1769 4209 ut
1792 4156 2011 4211 illumi-

416 4246 578 4299 natio
611 4240 913 4313 Evangelii,
947 4241 1000 4294 id
1027 4249 1109 4295 est
1125 4241 1480 4296 illuminatum
1500 4243 1863 4313 Evangelium
1894 4259 2009 4298 non

2115 3100 2339 3162 prepter
2377 3092 2749 3164 fragilitatem,
2800 3096 2945 3166 quod
2977 3097 3124 3152 omni
3155 3097 3487 3167 corruptioni
3518 3099 3702 3166 subja-

2114 3188 2273 3235 ceant
2303 3196 2537 3252 corpora
2582 3190 2789 3237 nostra.
2839 3185 2968 3239 Ideo
2992 3187 3307 3240 thesaurum
3337 3186 3499 3241 istum
3529 3187 3697 3240 habe-

2114 3285 2234 3322 mus
2265 3269 2318 3323 in
2336 3270 2482 3325 vasis
2501 3269 2771 3337 fictilibus,
2799 3277 2867 3327 ut
2882 3276 2957 3328 sit
2979 3275 3299 3329 sublimitas
3323 3277 3554 3330 virtutis
3580 3276 3699 3339 Dei,

2113 3356 2169 3410 id
2198 3365 2279 3411 est
2326 3365 2382 3411 ut
2429 3358 2483 3411 in
2527 3360 2777 3414 omnibus
2825 3360 2917 3431 qui
2961 3362 3099 3416 bene
3147 3370 3441 3433 operantur
3487 3362 3700 3417 virtutis

2112 3446 2209 3500 Dei
2240 3446 2353 3500 sola
2385 3446 2722 3512 sublimetur,
2756 3456 2809 3503 et
2837 3450 3125 3504 extollatur
3157 3468 3169 3504 :
3201 3460 3253 3505 et
3282 3460 3536 3521 appareat
3564 3450 3697 3504 nihil

2114 3549 2235 3588 esse
2283 3551 2349 3589 ex
2415 3534 2571 3589 nobis
2618 3535 2917 3591 fictilibus:
2963 3537 3085 3591 ideo
3127 3547 3444 3607 competens
3489 3537 3587 3591 fuit
3634 3547 3692 3593 ut

2113 3622 2399 3677 thesaurus
2448 3624 2547 3677 Dei
2591 3623 2647 3676 in
2693 3623 2871 3695 fragili
2912 3640 3039 3679 vase
3084 3625 3486 3691 reconderetur,
3534 3642 3603 3680 ne
3653 3625 3699 3679 si

2114 3712 2293 3765 virtus
2321 3710 2554 3764 hominis
2584 3711 2767 3782 aliqua
2797 3719 2964 3780 esset,
3008 3712 3220 3767 incaute
3270 3713 3373 3766 sibi
3402 3720 3696 3783 usurparet

2113 3798 2255 3868 quod
2286 3798 2561 3868 proprium
2591 3801 2692 3854 Dei
2739 3808 2837 3854 est.
2876 3801 3016 3855 Vere
3049 3809 3101 3855 et
3130 3818 3230 3856 nos
3262 3800 3455 3857 ﬁctiles
3486 3819 3694 3870 sumus,

2112 3895 2162 3940 et
2189 3886 2359 3941 virtus
2388 3886 2487 3941 Dei
2520 3895 2601 3941 est
2623 3888 2678 3940 in
2699 3889 2857 3942 nobis
2876 3888 3177 3961 fragilibus.
3204 3892 3339 3944 Nam
3358 3892 3419 3945 in
3442 3892 3702 3948 omnibus

2111 3982 2163 4028 et
2192 3974 2327 4029 locis
2357 3983 2410 4029 et
2439 3975 2605 4030 rebus
2641 3979 2902 4049 patimur
2946 3980 3377 4035 tribulationem
3408 3980 3650 4050 corporis
3684 3998 3697 4034 :

2108 4063 2204 4118 sed
2234 4071 2410 4118 tamen
2441 4081 2556 4120 non
2582 4068 2986 4135 angustiamur
3015 4067 3226 4137 spiritu,
3250 4067 3359 4122 imo
3389 4068 3694 4122 dilatamur.

2109 4153 2147 4206 Α
2154 4154 2465 4223 poriamur,
2501 4153 2553 4207 id
2582 4162 2663 4208 est
2692 4170 3052 4225 pauperamur
3067 4156 3320 4222 exterius,
3348 4157 3443 4212 sed
3464 4174 3579 4212 non
3602 4158 3694 4212 de-

2108 4242 2407 4297 stituimur
2436 4257 2469 4296 a
2494 4243 2608 4298 Deo
2630 4242 2871 4298 interius.
2896 4247 3105 4314 Aporos
3128 4245 3339 4310 Grazce,
3365 4261 3572 4316 pauper
3600 4247 3700 4300 La-

417 4334 655 4403 fulgeat,
693 4330 792 4385 sed
820 4337 1065 4400 Opertum
1096 4330 1165 4382 sit
1193 4331 1332 4385 illis.
1357 4333 1648 4402 Evangelii
1676 4332 1798 4387 dico
1817 4333 2009 4403 gloria:
2028 4343 2080 4401 1)
2109 4329 2237 4384 tine.
2270 4333 2723 4388 Persecutionem
2746 4334 3005 4403 patimur
3030 4333 3098 4387 de
3130 4333 3249 4389 loco
3277 4334 3343 4387 ad
3373 4334 3573 4403 locum,
3604 4334 3699 4389 sed

424 4421 653 4485 Christi,
686 4419 740 4473 id
771 4426 851 4473 est
867 4418 920 4471 in
945 4434 1051 4489 quo
1073 4417 1322 4472 Christus
1344 4419 1619 4490 gloriosus
1636 4420 1967 4490 approbatur
1992 4436 2003 4474 :

419 4510 516 4581 qui
544 4507 784 4562 Christus
809 4511 891 4562 est
922 4508 1103 4577 imago
1134 4508 1251 4572 Dei,
1285 4506 1339 4560 id
1370 4515 1453 4561 est
1483 4517 1884 4577 repraesentans
1912 4524 2011 4563 no-

420 4598 506 4651 bis
536 4598 729 4651 Deum.
760 4596 880 4650 Non
914 4596 993 4651 sic
1030 4594 1233 4667 imago,
1266 4604 1323 4649 ut
1352 4594 1492 4650 filius
1523 4596 1661 4650 alius
1693 4596 1760 4649 sit
1792 4611 1823 4649 a
1854 4598 2009 4651 Patre

420 4685 476 4739 in
507 4683 844 4748 substantia;
878 4683 975 4737 sed
1021 4682 1143 4737 ideo
1190 4683 1403 4754 imago;
1438 4683 1565 4755 quia
1609 4684 1701 4754 qui
1748 4683 1893 4738 videt
1924 4684 2010 4738 Fi-

414 4774 573 4839 lium,
620 4772 767 4826 videt
807 4780 858 4825 et
909 4772 1142 4838 Patrem,
1186 4771 1368 4843 imago
1411 4772 1511 4826 Dei
1557 4770 1843 4827 invisibilis
1892 4790 1904 4826 :
1958 4780 2010 4827 et

422 4862 546 4933 quia
576 4863 723 4915 Deus
753 4860 808 4913 in
836 4868 1033 4914 natura
1071 4859 1297 4914 Deitatis
1346 4859 1652 4925 invisibilis,
1686 4860 1810 4914 ideo
1841 4876 2009 4930 opor-

419 4950 519 5005 tuit
547 4956 604 5002 ut
632 4964 731 5018 per
761 4948 1033 5002 Christum
1076 4945 1230 5002 fieret
1273 4947 1504 5015 visibile,
1539 4947 1682 5019 quod
1733 4948 1786 5002 in
1818 4957 2011 5003 natura

423 5053 518 5091 sua
566 5044 649 5091 est
710 5035 999 5090 invisibile.
1072 5035 1213 5089 Vere
1275 5036 1714 5106 evangelizamus
1780 5036 2009 5107 gloriam

420 5124 635 5179 Christi.
668 5125 809 5180 Nam
838 5140 953 5179 non
972 5123 1347 5194 praedicamus
1387 5124 1773 5193 nosmetipsos.
1811 5123 1905 5177 Vel
1936 5123 2011 5177 ibi

420 5229 586 5283 supra
604 5213 849 5283 jungitur
884 5227 895 5265 :
929 5212 1071 5266 Vere
1116 5226 1224 5265 non
1254 5209 1596 5264 ambulamus
1627 5210 1681 5263 in
1711 5210 1921 5275 astutia,
1953 5218 2012 5265 ut

421 5302 651 5373 pseudo.
685 5302 827 5355 Nam
859 5315 965 5354 non
1011 5297 1390 5368 praedicamus,
1442 5298 1497 5353 id
1536 5305 1617 5352 est
1666 5297 2010 5367 praedicando

419 5390 861 5447 commendamus
891 5386 1275 5457 nosmetipsos,
1295 5386 1350 5441 id
1368 5394 1450 5441 est
1466 5388 1571 5441 hoc
1591 5386 1737 5456 quod
1759 5402 1823 5441 ex
1852 5386 2011 5442 nobis

419 5479 553 5551 ipsis
569 5487 651 5535 est
671 5496 683 5533 :
708 5477 801 5533 sed
820 5475 1181 5549 praedicamus
1198 5477 1387 5532 Iesum
1412 5474 1697 5531 Christum
1708 5476 2012 5533 Dominum

2110 4436 2227 4473 non
2252 4419 2701 4491 derelinquimur
2729 4436 2761 4474 a
2791 4422 2926 4476 Deo.
2960 4422 3286 4491 Dejicimur,
3320 4422 3375 4475 id
3396 4430 3479 4477 est
3498 4423 3695 4477 verbe-

2111 4507 2261 4561 ribus
2290 4509 2703 4577 prosternimur,
2738 4510 2823 4563 vel
2852 4510 2919 4564 de
2950 4509 3059 4564 alto
3087 4510 3507 4581 praecipitamur,
3538 4515 3594 4566 et
3624 4520 3701 4565 ta-

2110 4611 2237 4649 men
2264 4612 2379 4651 non
2403 4598 2674 4668 perimus.
2719 4598 2787 4652 Ut
2828 4596 2991 4651 finem
3022 4597 3234 4665 faciam,
3267 4615 3487 4671 semper
3514 4616 3698 4653 sumus

2111 4684 2573 4753 circumferentes
2616 4686 2719 4739 hac
2747 4684 2872 4741 illac
2900 4685 2954 4739 in
2984 4700 3211 4756 corpore
3240 4695 3427 4743 nostro
3454 4688 3699 4755 mortiﬁ-

2111 4771 2414 4836 cationem,
2456 4770 2510 4825 id
2546 4780 2629 4827 est
2662 4772 2754 4827 illa
2789 4790 2909 4844 quae
2944 4774 3143 4829 faciunt
3184 4784 3412 4830 mortem
3465 4790 3476 4828 :
3528 4776 3699 4831 tribu-

2112 4858 2363 4923 lationes,
2412 4859 2618 4914 scilicet
2637 4877 2756 4931 qua:
2790 4869 3181 4918 suntaccessus
3204 4864 3411 4919 mortis.
3436 4865 3504 4919 Et
3526 4863 3699 4918 debe-

2112 4963 2234 5001 mus
2250 4946 2480 5002 libenter
2490 4947 2601 5017 pati
2617 4965 2629 5001 :
2647 4949 2774 5018 quia
2785 4948 3127 5006 mortificatio
3140 4951 3257 5008 hzec
3275 4960 3355 5007 est
3367 4954 3517 5022 Jesu,
3536 4967 3697 5023 quam

2111 5034 2228 5104 ipse
2258 5035 2475 5104 pertulit
2514 5052 2613 5106 pro
2663 5036 2820 5091 nobis
2855 5054 2866 5091 ε
2899 5046 2951 5093 et
2980 5055 3080 5094 nos
3119 5040 3367 5111 exemplo
3398 5041 3513 5109 ejus
3555 5042 3699 5095 hanc

2112 5121 2557 5178 circumferentes
2592 5139 2601 5176 :
2635 5128 2700 5178 ut
2731 5128 2848 5180 vita
2892 5128 3020 5182 Jesu
3071 5127 3269 5182 Christi
3301 5144 3410 5183 non
3440 5128 3612 5183 solum
3644 5128 3699 5181 in

2112 5210 2398 5265 animabus
2420 5212 2517 5266 sed
2536 5212 2696 5267 etiam
2718 5215 2779 5268 in
2795 5217 3116 5287 corporibus
3132 5218 3343 5272 nostris
3367 5218 3700 5286 manifeste-

2116 5304 2229 5363 tur,
2254 5300 2464 5355 reddita
2486 5302 2643 5356 nobis
2664 5301 3066 5358 immortalitate
3089 5312 3141 5359 et
3162 5304 3614 5375 impassibilitate.
3638 5304 3698 5358 In

2112 5389 2469 5459 depressione
2500 5390 2747 5461 corporis
2792 5392 2875 5446 sui
2905 5392 3083 5447 adhuc
3110 5392 3428 5448 immoratur
3464 5408 3475 5447 :
3507 5401 3697 5449 osten-

2112 5477 2248 5533 dens
2278 5494 2338 5533 se
2367 5479 2483 5535 haec
2514 5479 2697 5536 omnia
2724 5480 2836 5551 pati
2867 5481 2937 5537 ad
2968 5482 3493 5539 commendationem
3521 5483 3702 5539 Evan-
