3960 6050
258 144 368 199 237

862 139 1242 197 EXPOSITIO
1282 141 1355 197 IN
1410 139 1791 198 EPISTOLAS
1845 141 2076 198 PAULI.
2112 170 2181 182 —
2212 141 2285 196 IN
2314 141 2531 197 EPIST.
2567 140 2614 196 II
2652 141 2746 197 AD
2776 139 2935 199 COR.

3443 144 3547 197 238

263 264 399 338 gelii
430 264 513 319 sui
544 272 597 320 et
625 264 813 337 gloria
845 265 1061 332 Christi,
1086 266 1297 322 dicens.
1321 267 1591 323 Benedico
1621 268 1863 322 circum-
1883 270 1939 327 Α
1967 265 2104 335 Quia
2151 265 2424 338 loquimur
2462 265 2730 321 humiliati
2788 281 2975 321 sumus
3030 264 3368 329 verberibus,
3403 264 3552 336 quod

258 356 516 423 ferentes
545 355 1044 422 mortiﬁcationem
1078 370 1090 409 :
1124 372 1226 410 nos
1283 356 1439 411 enim
1484 371 1706 428 semper
1738 359 1864 412 tra-

266 443 479 497 dimur.
514 443 634 497 Non
663 443 734 496 ait
757 458 990 513 semper,
1016 458 1082 497 eo
1108 444 1254 514 quod
1274 444 1411 497 mori
1433 452 1620 514 posset
1641 444 1862 513 sapius,

268 547 434 601 quam
465 531 635 585 semel
669 531 806 585 :sed
854 531 982 602 quia
1028 532 1269 603 quotidie
1324 540 1469 586 tanta
1543 532 1863 603 patiebatur,

266 630 389 685 qua
419 614 590 670 virtus
618 614 853 669 hominis
886 614 1014 686 (nisi
1063 615 1365 685 moriendo)
1397 632 1508 670 non
1563 616 1816 672 evaderet
1851 628 1863 666 :

267 703 370 757 sed
409 719 510 773 per
548 703 798 758 virtutem
831 704 1080 774 spiritus,
1114 704 1310 759 Paulus
1336 704 1391 758 in
1420 704 1619 760 melius
1649 712 1867 759 restau-

266 790 506 846 rabatur.
542 791 1008 847 Mortiﬁcationem
1044 798 1201 848 vocat
1232 792 1636 859 tribulationes,
1670 792 1867 862 quibus

265 878 527 948 paulatim
557 880 883 951 pr0pinquat
913 880 985 935 ad
1015 880 1309 936 interitum.
1344 882 1572 935 Mortem
1620 896 1750 936 vero
1780 880 1868 934 di-

268 966 366 1032 cit,
398 967 647 1021 ultimum
676 968 840 1023 ictum
886 968 941 1022 in
972 984 1078 1041 quo
1108 969 1437 1024 dissolvitur.
1476 971 1602 1035 Nos,
1626 968 1866 1040 inquam,

272 1057 562 1111 tradimur
590 1058 654 1111 in
676 1061 916 1113 mortem
951 1073 964 1112 :
998 1057 1251 1128 superius
1281 1057 1412 1111 dixit
1434 1058 1683 1128 exemplo
1701 1058 1830 1112 Jesu
1857 1073 1868 1112 :

267 1143 360 1197 hic
386 1143 483 1210 ait,
516 1149 748 1216 propter
776 1146 986 1211 Jesum,
1011 1145 1065 1200 id
1095 1153 1177 1200 est
1208 1161 1395 1201 amore
1417 1146 1565 1201 Jesu.
1596 1148 1701 1202 Nos
1723 1145 1866 1211 dico,

275 1232 372 1303 qui
404 1231 531 1287 licet
560 1232 635 1287 ita
663 1233 981 1300 moriamur,
1013 1241 1196 1289 tamen
1220 1234 1467 1303 vivimus,
1494 1234 1548 1288 id
1578 1242 1659 1289 est
1688 1233 1870 1290 vivere

269 1336 562 1390 possemus
620 1320 675 1374 in
734 1322 906 1394 gloria
959 1323 1147 1377 mundi
1180 1339 1191 1377 :
1224 1322 1387 1395 longe
1455 1322 1650 1378 melius
1707 1337 1870 1393 quam

268 1409 485 1479 pseudo
517 1410 685 1465 vestri
717 1410 763 1464 si
789 1410 1141 1467 reticeremus
1187 1428 1308 1482 qua
1344 1411 1592 1466 Christus
1623 1411 1868 1480 injunxit.

271 1497 374 1552 Vel
405 1497 481 1552 ita
516 1512 528 1551 :
560 1498 675 1553 Nos
709 1498 927 1569 quidem
961 1500 1259 1554 secundum
1284 1515 1482 1570 corpus
1524 1500 1790 1554 tradimur
1818 1500 1874 1553 in

1966 362 2146 410 tamen
2175 355 2304 410 inde
2335 354 2603 425 sequitur.
2638 354 2925 409 Credimus
2976 362 3029 409 et
3081 353 3206 408 ideo
3263 352 3551 424 loquimur,

1967 454 2193 516 agentes
2216 444 2353 499 sicut
2385 444 2644 514 scriptum
2667 451 2749 497 est
2774 443 2830 497 in
2861 442 3035 497 David
3070 457 3081 495 :
3120 465 3141 489 «
3179 441 3397 497 Credidi
3421 455 3556 511 pro-

1966 540 2089 602 pter
2129 532 2294 603 quod,
2326 552 2347 581 »
2384 532 2438 585 id
2486 539 2567 586 est
2600 532 2727 603 quia
2781 530 3005 597 credidi,
3051 532 3269 587 locutus
3308 545 3453 584 sum.
3487 529 3555 582 Et

1966 620 2242 675 credendo
2273 627 2323 675 et
2352 619 2626 691 loquendo
2656 619 2917 690 Optimam
2956 618 3206 673 fiduciam
3240 618 3507 673 habemus
3541 634 3554 671 :

1967 711 2209 764 scientes
2241 710 2506 780 quoniam
2536 709 2682 764 Deus
2713 710 2809 780 qui
2839 708 3138 763 suscitavit
3167 708 3357 762 Jesum
3374 705 3558 761 susci-

1973 798 2115 852 tabit
2148 798 2323 853 etiam
2354 813 2474 863 nos,
2510 813 2641 853 cum
2660 798 2791 853 Jesu
2812 797 2934 852 loco
2964 803 3017 851 et
3036 794 3433 849 immortalitate
3454 808 3559 864 po-

1964 886 2174 940 nendos
2210 900 2221 939 :
2255 891 2311 941 et
2340 885 2414 940 ibi
2445 885 2755 953 constituet,
2800 885 2856 940 id
2888 892 2969 939 est
2997 885 3054 938 in
3109 892 3373 939 aternum
3405 898 3557 935 man-

1970 989 2128 1027 suros
2148 973 2365 1029 locabit.
2404 972 2718 1030 Constituet
2746 973 2868 1028 dico
2898 973 3196 1037 vobiscum,
3231 987 3369 1043 quos
3398 985 3555 1041 para-

1970 1070 2056 1116 tus
2078 1070 2177 1127 est,
2204 1062 2251 1115 si
2270 1061 2452 1127 vultis,
2479 1062 2741 1117 suscitare
2758 1077 2881 1117 cum
2904 1061 3053 1115 Jesu.
3078 1060 3207 1115 Ideo
3228 1060 3317 1126 ait,
3341 1075 3442 1114 nos
3471 1074 3563 1113 vo-

1972 1150 2185 1205 biscum
2206 1151 2538 1215 constituet,
2563 1166 2631 1204 ne
2654 1156 2906 1219 putarent
2934 1147 3009 1201 illi
3034 1164 3093 1203 se
3121 1147 3270 1201 nulla
3291 1146 3415 1202 vita
3438 1147 3560 1215 jus-

1968 1238 2083 1292 titia
2115 1238 2375 1309 Apostolo
2406 1254 2569 1307 posse
2595 1236 2871 1308 paciﬁcari
2906 1253 2916 1290 :
2953 1252 3121 1308 quare
3152 1235 3385 1291 ostendit
3416 1234 3563 1305 quod

1970 1343 2079 1382 non
2102 1327 2400 1383 secundum
2420 1326 2708 1398 dignitates
2723 1324 3117 1397 pralationum,
3143 1324 3240 1379 sed
3259 1322 3559 1379 secundum

1971 1416 2178 1471 fructus
2233 1431 2460 1486 operum
2502 1414 2703 1487 singuli
2761 1413 3276 1469 remunerabuntur.
3319 1413 3422 1466 Per
3456 1412 3563 1466 hoc

1974 1504 2137 1559 etiam
2156 1504 2302 1575 quod
2323 1504 2414 1570 ait,
2434 1518 2536 1558 nos
2568 1504 2868 1567 vobiscum,
2902 1501 3129 1556 multum
3173 1517 3268 1557 eos
3298 1499 3463 1555 allicit
3492 1498 3562 1553 ad

267 1595 502 1641 mortem
528 1604 540 1639 :
568 1586 697 1657 quia
726 1595 907 1642 tamen
935 1605 1036 1658 per
1066 1596 1299 1643 mortem
1354 1588 1531 1644 carnis
1574 1588 1768 1643 melius
1797 1587 1871 1643 vi-
1894 1619 1947 1679 Β
1977 1593 2269 1663 appetitum
2291 1592 2534 1661 justitia.
2588 1592 2716 1646 Ideo
2747 1591 2871 1647 dico
2902 1591 3179 1647 vobiscum
3202 1589 3512 1645 constituet
3546 1601 3559 1641 :

269 1675 485 1742 vimus,
521 1674 819 1730 secundum
862 1675 1303 1744 justiﬁcationem
1350 1676 1559 1732 anima.
1618 1676 1716 1732 Vel
1744 1676 1817 1731 ita
1852 1694 1864 1729 :

276 1764 396 1818 Nos
428 1763 649 1835 quidem
685 1764 955 1819 tradimur
998 1765 1053 1818 in
1106 1773 1356 1830 mortem,
1411 1765 1705 1821 secundum
1736 1764 1873 1835 inju-

272 1852 415 1906 riam
446 1852 646 1906 illatam
668 1852 880 1923 corpori
912 1870 926 1907 :
962 1853 1053 1925 qui
1084 1862 1265 1909 tamen
1308 1853 1559 1920 vivimus,
1594 1870 1705 1909 non
1734 1852 1874 1908 deti-

271 1940 486 1996 cientes
517 1957 617 2012 per
646 1941 899 1996 virtutem
930 1941 1049 1997 Dei.
1102 1942 1363 1997 Morimur
1399 1949 1622 2013 propter
1648 1943 1830 1997 Jesum
1859 1956 1871 1995 :

281 2034 351 2084 ut
382 2032 501 2085 vita
531 2032 661 2085 Jesu
696 2032 1109 2101 mani/estetur
1138 2031 1275 2086 sicut
1317 2031 1372 2084 in
1402 2031 1599 2097 anima,
1632 2030 1702 2085 ita
1731 2038 1781 2085 et
1810 2031 1874 2085 in

268 2134 449 2174 car-ne
497 2123 711 2174 nostra.
749 2118 898 2173 Idem
929 2118 984 2172 in
1043 2119 1369 2189 pracedenti
1428 2136 1588 2175 versu
1637 2117 1874 2175 1'70

270 2206 489 2260 dixerat
524 2223 536 2259 :
570 2207 667 2261 sed
699 2206 898 2277 repetit
930 2214 987 2261 ut
1006 2207 1176 2261 solvat
1201 2207 1346 2279 quod
1366 2207 1455 2262 hic
1475 2214 1661 2279 posset
1690 2206 1872 2275 objici.

272 2295 396 2349 Vita
417 2295 542 2352 Jesu
571 2295 672 2349 erit
702 2295 754 2349 in
777 2311 937 2350 carne
960 2303 1163 2351 nostra.
1185 2295 1318 2363 Quia
1343 2296 1387 2350 si
1418 2295 1631 2364 objicis,
1656 2311 1876 2351 carnem

274 2392 522 2439 nostram
552 2384 839 2439 mortalem
870 2400 977 2438 non
1002 2400 1163 2455 posse
1192 2383 1307 2439 fieri
1328 2384 1710 2451 immortalem,
1732 2384 1877 2456 quod

273 2481 325 2526 et
358 2488 488 2528 caro
518 2472 667 2539 Jesu,
698 2473 886 2543 utique
918 2472 1040 2527 dico
1073 2472 1197 2543 quia
1228 2472 1283 2526 in
1318 2489 1480 2527 carne
1510 2480 1699 2528 nostra
1728 2490 1877 2529 mor—

277 2562 386 2616 tali
419 2559 511 2616 fiet
539 2560 651 2616 vita
670 2562 800 2616 Jesu
822 2569 874 2617 et
902 2577 1003 2632 per
1032 2561 1216 2615 Jesum
1273 2576 1402 2616 caro
1452 2578 1572 2633 qua
1630 2561 1878 2616 mortalis

276 2658 385 2715 est,
415 2665 513 2719 pro
542 2657 694 2705 certo
751 2648 843 2703 ﬁet
915 2649 1259 2704 immortalis.
1319 2648 1776 2720 Quandoquidem
1823 2649 1879 2703 in

276 2745 516 2792 mortem
538 2737 829 2792 tradimur:
847 2754 975 2808 ergo
998 2754 1146 2793 mors
1168 2743 1434 2810 operatur
1454 2740 1519 2793 in
1540 2738 1714 2803 nobis,
1732 2737 1880 2809 quod

275 2843 437 2881 suum
468 2834 550 2881 est
594 2824 972 2882 mortiﬁcando
1015 2841 1247 2897 corpora
1293 2833 1511 2892 nostra;
1546 2826 1642 2882 sed
1670 2827 1733 2881 in
1782 2842 1879 2881 vo-

278 2916 361 2970 bis
393 2915 486 2989 qui
517 2923 698 2984 spreta
745 2914 1040 2970 imitatione
1072 2921 1262 2970 nostra
1308 2914 1600 2970 adharetis
1646 2913 1876 2984 pseudo.

274 3005 339 3058 In
390 2977 559 3057 vobis.
576 3003 759 3075 utique
788 3011 871 3059 est
900 3005 1039 3070 vita,
1072 3003 1127 3058 id
1183 3011 1265 3058 est
1294 3018 1391 3059 vos
1440 3003 1575 3057 nihil
1612 2977 1875 3073 patimini,
1903 2977 1949 3037 Ο

274 3091 377 3146 sed
408 3092 555 3145 malo
582 3100 786 3147 vestro.
822 3091 922 3147 Vel
955 3092 1030 3146 ita
1065 3109 1077 3146 :
1116 3091 1257 3159 Quia
1284 3092 1392 3146 vita
1412 3092 1541 3146 Jesu
1573 3090 1880 3145 manifesta-

272 3181 425 3234 bitur
455 3180 509 3234 in
538 3180 692 3235 vobis
724 3179 1073 3246 mortiﬁcatis,
1107 3195 1241 3251 ergo
1269 3196 1420 3235 mors
1451 3180 1554 3234 ista
1601 3187 1875 3250 operatur,

276 3269 336 3325 id
367 3276 453 3324 est
481 3269 612 3324 utile
642 3285 781 3339 opus
810 3268 936 3323 facit
966 3269 1023 3323 in
1050 3268 1224 3335 vobis,
1260 3268 1501 3337 scilicet,
1532 3267 1699 3322 vitam
1728 3268 1877 3322 Jesu.

279 3357 424 3425 Quia
453 3357 500 3411 si
554 3374 704 3411 mors
759 3357 924 3411 vitam
985 3358 1115 3411 Jesu
1146 3356 1199 3411 in
1234 3356 1389 3412 vobis
1420 3364 1676 3427 operatur
1710 3372 1721 3409 :
1756 3362 1882 3411 tunc

276 3446 395 3500 vita
425 3461 670 3516 prasens
704 3461 864 3516 quam
896 3444 1123 3517 diligitis
1152 3454 1411 3515 operatur
1456 3444 1512 3498 in
1557 3444 1713 3500 vobis
1743 3458 1879 3499 con-

275 3534 510 3589 trarium
543 3534 667 3589 vita
696 3534 823 3589 Jesu
843 3577 857 3599 ,
893 3534 1135 3592 scilicet.
1166 3533 1593 3588 damnationem.
1628 3532 1726 3588 Vel
1756 3532 1831 3587 ita
1864 3547 1876 3585 :

278 3623 425 3691 Quia
454 3638 557 3693 per
589 3630 839 3687 mortem,
875 3622 1041 3676 vitam
1071 3623 1201 3676 Jesu
1235 3622 1468 3676 habituri
1499 3637 1716 3688 sumus,
1750 3636 1881 3691 ergo

274 3728 436 3766 mors
473 3719 732 3781 operatur
764 3710 819 3763 in
866 3709 1024 3764 nobis
1081 3709 1227 3780 quod
1271 3710 1474 3764 bonum
1522 3717 1624 3773 est,
1683 3716 1737 3763 et
1784 3724 1884 3777 per

279 3808 518 3855 mortem
547 3802 793 3854 nostram
814 3798 920 3853 vita
939 3806 1200 3868 operatur
1228 3798 1283 3851 in
1313 3798 1466 3852 vobis
1501 3812 1512 3851 :
1544 3797 1673 3868 quia
1694 3796 1883 3852 merito

273 3888 473 3945 mortis
503 3895 706 3943 nostra
734 3888 790 3941 in
810 3886 917 3942 ﬁde
948 3895 1002 3942 et
1025 3886 1233 3955 justitia
1262 3886 1464 3941 vivitis.
1526 3886 1745 3941 Diceret
1794 3885 1884 3939 ali-

279 3978 407 4048 quis
441 3993 453 4030 :
484 3976 607 4030 Non
639 3983 917 4046 oporteret
948 3983 998 4029 te
1030 3990 1061 4029 a
1091 3976 1207 4030 Deo
1249 3974 1585 4039 mortificari,
1622 3974 1668 4028 si
1720 3973 1883 4042 justi-

277 4066 415 4121 tiam
449 4073 599 4119 tuam
629 4064 871 4135 quietam
908 4064 1158 4129 haberes,
1212 4078 1316 4119 nec
1362 4062 1526 4118 fidem
1572 4062 1771 4117 Christi
1828 4061 1887 4115 in

280 4160 644 4225 conspectum
674 4152 955 4207 hominum
984 4167 1285 4207 assereres.
1320 4151 1513 4206 Contra
1542 4151 1646 4206 hoc
1687 4151 1884 4205 Paulus

282 4243 359 4298 ait
389 4259 452 4297 se
485 4259 597 4298 non
634 4258 796 4312 posse
825 4241 1056 4297 reticere
1087 4240 1252 4295 fidem
1284 4239 1506 4308 Christi,
1540 4241 1663 4310 quia
1720 4239 1887 4293 habet

1974 1698 2110 1737 nam
2140 1682 2441 1736 uosomnia
2467 1679 2724 1751 patimur,
2757 1688 2811 1734 et
2853 1694 3147 1750 operamur
3173 1682 3404 1751 propter
3470 1691 3563 1731 vos

1972 1770 2318 1824 instruendos
2352 1787 2365 1823 :
2398 1772 2465 1824 ut
2492 1769 2677 1839 gratia
2709 1768 3002 1823 abundans
3032 1767 3085 1820 in
3103 1782 3211 1833 me,
3244 1765 3482 1820 abundet
3508 1764 3565 1818 in

1973 1859 2148 1914 vobis.
2170 1856 2456 1927 Quomodo
2478 1857 2535 1910 in
2555 1856 2718 1911 Paulo
2749 1856 3051 1910 abundaret
3080 1854 3212 1909 satis
3241 1861 3428 1909 notum
3458 1860 3561 1908 est.

1977 1949 2045 2002 Ut
2067 1946 2257 2017 gratia,
2288 1946 2530 2016 inquam,
2555 1945 2839 2000 abundans
2867 1943 2922 1997 in
2952 1959 3041 1999 me
3079 1942 3323 1999 abundet
3353 1943 3453 1996 hac
3481 1957 3560 2008 re,

1976 2035 2201 2102 scilicet,
2233 2036 2555 2106 gratiarum
2587 2034 2811 2088 actione
2841 2048 2976 2103 :per
3001 2047 3099 2087 vos
3128 2030 3296 2085 multa
3326 2029 3470 2086 facta
3498 2030 3563 2084 in

1973 2125 2212 2195 gloriam
2241 2123 2361 2177 Dei.
2395 2121 2501 2189 Qui
2547 2121 2743 2176 merito
2784 2121 2947 2176 debet
2994 2118 3287 2191 gloriﬁcari
3318 2135 3350 2174 a
3377 2116 3557 2184 nobis,

1978 2213 2069 2283 qui
2098 2211 2256 2266 nobis
2284 2210 2647 2264 abundantem
2678 2209 2908 2279 gratiam
2955 2208 3103 2263 dedit
3137 2225 3149 2263 :
3184 2208 3301 2278 ipse
3339 2206 3561 2279 quidem

1976 2315 2085 2355 non
2116 2300 2206 2365 ait,
2242 2299 2482 2353 abundet
2511 2297 2685 2369 gratia
2716 2298 2771 2351 in
2800 2296 2955 2352 vobis
2988 2312 3001 2352 :
3035 2297 3131 2351 sed
3159 2312 3257 2366 per
3284 2296 3389 2351 hoc
3420 2293 3567 2366 quod

1977 2389 2047 2444 ad
2076 2387 2348 2461 agendum
2379 2386 2584 2457 gratias
2615 2386 2805 2457 gloria
2833 2384 2935 2441 Dei
2980 2386 3255 2451 admonet,
3298 2383 3431 2438 satis
3460 2383 3566 2438 hoc

1976 2476 2169 2531 innuit.
2202 2476 2427 2530 Frustra
2466 2475 2607 2530 enim
2652 2482 2877 2547 agerent
2933 2473 3137 2545 gratias
3166 2473 3302 2541 Deo,
3335 2470 3439 2526 nisi
3467 2466 3569 2525 abi

1976 2565 2248 2620 undarent
2277 2564 2456 2637 gratia
2486 2562 2605 2618 Dei.
2640 2563 2790 2618 Sicut
2818 2564 2935 2618 hac
2966 2561 3149 2617 omnia
3179 2577 3238 2616 se
3266 2559 3379 2631 pati
3435 2558 3570 2614 dixit

1976 2654 2046 2707 ad
2076 2653 2303 2723 gloriam
2334 2652 2453 2721 Dei,
2487 2651 2567 2707 sic
2595 2650 2759 2706 modo
2788 2658 2961 2706 totum
2981 2657 3255 2721 retorquet
3276 2648 3346 2704 ad
3375 2648 3572 2703 utilita-

1976 2750 2087 2796 tem
2144 2740 2547 2796 Corinthiorum
2571 2780 2584 2807 ,
2637 2739 2832 2795 dicens
2869 2754 2879 2792 :
2914 2740 3151 2809 Propter
3180 2736 3341 2810 quod,
3401 2736 3458 2791 id
3489 2742 3572 2791 est

1978 2830 2100 2901 quia
2129 2828 2309 2884 omnia
2338 2828 2575 2899 patimur
2604 2835 2825 2899 pr0pter
2844 2843 2962 2895 vos,
2994 2834 3051 2882 ut
3080 2826 3244 2881 modo
3289 2826 3358 2880 de
3396 2824 3571 2898 gloria

1978 2918 2078 2973 Dei
2109 2917 2298 2972 sileam
2332 2934 2345 2973 :
2380 2917 2544 2973 etiam
2574 2932 2671 2988 pro
2704 2917 2819 2972 sola
2848 2915 3077 2970 utilitate
3108 2916 3286 2970 vestra
3324 2930 3440 2971 non
3470 2914 3569 2969 de-

1979 3008 2202 3076 ﬁcimus
2234 3022 2570 3078 quacunque
2600 3005 2906 3061 inferantur
2926 3003 3323 3058 tribulationes.
3356 3002 3573 3057 Diceret

1981 3095 2176 3166 aliquis
2212 3110 2223 3148 :
2258 3095 2455 3149 Mirum
2484 3103 2562 3149 est
2586 3094 2732 3164 quod
2762 3101 2815 3148 te
2843 3092 2980 3150 dicis
3001 3107 3111 3148 non
3136 3089 3386 3156 deﬁcere,
3412 3106 3573 3161 quem

1982 3183 2305 3255 quotidianis
2360 3181 2795 3237 tribulationibus
2852 3182 3101 3237 videmus
3158 3179 3448 3250 corrumpi.
3490 3178 3574 3233 Ad

1980 3273 2085 3327 hoc
2141 3271 2214 3325 ait
2248 3286 2259 3324 :
2291 3271 2490 3341 Utique
2547 3286 2655 3325 non
2714 3268 3015 3336 deficimus,
3078 3268 3176 3324 sed
3222 3282 3571 3323 renovamur.

1985 3362 2161 3427 Licet,
2194 3360 2243 3414 is
2270 3359 2325 3413 id
2352 3365 2433 3413 est
2459 3366 2569 3412 tam
2612 3358 2732 3413 vilis
2780 3362 2977 3413 noster
3008 3357 3189 3423 homo,
3222 3355 3277 3411 id
3330 3363 3413 3411 est
3444 3370 3575 3411 caro

1983 3465 2103 3519 qua
2123 3455 2308 3502 nostro
2330 3446 2576 3516 imperio,
2602 3444 2657 3499 id
2680 3453 2761 3500 est
2777 3445 2987 3516 spiritui
3009 3460 3228 3515 semper
3247 3443 3471 3498 obedire
3488 3459 3577 3499 co-

1983 3536 2129 3609 gitur
2163 3551 2174 3589 :
2208 3536 2303 3607 qui
2332 3537 2493 3589 homo
2516 3534 2655 3604 foris
2686 3537 2771 3588 est
2804 3552 2821 3588 :
2850 3541 2906 3588 ut
2935 3532 3167 3604 pluvias,
3219 3539 3402 3596 astus,
3437 3547 3580 3601 qua.

1984 3640 2197 3695 cunque
2227 3624 2458 3679 adversa
2502 3622 2741 3692 patiatur
2776 3636 2787 3675 :
2819 3620 2963 3688 licet,
3024 3621 3246 3691 inquam
3266 3662 3282 3686 ,
3316 3619 3363 3672 is
3392 3626 3580 3674 noster

1994 3712 2055 3769 1
2076 3713 2141 3768 '7
2161 3712 2221 3768 1
2251 3712 2415 3766 homo
2432 3714 2864 3782 corrumpatur:
2884 3714 3075 3765 tamen
3091 3709 3139 3764 is
3158 3709 3321 3762 homo
3342 3705 3582 3760 laudabi-

1986 3802 2052 3856 lis
2072 3802 2168 3873 qui
2196 3803 2356 3856 intus
2387 3804 2489 3869 est,
2522 3799 2616 3854 ubi
2646 3799 2808 3855 debet
2836 3797 3123 3855 vexatione
3154 3794 3438 3853 exterioris
3467 3795 3573 3850 ho-

1984 3889 2147 3944 minis
2176 3888 2405 3954 muniri;
2439 3889 2507 3957 is,
2538 3887 2782 3959 inquam,
2805 3888 2897 3959 qui
2927 3888 3069 3941 intus
3093 3893 3176 3941 est
3200 3900 3211 3939 :
3239 3891 3441 3956 quanto
3461 3900 3582 3938 ma—

1987 3979 2073 4051 gis
2104 3978 2149 4031 is
2179 3977 2269 4048 qui
2299 3976 2433 4032 foris
2460 3983 2543 4032 est
2572 3976 2942 4047 corrumpitur
2976 3990 2988 4029 :
3018 3982 3166 4030 tanto
3182 3971 3358 4045 magis
3387 3971 3477 4028 hic
3498 3988 3581 4029 re-

1988 4070 2234 4121 novatur
2260 4066 2326 4121 de
2356 4066 2446 4121 die
2478 4067 2541 4121 in
2571 4064 2740 4133 diem,
2780 4065 2837 4119 id
2867 4071 2949 4120 est
2978 4064 3254 4120 continue.
3287 4060 3387 4115 Vel
3406 4061 3472 4116 de
3499 4060 3588 4117 die

1988 4157 2052 4209 in
2074 4153 2240 4221 diem,
2267 4154 2321 4208 id
2344 4162 2425 4209 est
2445 4154 2513 4208 de
2535 4154 2730 4209 virtute
2752 4153 2931 4209 eundo
2949 4152 3005 4207 in
3025 4153 3293 4207 virtutem.
3314 4152 3450 4206 Dico
3464 4166 3580 4206 non

1990 4243 2283 4312 deﬁcimus
2316 4257 2327 4295 :
2364 4251 2414 4297 et
2444 4242 2657 4297 merito.
2706 4243 2849 4298 Nam
2878 4242 2937 4296 id
2964 4241 3326 4296 tribulationis
3384 4247 3586 4295 nostra

282 4332 535 4402 spiritum
570 4347 581 4384 :
616 4338 669 4386 et
689 4347 789 4401 per
817 4329 1065 4400 spiritum
1096 4328 1260 4383 tidem
1293 4345 1305 4383 :
1340 4336 1391 4383 et
1421 4328 1545 4399 quia
1573 4326 1738 4383 ﬁdem
1786 4329 1883 4382 ha-
1903 4330 1957 4390 D
1995 4347 2331 4403 quacunque
2364 4332 2430 4384 sit
2454 4347 2652 4401 magna
2681 4330 2769 4386 vel
2798 4346 2965 4400 parva
2990 4347 3002 4383 :
3027 4329 3188 4403 quod,
3224 4330 3448 4394 scilicet,
3484 4329 3586 4384 tri-

283 4421 397 4487 bet,
435 4420 559 4475 ideo
608 4419 889 4490 loquitur:
929 4426 981 4473 et
1012 4417 1137 4489 quia
1188 4416 1444 4488 loquitur,
1506 4415 1881 4471 mortiﬁcatur.

285 4510 355 4563 Et
386 4507 536 4579 quod
565 4507 645 4563 sic
674 4514 913 4577 oporteat
952 4523 1078 4561 eum
1106 4505 1308 4571 facere,
1342 4505 1532 4576 probat
1570 4505 1889 4561 auctoritate

287 4596 469 4652 David
516 4596 572 4648 in
601 4611 839 4665 persona
886 4602 1184 4666 martyrum
1223 4594 1433 4665 agentis
1487 4593 1676 4649 dicens
1710 4611 1723 4647 :
1754 4594 1887 4648 Ideo

285 4684 627 4755 aporiamur,
660 4683 967 4753 dejicimur,
998 4681 1388 4737 mortificamur
1416 4699 1428 4735 :
1454 4682 1580 4753 quia
1610 4697 1711 4736 nos
1778 4682 1886 4735 ha-

288 4774 486 4829 bentes
517 4771 763 4842 spiritum
789 4772 1039 4827 datorem
1070 4770 1216 4839 fidei,
1250 4770 1502 4826 eumdem
1527 4786 1686 4841 quem
1716 4770 1890 4825 David

288 4870 344 4917 et
375 4861 469 4915 alii
505 4861 678 4917 sancti
708 4861 1053 4915 habuerunt:
1080 4859 1166 4915 vel
1197 4860 1447 4915 eumdem
1479 4875 1638 4930 quem
1664 4875 1761 4914 vos
1792 4860 1890 4912 ha-

287 4950 453 5019 betis,
486 4949 532 5003 si
564 4964 665 5020 pro
694 4949 910 5004 Christo
939 4948 1049 5019 pati
1078 4948 1276 5003 velitis.
1310 4948 1492 5003 Virtus
1524 4947 1668 5001 enim
1724 4946 1891 5018 spiri-

286 5046 376 5092 tus
406 5037 543 5092 nulli
571 5036 749 5093 deficit
784 5054 795 5092 :
831 5038 935 5092 nisi
965 5037 1015 5092 ei
1062 5037 1155 5108 qui
1202 5037 1304 5091 sibi
1334 5036 1438 5107 ipsi
1466 5036 1702 5106 primum
1733 5035 1891 5092 defe-

288 5127 449 5183 cerit.
475 5126 611 5191 Nos,
637 5127 877 5197 inquam,
912 5126 1177 5181 habemus
1208 5126 1353 5180 hunc
1383 5124 1652 5195 spiritum,
1686 5133 1739 5179 et
1768 5124 1893 5180 ideo

287 5232 393 5271 nos
424 5215 702 5270 credimus
750 5222 974 5285 propter
1026 5214 1192 5285 quod,
1240 5213 1294 5267 id
1326 5221 1407 5267 est
1439 5213 1563 5283 quia
1591 5213 1889 5269 credimus.

288 5304 588 5375 Loquimur
615 5303 780 5358 etiam
811 5303 866 5358 in
896 5310 1189 5373 conspectu
1220 5301 1498 5357 hominum
1532 5302 1676 5372 quod
1708 5301 1893 5357 credi-

286 5408 433 5447 mus.
489 5390 628 5460 Quia
666 5392 1043 5449 tribulationes
1095 5390 1439 5463 pramiserat
1468 5404 1577 5446 non
1610 5390 1891 5446 subdidit:

1992 4420 2302 4475 bulationis
2331 4420 2393 4473 in
2420 4421 2694 4490 presenti
2714 4422 2801 4474 est
2819 4422 3300 4487 momentaneum,
3324 4419 3379 4473 id
3402 4424 3485 4473 est
3506 4423 3589 4471 est

1992 4508 2251 4565 citissime
2280 4508 2569 4573 transiens,
2602 4522 2705 4562 nec
2734 4507 3098 4575 intolerabile,
3118 4508 3217 4563 sed
3251 4510 3364 4564 leve
3398 4522 3410 4561 :
3444 4507 3581 4574 hac,
3682 4522 3683 4525 ‘

1990 4597 2234 4668 inquam,
2265 4596 2385 4650 talis
2414 4595 2693 4651 tribulatio
2744 4600 3016 4668 operatur
3044 4598 3105 4651 in
3160 4596 3319 4652 nobis
3361 4594 3585 4667 pondus

1991 4687 2184 4757 gloria:
2213 4689 2494 4741 aternum
2524 4700 2536 4738 :
2569 4685 2783 4756 pondus
2831 4692 3021 4740 contra
3057 4684 3196 4753 leve,
3230 4684 3419 4756 gloria
3448 4698 3586 4737 con-

1994 4780 2076 4827 tra
2106 4773 2488 4839 tribulationis,
2521 4781 2785 4828 aternum
2802 4780 2993 4827 contra
3012 4780 3454 4826 momentaneum
3488 4786 3500 4825 :
3535 4778 3588 4825 et

1994 4861 2050 4915 in
2081 4861 2428 4930 sublimitate,
2461 4861 2516 4915 id
2540 4868 2621 4915 est
2652 4860 2708 4914 in
2737 4861 2876 4916 calo
2910 4868 3101 4916 contra
3128 4862 3231 4915 hoc
3259 4860 3405 4931 quod
3434 4859 3507 4913 ait
3533 4859 3587 4913 in

1994 4949 2266 5020 prasenti.
2331 4949 2546 5004 Pondus
2602 4949 2807 5005 dictum
2867 4957 2948 5003 est
2998 4949 3158 5004 abea
3215 4948 3587 5015 similitudine,

1995 5038 2123 5110 quia
2155 5038 2299 5109 quod
2328 5038 2384 5091 in
2414 5037 2613 5091 trutina
2640 5038 2854 5108 pondus
2877 5036 3061 5104 habet,
3095 5037 3271 5093 carius
3320 5045 3422 5105 est,
3455 5036 3587 5091 illud

1994 5134 2174 5181 autem
2204 5125 2350 5196 quod
2381 5125 2520 5191 leve,
2554 5126 2813 5180 deterius.
2848 5125 2976 5181 Ideo
3006 5126 3122 5181 hac
3179 5142 3300 5197 qua
3357 5125 3592 5195 patimur

1995 5214 2139 5270 levia
2167 5222 2218 5269 et
2247 5213 2401 5285 quasi
2431 5213 2582 5268 nulla
2598 5214 2910 5283 judicamus
2944 5229 2956 5267 :
2993 5213 3119 5285 quia
3148 5216 3303 5271 nobis
3325 5230 3439 5269 non
3462 5229 3595 5268 con-

1999 5302 2426 5373 templantibus,
2452 5301 2507 5356 id
2528 5310 2607 5357 est
2632 5318 2741 5357 non
2758 5301 3157 5371 affectantibus,
3182 5317 3246 5357 ea
3262 5319 3383 5374 qua:
3403 5302 3593 5357 viden-

1998 5391 2215 5459 tur,sed
2235 5407 2300 5448 ea
2320 5407 2441 5463 qua:
2462 5408 2575 5449 non
2592 5391 2877 5449 videntur.
2892 5391 3021 5448 Ideo
3033 5408 3155 5464 qua:
3168 5390 3438 5448 videntur
3449 5404 3591 5460 sper-
