3934 6054
356 93 459 148 239

854 84 910 138 S.
971 80 1324 138 BRUNONIS
1380 72 2021 136 CARTHUSIANORUM
2081 65 2564 125 INSTITUTORIS
2622 63 2773 120 OPP.
2833 60 3008 117 PARS
3065 60 3132 113 II.

3538 53 3647 112 240

356 214 533 268 nimus
565 231 583 267 :
616 209 743 284 quia
776 209 1113 280 temporalia
1155 210 1290 262 sunt
1338 221 1459 276 quae
1506 203 1779 259 videntur.
1818 199 1946 254 Ideo
1966 199 2019 258 A
2048 195 2371 251 mortalitate
2400 193 2576 248 adhuc
2602 198 2870 253 tenemur,
2897 193 2950 241 et
2977 193 3191 284 tempus
3221 188 3389 284 notat,
3423 177 3642 284 quando

358 319 481 376 quia
504 318 617 357 non
640 299 909 356 videntur
936 295 1331 362 desideramus,
1385 293 1512 365 quia
1543 296 1759 348 aeterna
1811 289 1949 344 sunt

362 407 485 463 qua:
512 405 622 446 non
654 387 919 445 videntur.

990 524 1212 580 CAPUT
1240 523 1305 577 V.

440 666 461 696 α
499 642 712 699 Scimus
761 639 904 697 enim
961 637 1213 710 quoniam
1243 635 1290 690 si
1320 634 1590 691 terrestris
1629 632 1821 689 domus
1850 645 1953 686 no-

370 757 392 782 ιι
429 741 539 788 stra
565 731 726 800 hujus
757 726 1105 784 habitationis
1136 724 1482 790 dissolvatur,
1519 723 1664 795 quod
1715 719 1954 776 aedifica-

371 846 392 870 ιι
429 822 631 876 tionem
661 835 728 874 ex
750 819 863 873 Deo
883 816 1168 883 habemus,
1188 814 1410 870 domum
1441 828 1550 867 non
1570 809 1956 876 manufactam,

372 933 393 957 ιι
436 909 533 964 sed
562 915 820 963 aeternam
851 906 905 958 in
934 904 1106 960 cmlis.
1148 903 1287 956 Nam
1326 910 1380 956 et
1408 901 1463 955 in
1492 902 1595 955 hoc
1642 896 1958 970 ingemisci-

378 1018 400 1048 ι
433 1014 575 1062 mus,
600 993 983 1049 habitationem
1012 999 1252 1047 nostram
1286 1006 1405 1062 qum
1462 989 1529 1043 de
1560 988 1699 1044 cmlo
1747 994 1831 1041 est
1859 1003 1956 1039 su—

376 1108 397 1136 ι
442 1084 694 1156 perindui
742 1082 1022 1153 cupientes
1056 1099 1068 1135 :
1102 1080 1148 1134 si
1174 1089 1355 1134 tamen
1387 1077 1583 1142 vestiti,
1609 1085 1661 1130 et
1693 1092 1802 1130 non
1828 1074 1960 1129 nudi

378 1198 400 1224 ι
437 1173 801 1228 inveniamur.
842 1172 980 1225 Nam
1037 1178 1089 1223 et
1134 1168 1223 1239 qui
1273 1183 1460 1221 sumus
1509 1166 1564 1219 in
1606 1164 1961 1220 tabernaculo

377 1284 399 1313 ι
436 1263 559 1325 isto,
594 1260 1005 1332 ingemiscimus
1035 1257 1278 1329 gravati,
1313 1271 1378 1311 eo
1409 1255 1554 1327 quod
1584 1254 1836 1309 nolumus
1864 1270 1962 1307 ex-

379 1374 401 1398 α
439 1348 680 1421 spoliari,
734 1348 832 1403 sed
863 1344 1234 1416 supervestiri,
1296 1352 1355 1398 ut
1408 1344 1763 1398 absorbeatur
1819 1341 1966 1413 quod

380 1463 402 1487 α
440 1438 668 1493 mortale
700 1444 801 1503 est,
835 1452 864 1489 a
894 1435 1024 1489 vita.
1059 1433 1162 1502 Qui
1189 1440 1368 1487 autem
1418 1431 1576 1487 eﬂicit
1609 1447 1709 1485 nos
1770 1431 1823 1484 in
1862 1432 1966 1486 hoc

383 1552 403 1574 ιι
438 1526 840 1614 ipsum,Deus,
874 1523 965 1594 qui
996 1522 1145 1577 dedit
1172 1521 1329 1614 nobis
1357 1520 1558 1593 pignus
1588 1519 1833 1614 spirit-us.
1864 1521 1968 1574 Au-
1988 1556 2041 1614 B

384 1636 406 1665 ι
438 1615 628 1669 dentes
648 1613 814 1685 igitur
836 1627 1072 1681 semper,
1098 1618 1152 1665 et
1182 1610 1413 1666 scientes
1436 1609 1693 1681 quoniam
1724 1607 1853 1662 dum
1886 1624 1969 1661 su-

386 1728 407 1751 ιι
443 1719 565 1757 mus
595 1702 649 1755 in
678 1703 783 1756 hoc
802 1715 1053 1770 corpore,
1086 1698 1500 1771 peregrinamur
1527 1714 1556 1751 a
1589 1698 1840 1752 Domino.
1868 1697 1970 1751 Per

388 1816 408 1839 ιι
442 1791 606 1845 fidem
633 1789 777 1844 enim
825 1787 1190 1854 ambulamus,
1223 1795 1275 1842 et
1305 1803 1411 1841 non
1441 1802 1542 1858 per
1573 1786 1830 1857 speciem.
1852 1788 1968 1839 Au-

385 1904 406 1928 ιι
442 1880 634 1935 demus
664 1885 862 1945 autem,
897 1885 949 1932 et
978 1877 1176 1931 bonam
1207 1876 1537 1931 voluntatem
1568 1875 1828 1929 habemus
1848 1888 1969 1928 ma—

386 1990 409 2019 ‹
444 1968 530 2039 gis
558 1965 896 2039 peregrinari
954 1981 987 2019 a
1041 1980 1288 2041 corpore,
1321 1971 1373 2018 et
1402 1972 1701 2033 praesentes
1731 1978 1854 2018 esse
1902 1961 1971 2017 ad

394 2076 415 2109 ι
451 2055 739 2112 Dominum
769 2052 1007 2125 [Deum],
1042 2061 1094 2107 et
1124 2053 1248 2107 ideo
1288 2052 1667 2107 contendimus
1723 2052 1837 2107 sive
1868 2051 1972 2105 ab-

393 2166 415 2196 ι
449 2152 631 2199 sentes
663 2143 777 2197 sive
824 2148 1122 2213 praesentes
1178 2140 1398 2211 placere
1439 2140 1535 2194 illi.
1570 2138 1774 2195 Omnes
1829 2139 1975 2194 enim

393 2255 416 2285 ‹
455 2248 555 2287 nos
588 2229 923 2285 manifestari
952 2236 1162 2300 oportet
1210 2238 1334 2284 ante
1388 2229 1624 2283 tribunal
1656 2228 1884 2294 Christi,
1919 2236 1977 2282 ut

396 2344 418 2372 ι
454 2320 654 2375 referat
682 2318 1050 2389 unusquisque
1073 2319 1298 2390 propria
1328 2318 1574 2388 corporis
1595 2326 1753 2388 prout
1783 2317 1973 2389 gessit,

395 2430 418 2460 ι
453 2408 569 2464 sive
599 2409 799 2463 bonum
822 2407 938 2462 sive
985 2406 1204 2462 malum.
1257 2406 1501 2462 Scientes
1551 2421 1685 2478 ergo
1726 2405 1978 2460 timorem

398 2522 419 2548 ι
457 2496 673 2553 Domini
693 2495 1003 2551 hominibus
1052 2496 1362 2562 suademus,
1392 2497 1508 2551 Deo
1539 2504 1718 2550 autem
1748 2494 1977 2549 manife-

400 2610 422 2634 ιι
457 2586 526 2640 sti
547 2601 755 2640 sumus.
816 2585 990 2654 Spero
1038 2592 1216 2639 autem
1239 2593 1292 2639 et
1321 2584 1374 2638 in
1406 2583 1752 2640 conscientiis
1783 2583 1980 2638 vestris

399 2696 421 2725 ι
456 2672 774 2728 manifestos
804 2688 903 2727 nos
931 2689 1073 2728 esse.
1132 2675 1254 2728 Non
1298 2673 1491 2727 iterum
1538 2672 1981 2728 commendamus

397 2785 420 2815 ι
457 2778 560 2817 nos
588 2761 763 2828 vobis,
798 2762 897 2815 sed
925 2761 1267 2816 occasionem
1316 2761 1509 2815 damus
1538 2761 1692 2817 vobis
1714 2758 1982 2831 gloriandi

401 2874 421 2899 ι(
454 2866 555 2923 pro
586 2850 781 2916 nobis;
821 2857 881 2903 ut
907 2850 1151 2905 habeatis
1186 2850 1254 2904 ad
1302 2866 1416 2916 eos,
1451 2850 1542 2921 qui
1580 2850 1636 2903 in
1675 2849 1810 2904 facie
1857 2848 1979 2919 glo-

399 2961 421 2991 ι
462 2939 684 3006 riantur,
718 2946 771 2994 et
800 2954 909 2993 non
937 2938 993 2991 in
1021 2939 1208 2993 corde.
1249 2938 1374 2993 Sive
1433 2938 1575 2993 enim
1615 2945 1796 2992 mente
1827 2916 1984 2992 eice-
2006 2916 2051 2974 Ο

400 3050 421 3077 α
460 3028 657 3093 dimus,
691 3028 805 3082 Deo
839 3044 852 3080 :
886 3026 1000 3081 sive
1054 3026 1219 3081 sobrii
1263 3042 1468 3093 sumus,
1513 3026 1686 3081 vobis.
1738 3026 1984 3080 Charitas

399 3138 420 3164 ιι
460 3116 605 3171 enim
627 3115 822 3170 Christi
856 3122 1016 3187 urget
1055 3131 1155 3169 nos
1188 3132 1202 3168 :
1234 3115 1565 3170 mstimantes
1583 3116 1704 3181 hoc,
1730 3114 1985 3186 quoniam

399 3225 423 3255 α
459 3203 506 3257 si
537 3220 676 3258 unus
713 3219 814 3275 pro
870 3204 1124 3258 omnibus
1170 3211 1417 3259 mortuus
1465 3212 1566 3274 est,
1616 3219 1746 3276 ergo
1796 3218 1984 3258 omnes

401 3313 424 3342 ι
458 3291 659 3346 mortui
692 3300 833 3358 sunt,
867 3299 920 3346 et
948 3308 1045 3362 pro
1089 3292 1341 3347 omnibus
1393 3299 1636 3347 mortuus
1695 3300 1775 3346 est
1831 3291 1985 3346 Chri-

403 3402 424 3429 ιι
464 3388 575 3434 stus
612 3399 625 3433 :
655 3388 711 3434 ut
754 3388 807 3435 et
850 3380 943 3452 qui
973 3381 1178 3446 vivunt,
1205 3382 1315 3450 jam
1342 3396 1451 3435 non
1502 3380 1602 3435 sibi
1632 3380 1855 3447 vivant;
1888 3379 1986 3435 sed

400 3490 423 3519 ε
459 3469 507 3524 ei
537 3468 629 3539 qui
653 3484 754 3541 pro
774 3469 907 3540 ipsis
955 3478 1201 3525 mortuus
1230 3478 1329 3535 est,
1378 3478 1431 3524 et
1451 3469 1767 3524 resurrexit.
1801 3470 1986 3539 Itaque

332 3550 339 3555 ’
401 3580 422 3604 ιι
458 3572 559 3613 nos
591 3574 656 3612 ex
685 3558 787 3613 hoc
816 3557 1088 3613 neminem
1120 3559 1370 3613 novimus
1393 3558 1690 3613 secundum
1726 3572 1984 3612 carnem:

402 3668 423 3693 ιι
461 3653 513 3700 et
556 3646 603 3699 si
655 3646 1013 3718 cognovimus
1068 3647 1367 3701 secundum
1422 3662 1641 3701 carnem
1690 3645 1983 3711 Christum,

401 3757 422 3780 ιι
460 3733 554 3787 sed
577 3750 720 3789 nunc
743 3735 852 3802 jam
875 3750 984 3789 non
1014 3735 1282 3789 novimus.
1316 3734 1372 3788 Si
1403 3750 1507 3805 qua
1539 3750 1674 3805 ergo
1731 3732 1787 3786 in
1825 3732 1987 3787 Chri-

404 3844 424 3867 «
464 3829 546 3875 sto
575 3837 717 3876 nova
746 3830 996 3877 creatura
1026 3830 1124 3887 est,
1158 3830 1345 3877 vetera
1376 3822 1742 3886 transierunt,
1777 3829 1829 3876 et
1859 3837 1988 3877 ecce

405 3931 428 3959 ι
472 3909 614 3964 facta
644 3917 769 3963 sunt
795 3910 978 3964 omnia
1004 3925 1147 3965 nova
1169 3910 1319 3978 (Isai.
1344 3925 1497 3977 mn,
1532 3914 1636 3977 19;
1670 3911 1833 3981 Apoc.
1868 3924 1985 3978 xxx,

407 4020 428 4044 ιι
466 3998 541 4067 5).
581 3997 777 4053 Omnia
807 4006 986 4053 autem
1018 4015 1082 4053 ex
1140 3999 1275 4068 Deo,
1337 4000 1428 4070 qui
1466 4015 1567 4054 nos
1623 3998 1991 4055 reconciliavit

410 4107 431 4135 ιι
470 4085 572 4140 sibi
624 4102 724 4157 per
771 4086 1081 4142 Christum:
1116 4095 1170 4141 et
1213 4088 1361 4142 dedit
1417 4088 1577 4143 nobis
1629 4087 1991 4142 ministerium

408 4195 429 4224 ι
467 4175 942 4231 reconciliationis.
1001 4175 1271 4244 Quoniam
1336 4177 1553 4248 quidem
1594 4177 1738 4233 Deus
1796 4176 1993 4231 eratin

2052 286 2169 340 haec
2199 282 2430 338 habituri
2460 295 2648 335 sumus
2680 278 2859 333 solum
2904 282 3027 346 post
3083 269 3517 336 dissolutionem,
3550 266 3641 320 di-

2053 389 2182 430 cens
2217 389 2230 427 :
2259 372 2401 428 Vere
2424 385 2542 442 quae
2570 383 2683 422 non
2709 366 2959 421 videntur
2975 370 3173 418 aeterna
3195 366 3320 415 sunt
3346 374 3357 412 :
3382 374 3519 413 nam
3538 370 3642 410 nos

2054 461 2249 535 quibus
2280 459 2430 516 credi
2458 464 2689 528 oportet,
2720 455 2930 511 scimus
2974 451 3261 524 quoniam,
3303 445 3538 504 1’72
3586 442 3644 498 id

2054 559 2136 606 est
2159 549 2303 622 quod
2332 549 2383 604 si
2414 546 2701 602 terrestris
2756 543 2953 597 domus
2999 543 3215 603 nostra,
3249 536 3304 590 id
3335 542 3417 590 est
3447 548 3647 603 corpus

2054 621 2320 703 nostrum,
2345 634 2572 690 materia
2592 641 2644 688 et
2667 632 2788 688 loco
2808 628 3153 685 habitationis
3175 634 3482 688 terrenum;
3518 621 3650 693 quia

2057 737 2109 783 et
2140 728 2208 781 de
2236 735 2382 781 terra
2413 731 2513 789 est,
2549 730 2599 777 et
2628 721 2685 775 in
2714 729 2859 776 terra
2891 717 3112 772 habitat.
3148 716 3353 769 Domus
3373 712 3497 766 ideo
3518 709 3650 782 quia

2056 816 2235 872 anima
2263 815 2316 869 in
2340 829 2404 869 eo
2426 811 2630 867 habitat
2645 808 2791 865 velut
2811 805 3071 878 aliquisin
3093 804 3275 859 domo.
3300 803 3378 868 Si,
3400 801 3645 871 inquam,

2060 906 2257 961 domus
2289 906 2489 957 nostra
2522 900 2689 971 hujus
2720 906 2832 953 tam
2863 895 3045 950 brevis
3075 901 3128 949 et
3157 901 3266 947 tam
3297 892 3521 946 misera:
3550 887 3655 942 ha-

2060 993 2357 1049 bitationis
2386 990 2746 1051 dissolvatur,
2781 982 3056 1056 praedictis
3085 979 3516 1036 tribulationibus
3546 991 3653 1047 pro

2062 1083 2277 1139 Christo
2335 1078 2511 1150 passis
2564 1092 2575 1130 :
2622 1076 2746 1140 hoc,
2808 1074 3048 1145 inquam,
3106 1085 3329 1135 scimus,
3390 1066 3513 1138 quia
3572 1065 3653 1120 sic

2062 1170 2388 1226 dissolvetur
2423 1182 2434 1220 :
2472 1174 2524 1221 et
2551 1163 2767 1235 quando
2805 1161 3133 1216 dissolvetur
3189 1158 3329 1230 quod
3388 1156 3653 1211 habemus

2059 1261 2445 1333 praeparatam
2463 1253 2897 1321 aediﬁcationem
2919 1266 2992 1304 ea:
3009 1250 3135 1314 Deo,
3152 1247 3207 1302 id
3228 1254 3310 1301 est
3330 1260 3526 1315 corpus
3551 1243 3656 1296 im-

2064 1346 2307 1411 mortale,
2342 1343 2500 1399 nobis
2529 1339 2853 1397 aediﬁcatum
2889 1354 2921 1393 a
2960 1339 3075 1392 Deo
3106 1356 3124 1391 :
3156 1351 3261 1391 non
3320 1334 3466 1405 quod
3504 1333 3655 1387 Deus

2065 1435 2297 1491 mortale
2329 1447 2526 1503 corpus
2549 1445 2659 1485 non
2686 1428 2874 1484 fecerit
2908 1445 2921 1482 :
2954 1426 3051 1481 sed
3082 1425 3205 1495 quia
3244 1422 3377 1478 illud
3420 1438 3517 1493 per
3545 1420 3655 1474 mi-

2066 1523 2346 1579 nisterium
2373 1519 2605 1583 masculi
2634 1526 2686 1573 et
2715 1517 2931 1573 feminae
2959 1529 3311 1571 concrescere
3335 1510 3515 1581 jussit.
3544 1512 3656 1563 lm-

2068 1612 2298 1669 mortale
2329 1618 2509 1666 autem
2537 1623 2733 1678 corpus
2779 1606 2896 1660 sine
2952 1602 3203 1659 ministro
3237 1620 3250 1656 :
3282 1609 3334 1656 et
3362 1601 3481 1670 ipse
3510 1598 3659 1653 idem

2070 1704 2125 1757 in
2156 1717 2221 1757 eo
2250 1700 2409 1755 faciet
2440 1695 2916 1753 immortalitatem.
2952 1692 3226 1748 Habemus
3268 1691 3455 1761 utique
3491 1685 3661 1741 aedifi-

2070 1792 2359 1853 cationem,
2396 1788 2621 1852 scilicet,
2654 1786 2897 1850 domum,
2959 1800 3075 1839 non
3123 1797 3321 1846 manu,
3354 1780 3409 1834 id
3438 1787 3520 1834 est
3548 1793 3661 1833 non

2070 1898 2169 1953 per
2201 1878 2563 1934 ministerium
2611 1874 2832 1929 alterius
2879 1876 3116 1943 factam,
3150 1870 3245 1926 sed
3289 1874 3566 1924 (sternam
3595 1868 3661 1922 in

2073 1971 2225 2025 castis
2254 1976 2307 2023 et
2334 1972 2764 2038 permanentem.
2789 1964 2886 2016 Per
2902 1962 3124 2015 domum
3149 1968 3201 2013 et
3223 1975 3320 2029 per
3340 1956 3660 2012 aedificatio-

2073 2074 2217 2127 nem,
2239 2052 2755 2126 corpusimmortale
2772 2048 3054 2121 signiﬁcat.
3080 2050 3217 2103 Vere
3237 2047 3561 2102 habebimus
3572 2045 3667 2100 do-

2075 2163 2225 2201 mum
2257 2153 2514 2200 aeternam
2536 2142 2590 2196 in
2616 2140 2768 2196 caelis
2802 2155 2813 2193 ε
2846 2155 2981 2194 nam
2995 2154 3094 2192 nos
3114 2137 3535 2208 ingemiscimus
3552 2149 3663 2188 non

2077 2242 2303 2307 pr0pter
2334 2249 2396 2287 ea
2426 2246 2546 2303 quae
2575 2230 2829 2301 patimur,
2863 2243 2973 2282 non
3001 2226 3149 2298 quod
3178 2225 3246 2280 de
3275 2223 3525 2278 habenda
3554 2222 3663 2277 im-

2078 2322 2409 2378 mortalitate
2439 2320 2729 2374 timeamus
2763 2332 2773 2371 :
2808 2316 2904 2371 sed
2934 2313 3344 2387 ingemiscendo
3375 2311 3665 2367 desidera-

2078 2428 2201 2467 mus
2232 2413 2293 2466 in
2328 2410 2446 2474 hoc,
2478 2408 2533 2462 id
2562 2415 2643 2463 est
2689 2406 2745 2459 in
2794 2405 2932 2459 hanc
2966 2403 3425 2458 immortalitatem
3455 2400 3660 2456 venire.

2080 2498 2517 2573 lngemiscimus,
2552 2497 2792 2567 inquam,
2829 2494 3122 2564 cupientes
3151 2489 3486 2564 superindui
3517 2505 3529 2543 :
3564 2504 3666 2543 nos

2073 2591 2187 2659 jam
2220 2586 2390 2642 induti
2425 2601 2613 2640 sumus
2649 2581 3089 2652 justiticationem
3118 2580 3315 2636 anima:
3349 2595 3360 2632 :
3394 2587 3446 2634 et
3502 2593 3669 2649 super

2078 2679 2185 2733 hoc
2228 2675 2479 2731 volumus
2548 2672 2697 2727 indui
2765 2671 3154 2726 habitationem
3200 2676 3464 2734 nostram,
3499 2667 3555 2722 id
3584 2673 3668 2721 est

2080 2765 2325 2836 corporis
2346 2760 2805 2817 immortalitatem
2836 2776 2955 2831 quae
2984 2758 3247 2813 habitatio
3277 2764 3359 2812 est
3383 2756 3541 2811 nobis
3568 2771 3671 2810 ve-

2080 2856 2235 2910 niens
2264 2854 2331 2907 de
2363 2851 2523 2907 coelo.
2558 2849 2940 2904 Immortalitas
2986 2848 3131 2902 enim
3162 2846 3314 2902 vobis
3356 2852 3672 2901 reservatur

2082 2945 2137 2999 in
2165 2942 2341 2998 caelis.
2376 2941 2488 2995 Hac
2520 2948 2699 2993 tamen
2731 2937 3041 2993 conditione
3071 2936 3192 2991 dico
3224 2933 3541 3006 superindui
3577 2948 3589 2986 :
3621 2934 3673 2988 si

2082 3048 2183 3088 nos
2212 3030 2576 3087 inveniamur
2604 3027 2660 3081 in
2680 3027 2769 3081 die
2806 3026 2898 3080 illo
2930 3026 3117 3081 vestiti
3137 3023 3518 3093 justiﬁcatione
3547 3021 3671 3075 ani-

2083 3137 2206 3185 mae,
2240 3135 2361 3190 qum
2386 3118 2440 3171 in
2463 3116 2733 3187 baptismo
2764 3121 2887 3169 data
2919 3122 3001 3168 est
3055 3113 3212 3168 nobis
3261 3112 3432 3183 prima
3477 3110 3667 3165 vestis.

2084 3210 2295 3265 Diceret
2331 3207 2424 3261 ille
2458 3223 2470 3260 :
2505 3205 2652 3261 Sicut
2682 3204 2860 3259 vestiti
2882 3202 2954 3257 ita
2984 3210 3035 3257 et
3064 3202 3195 3257 nudi
3250 3216 3440 3256 omnes
3497 3199 3672 3253 indis-

2084 3306 2230 3354 crete
2259 3294 2735 3365 superinduentur.
2785 3293 2901 3346 Hoc
2939 3298 3202 3346 removet.
3236 3289 3423 3345 Vestiti
3454 3288 3675 3359 quidem

2085 3387 2377 3441 induentur
2407 3401 2420 3437 :
2459 3383 2555 3437 sed
2584 3381 2715 3435 nudi
2742 3380 2949 3449 justitia
2991 3379 3187 3433 animae
3215 3394 3325 3433 non
3378 3377 3677 3433 vestientur

2088 3472 2333 3545 corporis
2366 3470 2789 3525 immortalitate.
2814 3470 2979 3523 Notat
3006 3468 3092 3523 hic
3124 3467 3230 3522 duo
3260 3482 3463 3539 genera
3493 3465 3676 3520 bono-

2086 3579 2203 3618 rum
2242 3580 2255 3615 :
2288 3558 2754 3630 contemplativos,
2788 3556 2857 3612 de
2880 3557 3076 3627 quibus
3096 3557 3261 3611 modo
3291 3554 3539 3625 praedixit
3573 3569 3585 3607 :
3623 3561 3677 3608 et

2088 3667 2182 3706 eos
2213 3650 2380 3721 quiin
2419 3648 2595 3703 activa
2652 3647 2757 3701 vita
2812 3654 3115 3714 manentes,
3169 3644 3431 3721 justitiam
3493 3651 3677 3697 tamen

2089 3739 2189 3795 Dei
2220 3718 2526 3795 custodiunt
2563 3752 2575 3791 :
2610 3735 2680 3790 de
2700 3734 2893 3806 quibus
2924 3734 3103 3789 subdit
3124 3718 3312 3789 dicens
3346 3751 3359 3786 :
3388 3732 3531 3787 Vere
3552 3747 3679 3802 per-

2090 3828 2217 3884 fecti
2246 3825 2630 3899 ingemiscant,
2664 3824 2943 3894 cupientes
2967 3820 3678 3893 supermduiimmortalita-

2090 3926 2199 3972 tem
2235 3935 2247 3970 :
2280 3933 2417 3971 nam
2448 3914 2612 3968 etiam
2639 3928 2740 3967 nos
2768 3912 2946 3965 minus
2970 3910 3217 3981 perfecti,
3268 3910 3363 3982 qui
3390 3925 3585 3965 sumus
3616 3910 3679 3963 in

2096 4004 2459 4061 tabernaculo
2490 4004 2600 4057 isto
2633 4017 2644 4056 :
2678 4001 2876 4072 quibus
2906 4000 3109 4055 bonum
3145 4005 3229 4053 est
3272 4014 3395 4053 esse
3432 3998 3486 4051 in
3518 4012 3681 4052 carne

2094 4103 2147 4149 et
2174 4092 2377 4147 nutrire
2410 4107 2529 4145 eam
2572 4105 2736 4160 :quaa
2783 4103 2913 4143 caro
2962 4087 3369 4143 tabernaculum
3428 4086 3623 4141 dicitur
3662 4101 3677 4139 :

2096 4182 2219 4253 quia
2236 4181 2289 4235 in
2307 4196 2374 4235 ea
2393 4179 2620 4233 militare
2643 4178 2804 4232 debet
2828 4176 3009 4231 anima
3031 4177 3145 4231 Deo
3175 4194 3187 4230 :
3220 4192 3319 4230 nos
3350 4174 3512 4230 etiam
3544 4174 3683 4229 tales

409 4286 430 4309 “
469 4262 684 4319 Chris‘o
711 4264 973 4318 mundum
1001 4265 1362 4320 reconcmans
1393 4265 1495 4320 Sibi
1528 4281 1539 4319 ε
1571 4282 1680 4320 Ποη
1736 4273 1992 4336 reputans
2011 4270 2063 4330 D
2094 4270 2514 4342 ingemiscimus
2545 4286 2563 4322 :
2596 4266 2914 4336 superindui
2936 4265 3185 4320 similiter
3205 4264 3486 4334 cupientes
3520 4262 3685 4317 :licet

409 4374 431 4398 ιι
467 4351 574 4405 illis
621 4351 816 4407 delicta
862 4353 1129 4423 ipsorum,
1163 4362 1215 4408 et
1245 4355 1425 4424 posuit
1454 4354 1508 4408 in
1563 4354 1720 4409 nobis
1766 4351 1992 4409 verbum

410 4463 431 4487 «
468 4439 944 4497 reconciliationis.
979 4442 1081 4496 Pro
1111 4442 1325 4498 Christo
1383 4458 1513 4514 ergo
1567 4442 1835 4513 legatione
1866 4441 1994 4495 fun-

411 4550 433 4579 ιι
469 4528 670 4601 gimur,
704 4538 961 4601 tanquam
992 4531 1107 4585 Deo
1136 4533 1452 4587 exhortante
1500 4547 1598 4601 per
1641 4547 1760 4585 nos.
1815 4528 1995 4584 Obse-

411 4640 431 4665 ιι
469 4633 681 4673 eramus
712 4634 814 4688 pro
844 4618 1077 4683 Christo,
1110 4619 1537 4675 reconciliamini
1567 4619 1701 4673 Deo.
1734 4619 1875 4671 Eum
1906 4617 1997 4688 qui

412 4722 435 4751 ι
471 4718 581 4756 non
608 4711 833 4758 noverat
862 4710 1162 4774 peccatum,
1196 4719 1297 4773 pro
1326 4702 1482 4758 nobis
1512 4709 1793 4773 peccatum
1823 4700 1949 4756 fecit
1981 4717 1994 4755 :

414 4811 435 4836 «
470 4797 528 4844 ut
555 4805 658 4845 nos
684 4790 1029 4847 eﬂiceremur
1050 4790 1257 4860 justitia
1286 4790 1389 4846 Dei
1416 4790 1470 4844 in
1505 4789 1644 4861 ipso.
1684 4810 1706 4839 ι

1040 4955 1351 4996 EXPOSITIO.

487 5055 701 5111 Diceret
728 5057 922 5128 aliquis
956 5076 968 5111 :
1002 5058 1081 5114 De
1110 5058 1400 5116 aaternitate
1455 5059 1802 5115 invisibilium
1826 5103 1840 5131 ,
1874 5062 2002 5133 quid

419 5145 586 5201 scitur
612 5144 719 5199 nisi
748 5146 1143 5201 ostendantur?
1183 5148 1379 5218 Utique
1428 5148 1501 5203 ait
1533 5148 1753 5203 Paulus.
1812 5148 2003 5217 Quan-

420 5234 513 5289 diu
543 5234 597 5288 in
628 5242 847 5289 terrena
874 5235 1201 5291 habitatione
1234 5244 1501 5303 tenemur,
1528 5236 1712 5293 videre
1741 5254 1850 5293 non
1870 5254 2004 5309 pos-

420 5339 608 5379 sumus
632 5343 645 5391 ;
679 5324 776 5379 sed
806 5323 1056 5379 dissoluti
1085 5325 1261 5380 statim
1289 5325 1637 5397 accipiemus.
1689 5327 1757 5381 Et
1785 5341 2006 5383 causam

417 5415 589 5484 ponit,
625 5429 796 5485 quare
830 5414 1017 5471 videre
1064 5430 1172 5471 non
1229 5430 1542 5487 possumus,
1573 5414 1630 5471 id
1659 5423 1742 5473 est
1789 5416 1911 5488 quia
1949 5416 2006 5474 in

2094 4360 2315 4430 gravati
2369 4357 2538 4411 simus
2599 4371 2663 4411 eo
2722 4370 2951 4424 corpore
2985 4371 2998 4408 :
3030 4353 3171 4425 quod
3200 4362 3380 4407 tamen
3438 4351 3684 4407 foventes

2096 4448 2361 4504 nolumus
2392 4444 2728 4517 exspoliari,
2761 4444 2816 4498 id
2846 4452 2925 4499 est
2956 4443 3025 4499 ab
3054 4443 3234 4496 anima
3262 4441 3507 4512 separari
3537 4461 3555 4496 :
3586 4438 3685 4495 sed

2098 4535 2167 4605 (si
2200 4534 2461 4605 possibile
2491 4533 2656 4602 esset)
2686 4531 2935 4587 volumus
2964 4531 3080 4586 sine
3111 4530 3253 4585 illata
3282 4538 3455 4585 morte
3485 4544 3686 4600 super-

2099 4623 2283 4678 vestiri
2313 4620 2717 4676 immortalitate
2750 4638 2762 4674 :
2800 4621 2873 4675 ita
2902 4623 2968 4675 at
2997 4635 3192 4690 corpus
3209 4618 3351 4691 quod
3366 4634 3509 4673 nunc
3530 4634 3687 4673 mor-

2101 4712 2214 4767 tale
2243 4715 2346 4775 est,
2381 4726 2489 4765 non
2522 4708 2792 4782 gustando
2812 4716 3061 4775 mortem,
3088 4715 3309 4779 repente
3330 4708 3690 4763 absorbeatur

2099 4818 2134 4855 a
2160 4800 2279 4855 vita
2308 4798 2722 4869 superveniente
2753 4817 2771 4852 :
2801 4805 2853 4852 et
2882 4796 2962 4852 sic
2990 4796 3083 4851 ﬁat
3114 4794 3435 4851 immortale.
3468 4796 3533 4850 Et
3563 4794 3691 4850 licet

2100 4887 2298 4955 dicam,
2332 4903 2431 4941 nos
2486 4885 2894 4959 ingemiscimus
2943 4893 2994 4941 et
3050 4883 3363 4955 superindui
3391 4882 3688 4955 cupimus:

2100 4984 2281 5030 tamen
2336 4991 2443 5030 non
2503 4991 2535 5030 a
2563 4975 2716 5029 nobis
2777 4976 2882 5031 hoc
2940 4982 3023 5030 est
3058 4992 3070 5027 :
3103 4973 3201 5028 sed
3244 4974 3340 5045 qui
3380 4973 3559 5044 efﬁcit
3590 4987 3692 5028 nos

2100 5064 2156 5118 in
2177 5065 2280 5119 hoc
2301 5063 2620 5130 desiderio,,
2642 5071 2694 5118 et
2710 5063 2780 5117 ita
2802 5065 2865 5117 in
2883 5064 2982 5119 hoc
3004 5071 3062 5117 ut
3082 5062 3151 5116 sit
3170 5064 3375 5135 ipsum,
3392 5060 3445 5114 id
3464 5070 3547 5115 est
3564 5076 3692 5131 per-

2102 5168 2330 5207 manens
2359 5152 2415 5206 in
2452 5152 2607 5206 nobis
2639 5152 2742 5207 hoc
2762 5151 3096 5207 desiderium
3126 5150 3272 5222 :qui,
3314 5150 3554 5220 inquam,
3587 5150 3694 5204 hoc

2104 5241 2415 5296 desiderare
2437 5256 2538 5296 nos
2560 5240 2705 5307 facit,
2728 5241 2873 5296 Deus
2902 5248 3004 5296 est.
3055 5240 3153 5295 Vel
3184 5239 3340 5293 aliter
3374 5238 3693 5308 praecedens

2103 5346 2293 5385 versus
2321 5329 2518 5403 legitur
2546 5329 2626 5385 sic
2660 5348 2673 5384 :
2706 5329 2979 5385 Debemus
3009 5327 3373 5401 ingemiscere
3422 5326 3696 5382 desiderio

2104 5419 2221 5487 ejus
2250 5418 2628 5487 habitationis,
2662 5435 2784 5491 quae
2804 5426 2886 5475 est
2915 5419 2983 5475 de
3013 5417 3172 5475 ccelo.
3224 5418 3367 5473 Nam
3397 5415 3562 5475 etiam
3594 5415 3697 5473 de-
