3960 6050
274 282 374 335 241

882 276 1258 333 EXPOSITIO
1297 277 1371 332 IN
1407 274 1785 333 EPISTOLAS
1824 274 2050 332 PAULI.
2078 306 2146 318 —
2176 278 2250 333 IN
2287 276 2504 334 EPIST.
2548 279 2596 333 Il
2633 279 2727 333 AD
2768 278 2932 336 COR.

3463 282 3569 339 242

278 399 484 457 siderio
538 407 881 456 terrenorum
930 400 1357 473 ingemiscimus.
1410 400 1570 471 Quod
1626 401 1700 456 ita
1748 400 1825 455 ait
1858 401 1945 461 :A
1979 416 2126 455 mum
2168 402 2272 457 hoc
2326 401 2649 458 beneﬁcium
2699 403 2997 474 promeruit
3030 422 3042 458 :
3075 403 3316 477 gessisse
3375 403 3567 460 dicitur

282 491 397 545 Nos
426 489 518 561 qui
547 506 735 544 sumus
766 490 819 544 in
850 490 1196 545 tabernaculo
1230 490 1355 556 isto,
1386 490 1439 543 id
1488 498 1570 544 est
1616 490 1671 543 in
1717 504 1880 544 carne

282 578 389 633 ista
420 593 582 650 quam
613 578 901 648 nutrimus,
935 579 1061 634 licet
1090 579 1299 652 gravati
1342 579 1484 634 mole
1541 579 1700 646 hujus
1754 593 1879 633 car-

284 667 391 731 nis’,
428 676 603 722 tamen
636 667 1047 738 ingemiscimus
1079 683 1143 723 eo
1175 668 1341 739 quod,
1372 667 1429 722 id
1473 675 1553 721 est
1574 666 1717 735 ideo,
1754 666 1882 737 quia

282 755 537 811 nolumus
570 756 861 826 exspoliari
892 756 1203 811 carnalibus
1232 756 1349 810 istis
1384 772 1397 810 :
1430 756 1525 810 sed
1561 755 1739 810 subito
1767 754 1881 809 vel-

286 844 465 899 lemus
496 845 849 915 supervestiri
888 844 1286 899 immortalitate
1319 852 1443 909 rut,
1473 843 1620 915 quod
1651 842 1878 897 mortale

284 941 389 998 est,
436 933 792 988 absorbeatur
821 949 853 987 a
877 934 985 988 vita
1019 949 1029 986 :
1064 935 1167 989 hoc
1198 949 1305 988 non
1353 940 1607 986 mutatur.
1658 931 1724 985 Et
1754 931 1880 987 licet

284 1021 708 1092 ingemiscamus
737 1036 926 1076 amore
972 1029 1331 1090 terrenorum,
1392 1029 1571 1075 tamen
1602 1020 1749 1075 Deus
1796 1027 1879 1075 est

288 1110 382 1181 qui
400 1108 564 1165 efﬁcit
594 1109 649 1163 in
698 1111 801 1164 hoc
868 1110 1066 1180 ipsum,
1112 1118 1168 1164 ut
1228 1110 1508 1181 cupiamus
1560 1108 1877 1179 superindui

278 1198 614 1253 habitatione
646 1215 767 1269 quze
796 1197 864 1253 de
905 1198 1043 1253 coelo
1074 1206 1153 1252 est
1178 1214 1189 1252 :
1223 1206 1604 1268 praeponentes
1635 1197 1878 1253 ccelestia

278 1286 518 1341 terrenis
545 1302 555 1340 :
582 1288 727 1341 Deus
758 1286 880 1341 dico
930 1286 1021 1358 qui
1056 1302 1156 1341 nos
1197 1302 1325 1341 vere
1366 1285 1559 1341 efﬁciet
1594 1286 1876 1341 immorta-

277 1374 384 1429 les.
421 1374 578 1443 Quod
601 1391 663 1429 ex
696 1390 760 1429 eo
786 1375 936 1430 credi
968 1383 1145 1445 potest
1172 1390 1183 1428 :
1216 1377 1345 1447 quia
1385 1375 1537 1431 dedit
1563 1377 1673 1445 jam
1719 1375 1877 1431 nobis

278 1467 497 1536 pignus
521 1465 779 1535 spiritus,
813 1463 867 1517 id
897 1471 977 1517 est
1027 1463 1285 1533 Spiritum
1343 1472 1609 1531 sanctum,
1674 1464 1764 1535 qui
1796 1471 1878 1517 est

276 1553 451 1606 arrha
481 1561 532 1606 et
561 1551 887 1622 principium
925 1552 1366 1617 immortalitatis,
1427 1568 1587 1624 quam
1634 1550 1878 1623 perficiet

277 1642 336 1696 in
370 1640 549 1696 nobis.
582 1641 653 1694 Et
686 1641 808 1712 quia
838 1642 984 1695 Deus
1014 1640 1179 1696 efﬁcit
1204 1656 1303 1695 nos
1330 1640 1384 1694 in
1414 1642 1516 1696 hoc
1546 1641 1742 1712 ipsum,
1769 1640 1876 1712 igi-

279 1739 375 1785 tur
403 1731 668 1785 audentes
727 1730 1010 1784 audemus.
1054 1729 1330 1783 Audentes
1363 1729 1733 1784 assiduitatem
1772 1745 1875 1784 no-
1905 1755 1957 1814 B

278 1826 357 1873 tat
392 1819 696 1873 :audemus
728 1818 783 1872 in
814 1818 1005 1873 eodem
1036 1826 1159 1873 actu
1197 1817 1374 1872 adhuc
1423 1834 1543 1873 esse
1588 1818 1875 1888 significat.

279 1906 592 1971 Audentes,
616 1907 857 1978 inquam,
890 1922 1108 1977 semper
1129 1911 1183 1962 et
1200 1907 1338 1960 bene
1356 1908 1615 1961 scientes.
1642 1905 1877 1974 Quidam

280 1995 432 2050 enim
464 1995 663 2048 audent
694 1996 837 2066 quod
864 1995 1109 2049 nesciunt
1143 2012 1154 2047 :
1188 1995 1363 2049 sciunt
1388 1995 1529 2065 quod
1553 1995 1877 2065 quandoque

288 2083 351 2139 1
374 2084 524 2138 ’73
561 2099 666 2138 non
697 2084 916 2138 audent.
938 2084 1051 2137 Nos
1083 2083 1267 2154 utique
1301 2099 1518 2153 semper
1547 2083 1807 2137 audentes
1828 2090 1879 2137 et

281 2172 540 2238 scientes,
557 2175 822 2245 quoniam
835 2174 967 2227 dum
990 2189 1187 2227 sumus
1204 2173 1263 2226 in
1279 2173 1379 2227 hoc
1396 2170 1607 2226 mortali
1626 2187 1874 2243 corpore,

276 2264 736 2335 peregrinamur,
770 2262 822 2315 id
845 2269 924 2316 est
956 2277 1272 2332 separamur
1292 2279 1324 2316 a
1354 2261 1609 2315 Domino.
1628 2259 1878 2332 Peregri-

278 2367 386 2405 nus
416 2350 613 2406 dicitur
643 2351 732 2421 qui
762 2350 931 2405 tendit
980 2350 1127 2419 illuc,
1162 2365 1268 2421 quo
1312 2350 1549 2403 nondum
1581 2349 1827 2419 pervenit
1862 2363 1874 2402 :

280 2441 361 2494 sic
390 2439 563 2494 sancti
593 2439 648 2492 in
679 2440 781 2494 hoc
838 2439 1038 2493 mundo
1089 2438 1312 2493 tendunt
1361 2438 1427 2491 ad
1488 2439 1678 2502 Deum,
1724 2437 1877 2505 cujus

280 2528 478 2584 faciem
520 2528 761 2582 nondum
810 2527 1306 2599 apprehenderunt.
1368 2527 1507 2581 Vere
1538 2526 1591 2579 in
1650 2541 1879 2596 corpore

278 2626 565 2672 manentes
592 2616 1011 2688 peregrinamur
1040 2632 1069 2669 a
1101 2615 1330 2670 Domino
1358 2633 1370 2668 :
1395 2632 1529 2669 nam
1559 2613 1645 2668 hic
1676 2615 1875 2669 ambu-

283 2709 470 2762 lamus
496 2723 598 2778 per
625 2707 810 2775 ﬁdem.
846 2706 925 2759 De
963 2720 1021 2758 re
1044 2712 1223 2758 autem
1257 2720 1376 2774 quae
1402 2719 1511 2757 non
1541 2702 1773 2770 videtur,
1808 2701 1875 2755 ﬁ-

279 2795 381 2851 des
409 2795 607 2850 dicitur
642 2799 733 2851 :et
764 2811 877 2850 non
911 2792 1251 2848 ambulamus
1277 2808 1379 2863 per
1407 2792 1670 2863 speciem,
1702 2790 1755 2844 id
1796 2798 1877 2846 est

276 2900 381 2955 per
400 2899 585 2939 veram
618 2884 697 2938 rei
717 2882 1108 2954 operationem.
1158 2881 1292 2948 Nos,
1326 2880 1568 2951 inquam,
1618 2879 1876 2935 audentes

279 2974 546 3028 audemus
581 2990 593 3026 :
628 2972 752 3027 licet
795 2972 977 3043 utique
1014 2986 1144 3026 caro
1182 2976 1461 3041 repugnet,
1510 2977 1691 3024 tamen
1739 2984 1875 3024 con-

280 3070 494 3117 stanter
513 3062 784 3117 audemus
807 3081 823 3115 :
842 3065 897 3115 et
916 3076 1034 3115 cum
1063 3059 1286 3113 audacia
1304 3060 1503 3114 bonam
1521 3060 1874 3113 voluntatem

281 3153 567 3207 habemus.
604 3149 834 3219 Quidam
860 3149 1002 3203 enim
1034 3148 1231 3203 audent
1262 3148 1378 3203 sine
1401 3148 1541 3202 bona
1562 3146 1834 3201 voluntate
1861 3164 1873 3199 :

281 3240 504 3313 quidam
529 3240 667 3294 bene
691 3239 897 3306 volunt,
934 3238 1022 3309 qui
1056 3245 1231 3293 tamen
1263 3254 1371 3292 non
1417 3237 1634 3291 audent.
1694 3236 1873 3292 Habe-

281 3347 423 3397 mus,
458 3330 697 3400 inquam,
742 3328 1074 3383 voluntatem
1107 3328 1285 3399 magis
1311 3326 1663 3398 peregrinari
1684 3342 1718 3379 a
1747 3342 1872 3381 cor-

277 3436 413 3493 pore
446 3440 463 3474 :
495 3418 617 3490 quia
674 3425 869 3472 natura
939 3416 1117 3471 carnis
1162 3423 1261 3482 est,
1323 3424 1381 3470 ut
1424 3430 1698 3486 nunquam
1746 3413 1875 3469 velit

280 3507 510 3564 dissolvi
543 3526 557 3575 ;
590 3508 713 3563 ideo
744 3508 816 3561 ait
853 3506 1061 3578 :Magis
1102 3505 1351 3561 volumus
1407 3504 1649 3575 separari
1682 3519 1713 3558 a
1743 3519 1872 3559 cor-

278 3615 436 3669 pore,
468 3602 526 3653 et
554 3602 860 3669 praesentes
891 3596 969 3651 sic
1008 3611 1123 3651 esse
1152 3595 1225 3650 ad
1266 3595 1442 3649 Deum
1473 3608 1635 3664 quam
1696 3608 1873 3647 rema-

280 3680 417 3743 nere
448 3703 571 3744 cum
602 3703 833 3758 corpore
867 3701 877 3739 :
911 3701 1013 3740 nec
1042 3683 1271 3739 Domino
1318 3690 1613 3753 praesentes
1643 3680 1779 3735 ﬁeri.
1804 3682 1872 3735 Et

278 3778 405 3833 ideo
438 3785 494 3831 ut
522 3784 819 3847 praesentes
850 3775 1017 3830 simus
1038 3774 1103 3827 ad
1127 3772 1434 3837 Dominum,
1459 3770 1869 3836 contendimus,

280 3868 337 3921 id
369 3874 453 3920 est
485 3866 815 3931 laboramus,
835 3866 1058 3936 placere
1080 3864 1189 3931 illi,
1214 3862 1325 3916 sive
1344 3860 1472 3914 dum
1498 3860 1674 3914 adhuc
1696 3858 1749 3912 in
1770 3859 1873 3914 hac

279 3956 394 4011 vita
424 3956 678 4011 absentes
708 3970 895 4008 sumus
925 3968 956 4007 a
983 3953 1116 4017 Deo,
1154 3954 1266 4006 sive
1296 3966 1417 4006 cum
1448 3949 1503 4002 in
1532 3948 1705 4021 gloria
1728 3964 1873 4021 prce-

274 4048 469 4101 sentes
501 4044 704 4099 erimus
734 4044 847 4097 Deo
873 4042 1204 4107 laboramus,
1238 4047 1293 4095 ut
1341 4039 1429 4094 hic
1460 4047 1509 4094 et
1545 4037 1617 4091 ibi
1648 4037 1872 4107 placea-

275 4151 402 4188 mus
434 4132 502 4188 ei.
562 4134 629 4187 Et
686 4148 911 4187 necesse
968 4130 1124 4185 nobis
1181 4136 1261 4185 est
1293 4136 1349 4183 ut
1405 4128 1720 4198 placeamus
1750 4125 1869 4180 illi:

278 4240 423 4277 nam
444 4224 683 4293 oportet,
716 4221 770 4275 id
800 4227 881 4275 est
911 4234 1138 4274 necesse
1169 4226 1251 4273 est
1282 4234 1472 4272 omnes
1493 4233 1595 4271 nos
1623 4216 1872 4285 manife-

278 4313 427 4367 stari
457 4314 595 4366 ante
628 4310 883 4365 tribunal
944 4308 1175 4372 Christi,
1208 4306 1263 4359 id
1293 4314 1373 4359 est
1412 4320 1596 4361 coram
1637 4303 1870 4358 Christo.

279 4402 382 4455 Per
413 4399 671 4468 tribunal,
698 4398 841 4469 quod
872 4396 1032 4451 sedes
1058 4394 1255 4465 judicis
1304 4401 1405 4459 est,
1460 4392 1723 4462 judicium
1772 4392 1874 4447 de-

1980 496 2231 545 mortuus
2277 492 2422 562 quod
2452 491 2539 546 vel
2597 492 2860 563 disposuit
2904 491 3041 558 ﬁeri,
3102 492 3186 548 vel
3243 493 3561 564 promeruit.

1981 578 2120 647 Quia
2151 594 2341 634 omnes
2373 588 2498 635 ante
2546 580 2781 635 tribunal
2826 582 3023 636 Christi
3052 582 3520 638 manifestabimur
3553 599 3566 637 :

1980 684 2107 737 ergo
2136 670 2380 724 scientes
2428 668 2725 725 timendum
2755 686 2876 725 esse
2925 670 3234 737 Dominum,
3268 672 3566 727 suademus

1981 755 2300 811 hominibus
2318 758 2576 813 timorem
2597 760 2841 824 Domini,
2862 766 2919 812 ut
2951 759 3019 814 de
3050 767 3345 830 conspectu
3370 758 3571 827 judicis

1978 842 2217 898 referant
2273 844 2494 899 bonum.
2576 845 2891 916 Opponeret
2959 847 3008 901 ei
3087 847 3328 919 aliquis:
3365 846 3571 901 Suades

1979 931 2084 986 hoc
2114 940 2351 986 nontam
2394 933 2465 987 ad
2519 934 2801 989 utilitatem
2844 935 3140 1001 hominum,
3195 943 3453 1005 quantum
3502 934 3571 989 ad

1978 1020 2503 1075 commendationem
2581 1030 2746 1076 tuam.
2812 1022 3007 1076 Contra
3062 1023 3167 1078 hoc
3214 1023 3333 1077 ait:
3368 1023 3576 1078 Suade-

1978 1124 2100 1162 mus
2134 1108 2212 1163 sic
2242 1109 2555 1163 hominibus
2589 1128 2600 1163 :
2634 1113 2743 1165 Deo
2773 1116 2965 1165 autem
3012 1128 3207 1166 sumus
3254 1112 3569 1181 manifesti,

1980 1212 2085 1267 qua
2130 1196 2425 1251 intentione
2475 1198 2784 1267 suademus,
2846 1216 2941 1254 seu
2997 1199 3210 1253 utilitati
3268 1200 3567 1269 hominum,

1979 1299 2076 1339 seu
2120 1286 2574 1340 commendationi
2626 1295 2842 1341 nostrae.
2875 1288 2991 1342 Nec
3047 1288 3221 1341 solum
3281 1290 3395 1343 Deo
3429 1306 3441 1341 :
3474 1287 3572 1343 sed

1979 1373 2141 1427 etiam
2167 1390 2326 1445 spero
2356 1390 2458 1428 nos
2479 1390 2593 1430 esse
2609 1376 2944 1446 mani/estus
2974 1376 3035 1429 in
3066 1377 3425 1432 conscientiis
3454 1393 3571 1432 ves-

1983 1463 2089 1516 tris
2119 1481 2136 1516 :
2169 1461 2295 1534 quia
2326 1470 2375 1517 et
2422 1462 2464 1516 si
2510 1479 2606 1517 ore
2657 1464 2725 1518 de
2782 1464 2941 1518 nobis
2988 1463 3329 1530 maledicitis,
3389 1472 3573 1520 tamen

1979 1549 2122 1604 intus
2167 1550 2573 1621 nobismetipsis
2610 1552 2748 1606 bene
2808 1552 3041 1606 sentitis.
3084 1553 3150 1607 Et
3177 1553 3279 1607 hoc
3329 1551 3572 1607 dicentes

1980 1637 2125 1708 quod
2156 1638 2425 1692 manifesti
2477 1639 2645 1693 simus
2677 1640 2791 1694 Deo
2848 1647 2901 1695 et
2948 1640 3295 1696 conscientiis
3326 1640 3523 1695 vestris
3558 1655 3570 1693 :

1981 1743 2095 1782 non
2126 1727 2337 1782 iterum
2362 1727 2525 1795 (sicut
2556 1728 2609 1781 in
2639 1728 2741 1781 alia
2773 1728 3003 1797 epistola
3041 1728 3391 1799 Opposuistis)
3418 1745 3571 1785 com-

1982 1815 2317 1870 mendamus
2346 1832 2447 1869 nos
2477 1816 2623 1870 vobis
2646 1836 2663 1870 :
2694 1816 2791 1869 sed
2824 1816 3001 1886 potuis
3032 1817 3233 1871 damus
3260 1818 3407 1873 vobis
3422 1832 3573 1873 occa-

1980 1904 2217 1967 sionem,
2250 1902 2305 1956 id
2329 1911 2411 1958 est
2456 1904 2912 1974 Opportunitatem
2955 1906 3239 1975 gloriandi
3255 1922 3357 1977 pro
3388 1905 3567 1972 nobis,

1978 1992 2257 2061 magistris
2287 1992 2509 2046 vestris.
2550 1992 2608 2045 In
2640 1992 2960 2047 excellentia
2990 1994 3134 2047 enim
3162 1993 3411 2065 magistri
3431 2009 3572 2064 prae-

1980 2080 2171 2135 cellitis
2200 2079 2356 2135 alios.
2388 2080 2491 2135 Pro
2541 2081 2699 2135 nobis
2755 2081 2895 2146 dico,
2937 2082 3011 2135 ita
3040 2086 3107 2136 ut
3161 2082 3414 2137 habeatis
3445 2081 3575 2154 quid

1979 2169 2354 2239 respondeatis
2380 2173 2583 2225 contra
2618 2185 2706 2225 eos
2737 2171 2831 2241 qui
2858 2170 3181 2240 gloriantur
3226 2171 3287 2224 in
3318 2171 3484 2239 facie,
3517 2170 3572 2225 id

1980 2264 2062 2310 est
2092 2256 2146 2310 in
2178 2255 2351 2311 oculis
2396 2257 2675 2311 hominum
2708 2273 2721 2310 :
2747 2261 2801 2312 et
2824 2274 2939 2313 non
2986 2257 3291 2329 gloriantur
3320 2260 3381 2312 in
3410 2259 3571 2314 corde

1979 2359 2079 2399 suo
2113 2363 2127 2412 ;
2160 2344 2254 2398 sed
2287 2345 2429 2399 male
2462 2352 2778 2417 torquentur
2806 2345 2859 2399 in
2890 2345 3107 2416 propria
3139 2345 3491 2413 conscientia,
3515 2345 3571 2401 hi

1979 2441 2100 2487 sunt
2131 2433 2361 2504 pseudo.
2396 2433 2533 2488 Vere
2564 2434 3018 2504 Opportunitatem
3048 2434 3261 2488 habetis
3300 2434 3573 2506 gloriandi

1977 2538 2075 2593 pro
2099 2521 2257 2575 nobis
2290 2540 2302 2575 :
2338 2536 2462 2575 nam
2495 2522 2756 2593 quidquid
2806 2521 3053 2588 facimus,
3112 2521 3338 2576 facimus
3385 2522 3473 2577 vel
3505 2522 3574 2577 ad

1977 2610 2209 2681 gloriam
2230 2610 2349 2676 Dei,
2383 2610 2469 2664 vel
2491 2610 2557 2664 ad
2592 2610 2873 2665 utilitatem
2894 2618 3149 2666 vestram.
3184 2610 3320 2680 Quia
3350 2610 3419 2665 ita
3451 2610 3522 2664 ait
3557 2628 3570 2664 :

1976 2700 2098 2755 Sive
2129 2714 2228 2753 nos
2272 2699 2598 2754 excedimus
2638 2704 2825 2754 mente
2867 2700 3157 2754 humanam
3204 2707 3474 2765 naturam,
3515 2706 3573 2753 ut

1978 2786 2267 2842 audiamus
2296 2787 2387 2841 illa
2418 2803 2536 2857 quae
2565 2802 2672 2841 non
2716 2786 2841 2841 licet
2868 2787 3073 2842 homini
3103 2787 3250 2859 loqui
3282 2807 3295 2854 ;
3329 2788 3441 2844 sive
3472 2802 3571 2843 nos

1977 2893 2175 2931 sumus
2208 2876 2397 2939 sobrii,
2428 2875 2481 2930 id
2502 2883 2581 2931 est
2612 2876 2938 2946 deponendo
2980 2876 3297 2932 ebrietatem
3325 2884 3570 2933 secreto-

1977 2981 2096 3020 rum
2128 2964 2228 3019 Dei
2263 2982 2274 3018 :
2302 2964 2485 3020 sobrie
2511 2964 3003 3020 condescendendo
3032 2964 3327 3019 infirmitati
3348 2973 3567 3033 vostrae,

1978 3062 2037 3108 ut
2069 3054 2288 3125 quando
2323 3054 2390 3107 de
2447 3052 2703 3124 conjugio
2732 3051 3081 3123 praecipiebat
3138 3059 3189 3105 et
3242 3053 3566 3120 hujusmodi.

1896 3111 1942 3171 Ο
1975 3142 2051 3210 Si,
2090 3142 2333 3214 inquam,
2372 3142 2539 3197 sobrii
2565 3158 2770 3207 sumus,
2796 3141 2913 3196 hinc
2954 3139 3224 3196 sobrietas
3256 3140 3403 3195 vobis
3459 3140 3569 3194 uti-

1971 3231 2038 3286 lis
2070 3240 2176 3287 est.
2220 3232 2283 3285 Et
2332 3231 2534 3285 bonum
2570 3237 2781 3284 estnos
2840 3230 2914 3284 ita
2970 3229 3182 3284 sobrios
3235 3244 3356 3284 esse
3391 3244 3403 3283 :
3434 3244 3570 3284 nam

1973 3320 2227 3376 charitas
2262 3318 2473 3375 Christi
2520 3317 2704 3389 (etiam
2736 3318 2782 3371 si
2819 3318 3109 3388 nollemus)
3152 3322 3314 3388 urget
3349 3334 3471 3387 nos,
3512 3323 3571 3371 ut

1973 3417 2444 3479 contemperemus
2490 3421 2589 3461 nos
2630 3406 2811 3461 vobis.
2882 3406 3008 3461 Vult
3062 3406 3351 3461 ostendere
3409 3405 3569 3460 Chri-

1974 3506 2115 3552 stum
2142 3497 2319 3551 solum
2347 3496 2415 3551 ad
2456 3494 2899 3565 justiticationem
2930 3502 2981 3549 et
3013 3494 3241 3549 salutem
3299 3492 3565 3561 sufﬁcere,

1973 3595 2026 3642 et
2058 3594 2296 3641 veterem
2335 3584 2514 3655 legem
2563 3600 2725 3655 quam
2792 3582 3030 3639 1'74
3076 3583 3285 3653 pseudo
3331 3582 3571 3636 nituntur

1973 3675 2258 3741 reducere,
2291 3672 2367 3728 nil
2392 3673 2677 3744 prodesse,
2713 3672 2811 3727 sed
2840 3672 3064 3727 multum
3095 3686 3310 3741 nocere,
3342 3670 3565 3726 dicens:

1974 3763 2225 3819 Charitas
2256 3762 2452 3817 Christi
2492 3770 2651 3833 urget
2680 3778 2801 3828 nos,
2840 3762 3235 3816 existimantes
3275 3759 3393 3828 hoc,
3430 3775 3567 3832 quo-

1972 3853 2202 3908 nia'msi
2252 3868 2421 3920 unus,
2464 3850 2690 3917 scilicet,
2742 3850 2988 3905 Christus
3046 3853 3306 3905 mortuus
3350 3853 3437 3904 est
3466 3865 3568 3922 pro

1974 3940 2309 3997 redimendis
2339 3942 2595 3997 omnibus
2616 3960 2633 3995 :
2652 3956 2779 4010 ergo
2798 3956 2989 3995 omnes
3016 3938 3225 3994 mortui
3242 3942 3374 3994 sunt
3393 3938 3568 4011 origi-

1972 4031 2084 4085 nali
2115 4037 2361 4101 peccato,
2396 4045 2499 4100 per
2528 4036 2759 4083 mortem
2803 4028 2980 4082 unius.
3012 4027 3128 4082 Nec
3158 4042 3257 4097 pro
3298 4028 3402 4082 hoc
3450 4026 3568 4082 solo

1972 4126 2217 4174 mortuus
2260 4125 2343 4173 est
2408 4125 2465 4171 ut
2515 4126 2741 4187 peccato
2813 4132 3153 4171 moreremur
3186 4134 3200 4181 ;
3236 4115 3333 4171 sed
3361 4122 3419 4169 ut
3471 4131 3570 4185 per

1973 4216 2205 4264 mortem
2236 4208 2351 4275 ejus
2393 4206 2613 4275 justitiae
2663 4206 2984 4261 viveremus.
3048 4204 3211 4272 Quod
3238 4204 3317 4259 sic
3344 4203 3569 4257 aitzEst

1974 4298 2220 4352 Christus
2260 4302 2507 4351 mortuus
2529 4310 2629 4365 pro
2668 4294 2921 4349 omnibus
2954 4311 2966 4347 :
3001 4292 3125 4348 ideo
3156 4298 3220 4349 ut
3247 4294 3342 4366 qui
3371 4291 3568 4346 mortui

1975 4394 2100 4440 sunt
2129 4388 2448 4457 peccato,et
2479 4385 2576 4455 qui
2607 4385 2804 4438 vivunt
2832 4381 3071 4450 justitiae,
3080 4382 3205 4451 jam
3231 4397 3346 4436 non
3375 4381 3567 4435 vivant

280 4491 465 4563 signat
500 4507 511 4541 :
545 4492 609 4543 ut
632 4467 1009 4559 unusquisque
1031 4487 1266 4555 referat,
1301 4482 1354 4536 id
1387 4490 1467 4537 est
1489 4488 1724 4552 reportet
1745 4480 1870 4537 inde
1894 4472 1947 4531 D
1982 4474 2339 4563 attribuentes
2380 4473 2483 4563 hoc
2515 4471 2657 4563 quod
2713 4472 2919 4563 vivunt,
2970 4470 3095 4563 sibi
3120 4470 3196 4563 (ut
3251 4467 3413 4563 ﬁebat
3465 4467 3567 4563 sub

274 4575 509 4648 propria
541 4574 791 4645 corporis
821 4587 967 4626 :non
1000 4569 1146 4641 quod
1178 4566 1472 4624 commissa
1519 4567 1710 4622 anima:
1765 4581 1874 4621 non

279 4665 352 4718 sit
382 4663 678 4728 relaturus,
702 4661 797 4716 sed
832 4659 1053 4731 propria
1082 4656 1347 4729 corporis,
1382 4656 1435 4710 id
1468 4664 1551 4710 est
1590 4671 1708 4728 quae
1738 4669 1874 4725 Ope-

278 4759 433 4808 ratus
462 4760 545 4807 est
575 4751 703 4805 dum
726 4749 779 4803 in
810 4763 1039 4819 corpore
1073 4746 1220 4801 vixit.
1256 4744 1471 4800 Beferat
1499 4744 1623 4799 dico
1653 4742 1876 4814 propria

272 4845 451 4914 prout
468 4842 656 4912 gessit,
692 4839 737 4893 si
768 4846 946 4893 tamen
970 4844 1182 4905 tempus
1214 4834 1475 4906 operandi
1504 4832 1704 4887 habuit.
1740 4832 1874 4886 Par-

278 4931 389 4985 vuli
419 4930 583 4997 enim,
617 4929 753 4984 sicut
784 4925 1035 4998 baptizati
1068 4941 1167 4995 per
1198 4924 1366 4979 solam
1424 4922 1674 4995 gratiam,
1708 4920 1878 4976 salva.

278 5018 636 5076 bunturzsic
686 5017 840 5088 pueri
914 5031 1022 5070 non
1082 5013 1355 5083 baptizati,
1415 5020 1637 5083 propter
1702 5009 1875 5065 solum

279 5108 552 5181 originale
582 5105 1009 5161 damnabuntur.
1050 5101 1267 5158 Referet
1299 5102 1514 5171 propria
1556 5108 1715 5170 prout
1744 5115 1875 5171 ges-

278 5199 366 5263 sit,
403 5199 518 5252 sive
551 5198 755 5251 bonum
785 5193 901 5257 fuit,
936 5196 1047 5248 sive
1106 5194 1344 5255 malum,
1381 5190 1522 5260 quod
1555 5188 1743 5261 gessit.
1780 5186 1878 5241 llic

278 5285 336 5340 ﬁt
367 5284 619 5357 quaestio,
654 5293 710 5337 ut
744 5283 865 5354 quia
897 5282 987 5348 ait,
1020 5288 1182 5352 prout
1212 5278 1403 5352 gessit,
1437 5278 1583 5332 irrita
1630 5277 1879 5331 videntur

278 5390 400 5429 esse
432 5371 721 5438 beneficia,
766 5388 885 5443 quae
930 5370 1059 5425 tiunt
1099 5385 1196 5440 pro
1255 5367 1498 5423 mortuis.
1551 5366 1657 5420 Sed
1689 5372 1873 5419 contra

279 5464 384 5519 hoc
405 5461 606 5517 dicitur
638 5478 650 5515 :
686 5460 813 5532 quia
845 5460 891 5514 si
936 5466 1174 5514 mortuus
1208 5466 1262 5510 ut
1312 5458 1414 5512 hoc
1445 5469 1542 5525 pro
1590 5470 1654 5509 eo
1700 5452 1875 5520 ﬁeret,

281 5551 368 5622 pie
398 5549 709 5615 ordinavit;
744 5548 848 5614 vel,
886 5547 929 5603 si
951 5546 1268 5603 charitative
1291 5560 1466 5618 agens
1487 5549 1673 5599 contra
1703 5540 1880 5614 proxi-

1974 4562 2144 4619 veteri
2174 4562 2339 4634 lege),
2373 4562 2468 4616 sed
2506 4560 2686 4615 vivant
2716 4561 2787 4627 ei,
2820 4558 2874 4612 id
2919 4565 3001 4612 est
3031 4558 3100 4612 ad
3139 4556 3373 4630 gloriam
3430 4556 3566 4625 ejus,

1974 4654 2069 4726 qui
2086 4654 2346 4706 mortuus
2378 4654 2461 4705 est
2486 4666 2586 4721 pro
2618 4651 2756 4721 ipsis
2778 4654 3003 4719 peccato
3043 4644 3430 4701 mortiﬁcandis
3464 4662 3476 4699 :
3511 4648 3568 4699 et

1975 4742 2295 4796 resurrexit
2339 4754 2438 4809 pro
2494 4738 2721 4805 eisdem,
2780 4744 2837 4790 ut
2868 4734 3147 4803 injustitia
3195 4739 3563 4803 resurgerent.

1976 4828 2206 4898 Quando
2239 4828 2456 4900 quidem
2488 4827 2543 4880 in
2567 4834 2742 4881 morte
2774 4824 2975 4880 Christi
3006 4822 3199 4877 mortui
3231 4838 3417 4876 sumus
3446 4835 3569 4892 pec-

1977 4926 2094 4973 cato
2128 4936 2140 4971 :
2175 4924 2225 4971 et
2281 4932 2347 4971 eo
2405 4923 2729 4988 resurgente
2795 4911 3187 4968 resurreximus
3229 4910 3476 4980 justitiae,
3510 4909 3567 4964 id

1976 5015 2079 5065 est.
2110 5006 2232 5077 quia
2280 5005 2524 5060 Christus
2567 5005 2634 5058 ad
2664 5019 2882 5058 omnem
2925 5000 3365 5071 justiﬁcationem
3415 4997 3567 5054 suﬁi-

1976 5096 2047 5152 cit
2073 5114 2084 5150 :
2110 5098 2298 5168 itaque
2322 5112 2419 5151 nos
2459 5110 2531 5149 ex
2563 5096 2681 5161 hoc,
2744 5099 3034 5163 postquam
3091 5090 3337 5144 Christus
3375 5105 3569 5160 passus

1977 5192 2079 5251 est,
2114 5192 2168 5239 et
2198 5182 2495 5239 resurrexit
2522 5181 2824 5236 :ncminem
2843 5179 3118 5244 novimus,
3153 5178 3207 5232 id
3238 5186 3339 5245 est,
3373 5192 3568 5248 appro-

1978 5274 2226 5329 bavimus
2255 5272 2617 5326 ambulantem
2657 5268 2967 5325 secundum
3006 5284 3255 5334 carnem,
3280 5266 3335 5320 id
3357 5274 3457 5331 est,
3490 5280 3571 5318 se-

1978 5363 2213 5419 cundum
2243 5360 2493 5417 carnales
2525 5360 2658 5413 ritus
2702 5357 2904 5413 veteris
2959 5356 3114 5428 legis.
3150 5356 3421 5423 Objiceret
3456 5353 3565 5407 ille.

1979 5452 2163 5520 Quare
2198 5451 2267 5505 ita
2290 5450 2562 5520 improbas
2593 5448 2793 5519 legem,
2828 5462 2987 5518 quam
3019 5444 3264 5499 Christus
3294 5442 3569 5513 approba-

1982 5541 2054 5601 vit
2084 5550 2136 5597 et
2167 5539 2380 5598 tenuit?
2402 5540 2599 5597 Contra
2626 5538 2730 5594 hoc
2760 5535 2977 5593 Paulus.
3012 5532 3147 5603 Etsi,
3183 5533 3235 5588 id
3271 5538 3350 5587 est
3384 5547 3570 5607 quam-
