3960 6050
374 214 479 274 243

911 213 968 268 S.
1020 209 1372 268 BRUNONIS
1418 208 2065 267 CARTHUSIANORUM
2105 207 2589 265 INSTITUTORIS
2629 207 2787 265 OPP.
2836 208 3013 266 PARS
3062 211 3128 264 II.

3560 212 3666 267 244

376 336 460 392 vis
490 352 591 393 nos
621 334 749 391 olim
797 334 1154 407 cognovimus
1174 334 1229 388 in
1283 342 1527 404 tempore
1583 332 1677 388 illo
1710 347 1817 404 quo
1874 331 1972 385 ad-
1993 332 2047 392 Α
2077 330 2377 385 orationem
2408 338 2650 385 nostram
2698 331 2866 386 nolite
2936 347 3199 401 spernere
3232 350 3246 399 ;
3279 333 3375 388 sed
3430 332 3676 387 habeatis

377 426 485 480 huc
505 424 819 480 insistendaa
862 432 1019 478 erant
1049 421 1237 495 figurae
1284 422 1557 477 Christum
1615 420 1981 475 ambulantem

380 513 679 569 secundum
713 526 958 575 carnem,
995 511 1050 565 id
1083 518 1165 565 est
1212 519 1530 581 operantem
1582 509 1720 563 ritus
1778 507 1982 563 veteris

381 601 524 673 legis
556 619 569 656 :
603 600 719 667 sed,
745 600 799 654 id
828 607 912 654 est
943 608 1145 665 tamen,
1196 615 1338 653 nunc
1368 606 1661 669 postquam
1718 597 1841 651 data
1901 603 1985 650 est

386 689 557 760 gratia
592 704 604 743 :
633 690 745 757 jam
796 688 923 743 olim
955 686 1176 759 quidem
1233 686 1484 742 novimus
1520 704 1531 739 :
1568 685 1665 739 sed
1688 685 1802 753 jam
1859 700 1981 738 am-

383 778 526 847 plius
578 792 687 831 non
741 776 990 832 novimus
1054 774 1325 830 Christum
1384 774 1682 829 secundum
1728 788 1972 829 carnem.

382 866 448 920 Et
479 865 603 936 quia
625 866 741 933 jam
778 863 1050 918 neminem
1096 862 1345 918 novimus
1384 862 1685 917 secundum
1739 877 1979 926 carnem,

386 969 523 1025 ergo
554 957 744 1008 vetera
776 954 1159 1007 transierunt.
1200 949 1482 1005 Praemittit
1514 950 1676 1004 locun
1720 949 1864 1003 unde
1895 949 1983 1002 in-

388 1040 547 1106 ferat,
581 1040 770 1096 dicens
806 1056 817 1094 :
851 1040 910 1095 Si
939 1056 1047 1111 qua
1064 1043 1329 1095 creatura
1350 1046 1432 1093 est
1462 1040 1525 1092 in
1559 1037 1795 1102 Christo,
1819 1037 1872 1090 id
1903 1044 1986 1091 est

388 1129 433 1183 si
462 1130 567 1184 hoc
597 1135 677 1183 est
709 1128 854 1199 quod
898 1118 1061 1182 ho’mo
1109 1127 1408 1182 secundum
1438 1126 1831 1181 recreationem
1862 1124 1984 1179 ani-

387 1233 492 1271 mae
528 1216 759 1287 accipiat
787 1216 841 1269 in
865 1215 1077 1270 Christo
1113 1230 1274 1281 nova,
1334 1214 1391 1268 id
1421 1223 1503 1269 est
1549 1214 1803 1268 innovata
1838 1231 1850 1267 :
1883 1228 1983 1267 ve-

388 1312 585 1360 tustate
614 1304 821 1375 peccati
851 1302 1114 1373 deposita,
1146 1310 1374 1373 apparet
1402 1303 1549 1373 quod
1580 1309 1765 1357 vetera
1795 1310 1984 1356 trans-

392 1393 590 1447 ierunt.
625 1394 693 1446 Et
738 1406 871 1447 ecce
900 1391 953 1444 in
995 1390 1231 1446 evidenti
1281 1398 1382 1445 est.
1418 1392 1589 1445 Facta
1618 1394 1756 1445 sunt
1795 1391 1988 1447 omnia

393 1497 536 1536 nova
565 1488 814 1536 creatura
843 1479 897 1533 in
950 1479 1185 1534 Christo.
1220 1479 1411 1535 Adhuc
1455 1480 1717 1548 objiceret
1748 1479 1840 1533 ille
1873 1495 1884 1534 :
1918 1479 1989 1532 Et

395 1569 441 1623 si
471 1568 718 1623 Christus
738 1569 842 1623 hoc
886 1575 1157 1638 operetur,
1211 1575 1391 1621 tamen
1421 1567 1550 1638 quia
1603 1568 1785 1639 legem
1813 1583 1843 1621 a
1875 1568 1988 1621 Deo

394 1658 577 1711 datam
610 1664 853 1723 evacuat,
917 1671 1025 1710 non
1074 1663 1157 1710 est
1213 1656 1712 1727 sequendus:quia
1744 1671 1815 1709 ex
1872 1657 1988 1710 Deo

388 1760 498 1800 non
526 1752 800 1815 Operatur,
860 1743 957 1797 sed
996 1751 1185 1799 contra
1217 1744 1410 1798 Deum.
1461 1745 1528 1798 Et
1580 1744 1773 1797 Paulus
1805 1744 1858 1797 in
1883 1758 1990 1814 quo

391 1832 742 1889 adversarius
772 1831 989 1887 volebat
1019 1830 1295 1887 infirmare
1317 1832 1555 1887 rationes
1577 1848 1722 1897 suas,
1759 1832 1985 1897 scilicet,

393 1920 517 1993 quia
547 1920 796 1975 Christus
827 1920 1127 1976 secundum
1177 1922 1351 1974 Deum
1394 1920 1500 1977 hoc
1531 1936 1640 1975 non
1686 1920 1912 1986 faceret,
1936 1919 1990 1973 in

392 2010 586 2064 eodem
616 2009 885 2080 approbat
913 2009 1103 2063 dicens
1124 2009 1299 2063 Deum
1329 2010 1545 2079 operari
1587 2025 1688 2079 per
1717 2008 1991 2063 Christum

396 2098 805 2153 evacuationem
856 2096 1055 2151 veteris
1103 2096 1263 2168 legis.
1318 2098 1377 2150 In
1436 2097 1647 2151 Christo
1678 2096 1814 2152 facta
1872 2105 1992 2150 sunt

394 2186 573 2243 omnia
595 2201 735 2241 nova
781 2200 793 2238 :
823 2185 941 2241 haec
970 2189 1163 2240 autem
1194 2186 1385 2240 omnia
1434 2202 1555 2255 quin
1587 2185 1832 2239 Christus
1863 2201 1993 2255 ope-

397 2283 573 2344 ratur,
608 2281 826 2329 suntex
848 2274 955 2328 Deo
987 2292 1005 2328 :
1037 2272 1130 2344 qui
1153 2273 1298 2328 Deus
1326 2289 1423 2344 per
1444 2273 1717 2328 Christum
1731 2274 1832 2328 hoc
1861 2290 1993 2344 ope-

398 2372 567 2419 ratur.
602 2362 1006 2419 Reconciliavit
1042 2361 1185 2416 enim
1214 2362 1507 2417 humanum
1540 2378 1717 2435 genus
1761 2363 1865 2417 sibi
1888 2379 1993 2433 per

410 2452 717 2516 Christum,
743 2450 797 2505 id
827 2458 908 2505 est
926 2466 1023 2520 per
1042 2450 1318 2505 hominem
1340 2451 1511 2517 illum,
1530 2451 1620 2521 qui
1652 2450 1751 2505 fuit
1778 2451 1990 2505 medie-

393 2548 479 2595 tas
508 2540 564 2594 in
593 2554 703 2610 qua
734 2546 1191 2594 connecterentur
1210 2539 1332 2594 dum
1363 2538 1732 2594 extremitates
1768 2539 1933 2611 longe
1961 2555 1991 2593 a

395 2645 456 2699 se
485 2626 800 2683 differentes
834 2645 847 2681 :
880 2627 1064 2693 homo,
1100 2626 1326 2693 scilicet,
1352 2635 1405 2681 et
1435 2629 1581 2682 Deus
1608 2646 1621 2682 :
1652 2632 1706 2683 et
1729 2628 1821 2699 qui
1844 2629 1991 2682 Deus

397 2717 554 2774 dedit
580 2716 756 2782 nobis,
782 2715 913 2770 mihi
935 2724 988 2770 et
1018 2715 1139 2769 aliis
1169 2716 1450 2786 apostolis,
1481 2717 1871 2772 ministerium
1903 2733 1991 2772 re-

395 2805 829 2871 conciliationis,
884 2804 939 2859 id
969 2811 1051 2858 est
1097 2811 1154 2857 ut
1188 2804 1621 2859 ministraremus
1658 2804 1988 2872 hominibus,

398 2894 671 2966 quomodo
720 2909 819 2964 per
877 2890 1151 2947 Christum
1207 2893 1542 2948 reconciliati
1600 2902 1721 2947 sunt
1779 2894 1915 2962 Deo,
1948 2894 1992 2948 si

398 2982 585 3038 volunt
614 2989 669 3037 ut
718 2980 1054 3037 reconciliati
1106 2980 1318 3035 Christo
1376 2981 1796 3037 reconcilientur
1853 2984 1988 3037 Deo.

396 3070 538 3139 Quia
566 3071 758 3126 iterum
788 3070 934 3125 Deus
965 3076 1151 3139 posset
1182 3070 1286 3125 hoc
1316 3070 1533 3139 operari
1569 3086 1667 3141 per
1712 3070 1989 3124 hominem

398 3159 666 3215 Christum
702 3174 713 3213 :
745 3159 820 3213 ita
841 3158 988 3230 quod
1019 3174 1127 3213 non
1157 3165 1267 3213 tota
1296 3158 1551 3215 divinitas
1603 3159 1682 3214 sic
1726 3159 1992 3215 habitaret

396 3247 452 3302 in
482 3247 701 3303 homine
729 3246 846 3301 illo.
887 3246 1224 3303 Determinat
1264 3246 1460 3302 Paulus
1514 3248 1784 3319 quomodo
1844 3250 1992 3303 Deus

395 3334 588 3392 fecerit
627 3351 726 3406 per
767 3334 1061 3401 Christum,
1116 3334 1346 3405 scilicet,
1404 3334 1738 3405 plenitudine
1787 3335 1989 3390 divini-

392 3424 518 3480 tatis
545 3423 820 3478 habitante
851 3423 907 3477 in
934 3439 1000 3479 eo
1030 3423 1405 3494 corporaliter.
1428 3424 1765 3479 Determinat
1804 3424 1988 3491 etiam,

396 3513 673 3585 quomodo
696 3512 815 3583 ipse
863 3511 1036 3567 factus
1097 3512 1163 3566 sit
1210 3512 1455 3567 minister
1512 3513 1988 3578 reconciliationis,

398 3601 628 3666 scilicet,
662 3600 830 3656 verbo
862 3608 1066 3655 tantum
1091 3607 1150 3654 ut
1192 3616 1311 3655 eam
1343 3601 1663 3671 praedicaret
1711 3601 1988 3674 gentibus.

399 3690 510 3745 Sed
538 3689 781 3743 Christus
811 3689 891 3744 sic
922 3688 1017 3743 fuit
1057 3688 1303 3743 minister
1350 3690 1807 3745 reconciliationis
1830 3732 1843 3757 ,
1875 3690 1994 3745 vel-

399 3778 479 3833 uti
506 3793 604 3848 per
633 3793 813 3849 quem,
842 3784 895 3833 et
924 3777 978 3830 in
1000 3793 1108 3847 quo
1138 3792 1230 3832 res
1268 3777 1384 3847 ipsa
1434 3787 1657 3848 operata
1687 3779 1784 3833 fuit
1812 3796 1823 3832 :
1858 3780 1996 3833 bene

402 3866 526 3922 dico
556 3866 703 3921 Deus
732 3864 1102 3921 reconciliavit
1122 3879 1222 3920 nos
1253 3865 1355 3919 sibi
1385 3882 1485 3936 per
1531 3866 1821 3932 Christum,
1868 3883 2000 3939 quo-

400 3955 559 4010 niam
578 3954 797 4025 quidem
816 3955 962 4009 Deus
993 3958 1117 4009 erat
1149 3954 1212 4008 in
1240 3952 1359 4024 ipso
1394 3953 1631 4020 Christo,
1663 3956 1717 4009 id
1775 3963 1857 4010 est
1887 3962 1999 4010 tota

398 4043 649 4098 divinitas
679 4042 735 4096 in
765 4042 984 4096 homine
1015 4041 1126 4096 illo.
1162 4043 1306 4096 Deus
1339 4042 1464 4098 dico
1497 4044 1877 4099 reconcilians
1898 4044 2001 4099 sibi

397 4131 700 4196 mundum,
725 4130 780 4184 id
811 4138 895 4185 est
925 4130 1172 4185 homines
1202 4130 1391 4184 mundi
1420 4147 1523 4201 per
1554 4132 1848 4187 Christum.
1887 4133 2000 4187 Re-

400 4219 703 4276 concilians
732 4218 856 4274 dico
894 4220 985 4285 ita,
1037 4218 1263 4285 scilicet,
1321 4224 1438 4275 non
1472 4225 1765 4293 reputans,
1810 4222 1864 4275 id
1920 4228 2003 4276 est

399 4322 512 4364 non
541 4307 787 4379 exigens,
820 4308 918 4361 sed
956 4307 1247 4379 indulgens
1277 4309 1414 4375 illis,
1459 4308 1514 4362 id
1540 4318 1621 4364 est
1649 4311 1874 4376 mundo,
1910 4310 2002 4365 de-

2083 435 2201 474 eam
2229 424 2503 491 tanquam
2520 435 2625 490 per
2654 436 2756 476 nos
2786 421 2894 476 Deo
2921 421 3263 476 exhortante
3320 436 3438 486 vos,
3471 421 3525 475 id
3572 428 3676 487 est,

2082 507 2519 562 obsecrationem
2548 523 2725 562 meam
2747 506 2933 563 sciatis
2954 524 3075 563 esse
3097 508 3197 562 Dei
3227 509 3675 564 exhortationem.

2082 596 2287 650 Bonum
2337 604 2390 649 et
2446 595 2669 665 dignum
2725 603 2808 650 est
2864 612 2965 650 vos
3014 596 3355 652 reconciliari
3401 596 3681 668 Deo,‘qui

2083 686 2227 738 Deus
2259 699 2401 751 eum,
2436 683 2491 738 id
2522 692 2623 749 est,
2656 683 2927 739 Christum
2957 686 3051 756 qui
3078 701 3193 740 non
3223 690 3460 741 noverat
3476 701 3681 757 pecca-

2085 777 2208 827 tum
2230 772 2377 839 (licet
2406 788 2505 843 per
2536 772 2841 839 scientiam,
2881 788 2990 828 non
3020 781 3204 828 tamen
3234 790 3333 843 per
3389 774 3682 844 experien-

2084 861 2215 914 tiam
2246 859 2391 929 facti)
2435 862 2601 916 illum
2654 862 2792 931 fecit
2853 863 2995 916 Deus
3040 866 3338 933 peccatum
3383 876 3485 932 pro
3522 862 3683 917 nobis
3747 918 3756 931 ,

2082 949 2437 1004 redimendis.
2470 950 2754 1004 Peccatum
2784 948 2959 1004 factus
2989 957 3071 1004 est
3109 950 3350 1004 Christus
3384 951 3685 1006 secundum

2084 1053 2302 1108 poenam
2333 1037 2540 1107 peccati
2582 1053 2743 1108 quam
2792 1038 3015 1107 pertulit
3049 1053 3060 1091 :
3096 1038 3232 1093 sicut
3262 1038 3498 1109 aliquem
3529 1039 3685 1094 inno-

2087 1134 2299 1181 centem
2366 1141 2691 1196 suspensum
2767 1126 3072 1180 diceremus
3127 1125 3320 1192 furem,
3384 1127 3686 1182 secundum

2086 1228 2304 1284 poenam
2340 1212 2466 1267 furti
2518 1228 2682 1285 quam
2724 1221 3018 1283 pateretur,
3053 1214 3177 1270 licet
3205 1222 3357 1270 actus
3404 1214 3528 1269 furti
3576 1230 3684 1270 non

2088 1308 2235 1356 esset
2284 1301 2337 1355 in
2388 1316 2479 1356 eo.
2537 1302 2635 1355 Vel
2688 1301 2933 1356 Christus
2989 1302 3163 1358 dictus
3228 1310 3310 1357 est
3364 1310 3675 1373 peccatum.

2088 1389 2277 1444 Hostia
2308 1388 2450 1443 enim
2481 1389 2571 1443 illa
2603 1406 2724 1459 quae
2747 1405 2848 1460 pro
2878 1398 3102 1461 peccato
3143 1389 3473 1445 offerebatur
3502 1407 3691 1462 pecca-

2088 1486 2199 1531 tum
2256 1478 2595 1532 vocabatur:
2629 1478 2707 1532 sic
2783 1478 3028 1532 Christus
3115 1479 3240 1550 quia
3303 1495 3405 1549 pro
3460 1487 3686 1550 peccato

2090 1565 2332 1620 omnium
2355 1566 2570 1620 oblatus
2599 1574 2704 1631 est,
2738 1575 3021 1636 peccatum
3070 1566 3292 1621 dicitur.
3348 1568 3452 1621 Pro
3508 1567 3685 1633 nobis,

2010 1687 2061 1747 B
2091 1654 2331 1726 inquam,
2366 1655 2512 1708 Deus
2543 1654 2811 1709 Christum
2850 1654 2976 1711 fecit
3009 1664 3311 1725 peccatum,
3366 1660 3431 1710 ut
3480 1672 3580 1711 nos
3600 1658 3691 1725 ef-

2092 1744 2411 1813 ﬁceremur,
2434 1758 2543 1797 non
2566 1750 2769 1796 tantum
2793 1743 2945 1811 justi,
2965 1744 3060 1798 sed
3093 1744 3251 1798 etiam
3281 1744 3397 1815 ipsa
3416 1745 3654 1815 justitia
3673 1763 3691 1798 :

2093 1848 2193 1887 nec
2222 1830 2378 1896 falsa,
2413 1831 2498 1885 vel
2529 1830 2668 1901 legis
2704 1850 2718 1897 ;
2753 1832 2851 1886 sed
2881 1848 3005 1887 vera
3029 1832 3237 1901 justitia
3265 1834 3384 1899 Dei,
3417 1840 3468 1888 et
3498 1834 3601 1888 hoc
3628 1833 3691 1887 in

2092 1922 2231 1991 ipso,
2264 1918 2321 1974 id
2351 1926 2432 1975 est
2462 1935 2562 1990 per
2591 1919 2888 1974 Christum.

2729 2114 2955 2172 CAPUT
2984 2116 3073 2171 VI.

2168 2296 2188 2319 «
2235 2271 2568 2340 Adjuvantes
2606 2279 2784 2327 autem
2816 2274 3185 2341 exhortamur,
3245 2291 3313 2329 ne
3358 2274 3411 2328 in
3462 2289 3694 2330 vacuum

2097 2384 2117 2408 «ι
2155 2360 2383 2432 gratiam
2417 2360 2517 2414 Dei
2559 2360 2848 2432 recipiatis.
2912 2363 3000 2416 Ait
3055 2362 3199 2418 enim
3234 2378 3245 2417 :
3280 2365 3547 2434 Tempore
3596 2379 3693 2418 ac-

2098 2468 2119 2500 «
2156 2456 2315 2519 cepto
2347 2448 2594 2504 exaudivi
2640 2458 2709 2515 te,
2743 2458 2795 2504 et
2827 2450 2883 2504 in
2913 2450 3000 2505 die
3029 2451 3220 2505 salutis
3248 2452 3502 2520 adjuvite.
3550 2453 3695 2507 Ecce

2098 2560 2118 2584 α
2163 2554 2307 2591 nunc
2338 2545 2548 2609 tempus
2577 2538 2907 2608 acceptabile
2941 2557 2953 2592 :
2990 2554 3120 2596 ecce
3149 2556 3294 2596 nunc
3331 2540 3449 2595 dies
3480 2540 3687 2595 salutis.

2098 2650 2118 2672 α
2164 2625 2383 2680 Nemini
2429 2626 2623 2681 dantes
2671 2627 2839 2681 ullam
2889 2626 3265 2694 offensionem,
3314 2637 3508 2684 utnon
3546 2629 3692 2684 vitu-

2098 2736 2119 2765 ι
2156 2723 2377 2786 peretur
2432 2714 2792 2769 ministerium
2854 2725 3123 2771 nostrum.
3176 2717 3285 2772 Sed
3327 2718 3382 2772 in
3440 2718 3693 2773 omnibus

2098 2827 2118 2850 α
2157 2803 2509 2857 exhibeamus
2542 2804 2929 2875 nosmetipsos,
2982 2805 3118 2860 sicut
3157 2805 3255 2860 Dei
3306 2806 3602 2872 ministros,
3637 2806 3692 2860 in

2097 2914 2117 2937 ‹‹
2163 2892 2329 2945 multa
2351 2892 2631 2963 patientia,
2696 2892 2751 2945 in
2802 2892 3254 2960 tribulationibus,
3290 2894 3343 2948 in
3389 2895 3693 2951 necessita-

2097 3004 2118 3027 ιι
2155 2980 2317 3046 tibus,
2382 2980 2438 3034 in
2493 2981 2779 3053 angustiis,
2824 2982 2879 3035 in
2921 2981 3121 3055 plagis,
3172 2983 3226 3037 in
3281 2984 3605 3051 carceribus,
3638 2984 3692 3038 in

2098 3092 2118 3115 ‹‹
2154 3069 2530 3136 seditionibus,
2564 3070 2618 3123 in
2662 3070 2959 3137 laboribus,
3006 3071 3062 3125 in
3091 3070 3311 3144 vigiliis,
3350 3072 3405 3125 in
3450 3072 3689 3141 jejuniis,

2094 3179 2115 3207 α
2142 3158 2196 3211 in
2235 3158 2500 3223 castitate,
2543 3158 2597 3211 in
2630 3158 2874 3223 scientia,
2907 3158 2961 3213 in
3004 3159 3437 3232 longanimitate,
3479 3161 3533 3215 in
3564 3176 3693 3216 sua-

2094 3268 2115 3293 α
2152 3246 2335 3313 vitate,
2368 3247 2423 3300 in
2462 3246 2665 3317 Spiritu
2705 3256 2912 3317 sancto,
2968 3248 3024 3301 in
3082 3250 3341 3304 charitate
3378 3266 3486 3305 non
3544 3248 3690 3316 ﬁcta,

2095 3356 2117 3385 α
2160 3335 2215 3389 in
2243 3336 2413 3391 verbo
2443 3336 2704 3404 veritatis,
2739 3337 2795 3390 in
2824 3337 3020 3392 virtute
3041 3338 3166 3393 Dei.
3207 3339 3311 3393 Per
3340 3354 3494 3393 arma
3524 3339 3693 3407 justi-

2096 3449 2116 3472 ‹‹
2155 3425 2260 3491 tite,
2294 3440 2325 3479 a
2355 3424 2556 3479 dextris
2587 3432 2638 3479 et
2667 3440 2699 3478 a
2757 3425 3006 3479 sinistris.
3058 3427 3162 3479 Per
3190 3426 3417 3497 gloriam
3447 3435 3499 3481 et
3527 3428 3687 3498 igno-

2097 3538 2117 3561 α
2153 3512 2433 3578 bilitatem,
2482 3529 2581 3583 per
2636 3512 2909 3567 infamiam
2966 3521 3018 3569 et
3075 3514 3274 3568 bonam
3334 3514 3552 3569 famam.
3624 3517 3695 3571 Ut

2098 3623 2119 3653 α
2156 3602 2472 3656 seductores
2502 3608 2553 3655 et
2582 3616 2834 3657 veraces:
2869 3600 3006 3656 sicut
3036 3602 3126 3671 qui
3153 3602 3345 3673 ignoti,
3386 3610 3439 3657 et
3466 3604 3691 3673 cogniti.

2101 3714 2121 3737 ιι
2159 3689 2324 3758 Quasi
2354 3688 2668 3755 morientes,
2704 3684 2910 3744 et'ecce
2942 3688 3175 3745 vivimus
3208 3704 3219 3743 :
3249 3698 3307 3743 ut
3338 3690 3606 3762 castigati,
3642 3700 3696 3746 et

2101 3800 2121 3828 α
2165 3794 2274 3832 non
2304 3775 2631 3833 mortificati.
2668 3777 2838 3845 Quasi
2869 3777 3073 3845 tristes,
3102 3794 3319 3849 semper
3339 3788 3521 3835 autem
3552 3796 3694 3852 gau-

2102 3889 2124 3918 ι
2167 3867 2358 3921 dentes
2396 3882 2407 3919 :
2439 3867 2580 3921 sicut
2634 3874 2879 3939 egentes,
2930 3867 3128 3922 multos
3185 3876 3367 3922 autem
3448 3868 3695 3940 locuple-

2104 3979 2124 4002 α
2163 3963 2338 4009 tantes
2374 3970 2386 4008 :
2421 3963 2668 4025 tanquam
2720 3955 2856 4009 nihil
2887 3954 3171 4025 habentes,
3207 3964 3259 4010 et
3285 3957 3467 4012 omnia
3514 3957 3695 4028 possi-

2106 4069 2125 4091 α
2163 4043 2378 4099 dentes.
2420 4043 2496 4099 Os
2528 4055 2773 4098 nostrum
2805 4052 2949 4114 patet
2979 4044 3047 4098 ad
3078 4061 3197 4111 vos,
3228 4061 3260 4099 o
3285 4045 3564 4100 Corinthii.
3591 4046 3698 4100 Cor

2107 4156 2128 4180 «
2163 4140 2413 4187 nostrum
2444 4132 2729 4187 dilatatum
2759 4141 2858 4187 est.
2891 4133 3015 4187 Non
3032 4133 3415 4204 angustiamini
3444 4135 3498 4188 in
3518 4134 3699 4195 nobis.

2108 4243 2130 4272 α
2165 4221 2549 4294 augustiamini
2586 4229 2766 4276 autem
2812 4220 2865 4275 in
2914 4222 3219 4277 visceribus
3264 4222 3479 4277 vestris.
3538 4224 3703 4276 Eam-

2109 4334 2129 4357 α
2167 4311 2292 4365 dem
2324 4318 2505 4365 autem
2552 4311 2818 4365 habentes
2877 4310 3385 4379 remunerationem,
3447 4320 3701 4381 tanquam

404 4397 541 4451 licta
565 4396 841 4467 ipsorum.
886 4396 952 4451 Et
979 4396 1136 4464 hujus
1167 4396 1248 4452 rei
1276 4396 1633 4452 ministerium
1650 4397 1723 4451 ita
1739 4398 1881 4452 dedit
1904 4414 2001 4453 no-
2022 4398 2073 4457 D
2111 4423 2129 4446 α
2178 4398 2303 4453 filiis
2335 4398 2477 4464 dico,
2513 4398 2805 4453 dilatamini
2839 4407 2891 4453 et
2919 4414 3037 4454 vos.
3072 4398 3250 4453 Nolite
3275 4400 3469 4470 jugum
3500 4399 3700 4455 ducere

402 4483 504 4551 bis,
531 4483 677 4556 quod
706 4484 887 4554 posuit
936 4484 991 4538 in
1033 4484 1191 4539 nobis
1246 4486 1470 4540 verbum
1524 4486 1997 4554 reconciliationis,

403 4572 461 4627 id
521 4580 604 4627 est
660 4580 717 4627 ut
768 4572 1185 4643 praedicaremus
1250 4573 1747 4629 reconciliationem
1803 4576 2000 4630 factam

400 4678 504 4733 per
534 4660 827 4727 Christum,
871 4668 927 4715 ut
974 4661 1223 4717 homines
1282 4662 1695 4718 reconciliantes
1751 4680 1810 4717 se
1841 4664 2001 4718 Chri-

404 4757 508 4818 sto,
538 4749 1024 4805 reconciliarentur
1054 4751 1188 4805 Deo.
1252 4751 1319 4805 Et
1354 4750 1478 4822 quia
1525 4751 1672 4806 Deus
1718 4753 1899 4821 posuit
1948 4753 2002 4806 in

405 4839 564 4893 nobis
586 4839 812 4895 verbum
850 4840 1342 4911 reconciliatiomis,
1394 4857 1530 4913 ergo
1562 4858 1661 4896 nos
1704 4843 2004 4912 fungimur

408 4928 687 4999 legatione
708 4927 827 4983 Dei.
850 4929 966 4984 Nec
987 4929 1326 4999 vilipendatis
1341 4930 1479 4985 hanc
1499 4937 1744 4985 nostram
1764 4931 2003 5003 legatio-

405 5032 552 5083 nem,
587 5016 711 5087 quia
742 5016 1018 5087 fungimur
1044 5033 1109 5073 ea
1133 5032 1230 5090 pro
1256 5017 1491 5081 Christo,
1514 5018 1570 5072 id
1591 5019 2002 5074 estauctoritate

407 5103 605 5159 Christi
638 5122 651 5158 :
685 5104 919 5160 scientes
975 5114 1342 5176 contemptum
1373 5122 1582 5171 meum,
1636 5115 2003 5177 contemptum

416 5198 455 5245 l
476 5192 626 5248 '75
662 5208 784 5249 esse
806 5193 1024 5249 Christi.
1061 5195 1129 5248 Et
1158 5194 1283 5265 quia
1303 5195 1404 5250 hac
1432 5194 1703 5265 legatione
1727 5194 2005 5267 fungimur

404 5296 504 5353 pro
527 5281 761 5350 Christo,
788 5282 1143 5337 obsecramus
1164 5298 1280 5349 vos,
1306 5281 1521 5348 fratres,
1547 5285 2005 5340 reconciliamini

407 5370 535 5434 Deo,
561 5369 900 5425 declinantes
938 5384 971 5422 a
997 5369 1161 5435 malo,
1214 5368 1472 5424 facientes
1505 5370 1726 5425 bonum.
1786 5373 2004 5427 Recon-

408 5457 666 5513 ciliamini
696 5458 839 5523 dico,
892 5465 945 5512 et
974 5458 1078 5513 hoc
1109 5473 1209 5527 pro
1263 5457 1500 5525 Christo,
1560 5458 1611 5513 id
1646 5467 1747 5526 est,
1816 5476 2004 5517 amore

410 5544 629 5613 Christi,
665 5545 755 5617 qui
798 5553 946 5602 tanta
1000 5545 1262 5605 charitate
1319 5562 1415 5605 vos
1473 5547 1677 5605 dilexit.
1711 5549 1779 5605 Et
1836 5550 2003 5608 obse-

2105 4510 2125 4534 οε
2167 4503 2287 4542 cum
2336 4487 2672 4541 infidelibus.
2714 4486 2848 4555 Qum
2897 4487 3041 4541 enim
3089 4487 3433 4557 participatio
3476 4487 3698 4555 justitice

2107 4598 2128 4622 α
2164 4590 2287 4630 cum
2316 4574 2640 4646 iniquitate?
2670 4577 2774 4630 Aut
2816 4590 2935 4646 quae
2982 4576 3214 4630 societas
3251 4576 3359 4632 luci
3414 4576 3483 4630 ad
3544 4584 3701 4631 tene-

2107 4687 2126 4709 u
2166 4665 2291 4718 bras
2319 4665 2346 4718 ?
2378 4662 2511 4731 Quae
2569 4672 2747 4718 autem
2800 4664 3086 4720 conventio
3136 4665 3334 4718 Christi
3363 4666 3428 4718 ad
3472 4664 3694 4720 Belial?

2108 4773 2129 4803 α
2167 4754 2271 4807 Aut
2302 4768 2422 4823 quae
2452 4768 2579 4822 pars
2602 4751 2747 4807 fideli
2769 4769 2889 4807 cum
2910 4752 3113 4807 infideli
3146 4755 3172 4807 ἱ)
3206 4752 3339 4820 Quis
3361 4761 3541 4808 autem
3564 4769 3699 4808 con-

2107 4864 2127 4887 ιι
2166 4857 2358 4896 sensus
2399 4841 2601 4910 templo
2654 4840 2753 4895 Dei
2787 4856 2909 4895 cum
2967 4841 3127 4896 idolis
3156 4841 3183 4895 ἱ)
3215 4843 3324 4896 Vos
3382 4841 3526 4896 enim
3571 4842 3702 4896 estis

2108 4954 2128 4977 α
2166 4929 2424 4999 templum
2457 4928 2555 4983 Dei
2585 4928 2709 4993 vivi,
2757 4929 2895 4983 sicut
2925 4929 3054 4985 dicit
3102 4931 3265 4998 Deus,
3331 4930 3581 5001 quoniam
3614 4931 3702 4984 in-

2110 5042 2130 5064 «
2174 5017 2432 5071 habitabo
2460 5017 2512 5069 in
2543 5016 2649 5070 illis
2685 5032 2696 5069 :
2731 5025 2783 5071 et
2825 5018 3176 5073 inambulabo
3208 5019 3350 5073 inter
3385 5034 3499 5083 eos,
3525 5027 3575 5073 et
3608 5035 3705 5075 ero

2110 5128 2131 5155 α
2167 5105 2378 5160 illorum
2410 5106 2573 5171 Deus,
2608 5113 2657 5159 et
2675 5105 2777 5175 ipsi
2796 5115 2954 5160 erunt
2974 5108 3104 5161 mihi
3124 5108 3355 5177 populus
3377 5108 3698 5178 (Lev.xxvt,

2110 5217 2130 5241 u
2180 5194 2286 5263 12).
2322 5194 2543 5264 Propter
2572 5195 2718 5265 quod
2750 5195 2889 5249 exite
2919 5195 2987 5250 de
3016 5196 3197 5250 medio
3223 5212 3432 5262 eorum,
3467 5203 3521 5251 et
3543 5210 3698 5266 sepa-

2110 5307 2130 5329 ‹‹
2177 5282 2389 5349 ramini,
2424 5282 2553 5337 dicit
2581 5283 2842 5337 Dominus
2875 5284 3008 5352 (Isa.
3062 5300 3155 5348 ιιι,
3193 5284 3279 5351 11)
3317 5292 3410 5339 :et
3461 5283 3701 5339 immun-

2112 5393 2133 5420 α
2170 5372 2297 5425 dum
2328 5387 2421 5437 ne,
2452 5372 2767 5444 tetigeritis,
2801 5380 2853 5426 et
2882 5388 2987 5444 ego
3037 5372 3291 5442 recipiam
3349 5388 3446 5426 vos
3483 5391 3495 5426 :
3530 5382 3581 5427 et
3609 5389 3705 5428 ero

2111 5484 2132 5508 ‹‹
2170 5461 2325 5515 vobis
2354 5460 2406 5514 in
2439 5468 2646 5531 patrem
2682 5479 2694 5515 :
2728 5468 2781 5515 et
2839 5476 2936 5516 vos
2995 5460 3146 5515 eritis
3194 5460 3323 5514 mihi
3366 5461 3420 5515 in
3475 5460 3615 5516 filios
3652 5470 3704 5516 et

2113 5569 2134 5600 α
2163 5548 2323 5617 ﬁlias,
2358 5548 2487 5604 dicit
2524 5548 2788 5604 Dominus
2829 5549 3171 5622 omnipotens
3203 5550 3342 5616 (Jer.
3373 5565 3540 5621 xxxx,
3573 5551 3648 5621 9).
3679 5572 3701 5599 ν
