3960 6050
281 252 390 306 245

993 386 1312 426 EXPOSITIO.

362 459 731 515 Obsecramus
763 460 1083 529 adjuvantes
1118 476 1131 512 :
1166 474 1267 513 nos
1290 466 1466 513 autem
1496 464 1554 511 ut
1585 454 1893 512 et‘ﬁciamini

284 548 491 617 justitia
527 548 627 602 Dei
657 548 984 617 adjuvantes
1044 564 1141 618 per
1199 546 1559 601 ministerium
1627 544 1891 615 pra-dica-

288 638 455 691 tionis
488 636 703 691 Domini
736 636 790 689 in
822 636 996 691 vobis.
1059 634 1157 690 Vel
1196 636 1530 705 adjuvantes
1560 649 1656 689 vos
1686 633 1893 687 instru-

290 725 471 780 ctione
501 734 553 779 et
582 724 917 779 orationibus
938 724 1009 778 ad
1033 726 1227 789 Deum,
1261 725 1636 779 exhortamur
1663 738 1781 786 vos,
1822 737 1894 775 ne

292 816 547 883 gratiam
575 815 674 868 Dei
703 816 766 867 in
796 830 1037 868 vacuum
1084 814 1376 883 recipiatis
1409 832 1426 866 :
1458 811 1615 882 quasi
1648 809 1851 863 diceret
1878 823 1889 861 :

294 903 409 955 Vos
439 902 624 973 utique
654 901 883 973 gratiam
916 902 1015 955 Dei
1047 900 1354 970 recepistis,
1388 900 1488 954 sed
1517 899 1694 953 videte
1740 914 1807 951 ne
1839 898 1895 950 in

290 1005 546 1057 vacuum,
582 990 637 1043 id
668 998 767 1054 est,
803 1005 871 1043 ne
904 989 1147 1043 inutilem
1183 989 1339 1043 vobis
1368 988 1716 1058 receperetis.
1751 988 1894 1041 Bene

289 1078 419 1133 dico
474 1077 707 1149 gratiam
752 1096 764 1130 :
804 1093 949 1133 nunc
980 1077 1123 1132 enim
1154 1085 1235 1131 est
1266 1078 1456 1149 gratia.
1490 1078 1585 1131 Ait
1604 1077 1758 1131 enim
1789 1076 1889 1129 Pa-

288 1174 377 1220 ter
397 1167 463 1219 ad
497 1166 769 1220 Christum
801 1166 1078 1235 integrum
1137 1182 1259 1220 cum
1286 1164 1550 1219 membris
1610 1164 1739 1227 suis,
1776 1180 1897 1233 quae

292 1262 380 1308 est
411 1254 655 1309 Ecclesia
699 1255 853 1325 :Ego
884 1255 1150 1309 exaudiui
1176 1258 1248 1319 te,
1274 1253 1330 1308 id
1361 1260 1441 1307 est
1463 1252 1729 1323 complevi
1750 1250 1897 1322 quod

292 1342 615 1412 postulabas
647 1342 969 1396 dimittendo
1012 1350 1257 1411 peccata.
1310 1341 1595 1407 Exaudivi,
1653 1340 1893 1410 inquam,

294 1439 351 1484 te
384 1432 445 1484 in
479 1434 725 1501 tempore
757 1434 986 1501 accepto
1018 1449 1035 1483 :
1066 1438 1119 1483 et
1143 1430 1258 1484 Deo
1288 1429 1375 1484 cui
1404 1428 1460 1482 in
1491 1444 1556 1483 eo
1583 1427 1782 1498 placuit
1804 1426 1899 1480 mi-

292 1518 471 1572 sereri
538 1517 741 1571 homini
778 1533 789 1570 :
827 1526 880 1571 et
910 1526 1133 1588 accepto
1181 1517 1417 1581 homini,
1452 1517 1580 1587 quia
1626 1516 1679 1569 in
1742 1531 1806 1570 eo
1838 1530 1897 1569 se

294 1606 534 1661 solutum
559 1622 587 1659 a
618 1613 790 1660 morte
814 1606 1024 1675 peccati
1052 1606 1109 1660 1
1133 1605 1284 1661 ’76
1310 1606 1565 1677 gravisus
1587 1612 1686 1659 est.
1716 1605 1897 1657 Exau-

891 245 1273 303 EXPOSITIO
1311 246 1386 301 IN
1422 242 1803 301 EPISTOLAS
1845 242 2076 298 PAULI.
2112 272 2182 283 —
2212 242 2284 296 IN
2320 242 2541 297 EPIST.
2591 242 2638 296 Il
2675 241 2769 297 AD
2810 239 2970 297 COR.

1906 367 1959 427 A
1990 365 2169 421 Simus
2196 365 2431 420 ministri
2463 364 2579 431 Dei,
2608 365 2662 418 in
2693 365 2936 419 castitate
2966 372 3019 419 et
3047 364 3102 418 in
3143 361 3385 426 scientia,
3420 361 3477 415 id
3505 369 3588 416 est

3478 238 3584 296 246

1994 455 2050 509 in
2080 463 2231 510 casta
2253 454 2479 509 scientia
2514 472 2525 507 :
2560 470 2667 507 non
2700 453 2767 507 sit
2796 451 3103 523 versipellis
3133 449 3355 506 scientia
3376 458 3582 515 nostra,

1994 551 2051 596 ut
2082 543 2311 597 scientia
2340 542 2856 612 pseudodoctorum.
2918 540 3097 595 Simus
3146 539 3308 593 etiam
3345 536 3579 593 ministri
3648 574 3651 579 -

1995 630 2094 685 Dei
2126 633 2188 685 in
2222 632 2677 700 longanimitate.
2713 629 2870 698 Quod
2903 629 2949 683 si
2978 627 3222 683 differtur
3243 642 3462 695 corona,
3485 642 3583 696 pa-

1996 719 2193 773 tienter
2212 727 2391 773 tamen
2409 719 2738 773 sustinemus
2760 734 2945 773 onera.
2974 717 3151 772 Simus
3174 716 3332 771 etiam
3355 714 3589 769 ministri

1997 807 2097 861 Dei
2127 809 2189 861 in
2217 808 2520 874 suavitate,
2557 806 2610 860 id
2643 806 2797 861 estin
2817 806 2925 860 leni
2946 804 3361 860 mansuetudine
3382 803 3586 867 habita,

1999 898 2061 949 in
2094 896 2319 965 Spiritu
2349 900 2565 961 sancto,
2602 909 2711 949 non
2772 894 3077 949 adulatoria
3108 893 3384 947 suavitate.
3417 891 3590 947 Exhi-

1997 984 2222 1037 beamus
2252 984 2447 1037 iterum
2481 999 2581 1037 nos
2613 984 2713 1037 Dei
2743 983 3039 1049 ministros,
3072 985 3133 1037 in
3163 982 3445 1037 charitate
3474 996 3589 1035 non

1995 1073 2229 1138 ﬁcta,ut
2277 1088 2407 1126 vere
2469 1072 2761 1142 diligamus
2820 1072 2993 1125 Deum
3044 1079 3096 1125 et
3153 1070 3457 1140 proximum
3493 1084 3503 1122 :
3537 1076 3590 1123 et

1997 1162 2058 1214 in
2092 1160 2249 1214 verbo
2282 1161 2562 1223 veritatis,
2599 1161 2732 1213 utin
2763 1176 2901 1229 pura
2930 1160 3164 1213 veritate
3196 1166 3389 1213 sonent
3422 1157 3592 1212 verba

1998 1256 2197 1303 nostra:
2226 1248 2625 1318 prmdicationis
2663 1263 2674 1300 :
2704 1264 2814 1302 non
2846 1255 2901 1301 ut
2932 1248 3142 1317 pseudo
3174 1246 3265 1318 qui
3296 1245 3587 1299 intendunt

1998 1335 2187 1390 fallere
2218 1336 2575 1390 mendacibus
2606 1335 2808 1390 verbis.
2859 1336 3037 1389 Simus
3091 1335 3255 1390 etiam
3282 1334 3410 1389 boni
3476 1333 3595 1387 mi-

1998 1424 2151 1478 nistri
2180 1427 2244 1479 in
2278 1426 2489 1479 virtute
2520 1426 2635 1489 Dei,
2661 1432 2719 1477 ut
2750 1440 2849 1494 per
2867 1424 3021 1494 signa
3038 1423 3419 1478 miraculorum
3442 1438 3592 1478 com~

1999 1512 2226 1582 probem
2258 1528 2344 1567 me
2378 1529 2501 1567 esse
2532 1512 2787 1567 idoneum
2818 1513 3165 1584 magistrum.
3223 1512 3588 1566 Exhibeamus

2000 1602 2163 1655 etiam
2196 1616 2294 1655 nos
2316 1601 2590 1654 ministros
2622 1600 2720 1655 Dei
2742 1618 2841 1671 per
2862 1618 3023 1655 arma
3037 1602 3305 1671 justitia),
3330 1600 3593 1654 habentes

288 1695 405 1749 divi
436 1703 508 1761 te,
544 1694 865 1749 dimittendo
894 1702 1142 1763 peccata.
1174 1694 1376 1765 Adjuvi
1398 1693 1559 1748 etiam
1588 1698 1641 1748 te
1674 1692 1897 1748 confor-
1920 1723 1970 1782 B
1996 1689 2264 1756 justitiam
2297 1689 2418 1744 loco
2448 1704 2723 1743 armorum
2754 1706 2788 1742 a
2811 1690 3032 1743 dextris
3062 1693 3115 1743 et
3160 1706 3193 1743 a
3232 1688 3507 1753 sinistris,
3540 1687 3594 1741 id

290 1791 467 1836 tatum
500 1784 569 1837 ad
600 1783 738 1837 bona
769 1798 939 1852 opera
968 1782 1216 1835 similiter
1245 1782 1299 1835 in
1345 1789 1587 1851 tempore
1626 1788 1851 1850 accepto
1886 1796 1897 1833 :

298 1870 365 1923 in
396 1868 507 1931 die,
544 1866 596 1919 id
626 1874 707 1921 est
736 1867 790 1919 in
819 1866 1062 1921 claritate
1092 1882 1237 1920 verae
1282 1865 1610 1937 cognitionis
1640 1865 1896 1936 positum.

297 1957 421 2023 Die,
460 1955 605 2019 dico,
640 1957 865 2020 salutis,
891 1956 1013 2026 quia
1058 1971 1158 2024 per
1183 1970 1367 2009 veram
1399 1954 1769 2024 cognitionem
1799 1954 1902 2007 iter

297 2051 384 2097 est
416 2043 484 2097 ad
542 2051 802 2097 aeternam
864 2043 1109 2097 salutem.
1171 2044 1286 2097 Hoc
1336 2042 1535 2114 legitur
1577 2042 1631 2095 in
1664 2042 1798 2095 Isaia
1826 2043 1897 2110 (c.

296 2146 497 2195 xcvm,
534 2147 587 2184 v.
624 2134 698 2198 8).
728 2132 887 2185 Modo
910 2131 1107 2184 Paulus
1141 2131 1358 2202 quando
1399 2131 1500 2185 hoc
1559 2139 1770 2200 tempus
1801 2146 1899 2185 ac-

300 2228 525 2290 ceptum
582 2219 1003 2291 intelligendum
1053 2219 1140 2285 sit,
1200 2219 1448 2289 exponit,
1485 2218 1561 2274 sic
1593 2235 1605 2273 :
1640 2219 1786 2273 Deus
1831 2219 1900 2273 ait

294 2316 543 2378 tempore
578 2316 825 2377 accepto,
868 2315 920 2361 et
953 2324 1076 2363 ecce
1107 2306 1299 2361 fratres
1328 2324 1505 2371 nunc,
1528 2307 1579 2361 id
1603 2315 1704 2373 est,
1729 2323 1760 2361 a
1782 2323 1902 2377 pas-

301 2397 457 2451 sione
492 2396 711 2463 Christi,
746 2396 801 2449 in
835 2402 1115 2465 posterum
1167 2402 1247 2450 est
1295 2396 1425 2449 illud
1475 2400 1695 2466 tempus
1737 2412 1899 2451 acce-

294 2487 512 2558 ptabile
532 2505 550 2539 :
575 2492 627 2539 et
649 2500 772 2539 ecce
796 2501 948 2539 nunc
971 2490 1054 2539 est
1075 2484 1163 2538 illa
1186 2484 1302 2540 dies
1323 2486 1551 2550 salutis,
1586 2485 1640 2538 in
1662 2501 1765 2555 qua
1785 2486 1900 2539 Deo

295 2581 583 2643 acceptum
615 2582 697 2628 est
725 2573 983 2628 exaudire
1018 2581 1068 2627 et
1100 2574 1379 2641 adjuvare.
1415 2574 1482 2628 Et
1510 2574 1634 2628 ideo
1667 2574 1747 2629 sic
1801 2590 1899 2629 ex-

297 2664 588 2717 hortamur
616 2678 715 2716 vos
751 2680 763 2714 :
797 2677 896 2715 nos
926 2663 1147 2717 nemini
1167 2663 1368 2717 dantes
1406 2663 1587 2717 ullam
1642 2662 1901 2732 offensio-

298 2768 454 2816 nem,
490 2750 544 2804 id
567 2758 671 2815 est,
700 2750 777 2805 sic
795 2765 895 2803 nos
916 2750 1180 2805 habentes
1200 2750 1438 2804 moribus
1456 2750 1625 2805 verbo
1648 2758 1699 2804 et
1714 2750 1900 2803 habitu

296 2848 351 2893 ut
396 2838 531 2893 nulli
569 2854 899 2908 generemus
930 2837 1307 2905 offensionem,
1370 2838 1423 2891 in
1471 2838 1651 2909 aliquo
1681 2839 1897 2892 horum.

295 2925 429 2979 Ideo
490 2939 599 2977 non
657 2923 851 2977 dantes
882 2921 1269 2991 offensionem,
1307 2926 1371 2978 ut
1402 2939 1515 2979 non
1544 2925 1902 2995 vituperetur

297 3012 695 3067 ministerium
734 3016 1014 3078 nostrum,
1054 3012 1107 3065 id
1147 3019 1229 3066 est
1261 3028 1330 3066 ne
1358 3011 1690 3082 apostolatus
1711 3019 1899 3066 noster

2000 1786 2099 1843 est,
2135 1792 2167 1830 a
2196 1776 2474 1847 prosperis
2505 1784 2557 1831 et
2588 1777 2655 1830 ab
2688 1776 2953 1842 adversis,
2988 1777 3131 1847 quod
3163 1792 3263 1831 nec
3318 1775 3597 1845 prosperis

2002 1866 2332 1920 seducamur
2354 1880 2456 1919 nec
2484 1881 2585 1934 per
2615 1866 2850 1919 adversa
2880 1865 3219 1933 dejiciamur.
3246 1862 3379 1931 Quae
3399 1864 3595 1918 amodo

2002 1962 2320 2024 sequuntur,
2356 1962 2541 2023 partes
2576 1961 2699 2006 sunt
2731 1953 2909 2007 dextri
2942 1953 3027 2007 vel
3058 1952 3281 2007 sinistri.
3316 1955 3361 2007 Α
3390 1952 3596 2007 dextris

2000 2042 2124 2097 dico
2156 2050 2212 2095 ut
2240 2058 2341 2114 per
2371 2043 2633 2111 gloriam,
2668 2042 2812 2112 quod
2843 2041 2892 2095 si
2918 2040 3084 2111 aliqui
3120 2039 3427 2112 gloriﬁcent
3469 2056 3589 2107 nos,

2001 2138 2057 2182 ut
2088 2130 2162 2183 ibi
2212 2130 2431 2201 quando
2490 2130 2771 2184 voluerunt
2799 2130 2849 2183 ei
2906 2128 3179 2183 aediﬁcare
3228 2145 3374 2193 aras,
3409 2128 3463 2182 in
3493 2129 3594 2184 hac

2000 2218 2169 2287 gloria
2204 2218 2557 2273 exhibeamus
2596 2234 2698 2272 nos
2756 2225 3009 2288 tanquam
3064 2216 3161 2271 Dei
3219 2217 3513 2272 ministros.
3548 2218 3592 2271 A

2001 2306 2235 2360 sinistris
2266 2306 2401 2360 sicut
2433 2322 2534 2378 per
2565 2306 3002 2375 ignobilitatem,
3040 2314 3097 2359 ut
3128 2306 3347 2377 quando
3399 2306 3588 2360 detra—

2000 2394 2131 2448 hunt
2179 2394 2355 2459 nobis,
2407 2394 2652 2449 dicentes
2710 2409 2809 2447 nos
2860 2393 2996 2448 falsa
3052 2394 3460 2464 praedicarem
3490 2395 3590 2449 hac

1999 2482 2338 2553 ignobilitate
2378 2483 2732 2537 exhibeamus
2754 2498 2853 2536 nos
2874 2482 3011 2536 sicut
3031 2482 3130 2535 Dei
3151 2481 3445 2536 ministros.
3480 2484 3589 2537 lte-

2001 2586 2116 2624 rum
2135 2586 2237 2643 per
2265 2572 2568 2640 infamiam
2590 2587 2712 2641 quae
2742 2586 2871 2640 pars
2905 2569 3138 2624 sinistrae
3161 2578 3261 2634 est,
3286 2578 3343 2623 ut
3373 2570 3589 2641 quando

2000 2658 2281 2713 dicebatur
2311 2658 2397 2713 ei:
2434 2678 2455 2708 ι
2482 2659 2709 2723 Insanis,
2745 2657 2908 2712 Paule
2939 2658 3081 2726 (Act.
3116 2672 3277 2722 xxvr,
3311 2659 3422 2726 24).
3460 2679 3481 2707 ι
3517 2659 3587 2713 Et

2000 2748 2192 2801 iterum
2219 2763 2323 2817 per
2351 2748 2555 2802 bonum
2583 2750 2799 2817 famam
2830 2767 2847 2801 :
2878 2754 2934 2801 ut
2966 2747 3184 2817 quando
3212 2746 3279 2799 ab
3301 2746 3421 2800 aliis
3450 2762 3590 2817 prae—

2000 2835 2200 2890 dicatio
2231 2836 2346 2904 ejus
2379 2835 2754 2903 extollebatur,
2789 2851 2885 2905 per
2908 2836 3024 2890 haec
3072 2842 3299 2905 utraque
3330 2834 3589 2889 exhibea-

2001 2940 2122 2978 mus
2170 2940 2271 2978 nos
2319 2923 2457 2979 sicut
2504 2924 2605 2979 Dei
2661 2924 2959 2979 ministros.
3011 2924 3125 2978 Nos
3171 2924 3365 2979 iterum
3421 2923 3589 2978 habiti

2000 3016 2065 3067 ut
2098 3013 2435 3081 seductores,
2473 3020 2525 3066 et
2579 3013 2647 3066 ab
2677 3011 2796 3067 aliis
2826 3012 2994 3067 habiti
3023 3016 3089 3067 ut
3148 3029 3387 3078 veraces,
3431 3012 3589 3067 exhi-

296 3100 673 3171 vituperabilis
696 3100 787 3165 sit,
814 3101 959 3171 quod
988 3100 1172 3171 utique
1198 3109 1361 3165 esset,
1383 3077 1427 3154 si
1469 3100 1615 3171 quod
1632 3100 1771 3155 bene
1793 3101 1897 3155 do-
1922 3077 1967 3137 Ο
1998 3101 2223 3155 beamus
2252 3116 2352 3155 nos
2375 3077 2513 3157 sicut
2541 3101 2642 3155 Dei
2671 3101 2967 3166 ministros,
3000 3101 3113 3155 Nos
3142 3101 3334 3156 iterum
3364 3077 3497 3157 1'7
3516 3102 3581 3157 ’ἴ

295 3204 419 3255 ceo,
445 3189 500 3242 in
525 3189 735 3259 meipso
760 3205 869 3242 non
890 3190 1255 3244 ostenderem.
1270 3189 1488 3243 Nullam
1506 3190 1697 3243 damus
1720 3187 1897 3243 offen-

296 3278 509 3333 sionem
536 3295 550 3341 ;
576 3278 671 3332 sed
705 3277 1023 3333 exhibemus
1044 3294 1143 3332 nos
1174 3277 1453 3333 ministros
1485 3278 1585 3332 Dei
1612 3297 1625 3342 ;
1676 3286 1728 3331 et
1758 3286 1813 3331 ut
1844 3277 1900 3331 in

297 3383 362 3422 eo
386 3382 803 3437 permaneamus
836 3367 982 3420 Deus
1010 3367 1112 3421 hoc
1130 3367 1408 3432 concedat,
1442 3374 1500 3420 ut
1545 3366 1898 3421 exhibeamus

304 3456 677 3525 nosmetipsos
722 3455 777 3508 in
824 3455 1075 3509 omnibus
1117 3471 1237 3526 qum
1272 3454 1543 3525 loquimur
1580 3462 1633 3508 et
1660 3454 1895 3526 agimus,

294 3547 468 3609 sicut,
505 3544 557 3597 id
581 3551 684 3609 est,
717 3560 849 3598 vere
879 3545 1179 3599 ministros
1210 3545 1329 3609 Dei,
1358 3552 1413 3597 ut
1446 3543 1536 3597 ubi
1559 3543 1713 3614 quasi
1738 3543 1898 3597 modo

296 3632 487 3703 geniti,
522 3632 729 3687 scilicet
760 3634 822 3687 in
853 3633 1138 3703 patientia
1166 3634 1373 3697 multa,
1399 3632 1451 3685 id
1484 3640 1586 3697 est,
1635 3631 1897 3701 multipli-

295 3722 431 3777 citer
461 3721 713 3790 patiendo
772 3736 1007 3791 corpore
1059 3729 1110 3775 et
1159 3720 1341 3777 animo
1400 3720 1756 3775 exhibeamus
1798 3736 1899 3775 nos

297 3810 397 3863 Dei
430 3809 731 3864 ministros.
775 3810 968 3863 Subdit
996 3817 1175 3879 partes
1206 3809 1477 3880 patientia:
1504 3824 1514 3862 :
1541 3809 1596 3862 in
1618 3809 1780 3863 multa
1797 3825 1898 3879 pa-

300 3899 491 3953 tientia
522 3898 666 3967 dico,
691 3899 876 3952 habita
907 3900 971 3952 in
995 3899 1476 3963 tribulationibus,
1499 3905 1556 3951 ut
1576 3914 1899 3969 quocunque

298 3987 465 4041 modo
496 4002 696 4056 corpus
726 3994 975 4041 nostrum
1004 3986 1307 4052 tribuletur,
1340 3986 1715 4057 aequanimiter
1759 3986 1898 4041 tole-

297 4092 501 4129 remus.
536 4075 725 4128 lIabita
747 4075 907 4129 etiam
938 4074 1196 4144 patientia
1228 4076 1291 4129 in
1342 4076 1798 4139 necessitatibus,
1831 4091 1899 4129 ne

299 4164 488 4233 aliqua
518 4162 817 4235 indigentia
846 4162 1182 4218 deﬁciamus.
1203 4162 1399 4216 Habita
1420 4163 1612 4217 iterum
1642 4163 1901 4232 patientia

299 4254 363 4305 in
396 4252 677 4320 angustiis
699 4252 900 4315 animi,
928 4258 980 4305 et
1010 4252 1072 4305 in
1102 4252 1286 4322 plagis
1317 4250 1586 4320 corporis,
1613 4258 1664 4303 et
1684 4251 1747 4305 in
1769 4267 1899 4305 car-

298 4339 537 4394 ceribus.
564 4338 827 4393 Patientia
857 4338 1016 4392 etiam
1048 4338 1103 4391 in
1136 4338 1495 4391 seditionibus
1527 4354 1661 4409 quas
1697 4340 1899 4393 adver-

1997 3189 2185 3257 habiti,
2248 3192 2397 3244 sicut
2461 3190 2556 3261 qui
2618 3190 2797 3259 ignoti
2868 3191 2986 3245 sint
3029 3191 3166 3255 Deo,
3206 3197 3260 3245 et
3288 3190 3588 3245 secundum

1998 3278 2137 3332 alios
2213 3277 2380 3331 habiti
2464 3286 2721 3348 tanquam
2780 3279 2897 3333 Deo
2952 3280 3182 3350 cogniti,
3228 3279 3283 3333 in
3358 3287 3588 3351 utroque

1999 3365 2352 3421 exliibeamus
2396 3380 2496 3419 nos
2548 3366 2687 3421 sicut
2740 3366 2840 3421 Dei
2896 3366 3195 3422 ministros.
3252 3368 3366 3423 Nos
3395 3368 3589 3423 iterum

1999 3454 2165 3508 habiti
2221 3456 2370 3510 sicut
2402 3454 2729 3519 morientes,
2765 3454 2820 3509 id
2851 3464 2932 3509 est
2962 3455 3017 3509 in
3049 3456 3351 3511 criminalia
3384 3457 3588 3512 caden-

1999 3552 2079 3598 tes
2112 3543 2411 3599 secundum
2454 3543 2741 3614 quosdam,
2774 3548 2829 3599 et
2881 3561 3005 3600 ecce
3036 3545 3335 3599 secundum
3365 3546 3502 3600 alios
3532 3545 3588 3600 in

1993 3631 2195 3699 justitia
2225 3633 2463 3687 vivimus
2496 3652 2511 3686 :
2543 3632 2598 3686 in
2645 3640 2877 3704 utroque
2921 3632 3275 3687 exhibeamus
3302 3649 3403 3688 nos
3453 3634 3587 3689 sicut

2000 3720 2098 3775 Dei
2138 3721 2433 3775 ministros.
2467 3722 2582 3776 Nos
2614 3722 2807 3776 iterum
2859 3722 3028 3776 habiti
3060 3726 3123 3777 ut
3155 3723 3449 3793 castigati,
3493 3738 3588 3778 se-

2000 3809 2236 3865 cundum
2268 3810 2560 3881 quosdam,
2595 3811 2686 3881 qui
2716 3819 2836 3881 post
2866 3811 3009 3865 illata
3050 3810 3209 3865 nobis
3240 3811 3473 3866 verbera
3502 3812 3589 3867 di-

2001 3907 2187 3954 cerent
2220 3913 2231 3952 :
2266 3900 2407 3953 Ecce
2439 3914 2547 3952 non
2587 3899 2820 3969 amplius
2850 3900 3126 3954 audebunt
3170 3900 3319 3971 loqui
3352 3918 3364 3953 :
3398 3910 3451 3955 et
3496 3917 3589 3956 se-

2000 3987 2234 4042 cundum
2263 3986 2399 4041 alios
2456 3987 2626 4041 habiti
2682 4004 2793 4041 non
2850 3988 3100 4061 castigati
3147 3988 3239 4060 qui
3296 3989 3585 4045 dicerent:

1998 4077 2290 4145 Nunquam
2349 4084 2637 4145 propterea
2688 4076 2991 4131 reticebunt
3035 4077 3135 4131 Dei
3190 4077 3438 4146 verbum,
3473 4096 3593 4150 qua:

2000 4163 2282 4234 castigatio
2310 4172 2456 4218 esset
2478 4162 2817 4219 mortiﬁcatio
2853 4183 2866 4219 :
2901 4173 2951 4220 et
2974 4165 3097 4219 ideo
3119 4164 3192 4219 ait
3214 4167 3549 4234 mortiﬁcati
3575 4184 3589 4221 :

2000 4251 2055 4305 in
2096 4260 2327 4323 utroque
2358 4251 2711 4307 exhibeamus
2728 4267 2827 4307 nos
2858 4254 2994 4308 sicut
3024 4252 3125 4306 Dei
3156 4253 3453 4308 ministros.
3479 4255 3593 4310 Nos

2003 4340 2199 4394 iterum
2254 4339 2419 4393 habiti
2459 4341 2619 4410 quasi
2681 4342 2875 4396 tristes
2950 4342 3250 4397 secundum
3301 4342 3588 4413 quosdam,

300 4443 425 4480 sum
457 4442 556 4481 nos
585 4426 860 4481 concitant
890 4425 1156 4481 infideles.
1195 4426 1456 4481 Patientia
1493 4426 1690 4481 iterum
1722 4427 1971 4493 habitaD
2003 4430 2149 4499 quod
2206 4428 2591 4484 contristemur
2648 4429 2894 4483 adversis
2957 4445 3189 4499 corpore
3258 4431 3346 4487 vel
3402 4431 3593 4501 spiritu

296 4516 359 4569 in
396 4516 673 4570 laboribus
707 4536 723 4570 :
758 4515 1006 4568 manibus
1037 4514 1185 4593 enim
1223 4514 1421 4569 nostris
1464 4515 1798 4580 laboramus,
1833 4532 1901 4570 ne

299 4603 539 4673 aliquem
598 4619 892 4675 gravemus
924 4603 975 4673 (I
1007 4605 1189 4660 Thess.
1215 4619 1272 4671 ιι,
1308 4604 1383 4674 9).
1419 4603 1681 4657 Patientia
1720 4603 1903 4657 habita

299 4690 467 4744 etiam
514 4692 575 4745 in
636 4692 871 4761 vigiliis,
934 4691 1250 4762 plerumque
1290 4691 1435 4746 enim
1493 4708 1614 4746 eum
1673 4692 1901 4764 vigilare

300 4779 541 4848 Oportuit
582 4779 947 4849 disputantem
978 4779 1044 4833 de
1073 4778 1197 4833 ﬁde.
1233 4779 1427 4833 Habita
1458 4779 1616 4834 etiam
1646 4780 1901 4850 patientia

302 4868 365 4920 in
398 4868 643 4937 jejuniis
675 4886 693 4920 :
725 4868 849 4937 quia
880 4867 1155 4921 multoties
1213 4884 1335 4921 eum
1362 4867 1607 4935 jejunare
1648 4868 1896 4938 oportuit,

301 4955 470 5009 modo
492 4954 795 5019 coactione,
832 4955 996 5009 modo
1029 4955 1352 5027 indigentia,
1411 4956 1573 5010 modo
1605 4956 1898 5012 voluntate.

303 5043 436 5097 Haec
466 5042 647 5097 omnia
676 5042 961 5113 praemissa
989 5051 1173 5113 partes
1223 5051 1349 5097 sunt
1386 5044 1678 5114 patientim,
1706 5053 1901 5100 caztera

303 5146 616 5202 cumquzeva
646 5139 769 5184 sunt
800 5131 891 5185 illi.
926 5132 1291 5187 Exhibeamus
1322 5148 1423 5187 nos
1466 5132 1601 5188 sicut
1651 5134 1749 5188 Dei
1796 5134 1901 5187 mi-

301 5220 509 5273 nistros
542 5221 601 5273 in
632 5221 919 5285 castitate,
955 5220 1097 5291 quod
1128 5221 1260 5275 casti
1285 5222 1454 5275 simus
1485 5222 1665 5277 animo
1695 5230 1745 5277 et
1773 5238 1902 5277 cor-

302 5323 461 5378 pore.
494 5307 863 5361 Exhibeamus
891 5324 991 5363 nos
1022 5308 1184 5363 etiam
1205 5309 1483 5364 ministros
1503 5311 1621 5377 Dei,
1647 5313 1706 5365 in
1729 5311 1903 5366 scien-

304 5397 409 5460 tia,
458 5403 516 5449 ut
557 5394 889 5451 sufﬁcienter
920 5396 987 5451 de
1017 5397 1267 5452 omnibus
1300 5398 1441 5452 docti
1473 5398 1661 5452 simus.
1699 5399 1812 5464 Vel,
1848 5406 1905 5453 ut

298 5484 605 5540 castitatem
643 5492 694 5541 et
742 5484 1026 5541 scientiam
1072 5502 1237 5541 unum
1275 5487 1578 5542 membrum
1610 5487 1852 5544 dicamus
1886 5502 1897 5545 :

2000 4516 2168 4571 habiti
2201 4525 2380 4571 autem
2439 4517 2738 4572 secundum
2803 4518 2939 4571 alios
3015 4535 3236 4589 semper
3285 4521 3593 4591 gaudentes

2001 4622 2233 4676 corpore
2265 4614 2317 4659 et
2348 4605 2541 4675 spiritu
2576 4620 2587 4659 :
2623 4606 2678 4659 in
2709 4614 2942 4677 utroque
2996 4607 3351 4662 exhibeamus
3382 4624 3482 4663 nos
3515 4608 3593 4662 si-

2000 4702 2091 4751 cut
2139 4694 2237 4749 Dei
2269 4694 2569 4749 ministros.
2607 4695 2722 4749 Nos
2767 4695 2931 4749 etiam
2977 4696 3278 4750 secundum
3323 4697 3591 4766 quosdam

2000 4782 2167 4836 habiti
2241 4787 2485 4852 egentes,
2527 4783 2613 4837 vel
2674 4784 2946 4853 corporali
2977 4785 3119 4838 bono
3168 4784 3253 4838 vel
3325 4784 3594 4854 spirituali

2003 4872 2301 4926 secundum
2332 4872 2469 4926 alios
2500 4880 2678 4927 autem
2744 4872 2915 4926 habiti
2982 4872 3137 4943 quasi
3181 4874 3592 4945 locupletantes

2000 4962 2209 5017 multos
2240 4960 2295 5013 in
2327 4960 2697 5030 spiritualibus
2728 4960 2885 5015 bonis
2922 4976 2932 5013 :
2968 4961 3022 5014 in
3044 4969 3276 5031 utroque
3327 4962 3589 5017 exhibea-

2003 5065 2123 5102 mus
2162 5064 2263 5103 nos
2295 5048 2432 5103 sicut
2471 5050 2571 5104 Dei
2602 5049 2895 5104 ministros.
2929 5048 3044 5104 Nos
3074 5050 3273 5104 iterum
3303 5051 3593 5106 existimati

2006 5143 2278 5209 tanquam
2311 5137 2459 5192 nihil
2489 5138 2705 5207 penitus
2758 5138 3020 5193 habentes
3070 5139 3199 5193 boni
3257 5140 3589 5210 temporalis,

2004 5241 2097 5280 seu
2120 5225 2419 5295 spiritualis
2436 5227 2738 5281 secundum
2760 5227 3023 5297 quosdam
3050 5242 3061 5280 :
3086 5236 3140 5283 et
3168 5229 3464 5284 secundum
3489 5227 3593 5281 ali-

2003 5330 2067 5368 os
2085 5313 2369 5369 existimati
2387 5322 2643 5386 tanquam
2666 5316 2876 5380 omnia,
2906 5315 2960 5369 id
2991 5324 3071 5371 est
3100 5318 3271 5371 Deum
3290 5316 3593 5387 posseden-

2008 5407 2089 5458 tes
2112 5422 2129 5456 :
2151 5403 2205 5456 in
2225 5411 2451 5474 utroque
2493 5404 2844 5459 exhibeamus
2870 5420 2968 5459 nos
2992 5404 3129 5461 sicut
3160 5403 3259 5458 Dei
3294 5403 3590 5458 ministros.

2006 5492 2071 5547 Ut
2090 5492 2556 5566 pseudodoctores
2605 5493 2659 5547 in
2708 5501 3004 5571 conspectu
3036 5502 3215 5549 vestro
3243 5492 3541 5567 deprimam
3580 5508 3592 5553 ;
