3960 6050
380 156 485 208 247

917 153 974 207 5.
1014 148 1369 208 BRUNONIS
1416 144 2061 205 CARTHUSIANORUM
2102 140 2588 198 INSTITUTORIS
2628 140 2779 197 OPP.
2840 138 3014 195 PARS
3071 138 3139 193 II.

3571 140 3677 195 248

385 292 415 333 o
440 275 736 342 Corinthii,
765 293 823 332 os
845 280 1110 332 nostrum
1128 275 1293 331 modo
1309 279 1467 347 patet
1488 274 1559 329 ad
1581 290 1706 329 vos:
1729 272 1895 326 multa
1916 269 1984 324 de
2004 270 2057 329 A
2085 268 2173 323 ita
2198 267 2480 339 apparebit
2509 266 2656 338 quod
2684 281 2790 337 ego
2846 280 2938 320 ero
2988 264 3133 319 Deus
3178 263 3430 328 illorum,
3464 265 3519 317 et
3565 262 3676 333 ipsi

382 363 561 436 gloria
590 373 775 420 nostra
807 373 859 419 et
889 366 1019 419 satis
1051 363 1247 419 diffuse
1278 363 1572 434 loquendo,
1607 361 1699 433 qui
1728 360 1783 414 in
1814 358 1983 430 priori

384 453 629 523 Epistola
671 469 758 508 me
803 469 1023 508 servum
1070 452 1311 508 omnium
1356 450 1635 522 proposui.
1682 451 1750 503 Et
1797 447 1980 518 utique

385 556 448 595 os
479 549 722 596 nostrum
762 541 929 614 digne
968 548 1151 612 patere
1203 540 1392 611 potuit,
1448 539 1571 609 quia
1600 555 1696 595 cor
1723 540 1982 592 nostrum

385 628 696 684 dilatatum
725 634 810 685 est
842 649 859 684 :
889 644 1229 701 quascunque
1248 627 1391 681 enim
1413 627 1481 681 de
1501 625 1673 698 gloria
1705 631 1894 679 nostra
1909 622 1984 677 lo-

387 732 545 788 quor,
596 717 771 772 omnia
826 717 881 771 in
926 733 1014 772 me
1071 715 1443 785 circumspicit
1481 730 1603 770 esse
1649 711 1983 768 conscientia

385 820 535 860 mea.
571 805 641 859 Et
670 806 797 876 quia
827 822 890 861 os
920 813 1065 877 patet
1095 813 1147 860 et
1176 821 1273 860 cor
1288 804 1562 858 dilatatum
1594 810 1694 868 est,
1723 803 1837 871 jam
1868 816 1981 853 am-

385 892 528 963 plius
556 910 671 949 non
694 895 1109 966 angustiamini
1136 895 1199 948 in
1222 894 1398 949 nobis.
1432 891 1573 959 Quia
1602 890 1746 946 enim
1770 888 1980 959 simpli-

387 981 524 1037 citer
562 997 659 1037 vos
706 983 882 1048 docui,
922 998 1061 1053 quos
1093 982 1256 1037 rudes
1285 982 1617 1045 inveneram,
1653 978 1830 1034 dicitis
1861 976 1980 1033 cul-

385 1085 511 1141 pam
540 1085 718 1125 meam
768 1087 890 1125 esse
942 1070 1086 1142 quod
1136 1070 1190 1124 in
1238 1069 1499 1123 cbaritate
1542 1068 1756 1138 angusti
1800 1066 1931 1120 estis
1967 1080 1979 1119 :

390 1158 488 1213 sed
529 1158 713 1230 utique
756 1159 811 1213 in
861 1158 1111 1229 exemplo
1158 1165 1346 1213 nostro
1396 1157 1536 1212 bene
1585 1162 1807 1225 apparet
1836 1153 1982 1225 quod

387 1262 498 1301 non
539 1247 925 1317 angustiamini
978 1247 1035 1301 in
1081 1246 1238 1301 nobis
1276 1261 1287 1299 :
1321 1246 1415 1301 sed
1462 1244 1880 1315 angustiamini
1917 1243 1980 1297 in

388 1335 692 1391 visceribus
722 1338 941 1401 vestris,
976 1335 1031 1389 id
1078 1342 1161 1389 est
1191 1335 1350 1403 hujus
1389 1332 1693 1389 tenacitatis
1723 1339 1774 1386 et
1806 1347 1981 1401 angu-

389 1422 506 1477 stia:
536 1422 710 1477 fomes
757 1432 840 1477 est
890 1423 944 1477 in
992 1423 1248 1479 cordibus
1308 1421 1522 1477 vestris.
1574 1420 1672 1476 Vel
1717 1419 1893 1488 aliter,
1926 1427 1983 1472 ut

389 1526 561 1580 pauca
582 1511 835 1581 superius
856 1520 1129 1566 mutemus
1157 1526 1167 1565 :
1194 1512 1488 1566 Hortamur
1509 1525 1627 1575 vos,
1651 1524 1721 1562 ne
1754 1507 1979 1580 gratiam

392 1598 492 1653 Dei
550 1598 746 1653 frustra
791 1600 1114 1670 recipiatis:
1152 1599 1299 1670 quod
1355 1614 1424 1653 ne
1472 1596 1565 1651 ﬁat
1602 1596 1804 1651 nemini
1862 1595 2051 1681 sitisB

387 1687 581 1741 dantes
609 1687 772 1741 ullam
804 1686 1159 1743 offensionem
1190 1702 1361 1757 pravo
1393 1702 1561 1756 opere
1591 1685 1677 1741 vel
1708 1684 1976 1755 exemplo,

387 1783 444 1829 ut
474 1774 833 1830 ministerium
879 1784 1148 1844 nostrum,
1183 1775 1237 1830 id
1268 1783 1349 1830 est
1376 1791 1444 1830 ne
1470 1774 1843 1845 magisterium
1874 1788 1979 1827 no-

388 1871 559 1918 atrum
591 1881 692 1934 per
717 1880 815 1921 vos
847 1863 1183 1920 offendentes
1223 1863 1292 1918 sit
1321 1862 1697 1934 vituperabile.
1728 1863 1810 1916 Ne
1838 1860 1980 1916 detis

387 1950 766 2021 offensionem,
816 1953 913 2008 sed
962 1953 1313 2007 exbibeamus
1360 1968 1462 2007 nos
1506 1952 1560 2005 in
1608 1950 1881 2018 omnibus,
1922 1956 1980 2003 ut

387 2040 585 2095 melius
612 2056 707 2096 eos
737 2040 940 2096 alliciat
969 2041 1039 2095 ad
1070 2041 1289 2105 bonum,
1324 2054 1447 2095 cum
1467 2039 1674 2094 eisdem
1702 2054 1759 2093 se
1789 2037 1979 2092 inserit

387 2128 577 2185 dicens
612 2146 624 2182 :
658 2145 757 2183 nos
788 2129 928 2183 sicut
957 2128 1058 2184 Dei
1098 2128 1399 2183 ministros.
1439 2129 1508 2181 Et
1546 2127 1845 2183 secundum
1875 2127 1981 2181 hoc

389 2216 529 2273 sicut
577 2216 630 2271 in
676 2217 902 2287 propria
963 2215 1363 2290 significatione
1417 2217 1539 2271 erit.
1606 2215 1803 2271 Omnia
1859 2232 1980 2286 quae

388 2313 691 2376 sequuntur
718 2321 829 2360 non
872 2312 1165 2370 mutantur,
1214 2305 1319 2359 nisi
1365 2304 1510 2375 quod
1554 2304 1694 2359 sicut
1733 2305 1804 2358 ad
1836 2305 1978 2358 Pau-

386 2393 518 2459 lum,
552 2393 631 2449 sic
661 2394 903 2464 exposita
932 2394 1000 2448 ad
1032 2409 1127 2449 eos
1160 2401 1408 2464 spectare
1437 2392 1703 2448 dicantur.
1732 2394 1801 2447 Et
1830 2392 1973 2463 quia,

389 2497 423 2537 ο
453 2481 731 2548 Corinthii,
756 2498 899 2537 nunc
927 2482 1093 2536 multa
1121 2490 1173 2537 et
1193 2482 1375 2553 ampla
1395 2489 1669 2552 praecepta
1698 2481 1768 2535 do
1800 2480 1975 2546 vobis,

386 2571 552 2625 modo
583 2577 730 2640 patet
758 2586 822 2624 os
872 2578 1118 2626 nostrum
1168 2572 1236 2624 ad
1266 2586 1363 2626 vos
1391 2570 1562 2624 multa
1590 2568 1975 2640 praecipiendo,

388 2659 481 2729 qui
508 2675 596 2713 me
625 2658 779 2729 prius
816 2659 1128 2730 arguebatis
1178 2674 1274 2713 vos
1322 2658 1680 2714 commonitos
1728 2673 1850 2712 esse
1912 2657 1979 2711 de

386 2746 592 2817 paucis.
626 2747 742 2801 Nec
770 2746 966 2801 mirum
997 2748 1043 2801 si
1072 2746 1279 2817 patenti
1307 2762 1402 2801 ore
1423 2747 1591 2801 multa
1610 2746 1765 2801 vobis
1785 2745 1971 2816 praeci-

387 2834 498 2906 pio,
533 2834 658 2907 quia
687 2850 784 2890 cor
812 2843 1060 2890 nostrum
1092 2836 1373 2889 dilatatum
1407 2842 1506 2901 est,
1532 2835 1587 2889 id
1620 2842 1703 2889 est
1723 2834 1904 2889 omnia
1924 2833 1980 2886 in

386 2939 476 2978 me
504 2923 721 2979 invenio
765 2939 886 2994 quae
932 2923 1089 2979 vobis
1119 2923 1397 2994 Operanda
1442 2922 1621 2977 trado.
1673 2923 1739 2976 Et
1779 2938 1844 2976 ex
1873 2921 1977 2976 hoc

381 3012 494 3081 jam
546 3018 811 3083 apparet:
846 3012 971 3083 quia
1041 3028 1150 3067 non
1215 3010 1596 3083 angustiamini
1635 3010 1689 3064 in
1739 3010 1894 3065 nobis
1935 3010 1980 3063 si

388 3116 563 3171 pauca
608 3099 931 3170 operamini,
978 3100 1077 3155 sed
1139 3099 1527 3170 angustiamini
1574 3098 1629 3153 in
1676 3098 1980 3154 visceribus

388 3188 603 3244 vestris.
642 3188 823 3243 Nolite
846 3196 1028 3244 autem
1069 3188 1382 3261 angustiari,
1420 3188 1518 3242 sed
1547 3186 1805 3243 charitate
1835 3187 1979 3241 dila-

388 3276 575 3331 temini
610 3291 623 3331 :
658 3277 797 3333 sicut
826 3276 947 3331 aliae
985 3276 1249 3332 Ecclesiae
1279 3278 1353 3331 ita
1382 3285 1436 3331 et
1466 3292 1564 3331 vos
1598 3293 1610 3330 :
1644 3284 1696 3331 et
1725 3276 1830 3331 hoc
1859 3276 1980 3331 dico

387 3364 544 3422 vobis
578 3369 848 3436 tanquam
875 3365 1032 3433 ﬁliis,
1082 3380 1181 3420 vos
1210 3365 1333 3420 dico
1358 3382 1455 3435 spe
1487 3364 1707 3436 quidem
1733 3365 1843 3433 jam
1876 3364 1980 3419 ha-

388 3455 579 3510 bentes
618 3454 874 3509 eamdem
909 3456 1430 3510 remunerationem
1472 3469 1633 3524 quam
1670 3468 1771 3507 nos
1811 3452 1980 3507 habe-

388 3558 529 3611 mus,
563 3542 770 3599 scilicet
806 3542 1086 3598 coelestem
1134 3542 1384 3612 gloriam.
1438 3542 1507 3595 Et
1537 3549 1594 3595 ut
1632 3541 1688 3594 in
1715 3541 1981 3595 mandatis

387 3631 488 3686 Dei
508 3632 855 3687 dilatemini.
871 3633 1053 3687 Nolite
1072 3631 1276 3686 ducere
1288 3632 1494 3701 jugum
1515 3647 1645 3686 cum
1661 3631 1980 3697 inﬁdelibus

386 3719 618 3789 pseudo.
653 3720 756 3774 Per
777 3720 968 3790 jugum
1018 3727 1261 3774 veterem
1310 3717 1583 3791 significat
1627 3718 1826 3789 legem,
1862 3734 1983 3789 quae

390 3807 633 3879 graviter
661 3808 1001 3877 Opprimebat
1030 3808 1419 3863 observatores
1447 3823 1595 3862 suos.
1618 3808 1737 3863 Non
1770 3808 1981 3862 debetis

391 3895 594 3951 ducere
620 3895 813 3966 jugum
860 3911 984 3951 cum
1036 3894 1345 3951 infidelibus
1382 3911 1393 3950 :
1428 3896 1552 3968 quia
1588 3911 1687 3951 vos
1724 3896 1874 3965 justi,
1906 3894 1981 3949 illi

388 3983 559 4055 iniqui
590 3998 602 4038 :
636 3998 733 4039 vos
764 3984 878 4052 lux,
930 3984 1004 4038 illi
1049 3985 1290 4040 tenebrae
1323 4001 1334 4039 :
1363 3986 1420 4039 in
1448 3984 1602 4040 vobis
1635 3984 1895 4050 Christus,
1928 3984 1984 4038 in

389 4072 496 4126 illis
525 4072 692 4128 Belial
726 4088 737 4126 :
768 4087 866 4128 vos
907 4071 1116 4139 fideles,
1166 4073 1243 4127 illi
1272 4072 1521 4128 infideles
1553 4091 1565 4128 :
1598 4088 1695 4129 vos
1721 4072 1981 4142 templum

390 4161 511 4229 Dei,
546 4160 621 4215 illi
653 4160 938 4216 idolorum.
974 4161 1037 4215 Et
1070 4178 1192 4233 qua:
1210 4163 1580 4234 participatio
1593 4162 1839 4233 justitiw
1853 4178 1981 4217 cum

388 4250 694 4321 iniquitate
717 4254 739 4304 ἵ
752 4250 862 4305 Aut
883 4266 1004 4321 quas
1018 4251 1254 4306 societas
1280 4252 1393 4306 luci
1410 4250 1480 4305 ad
1504 4250 1801 4306 tenebras?
1822 4249 1982 4305 Nulla

2082 358 2243 411 eritis
2274 356 2418 411 mihi
2444 356 2708 428 populus.
2742 352 3063 423 Quicunque
3096 350 3241 405 enim
3270 349 3502 405 viderint
3517 349 3674 417 justi-

2081 443 2211 498 tiam
2242 460 2452 511 eorum,
2490 444 2673 498 dicent
2704 460 2718 496 :
2754 441 2819 497 Hi
2850 448 2981 495 sunt
3008 438 3243 510 populus
3272 437 3392 503 Dei,
3426 445 3479 492 et
3527 437 3673 490 Deus

2081 532 2288 586 habitat
2320 534 2374 586 in
2406 532 2534 586 illis.
2568 532 2723 586 Nunc
2753 531 2822 584 de
2852 530 2953 584 hac
2980 526 3300 583 auctoritate
3336 525 3499 580 infert
3525 524 3673 581 Pau-

2080 620 2165 674 lus
2196 620 2360 674 aliam
2386 620 2455 674 de
2485 619 2681 674 eodem
2708 616 3001 673 Ezechiele
3031 622 3318 685 sumptam.
3354 613 3457 669 Ubi
3486 613 3540 668 in
3572 628 3670 668 ca-

2079 708 2323 778 ptivitate
2354 706 2663 779 Babyloniae
2692 706 2896 761 Iudaeis
2928 704 3190 759 suadebat
3221 702 3389 771 exire,
3424 709 3476 756 et
3507 716 3670 771 sepa-

2081 796 2191 851 rari
2221 796 2289 851 ab
2319 796 2575 867 operibus
2604 794 2763 849 malis
2790 793 3089 865 gentilium.
3123 790 3283 859 Quod
3314 790 3360 845 si
3405 788 3667 856 facerent,

2082 884 2430 957 promittebat
2450 884 2530 939 eis
2560 900 2590 938 a
2619 884 2735 938 Deo
2759 881 3149 949 liberationem,
3170 879 3357 935 dicens
3393 893 3404 931 :
3439 880 3675 949 Propter

2080 974 2245 1045 quod,
2271 973 2498 1040 scilicet,
2523 980 2583 1027 ut
2612 972 2727 1026 sitis
2756 970 2989 1041 populus
3023 968 3141 1036 Dei,
3173 969 3238 1023 de
3268 966 3448 1023 medio
3476 966 3679 1037 impio-

2079 1079 2210 1118 rum
2240 1064 2394 1117 exite
2428 1082 2445 1117 :
2475 1076 2584 1117 non
2612 1067 2904 1131 operantes
2940 1074 3060 1129 quas
3099 1063 3407 1127 operantur.
3445 1056 3675 1126 Separa-

2079 1150 2227 1205 mini
2250 1150 2422 1205 etiam
2445 1149 2515 1204 ab
2544 1149 2751 1204 eisdem
2781 1147 3073 1212 voluntate,
3109 1160 3218 1200 non
3248 1150 3450 1198 tantum
3479 1157 3667 1213 opere.

2083 1238 2173 1294 Sic
2202 1246 2383 1292 autem
2412 1236 2531 1292 fieri
2559 1252 2784 1292 necesse
2806 1243 2908 1301 est,
2935 1234 3058 1306 quia
3078 1235 3194 1289 haec
3224 1232 3353 1288 dicit
3369 1230 3632 1287 Dominus
3655 1244 3668 1283 :

2080 1327 2157 1382 Ne
2214 1325 2375 1381 etiam
2428 1326 2727 1397 tetigeritis
2781 1323 3161 1387 immundum,
3181 1321 3236 1375 id
3266 1328 3348 1375 est
3376 1333 3478 1375 nec
3509 1318 3669 1373 etiam

2081 1413 2498 1469 delectationem
2529 1412 2822 1468 habueritis
2844 1412 2898 1465 in
2920 1408 3273 1465 immunditiis
3294 1422 3499 1475 eorum,
3524 1406 3670 1477 quod

2082 1501 2275 1557 saltem
2304 1502 2554 1572 placeant
2585 1500 2759 1556 vobis.
2793 1502 2861 1555 Et
2886 1501 2937 1555 si
2964 1499 3067 1554 hoc
3098 1496 3358 1561 feceritis,
3393 1510 3488 1566 ego
3518 1496 3668 1550 reci-

2078 1592 2236 1662 piam
2267 1607 2357 1646 vos
2395 1610 2412 1645 :
2446 1595 2501 1645 et
2532 1590 2678 1646 vobis
2709 1588 2945 1658 receptis
2974 1603 3068 1642 ero
3097 1586 3161 1641 in
3213 1589 3459 1657 patrem,
3491 1586 3549 1638 et
3579 1598 3670 1637 vos

2081 1680 2242 1734 eritis
2261 1680 2407 1734 mihi
2436 1681 2499 1734 in
2520 1679 2688 1748 ﬁlios,
2723 1679 2810 1733 vel
2837 1676 2997 1732 etiam
3024 1676 3080 1729 in
3118 1676 3268 1743 ﬁlias
3299 1689 3420 1743 quae
3476 1669 3668 1739 majori

2081 1766 2360 1839 diligentia
2389 1775 2652 1822 ornantur
2682 1782 2713 1821 a
2741 1765 3075 1835 parentibus.
3108 1763 3178 1817 Et
3204 1763 3322 1817 haec
3351 1759 3530 1815 omnia
3552 1775 3668 1814 cre-

2082 1854 2213 1909 dere
2244 1862 2296 1908 et
2326 1854 2501 1910 facere
2530 1870 2629 1911 vos
2656 1862 2886 1926 oportet,
2918 1852 3040 1925 quia
3069 1856 3186 1908 haec
3224 1850 3365 1907 dicit
3395 1848 3667 1906 Dominus

2080 1943 2457 2015 omnipotens.

2648 2073 2871 2129 CAPUT
2937 2073 3051 2128 VII.

2157 2234 2179 2263 α
2213 2213 2325 2268 Has
2357 2213 2525 2286 igitur
2579 2214 2837 2269 habentes
2865 2214 3277 2284 promissiones,
3340 2218 3665 2286 charissimi,

2086 2323 2107 2353 α
2142 2302 2464 2357 mundemus
2495 2318 2595 2357 nos
2625 2302 2693 2357 ab
2727 2302 2873 2357 omni
2918 2303 3324 2374 inquinamento
3381 2308 3562 2363 carnis
3619 2316 3672 2364 et

2085 2391 2379 2461 «spiritus,
2438 2389 2781 2461 perﬁcientes
2838 2391 3317 2449 sanctificationem
3367 2396 3421 2449 in
3478 2397 3669 2453 timore

2086 2500 2107 2530 κ
2142 2480 2260 2533 Dei.
2296 2480 2481 2550 Capite
2497 2495 2622 2535 nos.
2651 2480 2937 2535 Neminem
2958 2480 3218 2536 laesimus.
3242 2483 3526 2538 Neminem
3548 2501 3672 2540 cor-

2085 2589 2107 2618 «
2145 2568 2413 2638 rupimus.
2446 2568 2738 2624 Neminem
2778 2569 3252 2625 circumvenimus.
3285 2572 3408 2627 Non
3437 2574 3502 2627 ad
3532 2588 3668 2628 con-

2085 2679 2106 2703 «
2142 2657 2543 2712 demnationem
2576 2666 2810 2713 vestram
2841 2658 2982 2713 dico.
3018 2659 3372 2715 Praediximus
3400 2660 3669 2736 [Praedixi]

2085 2766 2107 2796 ι
2144 2745 2291 2800 enim
2321 2746 2465 2817 quod
2496 2746 2551 2800 in
2594 2746 2850 2802 cordibus
2880 2746 3083 2801 nostris
3136 2748 3269 2802 estis
3296 2749 3365 2803 ad
3422 2764 3673 2806 commo-

2084 2855 2105 2880 α
2143 2834 2393 2889 riendum
2423 2842 2476 2889 et
2527 2835 2593 2889 ad
2624 2834 3041 2890 convivendum.
3095 2836 3261 2891 Multa
3299 2837 3431 2892 mihi
3476 2837 3671 2894 fiducia

2085 2944 2106 2973 ‹
2146 2930 2228 2977 est
2254 2923 2397 2993 apud
2428 2939 2546 2990 vos,
2580 2924 2749 2978 multa
2780 2923 2912 2978 mihi
2942 2924 3192 2996 gloriatio
3221 2941 3322 2996 pro
3349 2927 3524 2982 vobis.
3558 2929 3669 2983 Re-

2084 3034 2104 3057 α
2143 3011 2321 3081 pletus
2355 3028 2473 3065 sum
2504 3012 2873 3068 consolatione
2909 3028 2921 3067 :
2957 3014 3347 3084 superabundo
3389 3016 3591 3086 gaudio
3618 3016 3673 3071 in

2084 3123 2108 3151 κ
2143 3101 2292 3155 omni
2349 3100 2691 3155 tribulatione
2722 3110 2925 3155 nostra.
2985 3103 3123 3157 Nam
3161 3111 3213 3158 et
3270 3119 3395 3158 cum
3424 3104 3672 3159 venisse-

2085 3211 2107 3239 σι
2142 3205 2262 3243 mus
2316 3189 2711 3258 Macedoniam,
2746 3190 2950 3244 nullam
3002 3191 3247 3262 requiem
3302 3193 3489 3247 habuit
3547 3208 3673 3248 caro

2084 3300 2105 3324 α
2142 3286 2364 3344 nostra,
2399 3278 2497 3333 sed
2540 3294 2757 3333 omnem
2813 3278 3209 3333 tribulationem
3263 3281 3410 3350 passi
3465 3298 3668 3337 sumus.

2085 3387 2105 3415 α
2142 3366 2296 3421 Foris
2323 3383 2540 3438 pugna,
2574 3366 2719 3421 intus
2776 3366 3020 3422 timores.
3055 3367 3163 3421 Sed
3218 3368 3310 3439 qui
3364 3369 3673 3424 consolatur

2084 3476 2105 3501 ‹‹
2144 3454 2395 3518 humiles,
2430 3455 2739 3509 consolatus
2770 3464 2849 3509 est
2885 3471 2983 3510 nos
3013 3456 3161 3510 Deus
3188 3455 3243 3509 in
3268 3456 3501 3511 adventu
3545 3458 3669 3514 Titi.

2072 3565 2105 3589 νει
2141 3543 2262 3597 Νοη
2295 3543 2472 3597 solum
2502 3550 2681 3597 autem
2711 3543 2764 3596 in
2824 3543 3058 3597 adventu
3103 3543 3235 3611 ejus,
3272 3544 3369 3598 sed
3426 3545 3585 3599 etiam
3616 3546 3670 3600 in

2086 3651 2107 3679 α
2145 3630 2514 3686 consolatione
2544 3646 2649 3701 qua
2687 3628 2821 3702 [qui]
2879 3631 3192 3686 consolatus
3248 3639 3329 3685 est
3381 3631 3438 3687 in
3492 3634 3671 3700 vobis,

2086 3742 2106 3765 «
2142 3717 2387 3774 referens
2434 3719 2593 3773 nobis
2622 3726 2860 3773 vestrum
2918 3718 3268 3781 desiderium,
3304 3728 3542 3776 vestrum
3572 3722 3674 3778 fle-

2086 3830 2107 3853 «
2146 3814 2277 3873 tum,
2312 3814 2553 3862 vestram
2584 3806 2985 3861 mmulationem
3013 3822 3116 3878 pro
3146 3824 3234 3863 me
3268 3827 3280 3863 :
3314 3808 3388 3863 ita
3414 3817 3469 3864 ut
3498 3811 3674 3881 magis

2085 3916 2106 3941 α
2146 3895 2461 3967 gauderem.
2497 3894 2763 3963 Quoniam
2794 3895 2896 3949 etsi
2942 3896 3259 3951 contristavi
3289 3913 3386 3953 vos
3442 3898 3497 3952 in
3553 3899 3673 3968 epi-

2086 4006 2106 4029 «
2144 3983 2300 4049 stola,
2333 3999 2442 4039 non
2473 4000 2559 4038 me
2597 3984 2838 4054 paenitet.
2900 3986 2967 4039 Et
3023 3984 3069 4038 si
3128 3986 3421 4056 pmniteret
3476 3986 3668 4042 videns

2087 4093 2108 4122 α
2146 4072 2292 4143 quod
2322 4073 2553 4142 epistola
2582 4073 2694 4140 illa,
2731 4081 2784 4127 et
2814 4073 2860 4127 si
2889 4073 2958 4128 ad
2976 4074 3162 4129 horam
3196 4089 3293 4129 vos
3314 4075 3670 4140 contristavit,

2087 4182 2109 4212 ι
2145 4176 2287 4216 nunc
2317 4161 2552 4232 gaudeo,
2583 4176 2692 4215 non
2723 4162 2848 4232 quia
2876 4161 3176 4216 contristati
3209 4163 3339 4217 estis
3375 4179 3387 4217 :
3422 4163 3519 4218 sed
3551 4163 3676 4235 quia

2088 4271 2108 4299 ι
2143 4250 2444 4305 contristati
2476 4249 2608 4304 estis
2639 4250 2707 4303 ad
2753 4250 3151 4320 paenitentiam.
3185 4251 3499 4306 Contristati
3529 4252 3675 4308 enim

388 4337 574 4408 utique
603 4337 832 4393 societas
865 4337 1027 4393 debet
1055 4355 1178 4393 esse
1209 4339 1598 4408 membrorum,
1632 4338 1721 4393 ubi
1756 4344 1837 4393 est
1869 4337 1978 4392 dif-
2000 4330 2053 4391 D
2089 4360 2110 4389 tl
2147 4339 2278 4393 estis
2313 4338 2612 4393 secundum
2644 4338 2835 4403 Deum,
2870 4345 2928 4391 ut
2985 4338 3039 4392 in
3090 4338 3237 4394 nullo
3294 4340 3675 4395 detrimentum

389 4424 619 4481 ferentia
641 4425 875 4496 capitum
903 4442 915 4481 :
946 4427 1043 4482 sed
1072 4428 1318 4482 Christus
1350 4435 1510 4497 caput
1550 4435 1793 4481 nostrum
1814 4425 1981 4480 Belial

390 4521 550 4584 caput
605 4513 839 4569 illorum.
897 4516 1025 4584 Quae
1067 4523 1247 4570 autem
1300 4517 1599 4570 conventio
1662 4514 1871 4569 Christi
1910 4515 1981 4570 ad

390 4604 612 4658 Belial?
640 4604 750 4658 Aut
783 4620 907 4675 qua:
929 4621 1062 4675 pars
1083 4605 1240 4672 ﬁdeli
1270 4621 1400 4659 c-um
1429 4603 1649 4672 inﬁdeli
1674 4608 1695 4658 ξ)
1719 4604 1845 4669 Quis
1879 4620 1980 4658 au-

390 4696 505 4746 tem
535 4708 838 4747 consensus
865 4691 924 4748 1
946 4691 1098 4748 '78
1124 4694 1332 4763 tempto
1353 4692 1452 4747 Dei
1472 4709 1601 4747 cum
1622 4692 1802 4757 idolis,
1830 4691 1881 4745 id
1899 4699 1981 4746 est

390 4794 516 4835 cum
545 4780 651 4834 illis
682 4780 880 4850 impiis,
915 4780 1007 4851 qui
1038 4781 1179 4835 velut
1210 4780 1416 4835 idolum
1448 4780 1609 4835 sedes
1633 4788 1758 4834 sunt
1786 4779 1980 4834 deamo-

390 4867 475 4922 nis
494 4868 522 4922 ?
552 4868 698 4923 Sicut
744 4868 886 4923 enim
918 4868 971 4922 in
1016 4868 1181 4937 idolo,
1229 4870 1308 4924 sic
1336 4869 1391 4923 in
1417 4868 1553 4938 ipsis
1582 4884 1847 4939 responsa
1877 4868 1979 4921 da-

389 4955 483 5009 bat
512 4956 747 5011 dzemon.
780 4957 923 5011 Bene
952 4955 1074 5012 dico
1100 4958 1306 5028 templo
1328 4958 1427 5012 Dei
1458 4976 1475 5010 :
1506 4973 1631 5011 nam
1666 4974 1756 5013 vos
1792 4955 1981 5011 ﬁdeles

390 5044 525 5099 estis
559 5045 832 5115 templum
864 5046 959 5101 Dei
987 5047 1114 5113 vivi,
1143 5045 1267 5115 quia
1292 5045 1349 5098 in
1369 5044 1661 5115 vobisipsis
1679 5044 1825 5111 vivit,
1850 5044 1981 5099 dum

387 5147 487 5187 vos
516 5131 572 5186 in
602 5132 744 5187 bono
776 5133 956 5189 vivere
983 5134 1127 5189 facit.
1163 5134 1229 5187 Et
1257 5134 1360 5188 hoc
1389 5133 1531 5201 dico,
1557 5132 1694 5188 sicut
1723 5132 1851 5187 dicit
1872 5133 1982 5187 Do-

388 5220 568 5275 minus
596 5221 743 5276 Deus
770 5238 868 5292 per
915 5221 1254 5277 Ezechielem
1302 5221 1428 5276 licet
1456 5220 1573 5273 aliis
1602 5220 1805 5276 verbis.
1842 5221 1973 5285 lIoc,

388 5310 628 5380 inquam,
645 5310 930 5365 dicitDeus
956 5325 966 5361 :
992 5311 1277 5380 quoniam,
1298 5309 1351 5361 id
1381 5317 1464 5362 est
1492 5308 1637 5378 quod
1661 5307 1978 5363 inhabitabo

388 5399 450 5453 in
474 5400 593 5454 illis
624 5397 875 5453 fidelibus
902 5396 1251 5466 justificando
1284 5412 1379 5452 eos
1408 5413 1508 5467 per
1529 5394 1710 5466 fidem,
1746 5405 1797 5451 et
1816 5397 1979 5452 etiam

392 5488 750 5545 inambulabo
782 5486 849 5545 de
881 5486 1079 5545 virtute
1118 5487 1491 5562 promovendo
1522 5487 1577 5543 in
1606 5486 1875 5544 virtutem.
1910 5490 1980 5545 Et

2089 4450 2108 4473 ‹‹
2146 4426 2424 4496 patiamini
2456 4442 2521 4480 ex
2554 4425 2729 4481 nobis.
2765 4424 2899 4493 Quae
2947 4425 3091 4481 enim
3150 4427 3452 4482 secundum
3500 4430 3673 4483 Deum

2088 4536 2109 4563 ι
2145 4514 2361 4568 tristitia
2392 4522 2492 4580 est,
2528 4513 2897 4585 pmnitentiam
2921 4514 2975 4568 in
3007 4513 3241 4569 salutem
3265 4515 3515 4570 stabilem
3538 4531 3673 4586 ope-

2088 4626 2108 4649 u
2144 4610 2293 4656 ratur
2328 4617 2340 4655 :
2376 4602 2560 4657 saeculi
2615 4612 2794 4656 autem
2835 4601 3051 4657 tristitia
3105 4610 3337 4657 mortem
3383 4612 3663 4673 operatur.

2088 4712 2109 4741 ι
2146 4691 2288 4746 Ecce
2319 4690 2463 4745 enim
2495 4690 2597 4745 hoc
2628 4690 2803 4759 ipsum
2835 4690 3136 4745 secundum
3168 4692 3341 4745 Deum
3372 4691 3677 4746 contristari

2088 4800 2109 4829 ι
2145 4796 2261 4845 vos,
2297 4794 2460 4849 quam
2493 4785 2598 4831 tam
2629 4778 2682 4830 in
2716 4778 2869 4832 vobis
2900 4786 3156 4848 operatur
3194 4779 3614 4834 sollicitudinem
3662 4795 3674 4833 :

2085 4889 2107 4914 ι
2145 4866 2667 4930 sed'defensionem,
2702 4867 2797 4920 sed
2860 4867 3306 4939 indignationem,
3373 4867 3468 4921 sed
3513 4868 3675 4924 timo-

2087 4976 2109 5005 ι
2144 4971 2279 5019 rem,
2314 4954 2411 5009 sed
2441 4953 2795 5020 desiderium,
2830 4954 2927 5009 sed
2960 4955 3394 5021 mniulationem,
3428 4956 3525 5009 sed
3554 4956 3677 5011 vin-

2086 5066 2107 5089 ‹‹
2145 5042 2366 5097 dictam.
2398 5043 2457 5096 In
2487 5041 2739 5096 omnibus
2770 5042 3090 5097 exhibuistis
3134 5059 3232 5098 vos
3277 5043 3678 5099 incontamina-

2085 5155 2105 5178 ιι
2144 5139 2226 5186 tos
2259 5146 2382 5186 esse
2437 5129 2677 5199 negotio.
2714 5130 2886 5202 Igitur
2918 5139 2970 5186 et
3002 5132 3047 5184 si
3088 5130 3281 5201 scripsi
3334 5132 3510 5201 vobis,
3569 5148 3678 5187 non

2085 5243 2105 5265 ‹‹
2142 5226 2364 5290 propter
2398 5235 2524 5272 eum
2556 5218 2645 5289 qui
2675 5218 2801 5273 fecit
2830 5218 3101 5286 injuriam,
3151 5235 3253 5275 nec
3301 5229 3523 5291 prOpter
3552 5236 3678 5275 eum

2086 5329 2107 5357 ‹‹
2146 5308 2235 5379 qui
2267 5324 2460 5378 passus
2490 5314 2590 5373 est,
2625 5307 2722 5362 sed
2771 5308 2842 5361 ad
2902 5307 3355 5361 manifestandam
3407 5308 3673 5363 sollicitu-

2085 5419 2106 5447 ι
2143 5397 2325 5451 dinem
2356 5404 2620 5462 nostram,
2646 5412 2809 5467 quam
2840 5396 3106 5450 habemus
3134 5412 3235 5466 pro
3266 5396 3421 5451 vobis
3484 5412 3673 5451 coram

2086 5504 2106 5537 ι
2144 5485 2279 5541 Deo.
2330 5484 2567 5559 Ideoque
2625 5483 2890 5541 consolati
2938 5500 3144 5540 sumus.
3196 5485 3257 5541 In
3306 5484 3675 5542 consolatione
