3960 6050
236 249 344 305 249

868 242 1249 301 EXPOSITIO
1288 242 1363 297 IN
1397 239 1778 298 EPISTOLAS
1816 238 2041 295 PAULI.
2072 270 2140 281 —
2168 240 2241 296 IN
2278 240 2497 296 EPIST.
2540 242 2587 296 II
2624 242 2719 297 AD
2759 240 2919 297 COR.

3435 246 3543 300 250

247 393 271 422 ι
312 377 493 426 autem
540 378 742 436 nostra,
793 369 1156 425 abundantius
1211 368 1390 439 magis
1437 365 1615 440 gavisi
1660 380 1848 421 sumus
1877 365 1932 425 A
1953 364 2079 419 stris
2107 380 2205 420 vos
2225 364 2547 433 insererem,
2581 366 2679 421 sed
2712 365 2843 421 estis
2873 365 2927 421 in
2958 366 3212 424 cordibus
3242 349 3443 422 nostris
3474 367 3546 421 ad

254 481 279 511 «
316 476 483 530 super
513 459 714 531 gaudio
742 458 843 512 Titi
878 473 890 511 :
938 458 1059 529 quia
1105 456 1337 512 refectus
1370 463 1451 511 est
1482 455 1705 525 spiritus
1733 454 1848 522 ejus

252 567 283 597 α
315 548 384 602 ab
415 547 668 602 omnibus
698 546 875 601 vobis.
908 546 975 600 Et
1005 545 1050 600 si
1080 545 1208 617 quid
1240 545 1384 616 apud
1414 544 1565 598 illum
1596 544 1665 597 de
1693 542 1848 597 vobis

250 655 275 685 ι
313 635 573 709 gloriatus
605 651 745 700 sum,
778 649 886 689 non
928 650 1049 688 sum
1098 633 1354 689 confusus
1387 648 1400 688 :
1436 631 1533 687 sed
1561 631 1697 686 sicut
1725 646 1847 685 om-

252 744 275 774 ι
315 724 407 778 nia
437 723 592 778 vobis
622 723 677 776 in
706 721 929 778 veritate
958 722 1125 778 locuti
1174 738 1382 788 sumus,
1414 721 1487 775 ita
1516 728 1567 775 et
1596 719 1847 791 gloriatio

252 832 275 860 ι
316 819 502 866 nostra
532 826 652 882 qua:
690 810 788 865 fuit
832 811 900 865 ad
946 810 1143 880 Titum,
1190 810 1387 865 veritas
1430 808 1570 864 facta
1619 814 1744 862 est:
1796 814 1849 861 et

250 920 275 950 ι
313 900 525 955 viscera
574 900 691 967 ejus
739 899 1101 953 abundantius
1151 898 1205 952 in
1253 899 1408 954 vobis
1451 905 1575 952 sunt
1623 912 1636 950 :
1688 895 1847 951 remi-

249 1010 271 1037 ιι
309 988 572 1042 niscentis
602 987 841 1042 omnium
872 995 1111 1042 vestrum
1157 987 1537 1051 obedientiam,
1573 984 1847 1057 quomodo

245 1099 268 1122 α
309 1091 434 1131 cum
466 1075 659 1131 timore
690 1084 743 1130 et
789 1083 1025 1131 tremore
1068 1075 1354 1146 excepistis
1401 1074 1570 1129 illum.
1625 1072 1847 1129 Gaudeo

242 1186 267 1212 α
308 1164 457 1236 quod
484 1164 541 1218 in
572 1163 823 1219 omnibus
856 1161 1071 1219 confido
1100 1163 1155 1217 in
1184 1163 1355 1219 vobis.
1397 1186 1418 1211 η

904 1374 1219 1415 EXPOSITIO.

324 1514 387 1571 1
409 1512 564 1570 ’79
580 1513 1035 1585 Quandoquidem
1055 1514 1211 1569 vobis
1235 1512 1555 1569 exeuntibus
1576 1513 1645 1567 de
1665 1511 1846 1567 medio

241 1603 541 1674 impiorum
575 1602 724 1670 (dicit
756 1603 1040 1674 Dominus)
1087 1603 1233 1657 eritis
1260 1602 1393 1657 mihi
1424 1602 1477 1656 in
1525 1600 1665 1657 ﬁlios
1697 1610 1749 1656 et
1778 1600 1845 1654 ti-

238 1692 348 1746 lias
378 1700 483 1746 etc.
515 1690 705 1763 Igitur,
731 1707 764 1744 ο
795 1690 1120 1756 cbarissimi,
1143 1706 1240 1746 vos
1258 1691 1523 1746 habentes
1545 1690 1664 1756 has,
1688 1688 1741 1743 id
1764 1695 1846 1743 est
1866 1719 1918 1779 Β

240 1778 507 1851 praefatas
527 1780 943 1851 promissiones,
965 1787 1021 1834 ut
1042 1794 1136 1833 eas
1157 1779 1647 1850 apprehendamus,
1672 1794 1846 1833 mun-

246 1870 447 1924 demus
468 1885 568 1924 nos
591 1869 657 1923 ab
679 1869 836 1923 omni
857 1869 1289 1940 inquinamento
1300 1868 1511 1933 carnis,
1536 1871 1592 1922 et
1611 1867 1681 1920 ab
1702 1866 1849 1921 omni

241 1956 654 2029 inquinamento
701 1950 962 2028 spiritus.
1016 1956 1419 2028 Inquinamenta
1467 1956 1646 2011 carnis
1693 1962 1849 2010 vocat

246 2046 555 2111 libidinem,
592 2045 911 2100 ebrietatem
960 2053 1012 2099 et
1061 2045 1386 2113 bujusmodi.
1437 2045 1849 2117 Inquinamenta

242 2134 486 2205 spiritus,
520 2142 577 2188 ut
605 2134 763 2201 iram,
788 2133 1067 2201 invidiam,
1092 2142 1144 2187 et
1164 2132 1492 2201 hujusmodi,
1526 2150 1643 2205 quae
1672 2134 1849 2204 ipsam

242 2221 488 2278 inﬁciunt
517 2222 752 2277 animam
800 2223 917 2277 sine
967 2222 1216 2293 contagio
1266 2222 1468 2277 carnis.
1516 2222 1605 2278 Sic
1646 2238 1746 2277 nos
1794 2222 1849 2276 in

242 2319 477 2382 utroque
504 2311 831 2366 mundemus
859 2327 890 2365 a
935 2312 1174 2381 peccatis
1206 2326 1219 2365 :
1268 2311 1623 2380 perﬁcientes
1653 2310 1850 2366 dehinc

248 2401 789 2469 sanctiﬁcationem,
820 2399 874 2453 id
904 2407 1002 2464 est,
1038 2406 1095 2453 ut
1123 2399 1283 2453 malis
1320 2400 1566 2453 mundati
1597 2399 1651 2452 in
1681 2399 1850 2454 virtu-

248 2488 393 2543 tibus
420 2488 648 2558 perfecti
679 2488 867 2542 simus.
902 2488 1017 2543 Hoc
1054 2495 1233 2543 autem
1262 2486 1608 2558 perﬁcientes
1656 2490 1718 2542 in
1769 2490 1847 2543 ti-

246 2592 406 2631 more
438 2577 556 2641 Dei,
587 2576 641 2630 id
671 2584 771 2644 est,
807 2591 914 2630 non
945 2576 1137 2631 timore
1158 2576 1433 2631 hominum
1464 2584 1521 2631 ut
1542 2592 1848 2647 quaeramus

247 2681 518 2736 apparere
541 2664 673 2733 justi
702 2664 756 2718 in
786 2664 921 2720 facie
950 2672 1003 2719 et
1034 2680 1141 2719 non
1172 2665 1225 2718 in
1255 2664 1422 2720 corde
1452 2665 1589 2719 sicut
1617 2666 1844 2735 pseudo,

245 2753 346 2808 sed
378 2754 434 2806 in
463 2753 677 2808 timore.
712 2754 826 2808 Nec
847 2761 1052 2808 tantum
1075 2769 1382 2824 pcenarum,
1415 2761 1473 2807 ut
1498 2770 1599 2824 per
1627 2755 1730 2809 hoc
1754 2769 1848 2809 so-

244 2842 360 2896 lum
393 2842 556 2896 modo
588 2858 776 2910 paenas
816 2841 1128 2907 evadamus,
1182 2842 1278 2897 sed
1324 2842 1381 2896 in
1422 2842 1615 2897 timore
1644 2842 1763 2909 Dei,
1792 2849 1849 2896 ut

245 2932 426 2986 Deum
457 2930 745 2985 timeamus
773 2930 1071 2997 offendere,
1115 2931 1205 3003 qui
1249 2932 1410 2987 timor
1441 2930 1639 2986 dicitur
1668 2930 1848 2985 chari-

239 3027 351 3073 tas.
395 3019 494 3073 Vel
523 3018 681 3073 aliter
709 3019 882 3074 littera
912 3020 1002 3074 illa
1045 3020 1301 3075 dividitur
1334 3034 1345 3073 :
1395 3019 1718 3074 Mundemus
1748 3034 1848 3074 nos

242 3107 314 3161 ab
341 3106 753 3179 inquinamento
798 3108 973 3163 carnis
1009 3123 1020 3162 :
1071 3115 1129 3163 ut
1172 3108 1240 3162 sit
1286 3107 1359 3161 ibi
1405 3124 1614 3175 versus,
1649 3115 1701 3162 et
1749 3123 1848 3162 nos

242 3195 493 3250 mundati
550 3195 895 3266 perﬁcientes
958 3195 1433 3253 sanctiﬁcationem
1503 3196 1742 3266 spiritus,
1793 3195 1848 3251 id

247 3293 350 3352 est,
388 3285 687 3340 secundum
740 3286 884 3357 quod
928 3287 1087 3341 docet
1136 3285 1377 3356 spiritus,
1427 3285 1513 3341 vel
1559 3286 1653 3340 illa
1689 3285 1844 3352 ratio,

246 3373 334 3428 vel
365 3372 710 3445 perﬁcientes
760 3374 1242 3430 sanctiﬁcationem
1288 3374 1511 3446 spiritus
1542 3374 1595 3429 id
1643 3383 1725 3429 est
1763 3391 1849 3429 ra-

242 3462 428 3533 tionis,
461 3462 549 3517 vel
579 3462 807 3533 Spiritus
838 3464 1025 3519 sancti.
1074 3463 1353 3519 Sententia
1389 3471 1470 3518 est
1516 3464 1727 3519 eadem.
1789 3464 1849 3517 In

243 3553 439 3606 timore
470 3551 570 3606 Dei
602 3550 868 3606 similiter.
903 3552 972 3607 Et
1001 3560 1058 3606 ut
1103 3552 1345 3607 mundati
1393 3551 1685 3624 perﬁciatis
1714 3568 1847 3607 san-

242 3640 649 3706 ctiﬁcationem,
672 3643 859 3712 capite
882 3657 1000 3707 nos,
1033 3641 1087 3695 id
1118 3650 1219 3707 est,
1242 3641 1473 3713 accipite
1494 3640 1848 3697 imitationem

242 3737 508 3784 nostram.
541 3729 638 3784 Vel
668 3736 726 3783 ut
755 3729 826 3784 ibi
858 3746 1050 3785 versus
1068 3745 1179 3785 non
1210 3729 1277 3783 sit
1312 3748 1323 3783 :
1362 3731 1471 3785 Vos
1501 3729 1848 3801 perﬁcientes

245 3816 751 3884 sanctiﬁcationem,
799 3820 983 3890 capite
1030 3836 1151 3885 nos,
1203 3819 1258 3873 id
1288 3826 1390 3885 est,
1434 3818 1719 3873 imitamini
1748 3835 1848 3875 nos

244 3906 387 3962 sicut
419 3905 621 3960 dictum
651 3914 758 3961 est.
798 3907 913 3961 Nos
944 3907 1128 3979 utique
1179 3922 1372 3978 capere
1402 3907 1632 3975 debetis,
1668 3909 1848 3962 nemi-

246 4010 383 4049 nem
408 3993 550 4047 enim
572 4002 815 4048 vestrum
841 3996 1089 4050 lwsimus
1111 3995 1550 4067 improperando,
1585 3996 1729 4067 quod
1761 3996 1848 4051 vel

242 4096 413 4138 canes
457 4082 669 4146 essetis,
720 4082 805 4139 vel
850 4083 1159 4151 hujusmodi
1194 4099 1206 4137 ε
1239 4100 1328 4137 me
1375 4093 1556 4139 autem
1596 4083 1847 4157 magniﬁ-

244 4169 429 4225 cando
458 4170 525 4223 de
556 4186 760 4241 genere
793 4172 1042 4239 Abrahae,
1081 4179 1137 4225 ut
1166 4171 1365 4227 faciunt
1394 4174 1622 4244 pseudo.
1654 4175 1846 4229 Nemi-

243 4276 382 4314 nem
405 4258 600 4313 iterum
622 4268 864 4315 vestrum
887 4262 1259 4333 corrupimus,
1287 4277 1545 4332 perverse
1574 4261 1844 4328 docendo,

242 4347 334 4403 vel
363 4362 529 4418 pravo
560 4348 807 4419 exemplo
837 4349 1206 4420 depravando,
1260 4358 1315 4403 ut
1362 4350 1558 4404 iterum
1613 4351 1842 4421 pseudo,

1947 455 2448 523 commoriendum,
2481 455 2535 508 id
2567 463 2668 522 est,
2712 463 2767 509 ut
2809 454 2971 510 velim
3014 471 3113 511 vos
3143 470 3356 510 mecum
3387 469 3543 511 com-

1946 542 2087 597 mori
2115 550 2359 613 peccato,
2393 544 2464 599 ad
2506 544 2934 611 convivendum,
2985 543 3038 598 id
3096 552 3199 611 est,
3229 552 3285 598 ut
3332 558 3547 599 mecum

1946 629 2139 685 vivatis
2163 631 2402 698 justitiae.
2437 631 2537 686 Vel
2559 632 2634 687 ita
2679 640 2739 686 ut
2782 632 3202 703 perfectioribus
3241 632 3496 704 loquatur
3531 646 3543 686 :

1945 718 2093 773 Estis
2124 718 2180 772 in
2208 720 2467 775 cordibus
2488 720 2690 775 nostris
2720 720 2790 776 ad
2838 720 3328 789 commoriendum,
3360 728 3416 775 ut
3444 737 3545 777 ve-

1947 806 2041 861 lim
2068 823 2167 862 vos
2196 823 2411 864 mecum
2445 809 2577 864 mori
2605 809 2659 862 in
2702 809 2957 879 praesenti
2987 808 3349 874 tribulatione,
3383 816 3437 863 ut
3468 809 3547 865 sic

1945 911 2159 951 mecum
2208 896 2326 950 sitis
2368 897 2436 951 ad
2485 897 2883 952 convivendum
2942 898 2998 952 in
3039 897 3342 953 aeternitate
3376 915 3389 951 :
3421 897 3545 954 ideo

1946 984 2068 1040 dico
2091 987 2276 1057 capite
2309 1002 2440 1041 nos:
2459 986 2586 1057 quia
2603 988 2789 1041 multa
2799 986 3008 1054 ﬁducia
3019 987 3165 1042 mihi
3185 990 3270 1041 est
3290 984 3441 1058 apud
3457 1000 3550 1040 vos

1947 1072 2015 1127 de
2044 1072 2240 1127 futuris
2287 1074 2489 1129 bonis:
2538 1083 2595 1129 ut
2652 1075 2758 1131 cito
2808 1073 3045 1128 suasioni
3085 1089 3248 1146 quam
3309 1074 3549 1129 facturus

1947 1178 2066 1216 sum
2095 1161 2472 1233 acquiescatis.
2506 1163 2682 1218 Multa
2713 1162 2874 1217 etiam
2901 1163 3165 1234 gloriatio
3181 1170 3263 1217 est
3283 1163 3426 1217 mihi
3441 1178 3544 1234 pro

1909 1249 2116 1305 .vobis.
2150 1250 2316 1304 Multa
2346 1250 2492 1305 enim
2543 1251 2688 1321 apud
2720 1251 2854 1306 alias
2903 1250 3183 1307 Ecclesias
3229 1250 3432 1321 glorior
3478 1250 3546 1305 de

1946 1338 2090 1393 bono
2130 1338 2485 1393 correctionis
2533 1346 2751 1406 vestra},
2799 1338 3140 1408 praeferendo
3187 1353 3286 1393 vos
3336 1338 3443 1393 illis
3485 1338 3540 1393 in

1946 1426 2274 1497 exemplum.
2308 1428 2602 1496 PrOpterea
2640 1427 2809 1481 multa
2847 1426 3047 1481 ﬁducia
3092 1426 3223 1480 mihi
3272 1434 3354 1481 est
3401 1426 3546 1498 apud

1945 1528 2043 1569 vos
2074 1514 2143 1569 de
2174 1514 2353 1570 futuro
2384 1530 2396 1569 :
2425 1516 2535 1584 jam
2564 1515 2706 1571 enim
2728 1516 2983 1588 repletus
3005 1532 3134 1570 sum
3164 1516 3546 1572 consolatione

1944 1602 1999 1657 in
2029 1603 2177 1657 omni
2206 1602 2573 1669 tribulatione,
2606 1620 2941 1675 quaecunque
2972 1604 3040 1658 sit
3088 1620 3185 1657 seu
3216 1602 3410 1669 facilis,
3453 1619 3550 1660 seu

1946 1690 2197 1760 difﬁcilis,
2243 1707 2340 1746 seu
2384 1692 2550 1759 intus,
2593 1708 2691 1746 seu
2732 1691 2863 1746 foris
2897 1709 2910 1745 :
2957 1707 3058 1748 nec
3128 1706 3345 1763 quoquo
3387 1692 3551 1747 modo

1948 1779 2202 1834 consolor
2233 1780 2301 1834 de
2332 1781 2668 1835 correctione
2698 1788 2879 1835 vestra
2914 1797 2927 1833 :
2962 1780 3060 1834 sed
3086 1778 3141 1834 in
3170 1787 3375 1834 tantum
3407 1780 3550 1852 quod

1947 1868 2338 1938 superabundo
2366 1869 2569 1939 gaudio
2593 1888 2609 1924 :
2640 1868 2819 1940 magis
2861 1868 3007 1922 enim
3045 1868 3115 1922 de
3143 1875 3329 1922 vestra
3358 1883 3549 1923 corre-

1948 1955 2125 2010 ctione
2158 1956 2395 2028 gaudeo,
2431 1970 2597 2027 quam
2646 1956 2862 2012 doleam
2889 1955 2958 2011 dc
3008 1955 3156 2011 omni
3201 1955 3549 2012 tribulatione

1947 2052 2150 2099 nostra.
2184 2046 2441 2100 Dicerent
2475 2045 2554 2099 illi
2588 2061 2601 2100 :
2651 2046 2819 2100 Estne
2853 2045 2949 2098 tibi
2985 2043 3305 2099 tribulatio?
3350 2044 3549 2116 Utique

1947 2132 2087 2187 bene
2116 2132 2259 2188 dico.
2294 2134 2433 2189 Nam
2465 2132 2591 2187 alibi
2623 2137 2680 2189 et
2720 2133 2882 2187 etiam
2928 2150 3056 2189 cum
3105 2133 3448 2189 venissemus
3485 2134 3549 2188 in

1947 2220 2329 2278 Macedoniam
2344 2242 2361 2278 :
2375 2238 2507 2278 caro
2519 2226 2717 2277 nostra
2729 2239 2844 2277 non
2858 2221 3055 2276 habuit
3068 2222 3249 2276 ullam
3264 2223 3513 2293 requiem
3525 2241 3545 2279 :

1948 2310 2044 2365 sed
2076 2311 2230 2382 passi
2249 2327 2445 2366 sumus
2465 2326 2688 2365 omnem
2711 2310 3142 2365 tribulationem
3164 2329 3182 2364 :
3212 2311 3371 2381 foris,
3393 2308 3448 2364 id
3470 2318 3553 2365 est

1949 2398 2004 2451 in
2034 2413 2263 2469 corpore
2310 2407 2460 2453 erant
2506 2416 2732 2470 pugnae,
2775 2397 2904 2452 dum
2950 2397 3185 2469 ﬂagellis
3236 2396 3552 2470 aﬁligebant

1949 2503 2035 2542 me
2066 2505 2079 2542 :
2113 2494 2167 2542 et
2194 2490 2376 2555 intus,
2411 2487 2465 2541 id
2504 2494 2586 2541 est
2616 2487 2672 2541 in
2700 2486 2882 2541 animo
2924 2494 3073 2541 erant
3105 2489 3353 2552 timores,
3387 2502 3457 2542 ne
3487 2486 3552 2541 ﬁ-

1949 2576 2099 2631 deles
2130 2576 2480 2646 passionibus
2528 2575 2665 2630 meis
2706 2574 3221 2640 scandalizarentur,
3254 2583 3306 2629 et
3328 2574 3550 2643 judica-

1948 2671 2070 2721 rent
2099 2680 2185 2719 me
2217 2680 2327 2718 non
2375 2680 2497 2719 esse
2528 2663 2888 2734 sequendum,
2931 2663 3059 2734 quia
3102 2663 3545 2718 condemnatum.

1949 2753 2049 2808 Vel
2077 2754 2178 2807 ita:
2198 2754 2360 2824 foris,
2382 2752 2439 2807 id
2469 2760 2551 2809 est
2579 2753 2648 2806 ab
2680 2753 2764 2807 his
2790 2751 3026 2808 180
3051 2751 3143 2823 qui
3171 2760 3326 2807 extra
3356 2752 3548 2808 Eccle-

1949 2841 2083 2896 siam
2118 2848 2286 2909 erant,
2319 2840 2558 2896 ﬁdebant
2589 2840 2721 2895 mihi
2750 2856 2969 2913 pugnae,
3021 2840 3157 2896 sicut
3186 2840 3389 2896 dictum
3420 2848 3500 2896 est
3535 2858 3548 2896 :

1947 2932 2107 2986 intus
2128 2934 2342 2999 autem,
2370 2930 2425 2985 id
2456 2937 2539 2984 est
2569 2930 2623 2984 in
2652 2929 2920 2996 Ecclesia,
2956 2937 3110 2985 erant
3140 2929 3382 2994 timores,
3420 2946 3488 2985 ne
3517 2945 3551 2985 a

1949 3017 2100 3073 falsis
2129 3018 2383 3073 fratribus
2414 3019 2809 3074 seducerentur
2840 3017 3136 3088 simplices.
3181 3018 3334 3074 Foris
3364 3025 3418 3073 et
3460 3018 3548 3073 in-

1951 3114 2039 3162 tus
2068 3108 2207 3163 adeo
2234 3106 2476 3178 patiebar
2508 3122 2520 3160 :
2552 3107 2646 3162 sed
2676 3109 2821 3162 Deus
2866 3108 2961 3179 qui
3008 3107 3339 3162 consolatur
3368 3106 3552 3161 humi-

1954 3197 2054 3262 les,
2075 3196 2129 3250 id
2142 3195 2795 3261 estaﬂlictos,conolatus
2824 3201 3026 3253 estnos
3042 3197 3107 3251 in
3132 3195 3382 3251 adventu
3412 3197 3549 3253 Titi.

1952 3284 2185 3340 Gavisus
2214 3301 2335 3339 sum
2364 3285 2509 3339 enim
2540 3284 2608 3340 de
2637 3284 2948 3355 receptione
2980 3284 3165 3339 fratris
3198 3284 3291 3356 qui
3318 3285 3541 3356 partici-

1950 3382 2103 3444 paret
2132 3372 2569 3428 tribulationibus
2614 3372 2834 3428 nostris.
2886 3374 3003 3428 Non
3028 3375 3211 3428 solum
3245 3378 3438 3430 autem
3482 3376 3546 3430 in

1950 3463 2196 3519 adventu
2225 3464 2346 3533 ejus
2365 3461 2673 3517 consolatus
2697 3476 2850 3515 sum:
2876 3462 2970 3516 sed
3004 3462 3179 3517 etiam
3198 3463 3261 3516 in
3292 3464 3546 3519 consola-

1953 3552 2103 3607 tione
2134 3568 2242 3623 qua
2271 3550 2414 3605 idem
2448 3551 2598 3605 Titus
2629 3551 2951 3606 consolatus
2981 3553 3065 3605 est
3108 3551 3172 3604 in
3216 3547 3361 3605 vobis
3392 3570 3410 3606 :
3449 3568 3546 3621 per

1949 3640 2053 3696 hoc
2087 3639 2343 3695 solatium
2373 3640 2490 3708 ejus
2507 3639 2902 3695 correctionem
2916 3646 3155 3693 vestram
3184 3637 3451 3694 intellexi.
3479 3640 3545 3695 Et

1949 3728 2072 3784 ideo
2100 3744 2220 3783 cum
2251 3728 2320 3783 de
2350 3728 2525 3783 reditu
2556 3728 2672 3797 ejus
2702 3727 2997 3801 gauderem
3028 3726 3189 3781 simul
3238 3727 3545 3783 consolatus

1949 3834 2069 3873 sum
2103 3834 2115 3872 :
2145 3817 2458 3890 intelligens
2487 3817 2882 3874 correctionem
2924 3824 3160 3872 vestram
3204 3817 3259 3871 in
3304 3817 3420 3886 ejus
3452 3834 3548 3873 so-

1948 3905 2096 3962 latio.
2131 3906 2455 3961 Consolatus
2497 3915 2597 3974 est,
2649 3906 2887 3978 inquam,
2946 3922 3034 3961 me
3073 3906 3243 3973 Titus,
3294 3909 3549 3979 referens

1949 3995 2105 4051 nobis
2134 3996 2474 4051 desiderium
2498 4000 2763 4063 vestrum,
2781 4002 2983 4067 quanto
3012 4002 3138 4051 voto
3158 3995 3549 4052 desideraretis

1948 4084 2238 4139 adventum
2270 4093 2536 4139 nostrum.
2570 4082 2834 4140 Referens
2865 4084 3025 4139 etiam
3046 4086 3246 4154 ﬂetum
3276 4089 3546 4149 vestrum,

1950 4173 2006 4229 id
2043 4181 2125 4229 est
2186 4173 2329 4244 quod
2370 4172 2623 4243 lacrymis
2661 4180 2885 4243 peccata
2932 4173 3236 4228 dilueretis.
3284 4173 3550 4229 Referens

1949 4261 2109 4317 etiam
2140 4266 2385 4318 vestram
2411 4262 2859 4327 aemulationem,
2908 4260 2961 4315 id
2992 4269 3073 4316 est
3098 4261 3546 4333 indignationem.

1949 4366 2057 4422 qua
2086 4358 2277 4406 contra
2308 4350 2516 4421 pseudo
2542 4366 2644 4422 pro
2673 4366 2764 4404 me
2808 4365 2970 4421 quem
3018 4349 3348 4420 improbant,
3400 4349 3547 4406 indi-

244 4436 339 4507 qui
370 4436 510 4490 falsa
539 4436 684 4491 veris
713 4437 1085 4504 admiscendo,
1136 4446 1490 4509 corrumpunt
1538 4438 1697 4493 ﬁdem
1747 4455 1845 4495 ve-
1866 4437 1917 4498 D
1948 4439 2207 4510 gnamini.
2239 4440 2325 4494 Ita
2357 4438 2604 4494 referens
2626 4438 2744 4493 haee
2765 4442 2829 4492 ut
2846 4440 3025 4509 magis
3054 4438 3218 4494 modo
3245 4439 3548 4511 gauderem

246 4533 417 4578 stram
453 4539 464 4576 :
496 4540 662 4595 pravo
694 4525 857 4579 etiam
885 4526 1009 4582 vitae
1039 4526 1308 4597 exemplo.
1363 4528 1655 4583 Neminem
1687 4528 1849 4583 etiam

240 4621 485 4668 vestrum
552 4614 1048 4682 circumvenimus,
1111 4615 1568 4687 quemadmodum
1617 4616 1845 4686 pseudo,

240 4701 336 4773 qui
366 4716 490 4756 cum
521 4711 703 4772 aperte
734 4710 1009 4774 nequeunt
1061 4711 1383 4775 extorquere
1415 4720 1447 4759 a
1494 4705 1669 4772 vobis,
1703 4705 1849 4759 frau-

240 4789 466 4844 dulenta
498 4790 828 4856 seductione,
864 4790 1079 4846 eliciunt
1109 4792 1287 4864 magis
1334 4808 1497 4863 quam
1527 4793 1838 4863 impetrent.

238 4877 398 4947 Quod
433 4886 614 4933 autem
645 4877 900 4949 signiﬁco
922 4895 1019 4934 vos
1041 4888 1325 4951 corruptos
1356 4888 1409 4935 et
1441 4881 1695 4936 seductos
1726 4898 1847 4937 esse

242 4967 313 5021 ab
344 4966 451 5021 illis
480 4967 690 5037 pseudo
724 4985 736 5021 :
774 4968 876 5023 hoc
905 4985 1020 5025 non
1052 4968 1171 5025 dico
1203 4971 1275 5025 ad
1321 4970 1847 5026 condemnationem

245 5059 515 5119 vestram,
550 5054 603 5109 id
634 5062 735 5120 est,
769 5064 825 5110 ut
854 5072 954 5126 per
1002 5058 1105 5111 hoc
1168 5057 1444 5113 intendam
1483 5058 1848 5114 condemnare

244 5158 365 5207 vos,
402 5142 559 5213 quasi
591 5143 909 5213 reprobatos
939 5160 972 5200 a
1021 5146 1156 5200 Deo.
1206 5145 1472 5218 Quodque
1514 5163 1624 5201 non
1669 5147 1848 5202 dicam

245 5229 315 5285 ad
347 5229 857 5286 condemnationem
903 5240 1141 5287 vestram
1186 5233 1326 5289 scire
1369 5234 1595 5304 potestis
1645 5251 1711 5288 ex
1759 5250 1844 5301 eo,

247 5321 383 5390 quia
410 5320 659 5391 praedixi
682 5313 741 5374 in
776 5320 876 5376 hac
906 5320 1096 5376 eadem
1114 5322 1376 5392 Epistola,
1412 5325 1555 5394 quod
1586 5339 1683 5377 vos
1712 5324 1846 5379 estis

245 5410 307 5461 in
336 5408 595 5463 cordibus
626 5411 855 5475 nostris,
889 5409 981 5463 ubi
1011 5410 1083 5464 ait
1119 5428 1131 5464 :
1171 5412 1278 5465 Vos
1309 5411 1441 5466 estis
1471 5412 1717 5483 Epistola
1750 5427 1847 5465 no-

248 5502 357 5549 stra
387 5496 591 5566 scripta
620 5496 675 5550 in
706 5497 958 5552 cordibus
1009 5499 1231 5554 nostris.
1285 5499 1421 5569 Quia
1473 5501 1519 5555 si
1563 5517 1660 5556 vos
1709 5516 1845 5557 con-

247 5582 537 5641 demnatos
569 5583 926 5654 intenderem,
961 5602 1303 5660 nequaquam
1354 5589 1406 5644 in
1456 5590 1711 5647 cordibus
1740 5606 1844 5647 no-

1952 4528 2019 4583 de
2048 4528 2361 4598 poenitentia
2394 4535 2593 4592 vestra,
2613 4542 2776 4598 quam
2800 4526 2951 4597 prius
2980 4527 3330 4582 contristatus
3366 4543 3547 4584 essem

1951 4617 2021 4671 de
2059 4615 2472 4687 impcenitentia.
2520 4615 2619 4670 Vel
2668 4615 2843 4686 magis
2892 4615 3190 4686 gauderem
3252 4617 3321 4671 de
3366 4626 3546 4672 vestra

1951 4704 2329 4769 conversione,
2367 4720 2532 4775 quam
2561 4701 2804 4759 dolerem
2834 4703 2902 4759 de
2932 4719 3055 4758 mea
3084 4704 3446 4760 tribulatione.
3480 4705 3548 4761 Et

1949 4793 2054 4849 hoc
2091 4809 2255 4849 nosse
2303 4792 2600 4858 debemus,
2651 4792 2778 4863 quia
2818 4808 2939 4846 cum
2982 4792 3274 4862 Apostolus
3306 4793 3547 4864 priorem

1950 4881 2251 4951 Epistolam
2303 4896 2399 4951 per
2445 4880 2787 4935 Timotheum
2818 4879 3053 4935 misisset
3083 4880 3401 4953 Corinthiis,
3435 4901 3553 4939 ma-

1948 4970 2033 5042 gis
2062 4970 2129 5023 ad
2162 4968 2593 5039 indignationem
2626 4968 2759 5023 moti
2799 4975 2939 5034 sunt,
2974 4985 3135 5040 quam
3169 4971 3238 5025 ad
3268 4972 3549 5042 paeniten-

1950 5059 2099 5124 tiam,
2147 5057 2499 5114 temerarium
2523 5057 2832 5126 judicantes
2887 5057 3032 5128 quod
3069 5060 3366 5129 Apostolus
3405 5068 3549 5117 tanta

1951 5146 2241 5203 severitate
2270 5147 2499 5203 auderet
2528 5161 2623 5201 eos
2652 5162 2888 5218 arguere
2922 5163 2935 5199 :
2989 5162 3096 5218 quo
3128 5148 3369 5220 cognito,
3404 5151 3548 5205 Pau-

1948 5236 2033 5290 lus
2081 5252 2180 5306 per
2252 5236 2589 5292 Timotheum
2634 5234 2880 5305 paenituit
2942 5250 3064 5290 eum
3096 5236 3384 5307 scripsisse
3420 5238 3548 5293 illis.

1950 5324 2058 5379 Sed
2087 5325 2204 5380 Tito
2243 5325 2386 5395 apud
2446 5323 2752 5379 Corinthios
2800 5323 3003 5379 diutius
3031 5332 3297 5391 morante,
3334 5333 3382 5379 et
3413 5326 3550 5396 Epi-

1948 5413 2142 5467 stolam
2174 5413 2322 5467 Pauli
2355 5414 2554 5484 saepius
2585 5412 2885 5485 relegente,
2919 5414 3019 5467 sub
3051 5413 3417 5469 admonitione
3448 5413 3552 5470 Titi

1948 5500 2190 5558 facerunt
2235 5501 2470 5557 fructum
2530 5501 2754 5575 dignum
2804 5502 3153 5573 poenitentiae.
3189 5500 3309 5571 Quo
3340 5502 3542 5569 audito,

1946 5590 2235 5663 Apostolus
2286 5591 2461 5664 magis
2499 5591 2716 5663 gavisus
2764 5597 2846 5647 est
2895 5591 2964 5647 de
3005 5590 3340 5664 poenitentia,
3388 5609 3546 5663 quam
