3960 6050
453 244 555 300 251

1017 245 1074 300 S.
1117 242 1468 301 BRUNONIS
1507 241 2156 300 CARTHUSIANORUM
2195 243 2682 302 INSTITUTORIS
2721 245 2875 302 OPP.
2917 247 3091 305 PARS
3130 249 3196 304 II.

3658 253 3764 307 252

457 367 610 438 prius
665 368 929 424 doluisset
973 369 1042 424 de
1085 369 1478 440 impmnitentia
1532 369 1871 424 eorumdem.
1913 366 2148 436 QuodA
2177 375 2364 423 catore
2393 369 2486 424 illo
2513 378 2720 443 ageret,
2768 387 2877 427 non
2925 373 2993 427 ad
3038 372 3186 428 illum
3231 372 3503 446 dirigebat
3557 388 3764 429 sermo-

462 455 541 512 sic
567 457 637 511 ait
673 475 685 510 :
728 458 872 513 Vere
900 474 1000 528 per
1048 458 1368 513 relationem
1406 457 1530 523 Titi,
1575 457 1768 512 factum
1815 464 1898 512 est
1933 455 2068 510 mihi

459 551 518 599 ut
548 546 844 617 gauderem
882 564 894 599 :
928 548 1190 618 quoniam
1232 550 1288 601 et
1318 548 1366 601 si
1383 547 1722 602 contristavi
1745 562 1834 600 vos
1854 546 1916 599 in
1938 545 2067 616 Epi-

460 635 607 689 stola
635 634 784 704 prius
813 635 1003 704 missa,
1043 651 1159 690 non
1193 643 1375 689 tamen
1402 634 1567 689 modo
1596 635 1832 706 paenitet
1863 649 1952 688 me
1975 648 2069 686 au-

459 722 570 776 dita
601 722 860 778 relatione
893 723 1013 790 Titi,
1049 713 1191 778 licet
1216 724 1368 794 prius
1413 723 1702 794 paeniteret
1745 722 1924 776 audita
1972 737 2067 776 re-

460 811 662 865 latione
721 811 1006 866 Timothei.
1075 812 1230 866 Prius
1275 811 1495 882 quidem
1553 810 1821 881 pmnituit,
1878 809 2068 865 videns

465 899 610 970 quod
639 899 881 969 Epistola
921 899 1013 954 illa
1057 899 1211 970 prius
1259 900 1429 953 missa
1472 897 1807 954 contristavit
1852 914 1950 953 vos
1999 897 2069 951 ad

461 987 889 1058 indignationem
923 1006 935 1041 :
969 988 1092 1043 licet
1144 988 1212 1042 ad
1259 989 1454 1042 horam
1488 995 1578 1042 :et
1630 987 1756 1043 ideo
1803 986 2069 1041 venialius

466 1091 552 1129 me
582 1076 744 1130 modo
777 1077 1047 1147 paenitet:
1101 1092 1258 1131 nunc
1307 1078 1460 1131 enim
1511 1076 1745 1145 gaudeo,
1788 1091 1903 1129 non
1946 1074 2069 1128 ideo

471 1165 603 1235 quia
634 1165 786 1234 prius
813 1166 1142 1220 contristati
1172 1167 1338 1231 estis,
1378 1165 1472 1219 sed
1504 1167 1634 1235 quia
1661 1164 1820 1218 modo
1849 1163 2070 1218 contri-

469 1255 638 1308 statis
667 1256 802 1308 estis
823 1255 893 1309 ad
908 1255 1326 1326 paenitentiam.
1348 1253 1539 1308 Merito
1556 1252 1740 1322 utique
1773 1251 1985 1322 gaudeo
2002 1250 2070 1304 de

462 1329 621 1396 vobis
652 1341 722 1395 ad
750 1342 1124 1412 paenitentiam
1153 1341 1484 1396 contristatis
1527 1359 1540 1394 :
1575 1357 1712 1394 nam
1756 1339 2068 1395 contrista-

471 1432 517 1484 ti
528 1432 666 1484 estis
688 1431 995 1485 secundum
1010 1430 1184 1485 Deum
1201 1449 1217 1484 :
1240 1429 1543 1484 deserendo
1559 1428 1722 1494 mala,
1739 1426 2070 1482 adhaerendo

470 1517 648 1582 bonis,
682 1518 755 1572 ita
788 1518 1086 1573 secundum
1115 1519 1308 1586 Deum,
1343 1521 1409 1572 ut
1431 1518 1546 1586 jam
1570 1519 1632 1572 in
1654 1517 1814 1572 nullo
1836 1515 1976 1570 facto
1997 1531 2070 1570 ex

467 1606 624 1660 nobis
640 1607 955 1676 patiamini
974 1607 1403 1670 detrimentum,
1429 1605 1556 1677 quia
1582 1612 1632 1660 et
1648 1605 1768 1675 ipsa
1783 1604 1928 1674 prior
1943 1618 2070 1658 con-

471 1694 702 1749 tristatio
732 1695 800 1749 de
849 1711 953 1766 qua
999 1695 1248 1762 verebar,
1295 1710 1364 1748 ne
1413 1693 1569 1748 vobis
1619 1691 1775 1748 ﬁeret
1808 1693 1876 1746 ad
1907 1691 2144 1780 detri-B

469 1790 730 1848 mentum,
766 1790 1014 1838 correcta
1043 1791 1124 1838 est
1156 1783 1662 1838 secundumDeum.
1687 1783 1828 1836 Vere
1852 1781 1905 1834 in
1922 1776 2098 1834 nullo'

477 1887 543 1925 ex
575 1871 730 1926 nobis
751 1871 995 1942 patimini
1034 1871 1394 1926 derimentum
1415 1887 1577 1926 :nam
1602 1871 1841 1925 tristitia
1867 1877 2066 1934 vestra,

469 1977 592 2032 quae
621 1964 704 2015 est
743 1960 1055 2016 secundum
1073 1963 1264 2023 Deum,
1301 1963 1590 2031 operatur,
1626 1961 1687 2013 in
1716 1959 1863 2012 vobis
1899 1957 2073 2028 paeni-

476 2051 738 2118 tentiam,
771 2049 1037 2103 valentem
1062 2048 1216 2102 vobis
1233 2049 1296 2102 in
1313 2047 1592 2115 stabilem,
1617 2046 1671 2100 id
1697 2055 1779 2100 est
1809 2053 2071 2100 aeternam

469 2139 738 2192 salutem.
775 2136 1015 2190 Tristitia
1067 2136 1367 2190 secundum
1411 2136 1585 2190 Deum
1632 2141 1889 2204 operatur
1918 2132 2070 2187 salu-

472 2233 580 2279 tem
621 2243 633 2279 :
667 2224 766 2278 sed
799 2225 1039 2279 tristitia
1070 2225 1281 2291 sceculi,
1306 2239 1427 2295 quae
1449 2223 1626 2278 adhuc
1656 2222 1710 2276 in
1745 2221 2072 2293 quibusdam

469 2320 553 2366 est
584 2313 727 2383 apud
760 2328 874 2376 vos,
911 2312 1002 2383 qui
1031 2311 1220 2366 nolunt
1251 2311 1562 2367 contristari
1582 2312 1647 2365 ad
1681 2310 2066 2380 paenitentiam,

473 2401 590 2456 haec
619 2400 836 2455 tristitia
857 2405 1400 2472 operaturmortem,
1433 2400 1485 2453 id
1517 2407 1598 2454 est
1622 2398 1870 2453 stabilem
1888 2397 2073 2468 perdi-

468 2490 689 2544 tionem.
723 2490 838 2544 Hoc
883 2504 1121 2560 congrue
1170 2488 1396 2543 inservit
1439 2488 1507 2542 ad
1540 2487 1922 2542 deterrendum
1953 2501 2068 2552 eos,

469 2578 561 2650 qui
610 2578 852 2632 nondum
899 2576 1252 2648 pcenitebant.
1309 2578 1449 2631 Vere
1499 2575 1728 2630 tristitia
1775 2573 2071 2629 secundum

468 2667 642 2720 Deum
661 2673 921 2736 operatur
944 2665 1315 2736 paenitentiam
1342 2664 1398 2719 in
1416 2665 1646 2720 salutem
1680 2682 1692 2718 :
1716 2680 1843 2718 nam
1875 2678 2070 2733 opera-

473 2762 562 2808 tur
592 2753 1030 2820 sollicitudinem,
1077 2752 1472 2823 defensionem,
1518 2761 1571 2807 et
1619 2759 1840 2807 caeteras
1883 2758 2071 2822 partes

473 2858 618 2898 verae
646 2842 994 2914 poenitentiae.
1030 2841 1190 2911 Quod
1219 2842 1298 2897 sic
1330 2841 1404 2896 ait
1441 2857 1452 2895 :
1487 2843 1624 2898 Ecce
1664 2843 1818 2896 enim
1868 2841 1921 2895 in
1955 2839 2072 2894 evi-

473 2931 622 2986 denti
653 2939 734 2987 est
766 2933 864 2987 hoc
888 2933 1074 3004 ipsum
1104 2939 1214 2985 tam
1247 2931 1502 3001 exiguum
1523 2930 1593 2985 ad
1615 2928 2071 3000 comparationem

467 3020 656 3075 salutis
707 3037 869 3092 quam
917 3027 1219 3090 operatur;
1267 3019 1371 3074 hoc
1433 3019 1611 3090 ipsum
1673 3018 1815 3084 dico,
1870 3017 2074 3072 scilicet

468 3111 806 3165 contristari
827 3125 917 3164 vos
933 3108 1244 3164 secundum
1263 3110 1440 3163 Deum
1473 3127 1489 3162 :
1517 3122 1645 3162 ecce
1661 3111 1937 3179 quantam
1963 3106 2072 3160 sol-

474 3198 834 3253 licitudinem
862 3196 1183 3268 proﬁciendi
1204 3212 1419 3267 semper
1437 3196 1494 3249 in
1511 3195 1704 3250 melius
1727 3199 1993 3267 Operatur
2009 3194 2070 3247 in

469 3287 638 3342 vobis.
674 3288 782 3340 Ista
814 3285 1022 3341 scilicet
1051 3302 1172 3356 quae
1227 3292 1531 3356 sequuntur
1560 3283 1869 3354 c0pulativa
1909 3289 2067 3347 sunt,

463 3374 702 3430 valentia
752 3382 957 3428 tantum
1007 3373 1076 3428 ad
1123 3381 1372 3428 ornatum
1447 3373 1734 3428 orationis.
1799 3371 2072 3441 Operatur

473 3463 632 3518 etiam
667 3462 722 3516 in
753 3463 910 3517 vobis
954 3462 1339 3533 defensionem
1381 3481 1398 3516 :
1445 3461 1566 3533 quia
1591 3461 1704 3530 jam
1745 3460 1922 3515 zelum
1971 3457 2072 3512 Dei

469 3551 734 3607 habentes
764 3549 1056 3606 defenditis
1085 3566 1173 3605 me
1203 3557 1390 3605 contra
1435 3550 1660 3620 pseudo,
1706 3549 1798 3619 qui
1846 3563 1931 3602 me
1962 3547 2070 3602 im-

464 3641 718 3712 probant.
772 3640 1044 3710 Operatur
1075 3639 1238 3694 etiam
1303 3639 1779 3709 indignationem,
1831 3637 2073 3709 graviter

466 3728 612 3784 enim
639 3727 998 3798 indignemini
1030 3735 1221 3782 contra
1271 3742 1387 3791 eos,
1430 3727 1522 3797 qui
1568 3727 1901 3780 seduxerunt
1949 3741 2066 3780 vos.

469 3816 747 3887 Operatur
775 3816 937 3870 etiam
969 3817 1250 3872 timorem.
1288 3814 1482 3868 Timidi
1504 3814 1648 3869 enim
1667 3830 1885 3884 semper
1912 3813 2063 3878 estis,

466 3921 536 3959 ne
567 3905 620 3957 in
637 3903 894 3976 laqueum
918 3903 1191 3958 recidatis.
1217 3902 1486 3973 Operatur
1513 3903 1676 3957 etiam
1707 3903 2066 3958 desiderium.

474 3991 814 4047 Desideratis
840 3991 985 4046 enim
1012 3991 1308 4061 appetitum
1340 3991 1621 4054 bonorum,
1651 3999 1703 4045 et
1750 3991 2071 4045 aemulatio-

463 4097 616 4147 nem,
649 4080 703 4134 id
733 4087 816 4135 est
861 4079 1214 4134 imitationem
1253 4080 1545 4149 justorum.
1590 4078 1865 4149 Operatur
1909 4077 2072 4132 etiam

463 4170 797 4225 vindictam.
824 4167 880 4222 Si
909 4168 1030 4239 quis
1060 4168 1204 4222 enim
1235 4167 1290 4222 in
1323 4167 1565 4223 Ecclesia
1583 4175 1764 4222 vestra
1785 4165 2067 4237 delinquit,

467 4257 648 4312 statim
690 4273 790 4327 per
810 4256 1107 4324 iniunctam
1125 4256 1499 4326 pcenitentiam
1531 4255 1816 4311 vindicatis
1855 4255 2071 4324 culpam

479 4344 708 4401 181
749 4345 889 4413 ejus.
927 4345 995 4398 Et
1024 4352 1082 4399 ut
1113 4345 1349 4400 breviter
1395 4345 1540 4399 bona
1588 4352 1765 4399 vestra
1795 4342 2068 4413 colligam,

2166 473 2312 524 nem,
2347 459 2444 513 sed
2473 459 2541 513 ad
2584 466 2747 514 totam
2792 460 3111 527 Ecclesiam,
3164 462 3451 516 intendens
3492 478 3560 516 ne
3603 463 3766 516 unius

2167 545 2462 616 pollutione
2522 548 2675 602 multi
2740 548 3109 604 inﬁcerentur.
3160 551 3227 605 Et
3273 550 3401 620 quia
3460 550 3765 606 sollicitudo

2169 644 2356 690 nostra
2386 651 2486 706 pro
2515 637 2671 692 vobis
2701 638 2881 692 habita
2927 654 3070 694 nunc
3119 637 3458 694 manifestata
3487 647 3606 707 est,
3639 640 3767 710 quia

2170 724 2456 795 completa,
2489 726 2610 781 ideo
2632 743 2825 782 sumus
2849 728 3144 783 consolati.
3164 727 3228 781 In
3249 729 3634 783 consolatione
3664 745 3768 782 au-

2171 817 2284 867 tem
2317 816 2515 868 nostra
2542 813 2716 884 gavisi
2742 830 2950 879 sumus,
2983 823 3036 869 et
3065 815 3134 870 de
3178 815 3514 870 correctione
3560 824 3763 881 vestra,

2170 909 2223 954 et
2252 901 2319 955 de
2349 902 2547 973 gaudio
2578 902 2681 956 Titi
2701 894 3104 969 abundantius,
3126 919 3286 974 quam
3303 903 3594 960 doluissem
3617 904 3766 974 prius

2170 988 2238 1042 de
2264 990 2505 1059 peccatis
2535 991 2750 1056 vestris,
2784 991 2869 1046 vel
2921 992 2990 1046 de
3036 991 3468 1046 tribulationibus
3497 992 3660 1047 meis.
3702 994 3771 1047 Et

2170 1094 2292 1132 cum
2323 1078 2390 1132 de
2421 1078 2758 1134 correctione
2789 1087 2974 1134 vestra
3019 1088 3072 1134 et
3121 1081 3322 1152 gaudio
3346 1080 3447 1135 Titi
3477 1081 3768 1135 abundan-

2170 1165 2276 1220 tius
2325 1166 2754 1232 consolaremur,
2808 1175 2990 1222 tamen
3031 1169 3208 1240 magis
3256 1168 3614 1223 abundantius
3663 1186 3767 1241 ga-

2175 1253 2274 1309 visi
2307 1270 2495 1308 sumus
2527 1272 2700 1327 super
2727 1257 2930 1326 gaudio
2971 1257 3098 1323 Titi,
3131 1273 3286 1328 quam
3319 1257 3388 1312 de
3434 1258 3768 1312 correctione

2171 1351 2369 1396 vestra.
2405 1342 2604 1396 Similis
2631 1343 2850 1413 positio.
2887 1344 3145 1416 Virgilius
3191 1345 3402 1400 doctior
3433 1353 3513 1399 est
3546 1346 3766 1400 Horatio

2172 1439 2223 1484 et
2255 1431 2470 1486 Lucano
2505 1446 2517 1484 :
2549 1431 2728 1503 magis
2759 1440 2938 1486 tamen
2966 1433 3176 1488 doctior
3197 1434 3429 1499 Lucano,
3449 1449 3634 1503 .quam
3668 1435 3771 1489 Ho-

2171 1519 2328 1573 ratio.
2372 1520 2501 1574 Ideo
2533 1520 2822 1590 Apostolus
2863 1521 3040 1591 magis
3072 1521 3140 1575 de
3187 1521 3389 1592 gaudio
3431 1522 3552 1587 Titi,
3604 1537 3767 1594 quam

2172 1607 2241 1662 de
2291 1607 2623 1663 correctione
2666 1608 3062 1663 Corinthiorum
3113 1609 3334 1682 gavisus
3381 1617 3509 1664 est:
3568 1609 3690 1681 quia
3719 1611 3768 1665 si

2173 1711 2282 1750 non
2311 1704 2455 1750 esset
2485 1696 2744 1768 gaudium
2776 1697 2895 1762 Titi,
2928 1713 3029 1753 nec
3059 1713 3153 1752 eos
3184 1706 3459 1753 correctos
3489 1715 3611 1753 esse
3641 1715 3768 1753 cre-

2173 1784 2344 1839 deret.
2379 1785 2507 1839 Ideo
2539 1785 2694 1839 etiam
2732 1785 2857 1857 quia
2885 1785 2990 1839 nisi
3037 1787 3184 1840 Titus
3212 1787 3280 1841 de
3319 1787 3423 1841 hoc
3469 1787 3767 1857 gauderet,

2172 1873 2508 1926 exanimatus
2541 1889 2605 1928 ex
2639 1881 2749 1928 toto
2781 1873 3037 1929 deficeret
3070 1893 3082 1928 :
3117 1875 3260 1945 quod
3305 1891 3405 1930 nec
3434 1876 3489 1929 in
3520 1876 3768 1931 Ecclesia

2172 1961 2589 2028 Corinthiorum,
2628 1977 2730 2018 nec
2762 1962 2892 2016 alibi
2921 1963 3164 2018 laborare
3212 1963 3393 2018 vellet.
3446 1964 3603 2020 Unde
3649 1965 3768 2034 ipse

2171 2050 2257 2104 vel
2287 2065 2481 2104 causas
2529 2050 2723 2121 ponit:
2776 2051 2898 2106 ideo
2945 2052 3124 2124 magis
3170 2051 3391 2124 gavisus
3435 2069 3554 2106 sum
3604 2069 3769 2124 super

2172 2137 2370 2208 gaudio
2388 2138 2490 2192 Titi
2527 2153 2538 2191 :
2571 2140 2703 2210 quia
2724 2141 2965 2211 spiritus
2988 2141 3108 2210 ejus
3125 2144 3372 2212 refectus
3393 2145 3476 2197 est
3497 2142 3562 2196 ab
3579 2143 3766 2196 omni-

2172 2227 2269 2281 bus
2302 2227 2469 2291 vobis,
2503 2226 2662 2280 etiam
2691 2227 2758 2280 ab
2790 2227 3128 2293 incorrectis,
3165 2229 3233 2283 de
3266 2229 3458 2299 quibus
3489 2245 3640 2300 spem
3671 2230 3764 2285 bo-

2170 2330 2296 2368 nam
2325 2314 2488 2370 habet
2509 2315 2824 2386 corrigendi
2854 2332 2954 2386 per
2982 2332 3096 2384 eos,
3130 2317 3220 2388 qui
3259 2317 3369 2385 jam
3417 2317 3555 2372 bene
3587 2333 3768 2374 corre-

2171 2402 2242 2458 cti
2273 2410 2392 2457 sunt
2427 2418 2438 2456 :
2474 2403 2563 2474 qui
2614 2403 2835 2473 spiritus
2881 2405 3097 2474 penitus
3145 2403 3403 2460 deficeret
3447 2406 3516 2460 ab
3563 2406 3769 2461 instru-

2172 2491 2370 2558 ctione,
2406 2491 2453 2545 si
2483 2491 2792 2547 Corinthios
2822 2493 3224 2564 incorrigibiles
3241 2493 3527 2549 inveniret.
3547 2496 3616 2548 Et
3646 2495 3769 2551 ideo

2173 2580 2332 2634 etiam
2362 2581 2541 2652 magis
2569 2581 2638 2635 de
2671 2581 2869 2652 gaudio
2897 2582 3000 2636 Titi
3034 2600 3046 2635 :
3080 2585 3211 2654 quia
3239 2584 3388 2638 sicut
3421 2583 3571 2655 apud
3599 2585 3767 2639 illum

2171 2668 2347 2722 Titum
2368 2670 2649 2738 gloriatus
2671 2686 2797 2725 sum
2820 2670 2885 2726 de
2904 2671 3070 2735 vobis,
3095 2688 3129 2724 ο
3151 2671 3410 2726 Corinthii
3444 2687 3456 2725 :
3480 2687 3602 2726 cum
3623 2672 3767 2728 enim

2171 2756 2547 2812 reformidaret
2588 2757 2772 2812 venire
2816 2759 2886 2813 ad
2927 2775 3050 2826 vos,
3100 2775 3359 2814 accusans
3401 2759 3767 2814 inhumanita-

2172 2852 2279 2900 tem
2311 2853 2571 2910 vestram,
2605 2846 2855 2901 dicebam
2882 2863 2980 2902 vos
3025 2848 3296 2920 benignos
3342 2863 3483 2918 esse,
3536 2865 3768 2921 eumque

2172 2933 2470 2990 honoriﬁce
2518 2943 2854 3004 recepturos.
2904 2936 2961 2991 Si
3009 2936 3158 3006 quid,
3208 2937 3450 3008 inquam,
3502 2938 3767 3008 gloriatus

2173 3039 2293 3076 sum
2325 3023 2394 3077 de
2426 3023 2599 3088 vobis,
2634 3039 2749 3077 non
2767 3040 2894 3078 sum
2915 3031 3184 3094 con/usus
3215 3025 3270 3078 in
3291 3026 3394 3080 hoc
3429 3040 3441 3078 :
3475 3026 3602 3098 quia
3631 3027 3768 3082 sicut

2177 3112 2226 3166 ei
2256 3111 2499 3182 praedixi,
2534 3111 2671 3166 tales
2703 3127 2798 3166 vos
2827 3112 3095 3167 invenerit
3127 3133 3140 3179 ;
3177 3121 3229 3168 et
3262 3114 3386 3169 ideo
3429 3131 3515 3168 me
3562 3115 3764 3170 dixisse

2172 3216 2282 3254 non
2315 3199 2509 3254 erubui
2543 3215 2553 3252 :
2587 3200 2682 3255 sed
2696 3201 2960 3271 gloriatio
2982 3206 3176 3256 nostra
3200 3219 3321 3274 quae
3339 3205 3459 3274 fuit
3481 3203 3673 3260 habita
3693 3205 3767 3259 ad

2177 3290 2364 3343 Titum
2395 3288 2462 3342 de
2492 3289 2659 3353 vobis,
2693 3288 2768 3342 ita
2782 3291 2938 3360 facta
2956 3294 3042 3344 est
3065 3293 3294 3358 veritas,
3316 3291 3453 3346 sicut
3474 3292 3600 3346 dum
3621 3293 3766 3363 apud

2172 3392 2270 3432 vos
2301 3392 2566 3445 essemus,
2602 3376 2783 3432 omnia
2810 3377 2978 3432 locuti
3024 3394 3210 3432 sumus
3248 3379 3404 3434 vobis
3435 3379 3490 3433 in
3517 3381 3762 3449 veritate,

2172 3464 2224 3518 id
2253 3473 2335 3519 est
2353 3465 2488 3520 sicut
2508 3481 2736 3520 manens
2758 3467 2899 3535 apud
2924 3481 3018 3521 vos
3053 3482 3183 3521 vera
3203 3467 3313 3520 dixi
3340 3468 3494 3522 vobis
3514 3469 3582 3523 de
3602 3469 3724 3523 aliis
3750 3488 3764 3524 :

2173 3554 2251 3608 sic
2281 3554 2444 3608 modo
2474 3570 2598 3607 vera
2621 3553 2730 3607 dixi
2761 3554 2878 3608 Tito
2897 3554 2964 3608 de
2995 3554 3174 3608 vobis.
3203 3555 3273 3608 Et
3301 3555 3422 3609 ideo
3453 3556 3630 3612 adhuc
3659 3575 3773 3612 ma-

2171 3642 2256 3712 gis
2285 3642 2351 3696 de
2381 3641 2580 3710 gaudio
2609 3641 2711 3695 Titi
2746 3660 2758 3695 :
2793 3641 2919 3713 quia
2961 3644 3173 3698 viscera
3220 3644 3339 3712 ejus
3377 3645 3767 3702 abundantius-

2170 3729 2334 3784 modo
2363 3733 2499 3784 sunt
2531 3731 2594 3784 in
2625 3729 2770 3785 vobis
2811 3729 3091 3796 correctis,
3129 3747 3288 3801 quam
3317 3731 3465 3802 prius
3496 3732 3550 3786 in
3580 3734 3767 3790 incor-

2171 3817 2353 3872 rectis.
2385 3817 2516 3886 Ejus
2547 3817 2648 3871 Titi
2667 3817 2790 3872 dico
2807 3819 3225 3874 reminiscentis
3247 3820 3619 3877 obedientiam
3641 3839 3764 3877 om-

2170 3907 2334 3961 nium
2360 3910 2627 3970 vestrum,
2661 3905 2716 3960 id
2745 3913 2828 3961 est
2859 3922 3023 3977 quam
3053 3907 3247 3964 devote
3279 3908 3381 3962 sibi
3411 3909 3691 3975 odedistis,
3713 3919 3766 3965 et

2171 3995 2328 4048 nobis
2361 4013 2372 4047 :
2395 3994 2789 4050 reminiscentis
2808 3995 2991 4060 etiam,
3016 3997 3282 4066 quomodo
3302 3999 3607 4068 excepistis
3633 4015 3762 4054 eum

2172 4099 2301 4138 cum
2320 4085 2521 4138 timore
2533 4083 2696 4137 animi
2709 4086 2764 4139 et
2780 4088 3022 4139 tremore
3047 4085 3307 4155 corporis,
3326 4085 3529 4141 scilicet
3550 4087 3604 4141 in
3617 4088 3762 4142 omni

2173 4171 2496 4227 reverentia.
2527 4173 2594 4226 Et
2623 4173 2813 4227 videns
2835 4172 3106 4244 quomodo
3135 4173 3300 4245 digne
3329 4175 3589 4245 excepisti
3617 4193 3759 4244 eum,

2173 4260 2386 4329 gaudeo
2417 4261 2559 4331 quod
2590 4261 2806 4328 confido
2837 4261 2899 4315 in
2922 4259 3087 4326 vobis,
3105 4277 3212 4316 non
3243 4270 3446 4316 tantum
3475 4263 3531 4316 in
3563 4263 3662 4319 hac
3677 4281 3758 4330 re,

2175 4348 2272 4402 sed
2329 4348 2491 4403 etiam
2559 4349 2621 4403 in
2687 4349 2946 4404 omnibus
3030 4366 3366 4422 quarcunque
3431 4352 3762 4408 mandavero

472 4435 536 4488 in
553 4433 809 4488 omnibus
822 4431 1163 4488 exhibuistis
1177 4449 1268 4488 vos
1280 4449 1395 4489 esse
1409 4433 1896 4489 incontamina-tos
1908 4447 2072 4502 nego—
2097 4431 2149 4490 D
2176 4435 2558 4508 exsequendis.

469 4523 568 4587 tio,
602 4520 655 4574 id
685 4529 766 4574 est
797 4521 1046 4591 religioni
1077 4521 1484 4577 ecclesiasticas.
1506 4521 1603 4576 Vel
1621 4519 2072 4576 incontaminatos

466 4625 590 4665 esse
608 4625 638 4663 a
657 4609 880 4682 negotio
897 4609 1163 4679 saeculari,
1179 4609 1235 4664 id
1252 4618 1334 4664 est
1352 4625 1381 4662 a
1402 4617 1647 4680 peccato.
1663 4609 1731 4662 Et
1749 4608 1876 4679 quia
1891 4608 1945 4662 in
1965 4623 2072 4662 om-

467 4699 628 4754 nibus
641 4713 737 4752 vos
751 4697 1199 4753 incontaminatos
1212 4698 1545 4763 exhibuistis,
1579 4697 1744 4768 igitur
1755 4712 1899 4752 nunc
1912 4711 2074 4767 appa-

470 4795 554 4842 ret
566 4786 792 4841 intentio
815 4801 934 4840 mea
947 4801 1108 4858 quam
1129 4786 1290 4840 habui
1303 4786 1356 4839 in
1370 4786 1536 4856 priori
1551 4785 1797 4855 epistola,
1814 4785 1942 4856 quia
1962 4785 2074 4839 etsi

471 4876 854 4947 scripsivobis,
873 4882 1182 4929 nontamen
1211 4879 1437 4946 propter
1467 4890 1594 4930 eum
1621 4872 1795 4927 solum
1821 4875 1916 4945 qui
1936 4874 2074 4944 fecit

473 4964 772 5033 injuriam,
792 4963 1042 5018 ducendo
1057 4978 1282 5018 uxorem
1299 4962 1490 5033 patris,
1512 4979 1614 5018 nec
1632 4963 1826 5018 iterum
1845 4964 2076 5034 propter

476 5067 604 5106 eum
618 5051 794 5104 solum
809 5050 1003 5121 scripsi
1029 5052 1124 5122 qui
1150 5067 1347 5122 passus
1378 5055 1462 5106 est
1485 5050 1752 5119 injuriam,
1783 5058 1982 5105 tractus
2007 5050 2074 5104 ad

472 5138 766 5194 saeculares
772 5139 986 5207 judiees
1003 5157 1014 5192 :
1030 5139 1124 5194 sed
1137 5139 1330 5210 scripsi
1352 5139 1423 5193 ad
1457 5140 1937 5208 manifestandam
1959 5140 2074 5192 sol-

476 5228 834 5284 licitudinem
849 5233 1124 5290 nostram,
1156 5243 1324 5299 quam
1359 5226 1777 5282 sollicitudinem
1811 5227 2075 5281 habemus

470 5333 574 5388 pro
602 5317 750 5372 vobis
791 5335 808 5370 :
850 5322 902 5370 et
936 5316 1040 5370 hoc
1067 5331 1256 5370 coram
1291 5316 1416 5380 Deo,
1456 5315 1510 5369 id
1545 5322 1628 5368 est
1650 5315 1702 5367 in
1736 5313 2076 5384 beneplacito

475 5403 576 5460 Dei
593 5421 604 5458 :
621 5405 724 5460 hoc
736 5403 878 5459 enim
893 5403 1032 5457 bene
1044 5403 1223 5473 placet
1235 5404 1348 5457 Deo
1363 5411 1417 5456 ut
1432 5402 1499 5457 de
1513 5403 1686 5457 salute
1699 5409 1873 5457 vestra
1886 5402 2080 5457 sollici~

474 5500 562 5547 tus
577 5491 812 5547 sim.Vel
833 5493 937 5546 hoc
974 5490 1098 5546 dico
1127 5507 1316 5546 coram
1336 5492 1462 5560 Deo,
1486 5491 1539 5545 id
1565 5499 1645 5545 est
1669 5499 1804 5546 teste
1828 5491 1961 5558 Deo,
1988 5490 2076 5562 qui

395 5634 401 5640 .
477 5580 866 5638 conscientiam
885 5596 1060 5637 meam
1083 5579 1249 5637 novit.
1278 5580 1412 5636 Cum
1435 5579 1577 5636 enim
1598 5580 1792 5636 Paulus
1823 5580 1891 5637 de
1911 5579 2078 5636 forni-

2831 4560 3053 4616 CAPUT
3085 4561 3221 4615 VIII.

2249 4714 2270 4737 «
2303 4692 2496 4746 Notam
2544 4700 2723 4746 autem
2772 4690 2997 4746 facimus
3044 4693 3217 4762 vobis,
3265 4694 3481 4762 fratres,
3532 4699 3762 4769 gratiam

2180 4805 2199 4827 α
2235 4780 2353 4848 Dei,
2389 4795 2509 4850 quae
2538 4779 2662 4833 data
2692 4788 2774 4834 est
2793 4780 2846 4833 in
2867 4780 3131 4836 Ecclesiis
3153 4783 3482 4839 Macedonia:
3513 4787 3695 4856 :quod
3713 4786 3768 4841 in

2179 4892 2200 4915 «ι
2235 4868 2403 4922 multo
2434 4868 2807 4938 experimento
2837 4869 3195 4924 tribulationis
3224 4871 3553 4928 abundantia
3583 4875 3769 4944 gaudii

2180 4980 2200 5002 «
2237 4957 2479 5027 ipsorum
2514 4955 2609 5010 fuit
2643 4975 2656 5010 :
2691 4965 2742 5010 et
2771 4957 3032 5012 altissima
3060 4969 3350 5030 paupertas
3379 4977 3564 5017 eorum
3593 4963 3765 5017 abun-

2181 5068 2200 5090 ‹‹
2237 5044 2384 5098 davit
2411 5044 2466 5097 in
2498 5043 2712 5099 divitias
2751 5045 3113 5116 simplicitatis
3156 5064 3366 5103 eorum.
3401 5049 3534 5118 Quia
3565 5067 3768 5107 secun-

2181 5133 2366 5187 «dum
2409 5132 2661 5187 virtutem
2709 5134 3073 5189 testimonium
3122 5135 3228 5190 illis
3274 5137 3461 5206 reddo,
3513 5147 3566 5194 et
3608 5157 3768 5211 supra

2182 5244 2202 5267 «
2236 5221 2486 5276 virtutem
2513 5221 2797 5277 voluntarii
2825 5221 3037 5278 fuerunt
3066 5241 3078 5278 :
3127 5240 3252 5279 cum
3298 5227 3465 5281 multa
3513 5227 3768 5283 exhorta-

2165 5331 2204 5357 .α
2242 5310 2386 5365 tione
2417 5309 2768 5366 obsecrantes
2795 5327 2893 5365 nos
2941 5311 3188 5383 gratiam,
3220 5321 3273 5367 et
3319 5316 3768 5372 communicatio-

2184 5422 2204 5445 «
2239 5415 2362 5454 nem
2393 5398 2692 5465 ministerii,
2715 5400 2858 5471 quod
2884 5399 2938 5454 fit
2958 5401 3010 5454 in
3040 5401 3272 5457 182
3296 5411 3533 5459 sanctos.
3566 5405 3632 5458 Et
3661 5420 3771 5460 non

2185 5510 2205 5533 α
2242 5487 2381 5542 sicut
2411 5487 2766 5557 speravimus,
2803 5489 2900 5542 sed
2949 5491 3272 5561 semetipsos
3319 5491 3604 5559 dederunt,
3652 5494 3770 5563 pri-

2185 5599 2205 5624 ‹ι
2242 5591 2386 5631 mum
2417 5576 2649 5631 Domino
2681 5591 2694 5630 ε
2727 5576 2923 5632 deinde
2953 5578 3111 5634 nobis
3139 5595 3239 5652 per
3268 5580 3598 5637 voluntatem
3644 5582 3766 5653 Dei,
