3960 6050
228 287 338 339 253

851 277 1230 336 EXPOSITIO
1269 280 1343 335 IN
1380 279 1760 337 EPISTOLAS
1798 276 2020 335 PAULI.
2061 309 2131 320 —
2169 280 2244 335 IN
2279 280 2497 335 EPIST.
2540 282 2588 337 II
2625 282 2720 337 AD
2760 280 2921 339 COR.

3428 287 3534 343 25L

246 432 267 454 α
307 408 380 462 ita
404 415 463 462 ut
492 420 820 479 rogaremus
849 404 1047 469 Titum,
1082 411 1138 458 ut
1169 404 1629 476 quemadmodum
1660 403 1841 474 cmpit,
1863 404 1912 463 A
1948 402 2197 471 quaedam
2228 403 2348 458 alia:
2378 404 2588 475 gratiae.
2638 406 2719 459 De
2747 406 2849 461 hac
2880 407 3054 479 gratia
3084 407 3223 463 facio
3252 408 3408 463 vobis
3434 424 3538 464 no-

246 517 269 546 «
308 496 381 550 ita
416 503 469 550 et
497 493 744 565 perﬁciat
776 494 829 548 in
870 493 1044 557 vobis,
1079 493 1238 547 etiam
1268 494 1497 563 gratiam
1527 493 1703 547 istam.
1739 492 1846 547 Sed

250 606 273 635 ι
312 585 455 639 sicut
503 583 559 637 in
608 582 861 637 omnibus
890 581 1176 636 abundatis
1215 580 1339 645 fide,
1393 589 1446 636 et
1490 596 1761 645 sermone,
1794 588 1847 635 et

254 696 277 720 «ι
317 672 563 735 scientia,
599 680 651 726 et
682 670 829 725 omni
877 670 1260 735 sollicitudine,
1301 670 1519 741 insuper
1564 678 1614 725 et
1662 669 1844 725 chari-

247 785 271 807 α
308 769 416 816 tate
447 768 625 816 vestra
656 760 712 814 in
736 775 864 824 nos,
913 768 970 812 ut
1000 766 1051 813 et
1082 759 1135 813 in
1185 760 1284 813 hac
1313 760 1493 831 gratia
1524 757 1835 814 abundetis.

245 874 267 896 ο
305 852 433 904 Non
465 849 619 920 quasi
648 849 925 919 imperans
955 848 1095 916 dico,
1120 848 1217 903 sed
1246 864 1344 917 per
1374 848 1605 903 aliorum
1636 846 1844 902 sollici-

242 958 266 987 ι
312 937 558 992 tudinem
598 937 757 992 etiam
788 944 986 991 vestrae
1016 936 1293 991 charitatis
1332 936 1608 1007 ingenium
1641 936 1843 990 bonum

243 1047 267 1075 ι
308 1026 699 1095 comprobans.
734 1024 893 1080 Scitis
942 1025 1100 1078 etiam
1148 1024 1383 1097 gratiam
1424 1024 1639 1079 Domini
1669 1024 1842 1078 nostri

241 1139 263 1161 α
303 1116 439 1170 Jesu
468 1114 667 1169 Christi
702 1130 714 1168 :
748 1113 1003 1185 quoniam
1049 1121 1274 1183 propter
1304 1129 1403 1167 vos
1433 1129 1641 1185 egenus
1671 1111 1841 1165 factus

238 1224 261 1251 ι
302 1211 411 1269 est,
449 1218 570 1258 cum
602 1210 745 1257 esset
776 1202 929 1256 dives
964 1220 976 1255 :
1010 1210 1065 1255 ut
1094 1202 1239 1255 illius
1276 1202 1459 1272 inopia
1507 1216 1604 1256 vos
1646 1200 1841 1254 divites

238 1315 261 1337 α
301 1290 523 1346 essetis.
559 1292 627 1346 Et
655 1290 944 1346 consilium
988 1290 1041 1344 in
1090 1291 1192 1345 hoc
1222 1290 1313 1344 do.
1366 1291 1480 1344 Hoc
1512 1290 1656 1344 enim
1686 1288 1840 1343 vobis

239 1403 261 1425 α
298 1379 438 1434 utile
469 1387 551 1433 est
582 1397 593 1432 :
625 1379 715 1450 qui
743 1395 850 1433 non
899 1378 1073 1432 solum
1104 1377 1300 1442 facere,
1352 1378 1448 1432 sed
1478 1385 1530 1432 et
1560 1377 1698 1431 velle
1730 1392 1840 1432 cm-

235 1490 257 1518 ‹
295 1468 461 1539 pistis
492 1468 562 1521 ab
593 1483 735 1521 anno
766 1468 965 1537 priore.
997 1468 1154 1521 Nunc
1183 1482 1314 1521 vero
1336 1474 1387 1521 et
1407 1465 1551 1521 facto
1572 1464 1835 1535 perﬁcite,

234 1581 255 1603 ει
295 1565 359 1610 ut
389 1557 846 1627 quemadmodum
873 1563 1158 1625 promptus
1181 1562 1261 1609 est
1278 1554 1487 1609 animus
1509 1554 1825 1618 voluntatis;

235 1666 257 1692 ι
296 1645 377 1698 ita
410 1646 477 1697 sit
524 1652 575 1699 et
614 1642 932 1715 perﬁciendi
964 1661 1029 1697 ex
1061 1659 1126 1697 eo
1159 1643 1304 1714 quod
1344 1643 1571 1697 habetis.
1608 1642 1665 1697 Si
1696 1642 1837 1696 enim

234 1754 256 1782 ι
294 1733 553 1787 voluntas
580 1741 833 1803 prompta
852 1740 952 1795 est,
975 1732 1276 1787 secundum
1306 1731 1359 1785 id
1382 1732 1526 1802 quod
1546 1731 1711 1786 habet
1740 1746 1834 1785 ac-
1858 1764 1909 1823 B

233 1844 255 1867 ιι
294 1829 462 1892 cepta
490 1830 590 1885 est,
622 1837 731 1875 non
766 1821 1067 1876 secundum
1100 1821 1153 1875 id
1188 1820 1331 1892 quod
1362 1836 1469 1875 non
1498 1820 1680 1875 habet.
1714 1820 1835 1874 Non

232 1933 253 1958 ι
295 1910 447 1965 enim
488 1919 543 1964 ut
591 1910 713 1965 aliis
743 1910 810 1963 sit
841 1910 1109 1975 remissio,
1146 1909 1299 1964 vobis
1330 1919 1507 1964 autem
1537 1908 1833 1974 tribulatio,

234 2024 254 2045 α
294 1999 398 2053 sed
447 2015 512 2053 ex
569 1999 870 2070 aequalitate
926 1999 979 2052 in
1021 1998 1277 2069 praesenti
1335 2006 1601 2069 tempore,
1655 2006 1836 2053 vestra

233 2110 255 2137 ι
284 2087 620 2142 abundantia
644 2088 858 2142 illorum
880 2088 1122 2157 inopiam
1143 2087 1393 2157 suppleat
1428 2096 1517 2141 :ut
1545 2096 1597 2141 et
1617 2087 1835 2141 illorum

234 2200 254 2223 α
293 2177 630 2231 abundantia
660 2176 1071 2247 vestrminopize
1094 2177 1161 2230 sit
1185 2176 1640 2247 supplementum,
1667 2184 1723 2229 ut
1746 2173 1837 2229 fiat

236 2287 256 2313 ι
294 2266 581 2337 aequalitas
631 2266 770 2321 sicut
811 2265 1073 2335 scriptum
1120 2273 1203 2319 est
1239 2264 1379 2333 :Qui
1426 2264 1673 2329 multum,
1725 2279 1833 2318 non

232 2377 253 2398 α
290 2354 614 2420 abundavit,
649 2362 699 2409 et
739 2354 829 2425 qui
859 2354 1166 2421 modicum,
1193 2368 1301 2408 non
1322 2352 1830 2423 minoravit(E.r0d.

235 2466 257 2487 «
297 2457 398 2507 xv,
437 2443 545 2513 18).
581 2442 798 2497 Gratias
827 2451 1003 2497 autem
1026 2457 1131 2515 ago
1154 2443 1288 2507 Deo,
1310 2442 1400 2513 qui
1416 2441 1563 2497 dedit
1588 2442 1833 2496 eamdem

233 2548 255 2575 ι
293 2526 718 2581 sollicitudinem
767 2544 863 2598 pro
915 2528 1066 2582 vobis
1098 2528 1152 2581 in
1182 2528 1347 2582 corde
1392 2528 1494 2581 Titi
1529 2542 1541 2580 :
1576 2527 1834 2599 quoniam

234 2639 255 2661 α
292 2615 731 2670 exhortationem
778 2616 993 2687 quidem
1034 2616 1312 2686 suscepit;
1347 2617 1443 2670 sed
1473 2632 1598 2671 cum
1627 2616 1833 2671 sollici-

235 2727 255 2751 α
293 2704 403 2758 tior
431 2712 596 2769 esset,
632 2720 731 2757 sua
760 2704 1036 2760 voluntate
1066 2704 1342 2775 profectus
1372 2713 1455 2759 est
1483 2705 1550 2759 ad
1582 2721 1701 2759 vos.
1736 2705 1836 2759 Mi-

234 2816 254 2839 α
292 2792 470 2846 simus
503 2793 666 2847 etiam
696 2809 820 2847 cum
845 2792 937 2847 illo
966 2793 1192 2847 fratrem
1225 2802 1500 2859 nostrum,
1530 2794 1685 2862 cujus
1716 2793 1833 2847 laus

232 2902 254 2931 ι
290 2890 381 2937 est
409 2882 463 2935 in
496 2883 797 2953 Evangelio
830 2899 929 2952 per
958 2898 1149 2937 omnes
1178 2884 1472 2938 Ecclesias.
1502 2884 1625 2937 Non
1656 2883 1833 2938 solum

232 2994 254 3017 ιι
283 2978 497 3033 autem,
530 2971 627 3025 sed
649 2978 701 3025 et
729 2971 1006 3025 ordinatus
1028 2980 1109 3026 est
1132 2972 1199 3026 ab
1239 2972 1500 3027 Ecclesiis
1524 2987 1708 3027 comes
1737 2988 1833 3042 pe-

232 3083 255 3104 u
297 3059 691 3129 regrinationis
723 3068 923 3114 nostrae
962 3061 1015 3113 in
1055 3061 1195 3115 hanc
1226 3061 1475 3131 gratiam,
1519 3078 1641 3132 qua:
1665 3060 1830 3115 mini-

1949 498 2082 558 tum,
2106 494 2247 562 quod
2268 493 2329 547 in
2352 495 2533 548 multo
2549 496 2940 564 experimento
2956 494 3345 552 tribulationis
3369 516 3386 552 :
3407 497 3542 552 mul-

1948 587 2030 632 tas
2060 579 2203 633 enim
2226 588 2279 634 et
2301 596 2457 635 acres
2478 581 2853 638 tribulationes
2875 592 3113 655 expertae
3134 592 3258 639 sunt
3278 585 3540 641 Ecclesiae

1946 668 2324 723 Macedonum.
2358 670 2415 722 ln
2464 670 2650 735 multo,
2682 671 2922 743 inquam,
2959 673 3332 743 experimento
3363 675 3538 729 tribu-

1945 754 2159 809 lationis
2222 756 2316 811 fuit
2375 756 2729 815 abundantia
2782 761 2976 831 gaudii
3036 763 3308 832 ipsorum,
3354 763 3409 816 id
3458 771 3541 817 est

1945 842 2159 898 abunde
2193 844 2399 915 gravisi
2430 854 2554 899 sunt
2590 861 2602 899 :
2634 847 2761 918 quia
2791 863 2887 917 pro
2918 849 3130 903 Christo
3158 850 3538 905 contumeliam

1942 932 2052 1000 pati
2082 932 2232 1002 digni
2264 933 2430 986 habiti
2461 942 2603 1002 sunt,
2638 944 2687 989 et
2716 944 3009 1005 paupertas
3039 938 3303 1007 ipsorum.
3336 938 3539 994 Infide-

1942 1018 2023 1073 les
2057 1020 2201 1073 enim
2250 1022 2627 1091 pauperabant
2658 1022 2865 1078 ﬁdeles.
2912 1027 3247 1097 Paupertas,
3294 1027 3536 1098 inquam,

1943 1110 2195 1179 ipsorum
2225 1110 2533 1173 altissima,
2567 1110 2621 1164 id
2652 1120 2734 1165 est
2762 1113 3011 1166 maxima.
3048 1113 3144 1167 Vel
3165 1114 3448 1183 altissima,
3482 1116 3539 1172 id

1944 1204 2027 1250 est
2058 1196 2402 1268 dignissima.
2440 1198 2751 1268 Paupertas,
2775 1198 3013 1271 inquam,
3036 1201 3383 1257 abundavit:
3414 1205 3536 1275 quia

1942 1292 2143 1354 quanta
2170 1286 2292 1355 plus
2324 1286 2609 1351 dederunt,
2635 1294 2783 1342 tanto
2803 1289 3161 1359 pauperiores
3195 1290 3371 1346 effecti
3392 1301 3536 1347 sunt.

1942 1372 2247 1427 Abundavit
2279 1374 2401 1429 dico
2452 1376 2514 1429 in
2566 1376 2794 1431 divitias
2824 1392 3015 1431 eorum
3048 1393 3059 1430 :
3094 1378 3219 1448 quia
3247 1378 3373 1434 licet
3403 1396 3539 1450 pau-

1940 1476 2099 1531 peres
2125 1470 2309 1516 essent
2334 1462 2389 1515 in
2410 1463 2680 1532 habendo,
2706 1464 2901 1519 divites
2918 1472 3102 1519 tamen
3122 1476 3271 1521 erant
3293 1468 3347 1521 in
3367 1468 3539 1523 admi-
3592 1522 3597 1527 .

1941 1550 2223 1603 nistrando
2256 1551 2679 1621 elcemosynam.
2712 1553 2772 1605 In
2789 1553 3003 1607 divitias
3023 1554 3167 1619 dico,
3193 1557 3531 1627 simplicita-

1944 1638 2018 1691 tis
2050 1654 2264 1693 eorum.
2298 1639 2357 1692 In
2401 1639 2738 1709 simplicitate
2770 1642 2914 1695 enim
2944 1642 3169 1709 dabant,
3205 1659 3313 1698 non
3341 1652 3538 1714 putan-

1940 1733 2022 1780 tes
2054 1742 2113 1779 se
2142 1735 2429 1797 pr0pterea
2476 1728 2701 1783 liberius
2731 1745 2896 1799 posse
2927 1746 3179 1800 peccare.
3232 1733 3541 1788 Abundavit

1938 1814 2123 1884 utique
2172 1815 2227 1867 in
2268 1815 2485 1869 divitias
2521 1832 2534 1870 :
2571 1816 2694 1887 quia
2744 1816 2960 1872 fuerunt
3006 1819 3295 1874 voluntarii
3338 1838 3538 1877 secun-

1938 1904 2068 1957 dum
2100 1903 2352 1958 virtutem
2377 1912 2429 1958 et
2451 1921 2609 1975 supra
2632 1905 2907 1960 virtutem.
2924 1907 3244 1963 Secundum
3266 1911 3537 1965 virtutem

1937 1992 2067 2045 dare
2099 1998 2179 2046 est
2201 1991 2419 2047 183
2448 2009 2570 2064 quae
2620 1993 2723 2047 sibi
2755 1995 3075 2050 necessaria
3128 2005 3269 2063 sunt,
3302 1997 3539 2067 primum

1938 2080 2195 2144 retinere,
2248 2080 2445 2135 deinde
2496 2082 2640 2151 quod
2716 2084 3113 2152 superabundat
3173 2084 3226 2137 in
3265 2100 3539 2156 pauperes

1938 2183 2191 2239 erogare.
2227 2170 2410 2239 Supra
2442 2170 2714 2225 virtutem
2738 2171 2892 2237 dare,
2918 2180 3000 2226 est
3027 2172 3159 2225 nihil
3190 2172 3290 2227 sibi
3320 2174 3533 2244 penitus

1937 2272 2242 2311 reservare.
2288 2258 2353 2310 Et
2375 2258 2519 2328 quod
2546 2259 2846 2313 secundum
2867 2261 3120 2315 virtutem
3152 2269 3205 2315 et
3223 2278 3396 2334 supra
3423 2265 3534 2319 vir-

1938 2349 2121 2399 tutem
2150 2346 2463 2400 voluntarii
2493 2350 2755 2417 fuerunt,
2775 2348 2902 2403 inde
2933 2348 3103 2404 reddo
3134 2351 3253 2405 illis
3285 2352 3531 2407 testimo-

1937 2434 2101 2488 nium
2134 2454 2150 2488 :
2182 2449 2284 2488 nec
2316 2435 2489 2490 coacti
2520 2451 2553 2490 a
2583 2436 2761 2504 nobis,
2813 2437 2909 2491 sed
2939 2436 3298 2495 obsecrantes
3325 2456 3446 2507 nos,
3478 2441 3534 2495 id

1938 2530 2016 2576 est
2044 2538 2140 2592 per
2190 2538 2526 2593 quaecunque
2582 2539 2741 2579 sacra
2801 2526 3132 2594 adjurantes,
3184 2544 3314 2583 cum
3346 2530 3535 2584 multa

1936 2611 2361 2679 exhortatione,
2393 2612 2637 2667 dicentes
2672 2631 2685 2667 :
2717 2614 2799 2668 Ne
2831 2614 3094 2669 sollicitus
3142 2616 3217 2669 sis
3255 2616 3322 2670 de
3352 2617 3529 2686 nobis,

1937 2698 2065 2768 quia
2094 2699 2351 2754 laboriosi
2383 2716 2589 2769 sumus,
2644 2710 2693 2757 et
2724 2702 2791 2756 de
2821 2702 3005 2758 labore
3046 2713 3234 2759 nostro
3273 2706 3458 2775 (etiam
3487 2707 3534 2760 si

1936 2786 2069 2841 nihil
2101 2787 2256 2843 nobis
2290 2789 2568 2843 residuum
2600 2790 2689 2859 sit)
2722 2791 2860 2846 bene
2889 2792 3339 2848 sustentabimur.
3376 2794 3535 2850 Obse-

1936 2880 2171 2931 crantes
2198 2877 2381 2947 utique
2411 2896 2513 2933 nos
2543 2879 2794 2949 accipere
2824 2882 3090 2950 gratiam,
3111 2881 3165 2935 id
3188 2890 3269 2935 est
3291 2882 3533 2938 eleemo-

1939 2979 2121 3035 synas,
2157 2966 2227 3019 ab
2271 2966 2425 3036 ipsis,
2468 2972 2534 3022 et
2583 2970 3179 3035 communicationem,
3227 2971 3282 3025 id
3330 2979 3409 3026 est
3440 2988 3532 3027 res

1935 3067 2083 3118 suas,
2153 3069 2289 3125 quas
2364 3055 2618 3109 omnibus
2692 3057 3093 3113 communicare
3149 3058 3523 3114 intendebant.

230 3169 252 3196 ι
287 3119 492 3201 stratur
520 3164 553 3201 a
582 3148 740 3203 nobis
773 3149 842 3203 ad
888 3149 1106 3203 Domini
1136 3119 1389 3220 gloriam,
1424 3158 1476 3203 et
1505 3119 1829 3204 destinatam
1857 3119 1902 3180 Ο
1931 3139 2487 3198 Communicationem
2518 3144 2642 3199 dico
2686 3146 3021 3212 ministerii,
3074 3146 3127 3201 id
3180 3156 3261 3201 est
3296 3148 3529 3203 admini-

230 3260 252 3283 «ι
294 3236 630 3291 voluntatem
662 3245 902 3292 nostram
937 3253 949 3291 :
982 3238 1290 3292 devitantes
1322 3239 1444 3303 hoc,
1479 3254 1547 3292 ne
1574 3238 1695 3309 quis
1730 3254 1829 3292 nos

230 3349 251 3369 u
291 3326 566 3395 vituperet
596 3326 651 3379 in
674 3327 772 3381 hac
800 3326 1137 3396 plenitudine
1169 3343 1287 3397 qua:
1308 3326 1641 3381 ministratur
1672 3342 1704 3380 a
1734 3342 1833 3381 no-

232 3440 253 3458 ι-
293 3414 380 3467 bis
420 3413 476 3466 in
507 3414 724 3469 Domini
766 3415 1012 3486 gloriam.
1068 3415 1421 3470 Providemus
1472 3415 1617 3470 enim
1663 3417 1826 3481 bona,

230 3526 251 3547 α
293 3518 408 3556 non
439 3502 611 3556 solum
643 3518 822 3557 coram
861 3504 996 3572 Deo,
1052 3505 1150 3558 sed
1181 3504 1344 3558 etiam
1383 3519 1567 3558 coram
1600 3503 1831 3559 homini-

230 3612 253 3640 ι
291 3591 416 3645 bus.
454 3591 697 3646 Misimus
728 3600 903 3647 autem
937 3608 1059 3647 cum
1090 3592 1195 3647 illis
1225 3600 1277 3647 et
1308 3592 1528 3647 fratrem
1562 3602 1826 3659 nostrum,

233 3701 255 3727 ι
295 3696 461 3751 quem
493 3680 839 3750 probavimus
873 3682 929 3735 in
958 3682 1139 3735 multis
1160 3698 1304 3752 saepe
1340 3682 1629 3737 sollicitum
1659 3698 1780 3737 esse
1815 3700 1828 3737 :

227 3790 250 3818 ι
289 3785 439 3823 nunc
471 3777 653 3824 autem
684 3770 853 3825 multo
883 3770 1277 3836 sollicitiorem,
1312 3769 1633 3825 confidentia
1662 3771 1830 3826 multa

227 3883 247 3904 α
290 3858 347 3912 in
380 3874 499 3925 vos,
536 3859 650 3914 sive
680 3875 776 3929 pro
808 3860 949 3925 Tito,
981 3861 1072 3931 qui
1096 3869 1177 3914 est
1199 3860 1381 3916 socius
1415 3876 1570 3915 meus
1592 3861 1715 3915 etin
1737 3877 1833 3916 vo-

224 3970 244 3991 ι
291 3946 376 4000 bis
406 3947 647 4015 adjutor;
677 3948 791 4002 sive
822 3947 1016 4002 fratres
1050 3948 1236 4017 nostri,
1272 3949 1516 4020 Apostoli
1547 3949 1830 4005 Ecclesia-

227 4056 248 4084 ε
290 4051 432 4099 rum,
477 4036 662 4105 gloriae
711 4037 929 4091 Christi.
984 4037 1367 4093 Ustensionem
1416 4054 1547 4109 ergo
1592 4055 1710 4109 quae
1750 4046 1831 4093 est

225 4145 248 4173 ι
278 4124 557 4178 charitatis
606 4133 817 4191 vestrae,
870 4134 922 4179 et
966 4134 1163 4181 nostrae
1208 4127 1397 4196 glorim
1427 4143 1527 4197 pro
1558 4127 1742 4193 vobis,
1776 4126 1829 4181 in

226 4235 248 4258 ι
294 4212 436 4277 illos,
471 4215 739 4269 ostendite
762 4214 815 4268 in
849 4214 1040 4269 faciem
1069 4215 1437 4274 Ecclesiarum
1470 4216 1587 4271 Dei.
1627 4236 1648 4265 ι

864 4422 1183 4461 EXPOSITIO.

300 4550 361 4602 In
392 4550 495 4604 hoc
525 4548 667 4603 enim
699 4565 806 4604 uno
853 4549 1125 4619 quomodo
1169 4549 1236 4605 de
1276 4549 1452 4604 futuro
1486 4549 1680 4605 facturi
1712 4550 1828 4605 sitis

222 4638 495 4708 intelligo.
529 4638 685 4691 Nunc
714 4638 781 4692 de
804 4637 1049 4693 collectis
1084 4638 1152 4692 de
1183 4639 1379 4709 quibus
1408 4638 1463 4692 in
1484 4638 1662 4709 prima
1689 4640 1826 4709 Epi-

224 4727 368 4781 stola
397 4727 786 4796 compendiose
817 4727 1045 4795 dixerat,
1079 4726 1328 4781 diffusius
1360 4728 1615 4783 admonet
1650 4746 1661 4782 :
1694 4745 1827 4783 sua-

224 4816 364 4870 dens
396 4814 475 4869 eis
500 4823 548 4869 et
582 4816 833 4885 exemplo
884 4815 1111 4876 aliarum
1138 4816 1530 4883 Ecclesiarum,
1564 4825 1617 4871 et
1646 4817 1827 4871 multis

224 4904 649 4959 inductionibus.
703 4904 907 4959 Littera
957 4905 1212 4975 superius
1237 4905 1482 4976 jungitur
1518 4921 1528 4958 :
1564 4906 1697 4959 Cum
1727 4922 1826 4960 ve-

224 4992 500 5046 nissemus
548 4992 603 5045 in
641 4992 1031 5059 Macedoniam,
1087 5010 1214 5048 caro
1259 5002 1443 5048 nostra
1487 5010 1595 5049 non
1642 4994 1827 5048 habuit

224 5082 473 5152 requiem
511 5096 521 5134 :
554 5082 655 5135 sed
680 5082 805 5136 licet
833 5082 889 5135 in
920 5081 1107 5152 primis
1157 5083 1400 5153 requiem
1453 5099 1559 5137 non
1592 5083 1827 5138 habere-

219 5186 361 5235 mus,
400 5177 579 5224 tamen
610 5171 756 5224 Deus
788 5170 842 5223 in
869 5171 1134 5225 Ecclesiis
1188 5172 1515 5226 Macedoniae
1547 5172 1695 5226 dedit
1724 5187 1826 5241 pa-

221 5275 346 5313 cem
377 5266 429 5313 et
446 5258 697 5330 gratiam.
724 5258 881 5326 Quod
900 5259 977 5313 sic
1008 5259 1080 5313 ait
1116 5275 1126 5312 :
1161 5262 1362 5315 Notam
1393 5264 1638 5331 facimus
1660 5261 1823 5326 vobis,

219 5350 459 5417 fratres,
486 5348 730 5415 gratiam
753 5349 871 5413 Dei,
896 5365 1017 5419 qua:
1038 5350 1172 5404 data
1194 5354 1276 5404 est
1295 5350 1357 5403 in
1378 5350 1640 5405 Ecclesiis
1661 5351 1829 5405 Mace-

223 5436 432 5491 doniae.
466 5435 711 5489 Gratiam
744 5436 843 5490 Dei
873 5435 1040 5507 digno
1085 5438 1301 5493 nomine
1334 5446 1487 5494 vocat
1518 5439 1827 5509 eleemosy—

223 5539 327 5577 nas
360 5541 371 5577 :
410 5523 723 5595 intelligens
770 5525 1036 5593 majorem
1082 5542 1205 5581 esse
1253 5528 1481 5599 gratiam
1534 5528 1633 5583 Dei
1665 5527 1827 5582 mini-

221 5611 436 5667 strandi
465 5613 816 5684 pauperibus,
850 5628 1013 5686 quam
1048 5614 1151 5669 sint
1182 5632 1387 5689 genera
1417 5616 1746 5693 linguarum,
1779 5627 1830 5674 et

1932 3229 2207 3284 strationis
2243 3246 2254 3283 :
2291 3233 2435 3303 quod
2488 3232 2849 3288 ministerium
2918 3236 2993 3289 sit
3062 3234 3414 3291 deferendum
3468 3238 3532 3293 in

1933 3322 2189 3381 sanctos,
2222 3320 2312 3390 qui
2342 3330 2493 3375 erant
2522 3321 2931 3393 Hierosolymis.

2004 3406 2102 3461 Hic
2146 3408 2443 3461 notandum
2480 3410 2625 3479 quod
2677 3411 2745 3464 de
2795 3411 3124 3466 abundantia
3164 3422 3344 3468 nostra
3381 3415 3535 3485 prius

1934 3495 2271 3550 sustentandi
2294 3504 2421 3549 sunt
2441 3498 2612 3552 sancti
2637 3517 2650 3564 ;
2685 3499 2753 3553 de
2784 3514 2848 3553 eo
2879 3508 3056 3555 autem
3078 3502 3224 3571 quod
3255 3503 3530 3558 residuum

1933 3583 2115 3650 fuerit,
2137 3584 2446 3656 quicunque
2470 3594 2715 3657 egentes.
2740 3586 3179 3643 Obsecraverunt
3200 3590 3384 3661 utique
3398 3607 3527 3646 nos:

1934 3677 1990 3727 et
2018 3689 2133 3727 non
2166 3672 2410 3728 fecerunt
2432 3674 2582 3729 sicut
2596 3676 2961 3747 speravimus,
2985 3676 3039 3730 id
3061 3685 3143 3731 est
3163 3693 3272 3733 non
3292 3679 3394 3734 hoc
3416 3679 3532 3734 ani-

1932 3776 2023 3816 mo
2051 3770 2107 3815 ut
2145 3762 2274 3816 vitia
2320 3778 2511 3817 eorum
2550 3763 2721 3818 multa
2768 3772 3099 3835 pateremur,
3152 3767 3246 3822 sed
3293 3767 3531 3838 primum

1933 3851 2211 3906 dederunt
2238 3854 2565 3923 semetipsos
2598 3854 2727 3920 Deo,
2763 3854 3117 3909 emendantes
3148 3855 3294 3910 vitia.
3320 3856 3531 3912 Deinde

1934 3939 2203 3993 dederunt
2233 3956 2292 3993 se
2323 3939 2499 4004 nobis,
2554 3949 2798 4012 sumptus
2841 3940 3118 3998 offerendo
3148 3943 3401 3999 fratribus
3434 3962 3446 3998 :
3481 3953 3533 4000 et

1933 4028 2036 4082 hoc
2064 4044 2163 4099 per
2191 4030 2546 4084 voluntatem
2570 4031 2688 4085 Dei.
2722 4030 2836 4085 Hoc
2856 4031 3001 4085 enim
3021 4032 3134 4087 vult
3154 4034 3302 4088 Deus
3338 4052 3350 4087 :
3381 4034 3530 4105 prius

1936 4115 2195 4186 seipsum,
2230 4125 2423 4186 postea
2455 4133 2553 4172 sua
2605 4118 2876 4174 devovere
2913 4136 2923 4173 :
2950 4121 3034 4176 ita
3063 4121 3328 4176 dederunt
3357 4126 3423 4178 ut
3446 4139 3533 4179 ro-

1933 4220 2194 4275 garemus
2229 4206 2413 4259 Titum
2445 4210 2530 4271 ut,
2562 4207 3030 4278 quemadmodum
3061 4209 3200 4263 bene
3228 4211 3411 4282 coepit,
3448 4212 3533 4265 ita

1935 4292 2099 4346 etiam
2126 4292 2392 4364 perﬁciat
2420 4295 2481 4348 in
2513 4293 2660 4348 vobis
2685 4294 2819 4349 alias
2837 4296 3044 4367 gratias
3066 4312 3077 4351 :
3099 4305 3149 4352 et
3172 4297 3335 4352 etiam
3356 4300 3529 4353 istam

1934 4382 2202 4451 gratiam,
2237 4381 2488 4452 exemplo
2517 4382 2890 4438 Ecclesiarum
2922 4385 3275 4441 Macedoniae.
3294 4387 3416 4441 Non
3434 4404 3528 4443 so-

1849 4476 1900 4535 D
1932 4468 2043 4523 lum
2075 4469 2390 4541 rogavimus
2429 4470 2609 4524 Titum
2638 4478 2695 4524 ut
2734 4472 2873 4527 hanc
2903 4473 3136 4545 gratiam
3164 4473 3445 4545 perficeret
3476 4475 3529 4530 in

1933 4558 2104 4625 vobis,
2136 4558 2237 4612 sed
2271 4558 2429 4612 etiam
2444 4563 2508 4613 ut
2529 4576 2629 4631 per
2640 4576 2769 4615 eum
2782 4559 3079 4617 abundetis
3102 4565 3165 4617 in
3183 4562 3286 4619 hac
3305 4566 3518 4634 gratia.

1928 4648 2201 4715 Per/icere
2223 4648 2291 4700 ad
2305 4647 2481 4701 Titum
2504 4663 2515 4700 :
2537 4648 2852 4715 Abundare,
2872 4650 3104 4719 pertinet
3122 4651 3190 4705 ad
3204 4651 3527 4706 Corinthios.

1930 4735 2027 4789 Vel
2057 4736 2125 4788 ita
2162 4753 2173 4788 :
2206 4737 2325 4790 Non
2361 4743 2570 4790 tantum
2601 4737 2915 4809 rogavimus
2938 4738 3112 4792 Titum
3133 4739 3399 4810 perficere
3427 4740 3528 4795 hoc

1929 4823 1981 4877 in
2014 4823 2203 4888 vobis;
2238 4824 2333 4877 sed
2365 4824 2527 4878 etiam
2559 4842 2663 4896 ego
2695 4826 2811 4896 ipse
2826 4842 2966 4899 rogo
2985 4842 3082 4881 vos
3104 4834 3178 4895 ut,
3200 4828 3335 4882 sicut
3356 4828 3530 4883 abun-

1929 4912 2067 4966 datis
2099 4912 2153 4965 in
2184 4912 2437 4966 omnibus
2465 4914 2654 4983 gratiis
2685 4914 2918 4985 (scilicet
2938 4918 3000 4971 in
3022 4915 3153 4985 ﬁde)
3175 4932 3359 4970 sanam
3382 4917 3529 4972 enim

1930 5000 2110 5067 fidem,
2148 5008 2201 5054 et
2232 5001 2388 5055 bonis
2420 5002 2678 5071 Operibus
2696 5003 3063 5059 abundantem
3094 5005 3322 5071 habetis,
3356 5006 3529 5060 abun-

1928 5088 2067 5142 datis
2099 5088 2256 5142 etiam
2286 5091 2348 5143 in
2393 5107 2651 5146 sermone
2681 5096 2739 5147 et
2765 5094 3024 5158 scientia,
3061 5094 3187 5165 quia
3218 5094 3528 5166 expeditum

1930 5193 2235 5232 sermonem
2266 5178 2334 5231 ad
2367 5179 2763 5234 exhortandum
2797 5181 3024 5251 habetis,
3059 5189 3110 5236 et
3142 5183 3425 5238 scientiam
3455 5183 3523 5237 ad

1929 5265 2369 5337 intelligendum;
2407 5268 2695 5323 abundatis
2737 5269 2898 5323 etiam
2938 5272 3000 5325 in
3044 5273 3201 5326 omni
3245 5273 3523 5327 sollicitu-

1929 5355 2059 5409 dine
2084 5375 2099 5409 :
2122 5355 2271 5409 omni
2292 5357 2436 5409 enim
2459 5357 2637 5411 studio
2656 5357 2872 5413 solliciti
2892 5358 3023 5413 estis
3044 5367 3099 5413 ut
3121 5360 3314 5414 melius
3335 5367 3386 5413 et
3414 5374 3523 5413 me-

1929 5442 2029 5497 lius
2051 5444 2380 5514 operemini;
2405 5444 2690 5500 abundatis
2710 5447 2772 5501 in
2790 5448 3091 5512 charitate,
3115 5447 3169 5501 id
3201 5455 3281 5501 est
3308 5447 3362 5500 in
3391 5446 3525 5503 dilc~

1929 5531 2105 5587 ctione
2136 5537 2323 5588 vestra
2356 5542 2578 5589 extensa
2608 5536 2669 5589 in
2700 5552 2801 5590 nos
2832 5536 2991 5604 (sicut
3021 5536 3075 5589 in
3097 5535 3180 5589 his
3202 5534 3414 5605 gratiis)
3444 5535 3522 5591 sic

1930 5637 2063 5693 rogo
2086 5625 2148 5677 ut
2170 5623 2341 5678 etiam
2362 5623 2421 5676 in
2456 5624 2558 5679 hac
2581 5625 2771 5695 gratia
2793 5624 3263 5697 eleemosynarum
3275 5623 3525 5685 abunde-
