3960 6050
447 196 552 249 255

984 196 1046 250 S.
1110 194 1464 252 BRUNONIS
1522 191 2169 250 CARTHUSIANORUM
2226 189 2712 248 INSTITUTORIS
2742 190 2893 249 OPP.
2924 194 3102 252 PARS
3131 193 3201 247 II.

3634 201 3741 253 256

452 318 627 373 tis.Et
642 317 746 374 hoc
762 334 877 374 non
901 319 1022 377 dico
1045 324 1205 393 quasi
1225 325 1533 395 imperans,
1552 323 1607 378 id
1628 332 1835 381 estnon
1855 328 1923 383 de
1944 328 2046 383 hac
2067 329 2119 388 A
2151 338 2259 385 tum
2293 329 2430 385 detis
2479 336 2739 400 quantum
2788 327 2942 383 vobis
2979 326 3330 382 reservabitis
3361 346 3374 393 ;
3409 327 3506 382 sed
3536 333 3740 381 tantum

451 423 513 461 re
548 415 884 478 praeceptum
905 410 1194 466 constituto
1228 429 1241 464 :
1274 428 1361 475 ne,
1396 411 1441 465 si
1462 412 1600 467 forte
1637 430 1743 468 non
1768 415 2045 486 obtempe-

454 496 589 552 ratis
609 496 856 566 imperio,
881 496 959 551 rei
983 498 1178 553 essetis
1206 499 1604 555 inobedientiae.
1628 502 1751 556 Non
1774 503 1957 575 utique
1980 521 2045 559 ex

452 585 683 656 imperio
712 585 833 641 dico
869 602 881 640 :
909 586 1006 641 sed
1036 587 1160 643 dico
1190 589 1293 644 hoc
1332 589 1693 660 comprobans
1730 592 2043 662 ingenium,

454 674 509 729 id
540 681 622 729 est
651 674 915 729 rationem
947 691 1066 731 cum
1107 676 1399 732 voluntate.
1433 677 1656 732 Debetis
1686 679 1830 734 enim
1874 682 2045 737 ratio-

455 763 701 818 nabiliter
728 779 959 833 pensare
988 765 1133 836 quod
1162 765 1319 831 detis,
1357 765 1562 821 scilicet
1606 769 1923 838 temporalia
1948 789 1963 837 ;
1995 778 2047 825 et

456 852 584 922 quid
615 868 712 922 pro
743 852 825 906 his
855 854 1122 924 recepturi
1152 854 1288 920 sitis,
1314 854 1522 909 scilicet
1549 863 1751 910 aeterna
1784 874 1795 912 :
1832 866 1883 912 et
1923 874 2046 914 cum

456 940 666 995 ratione
715 941 877 996 debet
943 958 1062 997 esse
1122 942 1375 997 voluntas
1440 944 1797 1001 libentissime
1861 947 2042 1015 dandi,

457 1030 840 1099 comprobans,
874 1030 1113 1101 inquam,
1140 1032 1343 1088 bonum
1368 1032 1646 1105 ingenium
1665 1034 1824 1088 etiam
1850 1040 2049 1091 vestrae

456 1119 757 1174 charitatis
788 1133 886 1188 per
910 1119 1331 1175 sollicitudinem
1362 1120 1613 1187 aliorum,
1648 1122 1701 1176 id
1725 1132 1805 1177 est
1824 1140 1922 1194 per
1944 1126 2047 1179 hoc

458 1206 602 1277 quod
654 1206 867 1262 solliciti
917 1207 1047 1261 estis
1103 1209 1357 1279 supplere
1406 1209 1641 1280 inOpiam
1689 1210 2044 1284 indigentium

456 1292 699 1349 fratrum.
744 1295 841 1350 Vel
889 1296 1247 1366 comprebans
1293 1298 1604 1352 charitatem
1666 1307 1899 1355 vestram
1949 1317 2049 1372 per

358 1442 370 1455 ε
460 1382 874 1439 sollicitudinem
927 1384 1179 1453 aliorum,
1222 1385 1276 1439 id
1305 1393 1387 1441 est
1438 1403 1539 1457 per
1567 1388 1668 1443 hoc
1697 1389 1844 1459 quod
1871 1389 2047 1445 Titum

458 1480 511 1527 et
538 1472 674 1526 alios
703 1473 997 1543 discipulos
1027 1475 1095 1528 de
1125 1474 1279 1529 vobis
1309 1474 1447 1530 facio
1478 1476 1763 1531 sollicitos.

530 1562 593 1616 Et
626 1560 809 1633 utique
831 1562 1040 1617 debetis
1062 1563 1343 1619 abundare
1365 1564 1418 1617 in
1441 1564 1539 1619 hac
1561 1565 1757 1637 gratia,
1783 1584 1919 1622 nam
1950 1582 2048 1622 vos

460 1652 619 1743 scitis
634 1652 882 1743 gratiam
902 1651 1127 1706 Domini
1142 1654 1325 1743 nostri
1343 1654 1471 1708 Jesu
1495 1653 1735 1721 Christi;
1759 1658 2043 1727 quoniam,
2068 1684 2120 1743 Β

460 1738 515 1793 id
545 1746 626 1793 est
664 1739 827 1809 quod,
861 1755 989 1794 cum
1020 1744 1165 1795 esset
1194 1740 1362 1809 dives,
1396 1740 1451 1795 id
1482 1749 1564 1796 est
1594 1743 1738 1797 Deus
1767 1743 1820 1796 in
1850 1743 2048 1798 divitiis

461 1827 865 1898 omnipotentiae
908 1844 1071 1895 suae,-
1102 1829 1192 1899 qui
1238 1837 1470 1884 aeternus
1520 1838 1650 1901 erat,
1696 1836 1924 1904 propter
1950 1850 2050 1891 nos

461 1916 750 1972 salvandos
779 1920 969 1987 factus
1000 1921 1085 1971 est
1133 1934 1336 1988 egenus
1368 1918 1423 1971 in
1453 1927 1717 1990 tempore.
1752 1921 1867 1976 Nec
1897 1921 2050 1976 dives

460 2004 580 2061 fieri
609 2004 776 2060 voluit
802 2024 817 2071 ;
851 2005 947 2059 sed
993 2008 1181 2076 factus
1210 2010 1294 2061 est
1342 2024 1569 2077 egenus,
1622 2007 1676 2061 id
1708 2016 1789 2062 est
1818 2009 1872 2061 in
1904 2009 2050 2064 omni

461 2101 707 2167 egestate
737 2093 913 2148 carnis
955 2092 1165 2160 vivens,
1214 2102 1414 2165 praeter
1461 2104 1760 2164 egestatem
1795 2097 2039 2164 justitiaz.

462 2184 590 2237 Ideo
606 2186 797 2252 factus
814 2186 898 2237 est
913 2198 1139 2253 egenus,
1155 2186 1220 2238 ut
1241 2184 1452 2255 inopia,
1468 2183 1522 2237 id
1541 2192 1619 2238 est
1640 2184 1834 2240 merito
1854 2186 2049 2257 impiae

463 2272 623 2327 illius
658 2288 747 2327 vos
775 2272 972 2326 essetis
1007 2270 1203 2326 divites
1226 2271 1465 2339 iustitiae.
1492 2274 1559 2327 Et
1583 2274 1637 2326 in
1659 2274 1760 2328 hoc
1784 2276 1929 2345 quod
1955 2275 2050 2330 be-

461 2359 777 2431 nignitatem
803 2359 1021 2413 Domini
1071 2361 1198 2414 Jesu
1247 2360 1396 2415 circa
1443 2377 1541 2415 vos
1572 2362 1863 2416 exhibitam
1893 2363 2049 2419 vobis

463 2448 739 2514 recordor,
770 2448 833 2503 in
855 2449 953 2503 hoc
968 2448 1150 2519 utique
1172 2449 1238 2503 do
1260 2449 1413 2503 vobis
1435 2451 1736 2505 consilium
1758 2452 1963 2506 salutis.
1984 2454 2050 2507 Et

459 2537 600 2593 bene
631 2536 753 2592 dico
781 2537 1103 2592 consilium.
1128 2539 1235 2592 [loc
1266 2540 1418 2593 enim
1442 2539 1671 2607 (scilicet
1700 2539 1973 2595 abundare
1995 2541 2048 2595 in

462 2625 832 2696 eleemosyna)
854 2626 997 2681 utile
1027 2630 1111 2681 est
1142 2626 1325 2680 vobis:
1348 2630 1442 2699 qui
1463 2644 1577 2682 non
1599 2630 1781 2683 solum
1803 2630 2050 2702 cwpistis

463 2718 670 2785 facere,
704 2715 797 2769 sed
827 2714 987 2768 etiam
1021 2714 1321 2785 incepistis
1354 2718 1494 2772 velle
1525 2733 1558 2771 a
1589 2719 1774 2788 priore
1803 2735 1974 2774 anno.

530 2802 672 2858 Nota
701 2803 847 2874 quod
876 2803 1026 2873 prius
1056 2802 1255 2869 facere,
1304 2812 1493 2875 postea
1524 2814 1840 2877 augmentat
1869 2806 2007 2861 velle
2032 2824 2045 2871 ;

460 2890 641 2947 facere
668 2891 812 2947 enim
843 2907 951 2946 non
980 2892 1193 2959 sufﬁcit,
1227 2893 1330 2947 nisi
1359 2910 1424 2948 ex
1454 2893 1757 2960 voluntate;
1784 2895 1881 2948 sed
1910 2895 2048 2950 velle

461 2978 654 3036 suﬁicit
689 2980 815 3036 licet
844 2996 952 3035 non
1001 2981 1070 3035 sit
1111 2982 1263 3052 copia
1312 2982 1563 3037 faciendi.
1616 2983 1868 3053 Cmpistis
1917 2983 2045 3038 olim

458 3069 599 3125 velle
624 3088 638 3136 ;
665 3086 822 3125 nunc
852 3086 978 3125 vero
1005 3071 1259 3141 perﬁcite
1290 3070 1343 3125 id
1371 3072 1644 3126 voluntate
1677 3080 1728 3126 et
1756 3074 1941 3142 facto,
1977 3072 2047 3126 ita

461 3165 529 3216 ut
558 3159 1027 3232 quemadmodum
1056 3164 1349 3231 promptus
1377 3164 1461 3215 est
1483 3161 1729 3227 ani-mus,
1751 3160 1804 3214 id
1833 3168 1913 3215 est
1938 3161 2048 3215 dis-

462 3248 634 3304 cretio
655 3248 945 3303 voluntatis
974 3247 1197 3305 184
1220 3250 1388 3319 (quod
1410 3266 1571 3320 supra
1603 3249 1814 3305 vocavit
1847 3250 2047 3304 bonum

460 3337 765 3410 ingenium)
814 3339 899 3393 ita
936 3338 1003 3406 ﬁt
1044 3347 1327 3409 promptus
1374 3340 1586 3393 animus
1608 3339 1956 3411 perﬁciendi.
1982 3340 2049 3395 Et

459 3426 585 3482 licet
612 3426 687 3481 ita
709 3427 987 3494 suadeam,
1007 3425 1323 3497 perficiendi
1342 3436 1521 3483 tamen
1544 3428 1666 3483 dico
1689 3446 1761 3485 ea:
1785 3444 1865 3493 eo,
1892 3428 1946 3482 id
1969 3435 2051 3482 est

460 3515 756 3571 secundum
787 3516 892 3571 hoc
921 3516 1061 3587 quod
1104 3515 1341 3582 habetis,
1375 3525 1427 3570 et
1455 3516 1763 3571 ministrare
1792 3515 2049 3571 fratribus

459 3604 605 3660 ferre
633 3605 878 3676 potestis.
914 3605 1040 3660 Ideo
1071 3605 1195 3660 dico
1216 3620 1289 3660 ex
1311 3621 1371 3659 eo
1393 3605 1535 3676 quod
1566 3603 1802 3669 habetis,
1824 3607 1974 3677 quia,
2000 3606 2050 3660 si

455 3695 719 3750 voluntas
762 3698 948 3749 vestra
982 3697 1244 3766 prompta
1266 3697 1349 3749 est
1372 3693 1439 3747 ad
1458 3693 1714 3759 dandum,
1740 3694 2050 3749 secundum

459 3782 518 3837 id
553 3782 694 3854 quod
743 3783 923 3847 habet,
958 3782 1013 3835 in
1042 3783 1146 3837 hoc
1173 3782 1359 3852 utique
1390 3786 1620 3853 accepta
1650 3786 1731 3837 est
1764 3784 1901 3847 Deo,
1934 3799 2049 3837 non

461 3871 642 3925 solum
672 3869 728 3924 in
758 3886 823 3925 eo
854 3870 898 3924 si
919 3870 1130 3926 dederit
1159 3872 1466 3927 secundum
1488 3872 1545 3927 id
1560 3871 1703 3944 quod
1722 3888 1835 3926 non
1860 3869 2044 3926 habet.

461 3957 622 4025 Quod
653 3959 725 4013 ait
756 3960 1053 4015 secundum
1086 3959 1139 4013 id
1170 3960 1315 4031 quod
1347 3960 1525 4030 habet,
1560 3969 1611 4015 et
1644 3961 1788 4031 quod
1819 3976 1927 4015 non
1955 3960 2052 4013 ha-

462 4046 572 4118 bet,
603 4047 745 4103 idem
777 4056 859 4103 est
890 4049 1035 4120 quod
1059 4049 1131 4103 ait
1161 4048 1407 4120 superius
1438 4049 1745 4105 secundum
1776 4050 2049 4104 virtutem

460 4142 517 4193 et
545 4154 716 4209 supra
748 4138 1037 4194 virtutem.
1072 4138 1176 4205 Qui
1207 4138 1349 4192 enim
1388 4139 1698 4194 necessaria
1730 4137 1832 4193 sibi
1863 4154 2049 4193 reser-

460 4233 566 4295 vat,
600 4234 653 4280 et
681 4242 741 4281 ea
764 4243 884 4298 qua:
913 4227 1375 4297 superabundant,
1401 4236 1609 4299 erogat,
1634 4228 1721 4282 hic
1742 4227 2050 4282 secundum

463 4312 604 4383 quod
633 4310 796 4367 habet
827 4311 1024 4367 dicitur
1054 4313 1227 4379 dare;
1260 4312 1349 4384 qui
1378 4328 1508 4368 vero
1538 4312 1671 4366 nihil
1700 4311 1805 4365 sibi
1835 4311 2046 4377 retinet,

2145 418 2289 473 unde
2320 417 2594 489 aequaliter
2623 424 2681 471 ut
2708 433 2806 472 vos
2837 415 3012 471 securi
3044 414 3160 469 sitis
3191 415 3261 469 ab
3293 423 3555 487 egestate.

2218 506 2347 561 Ideo
2377 506 2705 561 abundantia
2734 513 2914 561 vestra
2935 505 3185 574 suppleat
3204 504 3416 559 illorum
3439 504 3640 575 inopia,
3673 509 3740 561 ut

2146 596 2321 651 etiam
2354 594 2710 650 abundantia
2738 594 2992 662 illorum,
3020 591 3383 663 perfectorum
3424 609 3545 664 quin
3565 600 3649 648 est
3686 593 3742 647 in

2146 682 2449 750 virtutibus,
2474 684 2551 739 sit
2577 684 3039 755 supplementum
3072 685 3269 735 vestra:
3298 682 3522 753 inopia.
3558 680 3662 750 Qui
3697 680 3743 735 si

2147 772 2342 827 divites
2390 771 2522 826 estis
2572 779 2931 837 terrenorum,
3002 770 3196 840 inopes
3242 769 3372 825 estis
3423 770 3745 827 cmlestium.

2149 861 2426 931 Suppleat,
2474 860 2614 925 dico,
2653 860 2723 913 ita
2769 864 2834 914 ut
2864 858 3103 913 vicissim
3135 858 3367 929 suppleti
3406 858 3507 926 ﬁat
3556 876 3743 931 aequa-

2150 950 2282 1003 litas
2315 948 2421 1002 illis
2450 949 2504 1002 in
2535 956 2739 1003 aeterno
2769 948 2945 1013 bono;
2978 954 3054 1012 ut,
3082 946 3534 1016 quemadmodum
3568 947 3741 1003 sancti

2148 1037 2203 1090 in
2232 1038 2335 1092 hoc
2364 1036 2567 1091 mundo
2595 1036 2917 1107 participant
2946 1034 3213 1091 fructibus
3243 1035 3619 1100 laborantium,
3664 1035 3744 1091 sic

2147 1124 2203 1179 in
2232 1124 2413 1180 futuro
2443 1125 2497 1179 hi
2553 1126 2639 1196 qui
2685 1124 2850 1179 modo
2894 1123 3197 1177 ministrant
3246 1124 3464 1191 sanctis,
3514 1123 3743 1194 partici-

2148 1221 2276 1284 pent
2328 1214 2823 1268 remunerationem
2892 1228 3100 1267 eorum.
3166 1212 3280 1267 Nec
3348 1212 3423 1266 ita
3465 1212 3587 1267 dico
3637 1212 3743 1280 ﬁat

2148 1304 2464 1374 (equalitas,
2516 1310 2573 1356 ut
2620 1309 2827 1356 tantum
2891 1300 3161 1372 accipiant
3210 1300 3512 1370 imperfecti
3562 1314 3742 1371 quan-

2149 1398 2259 1444 tum
2291 1389 2667 1461 perfectiores.
2719 1390 2816 1443 sed
2863 1388 2919 1442 in
2968 1390 3072 1445 hoc
3111 1389 3408 1461 mqualitas,
3445 1388 3589 1460 quod
3622 1389 3741 1443 sin-

2149 1478 2263 1550 guli
2295 1478 2540 1551 singulos
2590 1493 2840 1531 nummos
2884 1476 3168 1547 accipient,
3221 1477 3276 1531 id
3319 1485 3401 1531 est
3448 1476 3740 1548 perfectam

2148 1575 2201 1622 et
2235 1566 2593 1621 sufﬁcientem
2623 1566 3033 1620 beatitudinem.
3066 1566 3194 1621 Ideo
3224 1580 3332 1619 non
3364 1572 3621 1619 statutum
3649 1564 3744 1619 fuit

2150 1664 2205 1709 ut
2236 1655 2327 1711 alii
2357 1655 2636 1710 hominum
2683 1654 3013 1719 laborarent,
3059 1654 3149 1708 alii
3204 1653 3432 1709 orationi
3462 1661 3739 1719 vacarent,

2150 1752 2206 1798 ut
2226 1752 2471 1799 oratores
2488 1751 2921 1798 sustentarentur
2936 1742 3157 1797 aliorum
3171 1743 3376 1808 labore,
3401 1742 3746 1797 laboratores

2149 1849 2277 1888 vero
2311 1833 2647 1887 salvarentur
2669 1847 2858 1887 eorum
2880 1830 3137 1886 oratione.
3162 1832 3308 1898 Fiat,
3333 1831 3474 1897 dico,
3511 1832 3744 1903 (equali-

2151 1926 2256 1991 tas,
2290 1924 2439 1977 sicut
2467 1922 2748 1992 scriptum
2781 1924 2864 1975 est
2896 1918 3183 1991 ﬁgurative
3212 1920 3281 1974 de
3311 1919 3484 1973 futura
3511 1919 3743 1990 aequali-

2150 2018 2257 2065 tate
2292 2028 2303 2063 :
2344 2010 2440 2081 qui
2468 2011 2720 2065 multum
2751 2009 2953 2075 habuit,
2978 2024 3094 2063 non
3124 2007 3429 2063 abundavit
3452 2025 3615 2079 super
3635 2025 3745 2063 mo-

2149 2098 2270 2153 dice
2300 2099 2588 2152 habentem
2625 2112 2636 2151 :
2672 2101 2725 2157 ei
2757 2100 2853 2169 qui
2880 2098 3162 2153 modicum
3192 2096 3392 2163 habuit,
3418 2114 3531 2152 non
3552 2099 3743 2152 mino-

2148 2188 2318 2252 ravit,
2347 2187 2399 2241 id
2423 2194 2525 2251 est,
2550 2202 2657 2241 non
2681 2186 2869 2239 habuit
2905 2185 3084 2240 minus
3125 2202 3188 2240 eo
3210 2185 3300 2256 qui
3323 2185 3548 2239 multum
3569 2184 3743 2240 colle-

2149 2274 2246 2346 git.
2273 2274 2540 2343 Quieuim
2582 2274 2810 2328 multum
2849 2274 3014 2329 habet
3046 2274 3114 2328 de
3152 2273 3325 2344 gloria
3365 2273 3593 2338 ccelesti,
3634 2289 3745 2327 non

2150 2364 2228 2420 sic
2256 2363 2493 2417 abundat
2520 2371 2573 2417 ut
2595 2363 2640 2417 is
2663 2363 2752 2434 qui
2774 2362 2952 2416 minus
2978 2363 3144 2417 habet
3171 2362 3413 2433 indigeat
3446 2379 3459 2416 :
3495 2361 3589 2416 sed
3612 2362 3744 2417 utri-

2150 2469 2254 2523 que
2286 2460 2339 2506 et
2385 2451 2613 2505 multum
2668 2460 2719 2505 et
2772 2450 3046 2505 modicum
3107 2450 3320 2504 habenti
3381 2450 3606 2521 aequalis
3663 2458 3745 2504 est

2149 2540 2483 2595 abundantia
2518 2557 2530 2593 :
2565 2540 2688 2611 quia
2735 2539 2949 2610 utrique
2998 2538 3144 2610 quod
3194 2539 3322 2592 satis
3370 2547 3469 2604 est,
3503 2538 3630 2594 licet
3662 2546 3743 2592 ta-

2154 2645 2281 2684 men
2309 2627 2612 2683 ditferentia
2659 2628 2727 2681 sit
2774 2627 2882 2680 illis
2934 2626 2986 2680 in
3037 2626 3230 2698 gloria.
3264 2628 3379 2682 Hoc
3408 2627 3475 2680 ad
3507 2626 3746 2682 litteram

2149 2718 2411 2788 scriptum
2463 2724 2544 2773 est
2605 2717 2671 2770 de
2719 2732 2944 2781 manna,
2988 2715 3131 2786 quod
3170 2715 3502 2787 colligebant
3529 2714 3741 2782 Judaei;

2148 2807 2273 2879 quia
2319 2806 2411 2877 qui
2457 2805 2682 2859 multum
2741 2804 3062 2877 collegerat,
3112 2803 3238 2860 licet
3285 2803 3517 2875 amplius
3578 2820 3745 2875 quam

2148 2896 2365 2966 plenum
2431 2909 2647 2967 gomor,
2720 2908 2831 2948 non
2876 2893 2997 2964 plus
3046 2892 3234 2947 habuit
3287 2908 3450 2965 quam
3499 2908 3741 2965 gomor:

2148 2991 2200 3038 et
2228 2983 2318 3054 qui
2346 2982 2523 3036 minus
2549 2982 2847 3053 collegerat
2875 2997 3039 3053 quam
3055 2997 3268 3054 gomor,
3295 2996 3402 3036 non
3432 2981 3609 3035 minus
3640 2981 3736 3034 ha-

2080 3046 2126 3105 C
2151 3046 2265 3126 buit
2294 3088 2452 3143 quam
2484 3046 2721 3142 plenumv
2735 3046 2928 3143 gomo'r
2956 3046 3154 3139 (Exvod.
3191 3086 3281 3138 xv,
3318 3070 3425 3139 18).

2219 3161 2341 3216 Dixi
2373 3160 2620 3231 superius
2669 3160 2813 3232 quod
2862 3159 3049 3230 rogavi
3093 3159 3288 3213 Titum.
3323 3160 3403 3214 De
3435 3159 3531 3214 hoc
3561 3165 3741 3213 autem

2146 3250 2361 3322 gratias
2394 3265 2495 3320 ago
2520 3252 2645 3315 Deo,
2670 3249 2765 3321 qui
2784 3248 2936 3304 dedit
2958 3251 3019 3304 in
3037 3249 3200 3304 corde
3229 3248 3339 3303 Titi
3362 3248 3615 3303 eamdem
3635 3249 3743 3304 sol-

2126 3338 2505 3394 -Iicitudinem
2535 3354 2637 3410 pro
2668 3336 2834 3404 vobis,
2870 3353 3031 3409 quam
3061 3345 3113 3391 et
3143 3337 3197 3390 in
3221 3337 3386 3392 corde
3416 3352 3560 3392 meo.
3584 3339 3745 3391 Eam-

2149 3427 2275 3482 dem
2305 3427 2443 3482 bene
2465 3426 2607 3494 dico,
2640 3427 2907 3498 quoniam
2938 3425 3055 3495 ipse
3077 3426 3299 3497 quidem
3330 3425 3469 3480 bene
3499 3427 3746 3497 suscepit

2150 3517 2608 3572 exhortationem
2652 3530 2752 3584 pro
2800 3513 2953 3568 vobis
2998 3512 3215 3579 factam,
3249 3512 3343 3569 sed
3370 3512 3471 3566 etsi
3504 3513 3743 3584 benigne

2150 3604 2403 3675 suscepit,
2439 3612 2618 3658 tamen
2640 3604 2929 3674 profectus
2952 3605 3035 3657 est
3057 3601 3128 3655 ad
3151 3618 3240 3655 vos
3263 3618 3392 3656 cum
3413 3606 3559 3656 esset
3578 3603 3742 3657 solli-

2149 3694 2317 3748 citior
2344 3692 2412 3747 de
2442 3691 2628 3759 vobis,
2665 3708 2769 3746 sua
2814 3691 3105 3745 voluntate
3135 3705 3294 3761 quam
3326 3705 3449 3744 mea
3479 3691 3742 3745 exhorta-

2149 3781 2313 3835 tione.
2346 3782 2594 3836 Misimus
2626 3781 2802 3835 etiam
2822 3796 2951 3835 cum
2979 3780 3077 3834 illo
3102 3779 3306 3833 scilicet
3327 3778 3465 3847 Tito,
3490 3781 3739 3850 fratrem

2149 3878 2390 3924 nostrum
2425 3886 2436 3922 :
2474 3870 2597 3923 laus
2618 3870 2781 3940 cujus
2804 3872 2888 3923 est
2911 3869 2973 3922 in
2992 3867 3309 3939 Evangelio.
3342 3868 3494 3921 Hunc
3517 3866 3738 3922 fratrem

2149 3958 2241 4014 alii
2270 3957 2455 4013 dicunt
2502 3958 2722 4022 Lucam,
2776 3956 2866 4011 alii
2912 3956 3237 4011 Barnabam.
3291 3956 3345 4010 Si
3374 3957 3572 4012 Lucam
3599 3956 3741 4011 dici—

2149 4064 2289 4115 mus,
2323 4046 2443 4101 laus
2473 4047 2626 4115 cujus
2657 4054 2739 4102 est
2767 4046 2821 4100 in
2840 4046 3127 4101 scribendo
3147 4045 3487 4116 Evangelio;
3522 4046 3567 4099 si
3601 4046 3741 4100 Bar-

2150 4137 2362 4201 nabam,
2400 4136 2475 4190 ita
2504 4135 2623 4191 laus
2661 4136 2812 4204 cujus
2851 4136 3015 4190 estin
3064 4134 3412 4205 praedicando
3442 4133 3741 4206 Evangelio

2143 4243 2249 4298 per
2278 4242 2469 4281 omnes
2518 4226 2815 4281 Ecclesias.
2879 4222 3069 4278 Omnis
3098 4223 3243 4277 enim
3274 4223 3522 4279 Ecclesia
3552 4222 3738 4277 laudat

2151 4331 2294 4369 eum.
2330 4314 2452 4369 Non
2494 4314 2669 4368 solum
2720 4321 2896 4368 autem
2929 4311 3178 4366 laudatur
3205 4312 3258 4365 in
3290 4310 3608 4381 Evangelio,
3644 4310 3741 4365 sed

461 4400 559 4455 sed
589 4400 838 4454 omnibus
888 4400 1128 4471 erogatis
1175 4401 1351 4455 nudus
1380 4402 1581 4455 nudam
1608 4416 1827 4456 crucem
1860 4399 2047 4470 sequi-
2077 4405 2129 4463 D
2151 4403 2311 4458 etiam
2340 4404 2405 4458 ab
2436 4403 2699 4458 Ecclesiis
2721 4403 3017 4458 ordinatus
3037 4404 3121 4455 est
3151 4416 3333 4455 comes
3356 4404 3564 4455 nostra:
3581 4416 3742 4471 perc-

460 4496 563 4555 tur,
607 4488 695 4544 hic
723 4489 813 4543 dat
842 4490 1138 4545 secundum
1170 4490 1223 4543 id
1254 4489 1395 4559 quod
1429 4505 1537 4544 non
1567 4489 1748 4543 habet.
1783 4488 1889 4542 Sed
1921 4486 2047 4559 quia

461 4577 618 4647 hujus
647 4577 996 4648 perfectionis
1026 4594 1133 4632 non
1156 4577 1288 4631 vidit
1317 4593 1411 4632 eos
1432 4593 1681 4648 capaces,
1707 4577 1950 4631 hortatur
1980 4576 2049 4629 ad

461 4665 516 4721 id
546 4666 690 4737 quod
735 4665 907 4722 levius
956 4675 1057 4721 est.
1110 4666 1421 4737 Opponeret
1463 4665 1656 4736 aliquis
1690 4682 1702 4719 :
1737 4664 1902 4737 Cogis
1948 4681 2049 4720 nos

463 4756 614 4821 dare,
652 4763 724 4821 ut,
774 4755 895 4809 aliis
941 4755 1009 4810 de
1053 4764 1241 4811 nostro
1289 4754 1695 4819 ditescentibus,
1730 4769 1830 4808 nos
1861 4762 2048 4824 postea

463 4860 739 4916 egeamus.
783 4843 1038 4911 Minime;
1072 4845 1169 4899 sed
1216 4844 1514 4898 secundum
1559 4843 1705 4914 quod
1734 4843 1964 4911 habetis,
1997 4850 2050 4896 et

462 4947 572 4987 non
606 4933 902 4988 secundum
943 4932 997 4987 id
1028 4933 1173 5004 quod
1204 4948 1311 4987 non
1340 4931 1550 4986 habetis
1578 4951 1591 4999 ;
1625 4948 1730 5003 ego
1758 4931 1901 4985 enim
1934 4948 2048 4987 non

462 5019 670 5090 impero
696 5022 799 5076 hoc
829 5025 893 5075 ut
926 5038 1025 5092 per
1054 5029 1237 5077 vestra
1267 5020 1392 5074 data
1423 5023 1497 5075 sit
1522 5023 1771 5076 remissio
1808 5022 1962 5085 aliis,
1997 5027 2050 5074 et

463 5108 679 5163 remissi
709 5116 1016 5180 torpescent
1045 5111 1174 5176 otio,
1208 5108 1355 5165 vobis
1382 5113 1571 5164 autem
1605 5109 1731 5164 inde
1764 5109 1831 5165 sit
1864 5108 2047 5163 tribu-

464 5198 623 5265 latio,
656 5198 797 5253 unde
829 5198 934 5253 illis
979 5198 1250 5253 remissio.
1286 5199 1400 5253 Hoc
1428 5198 1647 5269 quidem
1676 5214 1786 5252 non
1816 5198 2045 5268 impero,

463 5286 559 5342 sed
590 5288 693 5342 hoc
721 5302 855 5359 rogo
878 5292 945 5342 ut
972 5291 1159 5343 vestra
1188 5284 1563 5353 abundantia,
1592 5303 1712 5357 qua:
1733 5294 1815 5341 est
1837 5289 1889 5340 iu
1913 5294 2050 5340 tem-

463 5375 774 5445 poralibus,
826 5378 1086 5447 suppleat
1134 5377 1386 5446 in0piam
1430 5377 1661 5431 illorum
1708 5375 1762 5428 in
1793 5374 2050 5445 praesenti

465 5469 748 5535 tempore;
779 5472 830 5519 et
859 5465 961 5520 hoc
992 5462 1084 5520 fiat
1113 5481 1185 5521 ea:
1215 5465 1560 5538 aequalitate,
1596 5480 1704 5520 non
1725 5471 1781 5520 ut
1801 5464 1908 5520 illis
1932 5471 2048 5520 tan-

2152 4493 2514 4562 grinalionis.
2549 4492 2663 4545 Hoc
2696 4490 2874 4562 magis
2904 4490 2972 4543 de
3003 4488 3250 4543 Barnaba
3288 4489 3499 4545 videtur
3518 4488 3698 4543 dicere
3725 4505 3739 4543 :

2152 4596 2311 4651 quem
2342 4594 2467 4634 cum
2500 4579 2666 4634 Paulo
2698 4578 2891 4633 fratres
2922 4577 3011 4649 qui
3041 4585 3197 4632 erant
3218 4576 3611 4647 Hierosolymis
3641 4576 3741 4630 mi-

2152 4676 2335 4723 serunt
2366 4668 2419 4721 in
2447 4676 2639 4740 gentes
2669 4667 2735 4720 ad
2766 4666 3171 4736 praedicandum
3208 4666 3409 4736 Spiritu
3439 4672 3626 4720 sancto
3655 4664 3741 4717 di-

2151 4764 2307 4813 cente
2338 4756 2443 4810 illis
2478 4771 2490 4809 :
2531 4778 2551 4806 ει
2593 4756 2884 4827 Segregate
2915 4754 3045 4808 mihi
3093 4754 3395 4808 Barnabam
3437 4762 3486 4809 ct
3518 4752 3739 4808 Saulum

2150 4846 2203 4899 in
2232 4862 2367 4916 Opus
2398 4860 2503 4917 quo
2534 4844 2801 4915 assumpsi
2833 4860 2929 4899 eos
2962 4844 3111 4911 (Act.
3149 4858 3272 4907 xm,
3307 4845 3382 4912 2).
3424 4866 3444 4889 η
3479 4841 3737 4913 Peregri-

2151 4934 2383 4988 nationis
2432 4934 2555 4988 ideo
2605 4932 2769 4997 dicit;
2806 4948 2929 4987 cum
2970 4932 3112 4985 enim
3164 4947 3197 4985 a
3226 4931 3410 4985 Iudaea
3437 4930 3660 4983 mittitur
3687 4929 3739 4983 in

2150 5030 2361 5094 gentes,
2397 5022 2505 5077 exit
2551 5020 2799 5091 patriam,
2851 5028 2903 5074 et
2953 5020 3021 5074 ad
3053 5020 3170 5075 loca
3201 5018 3495 5091 peregrina
3527 5017 3739 5072 transit.

2154 5112 2361 5176 Comes,
2382 5110 2524 5176 dico,
2543 5109 2717 5164 factus
2740 5108 2959 5167 185
2985 5111 3047 5163 in
3079 5110 3223 5164 hanc
3244 5108 3489 5179 gratiam
3511 5106 3741 5161 eleemo-

2151 5215 2409 5272 synarum
2443 5198 2689 5254 similiter
2716 5198 3143 5269 praedicandam,
3170 5213 3291 5268 qua:
3310 5196 3488 5267 gratia
3519 5213 3552 5249 a
3584 5194 3743 5251 nobis

2150 5288 2556 5359 recipientibus,
2591 5304 2620 5341 a
2651 5288 2803 5343 vobis
2852 5288 3224 5342 ministratur
3269 5284 3467 5339 sanctis
3498 5284 3589 5356 qui
3622 5292 3745 5338 sunt

2152 5378 2577 5449 Hierosolymis;
2613 5378 2679 5433 de
2711 5392 2816 5447 quo
2847 5375 3083 5446 gaudere
3121 5373 3353 5439 debetis,
3409 5373 3537 5444 quia
3579 5373 3743 5426 mini-

2152 5475 2355 5524 stratur
2383 5468 2455 5523 ad
2479 5467 2717 5539 gloriam
2749 5466 2991 5520 Domini.
3024 5464 3093 5517 Et
3120 5478 3245 5518 vere
3278 5463 3425 5518 Deus
3459 5462 3513 5517 in
3537 5463 3637 5517 hac
3658 5462 3747 5517 ad-
