3934 6054
147 179 248 233 257

754 174 1131 232 EXPOSITIO
1170 176 1243 230 IN
1279 173 1658 230 EPISTOLAS
1698 171 1921 227 PAULI.
1956 202 2024 211 —
2052 172 2126 227 ΙΝ
2162 171 2381 228 EPIST.
2413 173 2459 227 II
2490 174 2582 228 AD
2628 173 2786 230 COR.

3324 179 3429 233 258

151 299 535 356 ministratione
580 300 948 372 gloriﬁcatur;
982 308 1053 367 et,
1086 307 1141 354 ut
1189 299 1257 354 de
1302 299 1475 371 gloria
1522 296 1737 353 Domini
1762 298 1819 357 Α
1844 317 1865 346 α
1910 296 1995 350 bis
2024 304 2318 352 evacuatur
2337 296 2393 350 in
2421 298 2523 353 hac
2554 306 2726 368 parte,
2750 306 2805 353 ut
2828 298 3283 369 quemadmodum
3300 299 3430 368 dixi,

152 388 355 454 sileam,
389 389 435 443 si
464 404 575 444 non
622 398 766 445 esset
810 390 971 455 aliud,
1004 389 1312 443 ministrare
1359 388 1631 443 deberetis
1673 386 1743 441 ad

155 478 525 548 complendam
572 479 900 534 voluntatem
966 485 1228 548 nostram,
1279 477 1525 534 doctrina
1589 477 1744 545 cujus

154 565 243 621 ﬁlii
274 565 372 621 Dei
404 566 555 621 estis.

228 656 581 712 Voluntatem
611 654 733 710 dico
776 655 959 726 utique
1005 654 1358 727 sequendam,
1393 653 1520 725 quia
1567 653 1743 709 desti-

156 748 374 812 natam,
394 744 449 797 id
481 752 561 798 est
582 744 637 798 in
658 745 763 799 hoc
785 745 923 799 velle
940 745 1241 799 ordinatam
1264 746 1399 799 Deo.
1433 744 1579 797 Deus
1601 742 1745 797 enim

155 849 237 887 me
265 832 346 888 sic
374 832 511 887 velle
544 832 829 903 disposuit.
882 834 1135 889 Misimus
1180 833 1358 887 Titum
1388 840 1439 886 et
1468 848 1595 887 cum
1644 831 1745 887 illo

152 920 310 974 alium
344 924 608 990 fratrem,
645 921 946 976 devitantes
976 923 1079 976 hoc
1102 938 1169 975 ne
1200 921 1321 993 quis
1353 936 1451 975 nos
1482 920 1747 989 vituperet

153 1010 203 1063 in
234 1009 339 1063 hac
365 1008 699 1079 plenitudine
730 1009 1218 1080 eleemosynarum,
1252 1026 1372 1080 quae
1402 1024 1435 1063 a
1464 1008 1621 1062 nobis
1648 1006 1750 1060 mi-

154 1098 411 1151 nistratur
460 1098 660 1152 sanctis
687 1096 742 1151 in
788 1098 1199 1168 Hierosolymis.
1254 1098 1381 1153 Ideo
1430 1097 1624 1150 Paulus
1674 1103 1748 1150 tot

154 1186 378 1241 idoneos
407 1194 573 1240 testes
604 1185 845 1240 mittebat
873 1188 941 1241 ad
971 1186 1315 1257 accipiendas
1345 1185 1622 1250 collectas,
1657 1200 1745 1249 ne,

156 1275 196 1328 si
224 1292 322 1345 per
354 1275 711 1345 suspiciosam
741 1291 1033 1346 personam
1080 1276 1182 1330 hoc
1212 1275 1431 1343 faceret,
1468 1275 1749 1344 vitupera—

154 1372 267 1419 rent
300 1380 447 1427 eum,
480 1363 722 1418 dicentes
752 1364 898 1434 quod
927 1364 994 1418 de
1026 1364 1181 1433 copia
1203 1364 1669 1434 eleemosynarum
1697 1361 1749 1415 in

157 1468 277 1507 suos
310 1468 445 1505 usus
475 1452 749 1507 retineret.
784 1452 917 1507 Dico
947 1469 1017 1508 ne
1048 1454 1170 1524 quis
1214 1470 1314 1508 nos
1363 1454 1664 1524 vituperet,
1700 1459 1751 1505 et

158 1541 289 1595 bene
317 1560 331 1606 ;
366 1558 504 1595 nam
534 1557 634 1595 nos
665 1541 743 1597 sic
770 1540 1032 1596 facientes
1055 1542 1415 1612 providemus
1462 1542 1603 1595 bona
1635 1556 1750 1594 non

1848 408 1867 434 ιι
1914 386 2089 457 parati
2118 386 2272 452 sitis;
2304 402 2372 440 ne
2404 402 2525 441 cum
2556 386 2802 441 venerint
2838 387 3165 443 Macedones
3195 404 3431 456 mecum,

1846 496 1868 523 α
1912 482 1964 529 et
1994 475 2295 530 invenerint
2332 490 2430 529 vos
2462 475 2776 545 imparatos,
2815 476 3200 532 erubescamus
3236 493 3355 541 nos,
3380 484 3437 531 ut

1847 586 1867 609 ‹‹
1914 579 2023 618 non
2045 562 2290 618 dicamus
2312 562 2390 635 [al
2398 606 2433 629 .,
2455 562 2654 635 dicam]
2676 580 2772 618 vos
2793 564 2848 618 in
2870 565 2969 620 hac
2990 565 3307 621 substantia.
3327 566 3437 620 Ne-

1849 672 1870 701 «
1914 652 2210 706 cessarium
2242 668 2372 722 ergo
2403 651 2707 707 existimavi
2736 668 2935 725 rogare
2962 653 3176 719 fratres,
3208 662 3266 708 ut
3295 670 3437 724 pra:-

1849 762 1870 786 α
1916 740 2135 794 veniant
2165 741 2235 794 ad
2266 756 2363 795 vos
2390 749 2701 811 prmparent
2750 742 3140 811 repromissam
3172 742 3435 798 benedic-

1850 851 1873 879 α
1913 829 2113 884 tionem
2139 830 2281 884 hanc
2300 838 2543 899 paratam
2567 847 2707 896 esse,
2733 830 2854 902 [a1.,
2889 830 2986 903 sic]
3005 832 3158 903 quasi
3180 832 3437 888 benedic-

1851 940 1871 969 α
1918 919 2139 985 tionem,
2174 935 2283 973 non
2306 920 2461 989 quasi
2477 919 2772 974 avaritiam.
2806 921 2921 975 lloc
2938 929 3117 975 autem
3146 921 3269 977 dico
3296 937 3307 975 :
3333 921 3438 990 Qui

1851 1028 1873 1057 α
1918 1024 2080 1078 parce
2120 1007 2368 1073 seminat,
2410 1023 2575 1077 parce
2602 1016 2653 1063 et
2674 1016 2837 1063 metet
2861 1028 2875 1075 ;
2902 1017 2954 1063 et
2985 1010 3075 1081 qui
3115 1010 3346 1065 seminat
3383 1010 3438 1065 in

1852 1120 1873 1143 «
1918 1095 2405 1163 benedictionibus,
2423 1096 2489 1150 de
2504 1096 2971 1152 benedictionibus
2990 1107 3040 1152 et
3056 1106 3249 1165 metet;
3270 1115 3440 1153 unus-

1853 1207 1874 1231 α
1921 1185 2149 1256 quisque
2178 1192 2337 1255 prout
2367 1184 2653 1240 destinavit
2680 1185 2735 1239 in
2765 1187 2932 1241 corde
2961 1203 3078 1251 suo,
3112 1204 3219 1242 non
3253 1204 3319 1243 ex
3348 1188 3440 1243 tri-

1854 1295 1876 1323 α
1921 1273 2061 1327 stitia
2089 1281 2179 1328 aut
2202 1290 2264 1327 ex
2296 1273 2641 1328 necessitate.
2680 1298 2699 1321 ‹‹
2736 1274 2975 1329 Hilarem
3005 1276 3150 1330 enim
3191 1277 3441 1331 datorem

1854 1385 1875 1409 α
1921 1362 2095 1431 diligit
2126 1363 2269 1416 Deus
2299 1362 2493 1431 (Eccli.
2528 1377 2708 1427 xxxv,
2736 1364 2840 1433 ll).
2881 1385 2902 1412 »
2942 1366 3231 1420 Potensest
3260 1374 3439 1420 autem

1855 1475 1875 1498 «
1932 1451 2165 1506 186
2198 1451 2343 1505 Deus
2361 1467 2577 1505 omnem
2608 1451 2839 1523 gratiam
2865 1452 3146 1507 abundare
3176 1453 3358 1509 facere
3386 1454 3444 1508 in

1857 1562 1878 1590 ι
1923 1540 2098 1608 vobis,
2130 1548 2186 1593 ut
2216 1539 2269 1592 in
2301 1539 2552 1593 omnibus
2582 1556 2799 1609 semper
2821 1556 3038 1595 omnem
3069 1540 3445 1597 sufficientiam

155 1631 335 1685 solum
353 1646 539 1685 coram
568 1632 692 1696 Deo,
716 1630 811 1684 sed
832 1631 1005 1685 etiam
1027 1647 1217 1687 coram
1238 1629 1488 1684 omnibus
1511 1628 1752 1684 homini-
1774 1654 1824 1713 Β
1858 1651 1878 1675 ‹‹
1924 1628 2207 1693 habentes,
2258 1627 2543 1682 abundetis
2590 1628 2645 1681 in
2678 1644 2838 1683 omne
2872 1645 3007 1699 opus
3041 1630 3262 1696 bonum,
3310 1631 3449 1687 sicut

158 1720 267 1772 bus.
300 1718 481 1772 Nemo
526 1718 670 1772 enim
701 1717 904 1788 aliquid
952 1718 1301 1789 vituperabile
1345 1718 1537 1789 poterit
1569 1717 1752 1788 suspi-

158 1806 287 1875 cari,
324 1806 418 1859 ubi
468 1813 543 1860 tot
590 1806 816 1861 idoneos
868 1814 1032 1861 testes
1081 1807 1296 1862 viderit.
1331 1808 1391 1860 In
1432 1807 1537 1861 hoc
1583 1806 1751 1861 verbo

159 1894 302 1948 Pauli
336 1894 640 1964 concipitur
670 1895 815 1965 quod
848 1896 939 1965 qui
969 1912 1029 1950 se
1058 1895 1221 1950 talem
1260 1895 1476 1949 exhibet
1506 1902 1562 1948 ut
1593 1895 1659 1949 de
1691 1909 1756 1949 eo

159 1982 371 2036 sinistra
418 1982 591 2052 possit
637 1982 766 2037 oriri
814 1983 1069 2053 suspicio,
1106 1983 1269 2038 etiam
1302 1983 1348 2037 si
1377 1999 1486 2037 non
1516 1982 1584 2036 sit
1630 1998 1755 2036 reus

160 2070 299 2135 inde,
352 2078 543 2141 peccat
592 2079 790 2138 tamen,
824 2071 972 2135 dum,
1014 2088 1114 2142 per
1165 2071 1555 2143 negligentiam
1604 2086 1755 2124 suam

164 2159 340 2213 minus
388 2159 617 2229 provide
663 2175 857 2232 agens,
918 2161 971 2213 in
1015 2160 1183 2214 fratre
1231 2160 1455 2215 suscitat
1520 2159 1753 2229 culpam.

164 2249 293 2301 Cum
336 2248 458 2301 Tito
508 2257 687 2302 autem
736 2256 789 2303 et
836 2264 957 2304 cum
1006 2248 1100 2303 illo
1148 2249 1255 2303 alio
1302 2249 1468 2305 fratre
1514 2248 1759 2302 misimus

163 2336 325 2390 etiam
340 2339 588 2406 fratrem
610 2341 871 2392 nostrum
893 2354 1055 2409 quem
1077 2339 1139 2392 in
1160 2339 1360 2393 multis
1378 2338 1754 2408 probavimus,

163 2433 209 2479 et
238 2442 387 2496 διξερε
419 2426 730 2480 sollicitum
760 2443 877 2481 esse
907 2426 975 2480 de
1006 2426 1180 2480 vobis.
1216 2427 1369 2481 Hunc
1400 2426 1623 2481 fratrem
1652 2442 1760 2481 non

164 2513 405 2567 nominat
430 2532 444 2579 ;
478 2514 573 2567 sed
590 2514 863 2568 credimus
885 2514 1024 2569 hunc
1055 2531 1176 2569 esse
1207 2515 1421 2585 Apollo,
1443 2514 1763 2584 episcopum

166 2617 377 2666 eorum,
414 2602 523 2672 qui,
558 2602 612 2656 in
640 2602 812 2672 prima
844 2602 1087 2672 Epistola
1125 2612 1346 2675 rogatus
1376 2618 1408 2657 a
1439 2602 1626 2669 Paulo,
1658 2619 1762 2657 no-

164 2691 257 2744 luit
289 2690 373 2744 ire
405 2690 456 2759 (I
482 2691 600 2747 Cor.
642 2706 762 2759 xvr,
801 2694 908 2761 12),
944 2691 1170 2746 audiens
1212 2691 1334 2746 illos
1383 2692 1556 2746 adhuc
1588 2691 1764 2745 incor-

165 2787 380 2844 rectos;
417 2780 515 2832 sed
547 2795 689 2834 nunc
718 2779 898 2833 audito
928 2796 1027 2849 per
1054 2780 1229 2835 Titum
1260 2780 1404 2851 quod
1434 2788 1617 2835 essent
1647 2796 1765 2835 cor—

164 2868 322 2933 recti,
353 2867 645 2922 revertitur
672 2868 740 2921 ad
761 2868 901 2922 illos.
926 2869 1060 2924 Dico
1082 2885 1202 2923 eum
1226 2868 1393 2924 fuisse
1415 2870 1724 2925 sollicitum
1747 2889 1764 2935 ;

162 2957 258 3012 sed
286 2955 481 3012 sciatis
512 2974 665 3012 nunc
700 2958 881 3012 multo
911 2959 1301 3014 sollicitiorem
1330 2974 1452 3013 esse
1486 2959 1553 3012 de
1583 2966 1767 3013 vestra

165 3045 363 3111 salute,
398 3045 745 3113 conﬁdentia
775 3046 960 3100 multa
992 3046 1172 3100 habita
1200 3047 1262 3101 in
1309 3047 1476 3115 vobis,
1509 3049 1623 3101 sive
1664 3062 1767 3118 pro

170 3136 291 3189 Tito
326 3133 421 3204 qui
453 3134 848 3188 commendavit
887 3134 1277 3189 correctionem
1327 3135 1494 3189 vestri
1525 3134 1618 3199 illi,
1653 3137 1769 3191 sive

164 3238 263 3292 pro
300 3221 393 3276 his
425 3223 523 3294 qui
550 3225 687 3276 sunt
718 3226 930 3292 fratres
955 3223 1157 3288 nostri,
1185 3222 1239 3276 id
1270 3231 1352 3278 est
1374 3230 1425 3277 et
1456 3239 1555 3293 pro
1578 3224 1695 3277 Tito
1719 3230 1772 3277 et

168 3326 268 3379 pro
292 3310 403 3365 his.
439 3310 540 3363 Pro
564 3310 681 3365 Tito
700 3310 842 3375 dico,
879 3312 975 3382 qui
1003 3315 1086 3366 est
1116 3312 1298 3366 socius
1326 3327 1484 3366 meus
1514 3311 1569 3365 in
1600 3311 1772 3366 omni-

165 3398 286 3461 bus,
307 3406 379 3463 _et
409 3398 644 3453 maxime
674 3399 882 3466 adjutor
911 3398 965 3451 in
996 3399 1171 3465 vobis,
1208 3406 1258 3454 et
1281 3416 1379 3470 pro
1411 3399 1494 3452 his
1525 3400 1616 3470 qui
1649 3407 1774 3453 sunt

166 3486 373 3541 fratres
404 3486 579 3540 nostri
609 3487 864 3558 apostoli,
889 3487 942 3540 id
965 3496 1045 3541 est
1067 3487 1231 3557 legati
1252 3488 1633 3544 Ecclesiarum
1655 3488 1775 3560 glo-

167 3576 265 3630 ria:
304 3574 542 3639 Christi,
576 3574 631 3628 id
662 3582 744 3628 est
772 3575 839 3628 ad
866 3575 1271 3645 praedicandum
1302 3576 1531 3649 gloriam
1553 3576 1772 3631 Christi.

168 3665 232 3717 Et
294 3663 428 3734 quia
476 3672 585 3717 tam
632 3663 886 3733 probatas
932 3680 1197 3734 personas
1245 3666 1315 3719 ad
1364 3681 1459 3720 vos
1508 3666 1773 3720 misimus.

170 3754 316 3823 Ergo
363 3751 633 3805 ostendite
681 3752 735 3805 in
778 3752 900 3807 illos
948 3752 1265 3808 charitatem
1313 3763 1568 3821 vestram,
1603 3763 1652 3810 et
1701 3755 1779 3823 (ut

169 3841 295 3911 plus
321 3839 525 3907 dicam)
554 3840 822 3895 ostendite
843 3840 897 3894 in
917 3841 1038 3895 illos
1055 3843 1429 3898 ostensionem
1453 3861 1573 3915 qua,
1592 3851 1777 3898 osten-

169 3931 252 3984 sio
286 3933 375 3983 est
406 3929 711 3984 charitatis
740 3934 957 3985 vestrae.
994 3930 1048 3985 Si
1070 3930 1213 3985 enim
1235 3946 1333 3986 vos
1362 3932 1609 4004 ingratos
1632 3932 1783 3986 exhi-

170 4016 430 4085 bueritis,
463 4017 639 4087 palam
686 4018 787 4072 erit
817 4034 914 4073 vos
943 4009 1009 4073 ex
1059 4019 1250 4074 timore
1281 4021 1425 4091 quod
1456 4020 1511 4074 in
1540 4021 1782 4091 peccatis

170 4106 360 4171 eratis,
391 4114 448 4160 et
477 4122 586 4160 non
618 4123 682 4162 ex
714 4107 973 4162 charitate
1020 4108 1362 4163 ministrasse
1386 4108 1510 4178 Tito.
1538 4116 1590 4164 et
1620 4110 1740 4163 aliis
1765 4129 1780 4174 ;

172 4196 272 4249 sed
315 4194 629 4267 benignitas
678 4204 856 4251 vestra
905 4213 1048 4252 nunc
1096 4197 1165 4251 ad
1216 4197 1348 4252 istos
1398 4196 1634 4252 exhibita
1682 4197 1785 4252 erit

174 4283 426 4337 ostensio
480 4292 673 4338 vestrae
718 4284 1016 4351 charitatis,
1052 4285 1175 4357 quia
1222 4286 1542 4356 approbabit
1592 4302 1688 4341 vos
1719 4302 1785 4340 ex

172 4372 441 4468 charitate
469 4370 666 4427 fecisse
694 4375 837 4444 quod
865 4373 1015 4468 prius
1036 4374 1258 4468 fecistis.
1296 4375 1587 4468 Oste-ndite
1618 4375 1781 4429 etiam
1806 4374 1858 4433 D
1891 4404 2046 4468 ιατίο,

176 4461 557 4515 ostensionem
590 4466 794 4517 nostrae
821 4463 1011 4533 gloriae
1033 4462 1230 4517 habitae
1251 4463 1395 4533 apud
1417 4462 1539 4517 illos
1567 4480 1667 4535 pro
1698 4481 1789 4521 v0-

176 4550 301 4616 bis;
331 4548 568 4603 multum
617 4549 760 4604 enim
809 4550 1068 4621 gloriatus
1118 4568 1239 4604 sum
1270 4558 1321 4605 et
1367 4551 1593 4621 promisi
1642 4550 1787 4622 quod

178 4636 490 4693 honoriﬁce
524 4653 617 4692 eos
647 4638 972 4708 suscipietis.
1029 4639 1315 4694 Ostendite
1363 4640 1485 4694 dico
1532 4640 1594 4694 in
1640 4642 1789 4711 facie

176 4734 500 4781 caterarum
536 4726 933 4793 Ecclesiarum,
968 4735 1024 4781 ut
1052 4743 1150 4782 vos
1168 4727 1282 4781 sitis
1314 4726 1478 4782 facies
1510 4736 1562 4782 et
1594 4727 1785 4797 forma,

178 4831 423 4885 quorum
452 4814 789 4889 similitudini
819 4815 1197 4887 imprimantur
1226 4816 1346 4871 alia:
1370 4816 1652 4872 Ecclesiae.

818 4974 1041 5031 CAPUT
1071 4975 1168 5029 IX.

258 5130 281 5159 ς
318 5107 469 5163 Nam
499 5106 568 5162 de
599 5107 899 5162 ministerio
932 5124 1049 5178 quae
1079 5106 1138 5161 ﬁt
1165 5107 1220 5161 in
1251 5116 1490 5175 sanctos,
1526 5124 1592 5163 ex
1622 5108 1793 5165 abun-

186 5220 206 5244 α
253 5197 413 5252 danti
430 5204 516 5251 est
544 5196 675 5249 mihi
696 5197 934 5251 scribere
956 5196 1129 5251 vobis.
1164 5197 1288 5252 Scio
1310 5196 1454 5251 enim
1484 5206 1795 5267 promptum

184 5307 206 5334 ι
251 5287 507 5340 animum
536 5294 795 5351 vestrum,
828 5301 929 5356 pro
962 5301 1070 5356 quo
1110 5286 1178 5340 de
1208 5286 1365 5341 vobis
1417 5285 1621 5357 glorior
1651 5286 1796 5357 apud

185 5394 208 5422 ι
254 5375 595 5429 Macedones
619 5392 633 5439 ;
666 5373 921 5445 quoniam
943 5382 994 5429 et
1026 5374 1221 5429 Achaia
1246 5381 1433 5444 parata
1462 5382 1544 5429 est
1563 5375 1630 5428 ab
1653 5390 1797 5429 anno

185 5486 205 5505 α
253 5462 565 5533 praeterito,
600 5470 652 5517 et
678 5469 863 5518 vestra
883 5462 1152 5518 aemulatio
1172 5462 1490 5533 provocavit
1510 5462 1795 5534 plurimos.

186 5574 206 5600 ε
256 5552 515 5607 Misimus
534 5560 715 5609 autem
736 5550 954 5622 fratres,
970 5559 1028 5607 ut
1042 5568 1110 5608 ne
1132 5552 1276 5623 quod
1288 5552 1588 5623 gloriamur
1610 5552 1678 5609 de
1697 5568 1799 5610 vo-

1856 1740 1877 1763 ‹‹
1923 1717 2182 1786 scriptum
2213 1724 2296 1771 est
2327 1734 2340 1770 :
2373 1716 2656 1787 Dispersit,
2687 1717 2835 1771 dedit
2871 1718 3224 1789 pauperibus,
3243 1719 3450 1788 justitia

1859 1826 1881 1855 α
1926 1806 2045 1873 ejus
2071 1813 2254 1859 manet
2283 1805 2337 1858 in
2368 1805 2624 1859 sarculum
2655 1806 2837 1861 szeculi
2868 1807 3065 1875 (Psat.,
3088 1823 3201 1874 0x1,
3235 1810 3308 1877 9).
3343 1806 3450 1875 Qui

1861 1918 1881 1941 α
1927 1903 2104 1948 autem
2141 1893 2480 1947 administrat
2510 1910 2695 1948 semen
2743 1894 3046 1961 seminanti,
3080 1903 3133 1950 et
3160 1912 3353 1966 panem
3379 1896 3448 1951 ad

1862 2001 1884 2031 α
1928 1982 2361 2036 manducandum
2402 1983 2696 2052 prazstabit.
2730 1984 2800 2037 Et
2846 1983 3217 2054 multiplicabit
3262 2000 3449 2040 semen

1862 2092 1883 2121 α
1929 2079 2190 2135 vestrum,
2225 2078 2278 2126 et
2324 2071 2544 2143 augebit
2590 2071 2926 2127 incrementa
2974 2071 3188 2143 frugum
3230 2073 3452 2141 justitia;

1863 2184 1883 2207 α
1932 2168 2157 2226 vestrae,
2208 2168 2266 2213 ut
2318 2160 2371 2213 in
2418 2160 2670 2214 omnibus
2718 2160 3033 2231 locupletati
3081 2161 3369 2217 abundetis
3398 2162 3454 2217 in

1866 2272 1885 2298 α
1931 2265 2149 2303 omnem
2181 2248 2600 2319 simplicitatem,
2631 2265 2753 2320 quae
2781 2258 3037 2319 operatur
3064 2266 3160 2321 per
3189 2266 3288 2305 nos
3319 2266 3437 2324 gra-

1866 2360 1887 2389 ι
1932 2338 2129 2392 tiarum
2160 2338 2427 2392 actionem
2458 2338 2593 2392 Deo.
2630 2336 2895 2405 Quoniam
2942 2338 3297 2393 ministerium
3346 2340 3453 2394 hu-

1867 2448 1889 2475 ι
1927 2428 2015 2495 jus
2047 2425 2206 2481 officii
2238 2442 2343 2480 non
2362 2425 2535 2480 solum
2558 2425 2771 2495 supplet
2794 2442 2855 2480 ea
2872 2443 2991 2497 quae
3013 2427 3209 2481 desunt
3230 2429 3451 2498 sanctis,

1869 2536 1890 2565 ι
1936 2515 2033 2570 sed
2064 2514 2228 2569 etiam
2257 2514 2498 2569 abundat
2526 2530 2625 2584 per
2652 2514 2845 2568 multas
2890 2516 3184 2587 gratiarum
3214 2517 3456 2573 actiones

1869 2627 1891 2655 α
1927 2601 1992 2657 in
2010 2604 2243 2658 Domino
2273 2619 2369 2673 per
2398 2603 2777 2674 probationem
2806 2603 3092 2658 ministerii
3120 2605 3297 2675 hujus,
3329 2606 3457 2678 glo-

1870 2715 1891 2743 α
1929 2692 2202 2747 rificantes
2231 2693 2405 2747 Deum
2435 2692 2491 2745 in
2520 2691 2832 2746 obedientia
2872 2693 3232 2748 confessionis
3261 2702 3457 2750 vestrm

1871 2804 1893 2832 α
1927 2782 1982 2836 in
2028 2781 2329 2853 Evangelio
2388 2780 2587 2835 Christi
2643 2788 2695 2836 et
2758 2780 3101 2851 simplicitate
3155 2783 3461 2838 communi-

1871 2894 1891 2919 ‹‹
1938 2870 2166 2927 cationis
2187 2878 2384 2925 vestrae
2402 2870 2457 2923 in
2476 2868 2598 2924 illos
2628 2878 2681 2925 et
2708 2870 2763 2923 in
2811 2885 3037 2937 omnes;
3063 2879 3115 2925 et
3145 2871 3199 2925 in
3220 2872 3460 2943 ipsorum

1873 2984 1893 3007 ιι
1937 2958 2317 3014 obsecratione
2346 2974 2445 3028 pro
2466 2957 2639 3025 vobis,
2674 2957 3096 3013 desiderantium
3118 2976 3216 3015 vos
3241 2968 3464 3031 propter

1871 3069 1893 3097 ι
1939 3047 2268 3102 eminentem
2298 3047 2533 3117 gratiam
2559 3046 2660 3101 Dei
2688 3046 2743 3100 in
2765 3047 2939 3103 vobis.
2975 3047 3189 3103 Gratias
3209 3063 3316 3121 ago
3345 3049 3462 3105 Deo

1871 3160 1890 3182 «ι
1940 3152 2103 3206 super
2128 3135 2485 3191 inenarrabili
2515 3135 2660 3190 dono
2691 3136 2829 3206 ejus.
2869 3156 2892 3187 ι

2501 3309 2817 3350 EXPOSITIO.

1942 3430 2011 3484 Ut
2040 3428 2354 3484 charitatem
2394 3436 2634 3483 vestram
2664 3428 2720 3482 in
2746 3428 2868 3482 illos
2916 3429 3235 3496 ostendatis,
3268 3430 3465 3486 admo-

1873 3533 1997 3572 neo.
2023 3518 2163 3570 Nam
2184 3517 2424 3571 scribere
2452 3517 2598 3571 vobis
2630 3516 2695 3572 de
2724 3517 3065 3582 ministerio,
3090 3518 3144 3571 id
3164 3526 3247 3571 est
3267 3519 3335 3573 de
3356 3518 3469 3574 col-

1874 3606 2026 3661 lectis
2078 3605 2203 3670 illis,
2254 3605 2400 3675 quod
2448 3604 2809 3659 ministerium
2841 3605 2910 3659 sit
2937 3605 3375 3661 transferendum
3403 3607 3468 3662 in

1876 3699 2121 3757 sanctos,
2156 3694 2224 3748 de
2245 3695 2371 3760 hoc,
2395 3693 2633 3765 inquam,
2655 3694 2899 3749 scribere
2914 3698 2999 3749 est
3016 3694 3162 3749 mihi
3189 3712 3263 3750 ea:
3292 3697 3471 3751 abun-

1877 3783 2059 3848 danti,
2092 3782 2143 3836 id
2167 3789 2250 3836 est
2268 3782 2600 3852 superﬂuum
2615 3782 2874 3851 judicavi.
2900 3784 3192 3854 Propterea
3208 3799 3273 3839 ex
3301 3785 3469 3839 abun-

1878 3872 2048 3937 danti,
2083 3873 2213 3942 quia
2240 3872 2353 3926 scio
2375 3873 2635 3926 animum
2662 3875 2912 3927 vestrum
2931 3876 3255 3944 promptum
3277 3888 3390 3929 esse
3405 3871 3473 3927 ad

1879 3960 2341 4026 ministrandum;
2387 3976 2487 4031 pro
2535 3976 2639 4032 quo
2684 3959 2890 4015 scilicet
2938 3952 3062 4031 quia
3101 3961 3271 4031 parati
3319 3962 3470 4028 estis,

1879 4052 2088 4120 glorior
2117 4049 2185 4103 de
2216 4047 2370 4103 vobis
2399 4048 2470 4101 ita
2500 4047 2553 4102 in
2572 4048 2833 4103 charitate
2863 4047 3094 4117 diffusis,
3113 4050 3264 4121 apud
3291 4050 3475 4105 Mace-

1882 4137 2075 4203 donas,
2110 4136 2317 4191 dicens.
2372 4138 2645 4205 Quoniam
2676 4152 2785 4191 non
2814 4137 2991 4191 solum
3039 4138 3351 4201 Corinthus,
3378 4137 3477 4193 sed

1883 4228 2059 4281 etiam
2088 4232 2202 4280 tota
2231 4226 2443 4280 Achaia
2491 4224 2590 4279 sub
2631 4224 2911 4291 Corintho,
2952 4230 3159 4297 parata
3189 4230 3274 4281 est
3301 4228 3477 4281 mini-

1885 4318 2068 4369 strare
2099 4316 2313 4369 sanctis
2329 4313 2397 4368 ab
2424 4328 2576 4368 anno
2597 4315 2904 4384 praeterito,
2924 4317 2980 4369 et
3000 4314 3079 4369 sic
3096 4318 3283 4370 vestra
3303 4331 3480 4371 (emu-

2080 4402 2133 4455 id
2165 4409 2246 4456 est
2293 4401 2520 4456 imitatio
2564 4402 2883 4473 provocavit
2929 4403 3205 4475 plurimos
3235 4403 3305 4458 ad
3334 4404 3479 4460 idem

1888 4490 2216 4547 faciendum.
2269 4490 2570 4545 Videndum
2618 4499 2701 4545 est
2730 4498 2927 4561 quanta
2961 4491 3253 4546 subtilitate
3283 4492 3483 4547 Paulus

1889 4580 1943 4633 in
1973 4579 2183 4650 primis,
2216 4578 2465 4649 exemplo
2494 4565 2871 4645 Macedonum,
2898 4578 3118 4635 inducat
3148 4580 3477 4646 Corinthios,

1890 4683 2035 4723 nunc
2063 4684 2092 4722 e
2122 4683 2383 4723 converso
2413 4668 2741 4722 Macedonas
2779 4668 3028 4738 exemplo
3058 4668 3479 4723 Corinthiorum.

1890 4758 1957 4810 Et
1984 4757 2111 4811 licet
2141 4756 2356 4810 animus
2384 4764 2565 4812 vester
2591 4764 2876 4827 promptus
2905 4756 2991 4822 sit,
3016 4764 3197 4811 tamen
3222 4756 3484 4812 misimus

1891 4844 1962 4899 ad
1992 4860 2081 4900 vos
2101 4845 2202 4899 hos
2221 4848 2474 4916 fratres;
2506 4849 2572 4900 ut
2601 4844 2741 4916 quod
2766 4846 3080 4916 gloriamur
3099 4844 3243 4916 apud
3263 4843 3397 4899 alios
3417 4843 3486 4901 de

1893 4933 2058 4999 vobis,
2112 4949 2184 4988 ne
2234 4937 2556 5001 evacuatur,
2589 4933 2645 4988 id
2693 4941 2776 4988 est
2804 4950 2913 4989 non
2944 4934 3256 4988 destruatur
3284 4933 3348 4989 in
3380 4933 3486 4990 hac

1890 5026 2075 5093 parte,
2105 5020 2159 5075 id
2182 5030 2264 5077 est
2293 5022 2347 5075 in
2371 5029 2565 5093 parata
2594 5021 3084 5077 administratione.
3104 5021 3369 5089 Misimus,
3398 5020 3490 5076 in-

1896 5125 2079 5181 quam,
2111 5114 2196 5179 ut,
2231 5110 2697 5183 quemadmodum
2725 5111 2779 5164 in
2811 5110 2915 5165 alia
2962 5110 3191 5182 epistola
3237 5112 3361 5167 dixi
3385 5127 3492 5183 pa-

1895 5199 2014 5254 rati
2034 5200 2177 5265 sitis,
2187 5215 2414 5265 ne,cum
2434 5200 2754 5256 Macedones
2774 5216 2995 5255 mecum
3010 5202 3272 5256 venerint
3286 5199 3356 5254 ad
3368 5214 3486 5264 vos,

1898 5291 1953 5342 et
1974 5288 2303 5344 invenerint
2322 5304 2413 5343 vos
2434 5289 3165 5360 imparatos,erubescamus
3180 5303 3282 5343 nos
3302 5289 3363 5342 in
3384 5286 3490 5341 hac

1898 5376 2240 5443 substantia,
2272 5376 2328 5430 id
2358 5384 2441 5431 est
2486 5377 2831 5449 eleemosyna
2872 5393 2984 5433 non
3027 5382 3348 5448 praeparata.
3382 5373 3492 5432 Nos

1899 5464 2022 5521 dico
2053 5467 2443 5522 erubescamus
2473 5473 2530 5519 ut
2558 5480 2667 5520 non
2697 5465 2945 5522 dicamus
2977 5465 3124 5536 quod
3160 5479 3259 5520 vos
3287 5460 3491 5517 erube-

1901 5553 2083 5622 scatis,
2119 5554 2211 5627 qui
2238 5554 2424 5626 utique
2455 5554 2503 5609 si
2521 5554 2778 5624 imparati
2806 5553 2957 5621 estis,
2981 5552 3175 5609 merito
3205 5550 3498 5609 erubesce-
