3960 6050
451 123 556 177 259

1014 122 1071 177 S.
1119 119 1473 179 BRUNONIS
1512 116 2160 179 CARTHUSIANORUM
2193 117 2676 177 INSTITUTORIS
2713 119 2866 177 OPP.
2908 121 3083 179 PARS
3118 122 3186 193 Il.

3642 122 3751 180 260

447 243 534 298 tis.
566 242 993 315 Eleemosynam
1021 254 1185 302 vocat
1214 245 1569 302 substantiam
1599 265 1613 302 :
1649 246 1777 320 quia
1803 263 1904 318 per
1933 260 2053 301 eam
2074 244 2132 305 Δ
2155 241 2326 315 gratia
2356 244 2411 301 in
2439 246 2845 318 temporalibus.
2885 246 3126 320 Augebit
3169 246 3341 302 etiam
3370 244 3561 301 merito
3589 244 3746 301 elee-

446 331 793 388 subsistimus
822 333 875 388 in
905 334 1183 405 praesenti.
1225 336 1293 390 Et
1323 335 1447 408 quia
1476 352 1575 392 vos
1618 336 1916 407 imparatos
1944 350 2052 388 no-
2151 348 2502 406 mosynarum
2531 335 2765 407 frugem,
2798 335 2853 391 id
2881 344 2963 391 est
2991 334 3246 389 meritum
3282 333 3507 404 justitiae
3554 341 3750 389 vestra:

443 420 539 488 lui,
569 437 697 494 ergo
719 424 1049 479 existimavi
1070 426 1456 480 necessarium
1488 441 1680 497 rogare
1698 426 1799 481 hos
1815 427 2048 496 fratres,

447 513 514 565 ut
528 512 887 582 praeveniunt
904 527 991 566 me
1014 512 1089 568 ad
1109 529 1219 580 vos,
1241 517 1297 568 et
1321 529 1411 570 vos
1439 516 1766 585 prwparent
1797 511 2052 568 benedic—

455 600 666 654 tionem
697 598 1188 671 eleemosynarum,
1211 616 1321 655 non
1350 601 1648 672 parandam
1669 616 1793 656 cum
1823 615 2047 668 venero,

446 687 544 742 sed
577 704 703 747 esse
730 693 996 763 {oratam
1028 709 1045 745 :
1073 690 1217 745 hanc
1243 689 1683 745 benedictionem
1714 688 1838 745 dico
1855 703 2049 760 repro-

448 775 674 831 missam
704 791 738 831 a
766 776 921 832 vobis
946 795 960 844 ;
991 777 1172 832 videte
1200 794 1270 833 ne
1300 778 1352 832 in
1384 777 1652 849 promisso
1692 776 1939 833 inﬁdeles
1970 777 2050 831 si-

449 863 537 919 tis.
570 867 903 936 Prwparent
923 865 1068 932 dico,
1089 866 1556 933 benedictionem,
1582 866 1680 934 sic,
1706 869 1867 940 quasi
1888 867 2049 923 bene-

450 953 776 1022 dictionem,
808 954 863 1009 id
891 962 974 1009 est
1004 954 1219 1026 largam
1249 955 1616 1021 donationem,
1649 959 1707 1012 et
1732 971 1849 1011 non
1890 956 2050 1028 quasi

448 1042 772 1098 avaritiam.
816 1042 874 1098 Si
917 1043 1063 1097 enim
1110 1043 1384 1099 modicum
1431 1044 1576 1109 dant,
1610 1043 1783 1115 magis
1830 1042 2050 1098 avaritia

441 1130 772 1199 judicabitur
821 1147 981 1202 quam
1023 1132 1248 1187 donum.
1302 1132 1439 1187 Volo
1469 1139 1527 1187 ut
1556 1131 1663 1203 ipsi
1690 1139 2000 1203 praeparent
2031 1151 2045 1199 ;

447 1234 552 1291 ego
582 1219 745 1274 etiam
764 1219 987 1291 propria
1008 1235 1143 1276 voce
1167 1219 1265 1276 hoc
1295 1220 1473 1291 ipsum
1503 1221 1665 1287 dico;
1698 1227 1750 1275 et
1780 1220 2049 1275 admoneo

447 1315 507 1362 ut
530 1306 815 1364 affluenter
835 1307 994 1374 detis,
1022 1309 1153 1380 quia
1183 1310 1279 1381 qui
1294 1325 1466 1381 parce
1487 1310 1754 1376 seminat,
1778 1308 1832 1363 id
1856 1315 1938 1363 est
1959 1307 2049 1379 qui

448 1411 614 1452 avare
635 1396 1039 1466 eleemosynam
1069 1396 1182 1463 dat,
1216 1400 1392 1451 metet
1424 1396 1664 1468 quidem,
1690 1395 1745 1449 id
1763 1403 1845 1451 est
1866 1412 2049 1451 remu-

447 1484 744 1551 nerabitur,
779 1484 877 1539 sed
910 1500 1097 1557 parce.
1134 1484 1415 1539 Seminare
1462 1484 1595 1540 dicit
1644 1484 2050 1555 eleemosynam

449 1573 602 1639 dare,
637 1573 782 1645 quia,
817 1572 955 1629 sicut
984 1572 1076 1628 ille
1107 1572 1199 1645 qui
1231 1573 1483 1639 seminat,
1509 1573 1576 1627 ad
1597 1589 1841 1644 praesens
1870 1572 2046 1644 perdit
2067 1596 2120 1657 B

449 1661 682 1733 quodin
726 1660 902 1717 futuro
950 1661 1370 1732 multiplicatum
1414 1661 1662 1733 recipiat,
1706 1661 1787 1718 sic
1834 1661 1926 1733 qui
1954 1661 2048 1716 dat

448 1751 872 1821 eleemosynam,
906 1749 977 1805 ad
1006 1766 1248 1821 praesens
1293 1748 1471 1821 perdit
1518 1750 1665 1822 quod
1712 1749 2046 1823 centuplica-

446 1846 562 1894 tum
588 1838 809 1911 colliget
835 1838 893 1893 in
919 1837 1115 1910 gloria.

517 1926 623 1997 Qui
648 1926 876 1982 seminat
895 1942 1082 1998 parce,
1097 1933 1263 1982 metet
1284 1942 1453 1997 parce
1477 1941 1489 1981 :
1514 1930 1569 1983 et
1591 1929 1686 2001 qui
1706 1930 1953 1984 seminat
1982 1930 2047 1983 in

346 2004 357 2021 ’
446 2016 948 2083 benedictionibus,
971 2015 1027 2070 id
1057 2024 1138 2071 est
1167 2016 1222 2069 in
1243 2014 1513 2070 afﬂuentia
1537 2015 1720 2081 dandi,
1745 2016 1833 2073 hic
1862 2016 2048 2088 utique

446 2107 625 2160 metet
644 2105 709 2159 de
739 2103 1240 2170 benedictionibus,
1264 2103 1320 2157 id
1341 2110 1424 2158 est
1444 2104 1512 2159 de
1533 2104 1771 2174 copiosis
1793 2120 2047 2160 remune-

447 2192 763 2248 rationibus.
797 2192 886 2258 Et,
919 2191 1047 2247 licet
1079 2190 1216 2246 adeo
1263 2190 1546 2248 afﬂuenter
1588 2193 1718 2247 dare
1766 2193 2043 2259 suadeam,

450 2289 632 2336 tamen
661 2281 1044 2352 unusquisque
1072 2279 1272 2334 tribuat
1318 2285 1491 2352 prout
1521 2281 1849 2352 destinavit,
1881 2281 1934 2336 id
1965 2289 2049 2337 est

451 2369 589 2425 sicut
617 2369 797 2440 posuit
824 2370 889 2424 in
918 2368 1079 2425 corde
1107 2384 1226 2438 suo,
1260 2367 1315 2423 id
1346 2376 1429 2423 est
1457 2385 1522 2424 ex
1560 2368 1786 2424 arbitrio
1812 2370 2048 2441 propriae

449 2457 761 2514 voluntatis.
796 2458 917 2513 Non
964 2456 1208 2511 tribuens
1256 2473 1331 2513 ea:
1380 2457 1646 2525 tristitia,
1697 2465 1754 2512 ut
1781 2458 1959 2514 doleat
1987 2476 2047 2515 se

451 2546 709 2602 tribuere.
733 2547 847 2601 Aut
867 2561 940 2602 ea:
960 2546 1300 2602 necessitate
1322 2552 1511 2602 coacta
1530 2545 1806 2602 voluntate
1826 2547 2045 2601 tribuat.

447 2635 641 2691 Posset
664 2633 811 2690 enim
838 2641 1058 2691 coactus
1086 2633 1248 2701 velle,
1281 2641 1462 2690 tamen
1485 2633 1602 2689 sine
1631 2633 1867 2691 tristitia.
1899 2636 2043 2702 Non,

449 2723 693 2796 inquam,
728 2739 796 2779 ex
837 2722 1184 2789 necessitate,
1219 2722 1316 2778 sed
1347 2738 1414 2779 ex
1458 2722 1745 2779 hilaritate.
1797 2725 2049 2780 Hilarem

449 2814 604 2868 enim
633 2812 889 2868 datorem
917 2811 1110 2882 diligit
1139 2812 1303 2877 Deus,
1329 2810 1417 2882 qui
1439 2810 1630 2866 hilaris
1652 2812 1824 2867 hilare
1843 2812 2048 2868 donum

346 2938 361 2953 ι
447 2899 656 2957 tribuit.
689 2900 954 2971 Supponit
982 2915 1176 2956 causas
1222 2915 1387 2971 quare
1413 2899 1659 2956 hilariter
1687 2900 1922 2956 dandum
1955 2901 2043 2968 sit,

452 2989 581 3062 quia
603 2988 992 3060 temporalibus
1028 2987 1090 3045 1
1105 2987 1259 3046 8⁸7
1296 2987 1455 3044 bonis
1479 2997 1744 3059 praeterea
1764 2989 2048 3044 virtutibus

450 3078 508 3134 in
535 3077 828 3150 praesenti;
862 3077 919 3131 in
941 3077 1120 3132 futuro
1151 3076 1361 3134 caelesti
1390 3077 1566 3150 gloria
1581 3079 1774 3135 merito
1805 3078 2046 3135 eleemo-

450 3184 601 3240 synae
647 3165 964 3232 abundabit,
1015 3165 1255 3221 dicens:
1298 3167 1434 3221 Date
1481 3166 1536 3220 in
1584 3167 1871 3235 hilaritate,
1922 3168 2049 3239 quia

447 3260 648 3329 potens
687 3259 773 3311 est
797 3257 944 3311 Deus
990 3253 1279 3310 abundare
1325 3257 1516 3326 facere
1545 3254 1608 3311 in
1637 3258 1784 3312 vobis
1822 3273 2047 3312 omnem

450 3346 721 3415 gratiam,
744 3342 799 3397 id
827 3352 909 3397 est
930 3350 981 3397 et
994 3341 1211 3413 c0piam
1238 3342 1635 3414 temporalium,
1652 3352 1704 3399 et
1724 3344 1970 3410 virtutes,
1994 3352 2048 3399 et

451 3431 684 3487 futuram
704 3430 958 3505 gloriam,
977 3430 1054 3486 ita
1072 3435 1140 3486 ut
1158 3446 1256 3486 vos
1276 3448 1498 3504 semper
1527 3432 1794 3489 habentes
1824 3449 2049 3489 omnem

450 3522 895 3593 sufﬁcientiam;
924 3528 976 3574 et
1003 3521 1068 3575 in
1096 3520 1374 3586 omnibus,
1406 3520 1462 3575 id
1492 3528 1572 3576 est
1601 3520 1657 3575 in
1704 3520 1936 3594 singulis
1962 3521 2048 3577 his

450 3609 660 3682 gratiis.
683 3609 977 3674 Habentes,
997 3607 1238 3679 inquam,
1260 3625 1488 3665 omnem
1509 3617 1562 3665 et
1581 3610 1645 3665 in
1675 3611 1931 3666 omnibus
1952 3610 2049 3666 dc-

451 3698 651 3754 siderio
666 3698 856 3752 harum
868 3695 1163 3768 gratiarum
1183 3697 1484 3753 abundetis
1514 3700 1579 3754 in
1599 3714 1763 3754 omne
1794 3714 1929 3770 opus
1955 3699 2047 3755 bo-

451 3803 594 3843 num
621 3793 680 3840 ut
708 3785 1113 3855 eleemosynam
1141 3793 1196 3840 et
1221 3784 1445 3856 copiose
1474 3793 1528 3841 et
1556 3786 1817 3853 hilariter,
1850 3786 2046 3842 iterum

452 3882 561 3929 tam
588 3873 645 3929 in
673 3873 868 3929 vestitu
896 3888 1057 3943 quam
1084 3871 1138 3927 in
1165 3873 1311 3929 victu
1342 3874 1460 3930 sine
1490 3874 1637 3931 omni
1686 3874 1914 3947 querela
1942 3875 2045 3929 tri-

451 3961 651 4017 bustis.
683 3960 1002 4027 Abundetis,
1036 3960 1179 4028 dico,
1211 3961 1268 4016 in
1313 3962 1419 4020 hoc
1464 3980 1603 4035 opus
1642 3963 1865 4031 bonum,
1897 3964 2047 4022 sicut

455 4053 733 4124 scriptum
753 4054 837 4107 est
852 4048 907 4104 in
928 4049 1140 4121 psalmo
1161 4050 1229 4107 de
1250 4051 1682 4124 eleemosynario
1695 4054 1844 4123 justo
1864 4052 2043 4123 (Psal.

454 4155 569 4207 cxx,
600 4139 677 4213 9).
708 4139 1005 4212 Dispersit,
1035 4137 1093 4193 id
1125 4148 1207 4194 est
1236 4157 1347 4197 non
1393 4142 1506 4209 uni,
1540 4143 1639 4198 sed
1682 4141 1916 4198 diversis
1946 4157 2047 4197 sua

454 4231 597 4287 bona
615 4227 906 4294 distribuit,
930 4242 1034 4283 nec
1062 4226 1361 4287 intentione
1374 4231 1671 4303 recipiendi
1695 4249 1710 4299 ;
1743 4230 1842 4286 sed
1869 4230 2042 4296 dedit,

414 4305 431 4322 ’
452 4335 557 4376 nec
584 4319 664 4375 eis
692 4318 786 4391 qui
814 4333 923 4374 non
952 4326 1199 4388 egerent,
1232 4320 1330 4375 sed
1356 4321 1695 4393 pauperibus
1722 4328 1775 4376 et
1801 4320 1926 4375 ideo
1949 4322 2045 4393 ju-
2064 4310 2117 4370 D
2151 4339 2172 4363 «

453 4409 640 4477 stitia,
655 4408 710 4464 id
731 4408 1073 4465 estmeritum
1086 4408 1327 4479 jnstitiae,
1343 4410 1464 4481 ejus
1480 4414 1783 4481 permanet
1797 4410 1863 4465 in
1884 4414 2048 4465 ceter-

454 4515 617 4555 num.

524 4586 841 4660 Opponeret
868 4589 1065 4663 aliquis
1097 4606 1110 4644 :
1143 4587 1287 4644 Malo
1314 4586 1445 4642 mihi
1486 4587 1543 4642 in
1571 4587 1810 4643 futurum
1859 4602 2046 4642 reser—
2104 4629 2110 4637 .
2151 4606 2173 4630 ‹‹

452 4693 581 4735 vare
614 4692 778 4749 quam
806 4679 971 4735 modo
999 4678 1341 4750 dispergere,
1362 4684 1415 4732 et
1441 4675 1497 4731 in
1529 4684 1769 4747 tempore
1790 4675 2047 4747 egestatis

453 4765 718 4840 indigere.
765 4768 966 4823 Contra
993 4766 1099 4823 hoc
1142 4765 1338 4821 Paulus
1381 4780 1659 4836 exponens
1712 4764 1873 4820 etiam
1918 4763 2046 4835 quid

453 4870 619 4926 supra
645 4855 991 4922 intellexerit,
1024 4855 1213 4911 dicens
1259 4869 1479 4909 omnem
1517 4853 1771 4925 gratiam.
1822 4851 2047 4908 Debetis

452 4943 640 5015 utique
669 4943 948 5000 abundare
976 4943 1030 4998 in
1060 4959 1221 4999 omne
1249 4958 1386 5013 opus
1417 4942 1644 5009 bonum,
1675 4941 1803 5014 quia
1830 4940 1920 4996 ille
1950 4942 2046 5014 qui

453 5032 827 5088 administrat
850 5049 1042 5089 semen
1069 5032 1402 5098 seminanti,
1420 5030 1477 5086 id
1507 5038 1590 5086 est
1608 5046 1696 5086 res
1716 5029 2046 5102 temporales

454 5119 860 5193 eleemosynam
888 5121 1033 5176 danti
1057 5139 1072 5189 ;
1104 5120 1195 5176 ille
1223 5121 1401 5176 etiam
1426 5120 1719 5192 praestabit
1752 5135 1959 5192 panem
1988 5118 2046 5172 in

452 5209 699 5282 sequenti
726 5225 892 5277 anno,
923 5225 1033 5265 non
1060 5208 1128 5264 ad
1175 5208 1617 5279 superﬂuitatem,
1651 5208 1749 5264 sed
1777 5208 1849 5264 ad
1872 5223 2044 5263 man-

453 5285 796 5355 ducandum.
834 5298 1229 5371 Multiplicabit
1258 5297 1421 5352 etiam
1466 5313 1657 5353 semen
1683 5301 1953 5362 vestrum,
1986 5301 2045 5350 ut

453 5386 737 5445 afﬂuenter
764 5387 1014 5444 habeatis
1041 5387 1114 5442 ad
1149 5386 1423 5442 iterandas
1471 5386 1865 5458 eleemosynas.
1896 5384 2044 5441 Ecce

2069 2952 2116 3013 C

2151 422 2205 477 in
2235 423 2390 479 vobis
2422 424 2612 480 habitae
2641 424 2758 480 sine
2804 424 2987 496 aliqua
3017 423 3392 480 distributione
3439 422 3754 493 eleemosy-

2150 527 2364 566 narum.
2426 513 2689 583 Augebit,
2740 512 2994 584 inquam,
3056 515 3475 569 incrementum
3519 514 3755 583 frugum

2142 597 2392 667 justitiaz
2420 601 2639 665 vestrae,
2673 612 2993 653 accrescere
3023 596 3229 653 faciens
3245 595 3498 651 meritum
3528 595 3755 667 privatae

2146 683 2369 752 justitim
2410 701 2512 755 per
2552 685 2802 741 meritum
2856 685 3261 755 eleemosynae;
3295 683 3368 738 ita
3413 682 3653 756 augebit,
3687 687 3757 740 ut

2151 787 2251 827 vos
2305 774 2638 845 locupletati
2678 773 2741 828 in
2790 772 3061 839 omnibus,
3104 779 3157 827 et
3204 771 3259 826 in
3304 770 3754 843 multiplicatione

2151 861 2395 930 seminis,
2430 869 2483 917 et
2512 861 2847 918 incremento
2885 861 3109 931 justitite
3135 860 3433 917 abundetis
3462 860 3657 915 merito
3687 863 3752 916 in

2149 966 2373 1007 omnem
2403 951 2848 1024 simplicitatem,
2883 950 2937 1004 id
2960 958 3044 1005 est
3064 950 3121 1004 in
3148 948 3444 1021 perfectam
3476 957 3528 1004 et
3550 948 3755 1020 simpli-

2149 1053 2268 1094 cem
2297 1039 2686 1111 erogationem.
2719 1040 2879 1095 Nunc
2933 1038 3126 1094 iterum
3171 1038 3356 1093 subdit
3400 1037 3561 1110 plura
3608 1037 3754 1092 bona

2149 1126 2219 1182 de
2248 1127 2611 1199 eleemosynis
2656 1127 3051 1199 provenientia,
3086 1127 3275 1184 dicens
3309 1142 3321 1181 :
3358 1127 3490 1194 Quae
3536 1125 3751 1197 simpli-

2149 1215 2285 1271 citas
2314 1221 2585 1289 operatur
2600 1233 2703 1291 per
2722 1233 2824 1273 nos
2842 1218 3126 1273 actionem
3146 1217 3467 1288 gratiarum
3488 1214 3754 1288 Deo,quia

2148 1304 2218 1359 de
2247 1304 2710 1361 administratione
2739 1312 2924 1361 vestra
2952 1304 3151 1377 gratias
3183 1304 3401 1377 agimus
3450 1304 3586 1369 Deo,
3620 1319 3751 1360 ecce

2149 1408 2316 1447 unum
2344 1393 2546 1448 bonum
2578 1409 2589 1447 :
2621 1394 2692 1448 Et
2734 1393 2926 1449 merito
2956 1393 3181 1465 gratias,
3219 1394 3487 1465 quoniam
3532 1393 3744 1447 minis-

2152 1482 2361 1537 terium
2391 1483 2561 1554 hujus
2591 1482 2779 1555 amcii,
2798 1481 2855 1537 id
2873 1489 2955 1537 est
2977 1481 3300 1536 ministratio
3320 1488 3516 1536 vestrm
3537 1479 3751 1551 simpli-

2149 1569 2325 1626 citatis
2354 1586 2470 1626 non
2486 1571 2667 1627 solum
2687 1571 2913 1643 supplet
2929 1587 2995 1626 ea
3024 1587 3149 1642 qua:
3168 1570 3373 1625 desunt
3403 1569 3638 1638 sanctis,
3657 1568 3753 1624 sed

2152 1660 2324 1716 etiam
2364 1658 2622 1715 abundat
2649 1661 2712 1714 in
2742 1660 2996 1725 Domino,
3028 1658 3085 1713 id
3115 1666 3195 1713 est
3225 1658 3278 1712 in
3309 1656 3488 1730 gloria
3532 1655 3752 1712 Domini

2148 1747 2360 1803 actione
2389 1747 2686 1819 gratiarum
2731 1747 2872 1804 facta
2899 1764 2997 1818 per
3024 1747 3243 1802 multos.
3285 1746 3545 1802 Abundat
3586 1745 3748 1801 etiam

2147 1852 2246 1907 per
2263 1836 2639 1907 probationem
2659 1835 2945 1891 ministerii
2976 1836 3156 1905 hujus,
3185 1835 3313 1907 quia
3344 1851 3535 1891 omnes
3558 1850 3757 1906 appro-

2148 1925 2280 1979 bant
2309 1932 2362 1979 et
2390 1923 2746 1996 magnificam
2789 1924 3098 1994 hujusmodi
3143 1923 3615 1979 ministrationem.
3648 1923 3754 1979 Per

2146 2013 2365 2079 multos,
2400 2013 2543 2083 dico,
2574 2014 2960 2086 gloriﬁcantes
2989 2015 3164 2070 Deum
3185 2014 3249 2069 in
3276 2011 3595 2071 obedientia
3623 2028 3752 2068 con-

2147 2102 2408 2169 fessionis
2437 2106 2658 2167 vestrce,
2689 2102 2743 2156 id
2776 2102 2927 2157 estin
2952 2118 3018 2158 eo
3040 2102 3184 2175 quod
3201 2100 3325 2157 ﬁdei
3348 2100 3751 2158 confessionem

2146 2189 2351 2246 fecistis
2408 2191 2463 2245 in
2522 2191 2827 2264 Evangelio
2889 2191 3091 2246 Christi
3141 2190 3226 2247 cui
3279 2189 3536 2257 creditis,
3597 2197 3650 2245 et
3695 2189 3750 2243 in

2147 2279 2470 2346 obedientia,
2496 2279 2621 2351 quia
2646 2278 2806 2335 ﬁdem
2831 2280 3097 2335 habentes
3127 2279 3457 2335 conﬁtemini
3489 2287 3540 2334 et
3568 2277 3750 2333 statim

2148 2367 2359 2423 Christo
2387 2367 2669 2423 obedistis.
2703 2366 3086 2424 Gloriﬁcantes
3118 2369 3281 2424 etiam
3309 2369 3483 2424 Deum
3512 2368 3575 2422 in
3606 2369 3747 2422 sim-

2146 2457 2409 2528 plicitate
2440 2458 2998 2522 communicationis,
3020 2457 3074 2512 id
3104 2464 3187 2513 est
3213 2457 3267 2512 in
3294 2472 3358 2512 eo
3378 2456 3524 2529 quod
3545 2453 3755 2527 simpli-

2146 2544 2285 2600 citer
2333 2561 2454 2617 quae
2483 2545 2708 2617 pr0pria
2738 2553 2864 2600 sunt
2912 2546 3219 2601 communia
3247 2545 3444 2602 facitis.
3488 2545 3755 2601 Commu-

2145 2632 2435 2689 nicationis
2465 2634 2588 2690 dico
2620 2633 2774 2690 factae
2803 2636 2865 2690 in
2896 2634 3019 2690 illos
3058 2638 3283 2692 sanctos
3324 2638 3379 2691 et
3426 2634 3490 2689 in
3534 2649 3749 2690 omnes.

2147 2720 2528 2778 Gloriﬁcantes
2559 2722 2720 2778 etiam
2752 2724 2815 2779 in
2857 2724 3237 2781 obsecratione
3284 2723 3528 2794 ipsorum
3555 2722 3752 2795 quibus

2144 2810 2475 2865 ministratis.
2525 2809 2917 2867 Obsecratione
2946 2812 3070 2867 dico
3118 2811 3262 2867 facta
3287 2827 3390 2885 pro
3422 2811 3573 2866 vobis
3601 2830 3620 2867 :
3651 2812 3746 2882 Ip-

2144 2914 2327 2954 sorum
2354 2898 2476 2955 dico
2506 2900 2950 2957 desiderantium
3007 2900 3189 2956 videre
3228 2916 3340 2955 vos.
3384 2900 3507 2955 Non
3553 2915 3651 2971 pro
3679 2914 3746 2954 eo

2149 2988 2294 3059 quod
2341 2988 2661 3058 temporalia
2700 2989 2834 3059 ipsis
2884 2988 3042 3057 datis,
3092 2989 3190 3045 sed
3224 2993 3457 3062 propter
3500 2989 3747 3061 gratiam

2147 3076 2246 3131 Dei
2276 3092 2441 3147 quam
2468 3076 2647 3133 sciunt
2674 3080 3022 3134 eminentem
3053 3094 3177 3133 esse
3207 3081 3269 3134 in
3318 3077 3487 3133 vobis.
3520 3077 3589 3132 Et
3618 3076 3749 3149 quia

2147 3172 2224 3219 tot
2250 3164 2396 3221 bona
2424 3166 2493 3221 de
2522 3167 2623 3222 hac
2650 3165 3111 3222 administratione
3157 3173 3585 3238 consequuntur,
3616 3166 3744 3221 ideo

2145 3255 2364 3324 gratias
2411 3270 2515 3327 ago
2547 3255 2655 3312 Deo
2700 3271 2886 3328 super,
2922 3255 2977 3310 id
3024 3262 3108 3311 est
3149 3256 3218 3310 de
3246 3256 3391 3311 dono
3439 3255 3558 3324 ejus
3599 3253 3746 3326 quod

2146 3342 2302 3397 vobis
2366 3342 2612 3413 contulit,
2678 3344 2887 3399 scilicet
2952 3344 3185 3415 gratiam
3252 3344 3744 3415 eleemosynarum.

2146 3430 2515 3501 Don0,'dic0,
2567 3432 2899 3501 enarrabili,
2942 3431 2997 3486 id
3050 3440 3133 3487 est
3178 3440 3235 3486 ut
3280 3432 3532 3486 omnibus
3579 3445 3746 3486 enar-

2147 3528 2297 3574 retur
2324 3519 2379 3574 in
2410 3520 2742 3591 exemplum.
2764 3520 2861 3576 Vel
2891 3520 3036 3575 dono
3066 3520 3461 3585 inenarrabili,
3499 3519 3746 3575 enarrari

2147 3607 2293 3663 enim
2358 3615 2636 3679 nequeunt
2701 3616 2832 3679 quot
2880 3607 3025 3664 bona
3088 3608 3156 3663 de
3193 3608 3297 3664 hoc
3360 3607 3504 3663 dono
3541 3621 3747 3678 prove-

2145 3696 2314 3752 niant.

2775 3766 2999 3824 CAPUT
3025 3767 3099 3822 X.

2222 3896 2243 3920 α
2280 3873 2403 3943 Ipse
2431 3880 2615 3927 autem
2642 3888 2748 3946 ego
2794 3872 2989 3929 Paulus
3037 3873 3266 3929 obsecro
3295 3888 3395 3929 vos
3438 3888 3540 3944 per
3574 3888 3741 3928 man-

2149 3981 2172 4011 α
2216 3960 2559 4016 suetudinem
2617 3969 2669 4017 et
2715 3961 3036 4018 modestiam
3085 3962 3300 4029 Christi,
3352 3961 3444 4033 qui
3489 3961 3546 4016 in
3600 3962 3743 4019 facie

2149 4073 2170 4097 «
2216 4050 2435 4122 quidem
2490 4051 2711 4105 humilis
2767 4068 2886 4107 sum
2944 4051 3083 4107 inter
3135 4067 3253 4119 vos,
3314 4052 3515 4107 absens
3562 4060 3740 4107 autem

2149 4162 2171 4186 ‹‹
2214 4138 2428 4195 conﬁdo
2476 4137 2531 4193 in
2578 4140 2734 4195 vobis
2779 4141 2936 4213 Rogo
2982 4148 3165 4196 autem
3212 4156 3328 4207 vos,
3380 4156 3451 4196 ne
3495 4155 3742 4212 praesens

2150 4251 2172 4275 α
2216 4229 2469 4295 audeam,
2492 4245 2590 4300 per
2617 4245 2741 4284 eam
2771 4228 3157 4285 conﬁdentiam
3188 4245 3296 4301 qua
3325 4228 3606 4284 existimor
3635 4244 3741 4283 au—

2216 4318 2348 4372 dere
2364 4316 2420 4371 in
2449 4317 2735 4390 quosdam,
2769 4317 2859 4389 qui
2880 4317 3210 4373 arbitrantur
3246 4316 3481 4374 188
3513 4332 3615 4372 nos
3631 4324 3747 4372 tan-

2150 4428 2173 4453 α
2218 4421 2383 4478 quam
2440 4406 2735 4462 secundum
2783 4422 3002 4461 carnem
3062 4405 3420 4462 ambulemus.
3469 4406 3530 4460 In
3577 4421 3741 4461 carne

2150 4517 2173 4542 α
2217 4496 2363 4550 enim
2389 4494 2748 4561 ambulantes,
2798 4510 2909 4549 non
2954 4502 3134 4551 tamen
3164 4494 3464 4551 secundum
3500 4504 3733 4550 carnem

2216 4583 2531 4638 militamus.
2561 4584 2703 4639 Nam
2733 4599 2889 4639 arma
2915 4582 3119 4639 militia;
3143 4592 3345 4639 nostra:
3360 4599 3470 4639 non
3501 4581 3743 4639 carnalia

2151 4695 2172 4718 «ε
2217 4680 2361 4739 sunt,
2395 4672 2494 4727 sed
2528 4672 2768 4743 potentia
2810 4672 2927 4728 Deo
2975 4672 3046 4727 ad
3093 4672 3517 4729 destructionem
3554 4670 3741 4726 muni-

2150 4782 2172 4808 ιι
2209 4760 2435 4827 tionum,
2469 4760 2696 4816 consilia
2739 4761 3102 4828 destruentes,
3151 4769 3203 4816 et
3232 4772 3449 4817 Omnem
3492 4759 3740 4817 altitudi-

2151 4871 2173 4896 «ι
2216 4866 2343 4905 nem
2389 4849 2735 4905 extollentem
2786 4866 2846 4905 se
2892 4849 3158 4905 adversus
3189 4849 3469 4906 scientiam
3518 4848 3639 4917 Dei,
3687 4856 3742 4905 et

2152 4960 2174 4984 «
2215 4937 2270 4992 in
2301 4937 2664 5009 captivitatem
2710 4938 3021 5012 redigentes
3063 4954 3281 4995 omnem
3320 4938 3653 4996 intellectum
3682 4939 3738 4993 in

2151 5049 2172 5073 α
2215 5026 2536 5097 obsequium
2580 5025 2799 5094 Christi,
2850 5035 2903 5082 et
2948 5026 3005 5081 in
3048 5035 3302 5099 promptu
3351 5027 3615 5083 habentes
3661 5026 3741 5082 ul-

2151 5137 2173 5162 ‹‹
2215 5114 2347 5170 cisci
2388 5130 2608 5170 omnem
2648 5114 3092 5182 inobedientiam,
3145 5131 3271 5172 cum
3313 5115 3537 5187 impleta
3581 5115 3743 5171 fuerit

2151 5224 2173 5249 «
2214 5210 2394 5259 vestra
2456 5202 2784 5258 obedientia.
2839 5202 2973 5272 Quae
3022 5204 3319 5260 secundum
3371 5203 3567 5260 faciem
3614 5211 3741 5259 sunt

2151 5313 2174 5338 α
2216 5291 2414 5347 videte.
2449 5292 2505 5347 Si
2546 5291 2668 5363 quis
2715 5290 2936 5348 conﬁdit
2983 5291 3177 5347 Christi
3220 5307 3279 5348 se
3320 5308 3463 5359 esse,
3496 5293 3603 5348 hoc
3645 5308 3739 5349 co-

2150 5404 2172 5431 α
2215 5380 2350 5453 gitet
2377 5380 2568 5437 iterum
2596 5381 2741 5452 apud
2769 5396 2850 5450 se,
2880 5380 3026 5453 quia,
3074 5379 3212 5436 sicut
3254 5380 3371 5452 ipse
3398 5380 3594 5437 Christi
3637 5387 3741 5449 est,
