3960 6050
182 177 284 230 261

792 174 1169 232 EXPOSITlO
1208 176 1281 232 ΙΝ
1322 173 1698 232 EPISTOLAS
1746 172 1970 229 PAULI.
2005 203 2073 212 —
2103 172 2177 227 IN
2211 173 2427 228 EPIST.
2480 173 2526 226 ll
2566 172 2660 227 AD
2709 172 2870 229 COR.

3386 177 3491 233 262

197 317 218 347 tt
250 299 327 353 ita
384 307 437 353 et
490 315 608 354 nos.
661 300 796 354 Nam
830 308 879 355 et
929 301 974 355 si
1017 301 1247 371 amplius
1294 300 1494 372 aliquid
1526 299 1785 371 gloriatus
1806 299 1861 359 A
1890 298 2067 352 vendo
2124 297 2455 368 superbiam.
2517 299 2656 352 Dum
2686 313 2927 368 praesens
2964 296 3035 352 fui
3068 298 3364 353 secundum
3393 315 3491 353 vos

193 408 215 435 ί
252 388 408 442 fuero
456 388 524 442 de
569 397 835 458 potestate
867 398 1074 456 nostra,
1110 406 1271 461 quam
1313 389 1459 444 dedit
1492 390 1648 443 nobis
1678 390 1792 443 Do—

193 488 219 521 ι
249 472 429 526 minus
481 473 531 526 in
590 473 1022 539 aedificationem,
1058 483 1111 529 et
1150 492 1255 530 non
1286 475 1340 528 in
1372 476 1794 530 destructionem

195 580 217 607 ι
254 569 511 627 vestram,
570 577 679 616 non
737 564 1076 617 erubescam.
1135 565 1203 619 Ut
1255 572 1435 619 autem
1466 580 1574 618 non
1605 563 1793 618 existi-

191 668 214 696 ι
251 664 375 702 mer
427 657 679 721 tanquam
713 658 916 706 terrere
948 668 1045 706 vos
1074 668 1173 723 per
1205 653 1493 723 Epistolas,
1540 652 1794 723 quoniam

193 758 216 780 -
250 737 473 806 quidem
519 739 797 809 Epistolas,
832 739 1099 811 inquiunt,
1151 757 1351 813 graves
1382 749 1505 795 sunt
1526 750 1579 795 et
1609 740 1791 805 fortes,

192 848 213 869 α
250 827 542 895 ρι’ωερηιὶει
587 836 762 882 autem
814 830 1058 899 corporis
1105 829 1338 896 infirma,
1373 838 1421 884 et
1452 846 1630 885 sermo
1660 846 1795 885 con-

187 933 210 961 α
249 915 604 985 temptibilis;
664 918 769 971 hoc
823 918 1025 989 cogitet
1082 919 1170 989 qui
1217 919 1482 987 ejusmodi
1533 926 1633 984 est,
1677 918 1798 989 quia

188 1021 217 1053 ‹‹
249 1002 443 1073 quales
476 1021 660 1058 sumus
708 1006 873 1059 verbo
902 1022 997 1075 per
1024 1007 1297 1077 Epistolas
1354 1008 1628 1073 absentes,
1663 1007 1798 1060 tales

192 1114 213 1136 ιι
253 1099 309 1145 et
340 1101 640 1161 praesentes
688 1093 739 1145 in
792 1094 951 1148 facto.
1003 1095 1124 1149 Non
1159 1096 1302 1149 enim
1348 1097 1611 1150 audemus
1643 1096 1795 1149 inse-

194 1201 215 1227 α
257 1196 386 1234 rere
409 1188 496 1233 aut
526 1197 844 1251 comparare
896 1199 995 1237 nos
1026 1184 1368 1254 quibusdam,
1416 1185 1505 1255 qui
1541 1201 1599 1239 se
1648 1185 1796 1255 ipsos

196 1286 214 1319 ι
252 1270 681 1335 commendant;
744 1271 842 1325 sed
896 1271 999 1342 ipsi
1057 1272 1214 1326 nobis
1271 1274 1634 1343 nosmetipsos
1676 1290 1796 1327 me-

194 1378 215 1405 ι
253 1357 474 1422 tientes,
536 1368 589 1414 et
646 1368 1023 1429 comparentes
1071 1362 1436 1432 nosmetipsos
1473 1363 1650 1417 nobis.
1683 1364 1797 1417 Nos

198 1468 218 1491 α
259 1455 449 1499 autem
508 1462 615 1500 non
673 1448 727 1500 in
782 1448 1107 1503 immensum
1154 1450 1529 1521 gloriabimur,
1580 1451 1675 1505 sed
1703 1467 1797 1505 se-

196 1554 217 1581 «
256 1534 499 1588 cundum
560 1551 869 1590 mensuram
936 1537 1144 1609 regulae
1220 1554 1382 1609 quam
1440 1556 1662 1594 mensus
1717 1548 1798 1594 est

1895 387 2113 440 humilis
2144 402 2326 451 eram;
2361 387 2455 441 sed
2488 388 2649 441 modo
2681 388 2875 442 absens
2897 386 3130 455 conﬁdo,
3164 386 3219 440 id
3249 395 3328 441 est
3362 403 3491 441 con-

1897 474 2129 531 ﬁdenter
2162 484 2213 530 ei
2245 476 2537 546 imperiose
2568 492 2674 544 ago
2732 478 2793 531 in
2824 476 2989 537 vobis,
3025 476 3167 546 quod
3199 476 3355 547 quasi
3385 492 3493 531 non

1896 564 2157 619 auderem
2188 565 2242 617 in
2271 565 2389 617 aliis
2418 564 2700 618 Ecclesiis.
2753 565 2875 617 Non
2905 564 3079 617 solum
3112 564 3269 634 quasi
3298 572 3494 634 postu—

1896 652 2015 705 lans
2046 653 2299 717 obsecro,
2334 653 2431 707 sed
2473 652 2627 723 quasi
2672 668 2786 707 rem
2832 651 3065 706 debitam
3097 653 3322 725 exigens
3344 668 3493 724 rogo,

1896 757 1967 795 ne
1996 758 2243 811 pra'sens
2272 742 2530 808 audeam,
2564 740 2621 795 id
2651 749 2732 795 est
2767 756 2778 794 :
2832 740 2909 795 sic
2940 757 3037 795 vos
3067 740 3347 813 corrigere
3378 750 3497 795 stu-

1896 828 2086 896 deatis,
2118 846 2205 895 ne,
2240 845 2362 885 cum
2410 846 2653 899 praesens
2699 828 2874 897 fuero,
2928 830 3175 895 audeam,
3207 830 3263 883 id
3294 838 3376 883 est
3406 845 3497 884 se-

1896 918 2129 972 cundum
2160 933 2259 972 vos
2314 918 2567 972 audacter
2598 934 2941 987 prmsumam.
2976 918 3225 973 Audeam
3255 918 3377 973 dico
3409 920 3493 983 in,

1895 1005 1949 1059 id
1979 1013 2058 1059 est
2090 1014 2296 1073 contra,
2322 1006 2587 1077 quosdam
2618 1007 2792 1060 adhuc
2838 1006 3170 1061 incorrectos
3204 1022 3371 1078 agere
3399 1023 3501 1079 per

1896 1110 2019 1149 eam
2051 1095 2475 1163 conﬁdentiam,
2509 1094 2562 1148 id
2594 1103 2674 1148 est
2696 1102 2802 1147 tam
2825 1094 3164 1150 conﬁdenter
3186 1104 3239 1149 et
3261 1104 3497 1165 potesta-

1896 1181 2021 1250 tive,
2046 1185 2177 1254 quia
2206 1181 2533 1237 confidentia
2564 1184 2864 1239 existimor
2893 1200 2922 1236 a
2954 1183 3280 1254 quibusdam
3300 1185 3499 1239 absens

1895 1287 1994 1342 per
2024 1270 2305 1340 epistolam
2337 1271 2564 1326 audere.

1975 1359 2035 1415 1
2053 1358 2210 1414 89
2237 1360 2443 1414 Contra
2465 1360 2731 1431 quosdam
2752 1360 2892 1429 dico,
2919 1361 3009 1431 qui
3029 1361 3355 1416 arbitrantur
3370 1367 3495 1417 tan-

1899 1465 2068 1520 quam
2090 1464 2189 1502 nos
2212 1449 2562 1503 ambulemus
2584 1450 2891 1505 secundum
2914 1466 3164 1505 carnem.
3187 1452 3500 1506 Ambularet

1897 1537 2095 1591 Paulus
2128 1537 2425 1592 secundum
2457 1553 2693 1606 carnem,
2722 1538 2766 1591 si
2786 1538 2871 1593 vel
2894 1555 3077 1593 amore
3099 1540 3500 1609 temporalium,

197 1646 215 1666 u
254 1623 421 1677 nobis
469 1625 611 1677 Deus
661 1626 883 1695 (Ephes.
928 1642 1003 1695 Iv,
1054 1628 1165 1697 71),
1227 1644 1537 1682 mensuram
1583 1629 1793 1699 pertin—
1817 1656 1868 1714 B
1900 1642 2021 1696 quae
2055 1626 2123 1679 ab
2155 1625 2234 1679 eis
2282 1626 2585 1695 acciperet,
2618 1635 2867 1696 parceret
2905 1627 3129 1682 eisdem.
3166 1628 3262 1682 Vel
3290 1629 3336 1682 si
3366 1630 3507 1686 male

195 1734 215 1753 α
254 1712 428 1783 gendi
459 1729 630 1783 usque
661 1714 729 1767 ad
760 1730 876 1769 vos.
911 1716 1033 1769 Non
1083 1716 1224 1769 enim
1257 1718 1409 1787 quasi
1441 1733 1549 1771 non
1582 1718 1794 1787 pertin-

200 1818 219 1851 ι
259 1809 459 1870 gentes
492 1801 560 1855 ad
591 1818 709 1869 vos,
768 1805 1277 1873 superextendimus
1326 1822 1445 1859 nos.
1499 1808 1679 1877 Usque
1730 1808 1799 1861 ad

198 1908 219 1936 ι
258 1904 362 1942 vos
415 1890 557 1943 enim
606 1892 951 1959 pervenimus
999 1893 1052 1946 in
1098 1894 1398 1966 Evangelio
1440 1895 1654 1962 Christi,
1689 1911 1797 1950 non

200 1998 220 2025 ι
257 1977 315 2030 in
347 1978 673 2032 immensum
696 1979 995 2051 gloriantes
1015 1981 1071 2034 in
1091 1982 1283 2036 alienis
1322 1983 1617 2050 laboribus,
1644 2000 1798 2054 spem

201 2086 223 2113 ι
260 2073 449 2120 autem
477 2068 742 2121 habentes
793 2070 1087 2125 crescentis
1134 2069 1259 2125 fidei
1304 2080 1515 2139 vestrae,
1551 2072 1604 2125 in
1643 2072 1797 2127 vobis

200 2177 221 2201 σ
255 2153 601 2226 magnificari
633 2158 932 2211 secundum
964 2159 1207 2229 regulam
1238 2168 1511 2226 nostram;
1541 2160 1593 2213 in
1621 2161 1796 2214 abun-

200 2266 221 2289 τι
260 2243 453 2297 (ἰδιιὶἰᾶ
482 2244 640 2298 etiam
672 2245 727 2298 in
754 2246 845 2300 illa
877 2263 997 2317 quae
1029 2248 1167 2302 ultra
1196 2264 1293 2303 vos
1340 2256 1482 2317 sunt,
1514 2250 1796 2320 cvangeli-

200 2355 221 2377 υ
259 2348 412 2398 zare,
466 2348 571 2387 non
603 2334 657 2387 in
702 2334 876 2387 aliena
907 2336 1097 2407 regula
1126 2337 1179 2389 in
1228 2337 1309 2390 his
1341 2354 1461 2408 qua:
1490 2347 1799 2409 prmparata

201 2444 219 2465 α
259 2429 386 2473 sunt
432 2421 675 2492 gloriari.
705 2443 727 2470 ι
781 2422 884 2490 Qui
934 2432 1111 2478 autem
1158 2425 1445 2497 gloriatur,
1482 2426 1533 2479 in
1567 2427 1798 2481 Domino

204 2532 223 2552 α
259 2508 534 2579 glorietur
562 2510 623 2578 (I
653 2511 773 2565 Cor.
820 2527 856 2576 ι,
890 2516 948 2565 31
978 2532 991 2577 ;
1025 2515 1135 2567 Jer.
1172 2529 1253 2578 Ix,
1278 2515 1389 2583 ‘23).
1429 2535 1450 2563 ι
1483 2516 1605 2569 Non
1654 2515 1798 2570 enim

204 2618 224 2644 ι
259 2597 355 2667 qui
412 2598 653 2667 seipsum
711 2601 1070 2667 commendat,
1117 2601 1209 2657 ille
1255 2603 1515 2673 probatus
1546 2611 1665 2671 est;
1701 2604 1798 2658 sed

203 2708 223 2730 αι
260 2702 428 2756 quem
455 2687 601 2742 Deus
631 2688 992 2743 commendat.
1028 2710 1049 2738 ι

832 2898 1127 2940 ΕΧΡΟΞΙΤῘΟ
1142 2927 1156 2939 .

272 3025 571 3095 Postquam
627 3024 695 3079 de
751 3025 920 3096 gratia
987 3026 1457 3097 eleemosynarum
1514 3009 1878 3099 multipliciC

203 3112 678 3184 commendatione
753 3121 1033 3169 correctos
1108 3114 1434 3170 sufﬁcienter
1504 3118 1801 3184 admonuit,

201 3201 395 3255 transit
425 3202 492 3255 ad
523 3200 913 3271 increpantium
944 3204 1296 3270 incorrectos,
1334 3205 1423 3275 qui
1452 3205 1625 3261 adhuc
1646 3224 1808 3277 pseu-

202 3290 271 3343 do
301 3290 667 3359 praaferebant
700 3290 838 3355 sibi;
873 3307 1010 3360 quos
1040 3293 1247 3361 pseudo
1277 3293 1565 3363 plurimum
1599 3295 1683 3349 hic
1705 3296 1805 3351 de-

204 3378 411 3447 primit,
469 3378 849 3433 auctoritatem
898 3396 1052 3434 suam
1099 3382 1465 3452 multipliciter
1512 3392 1564 3437 et
1613 3384 1807 3440 idonee

204 3466 618 3521 commendans.
651 3468 774 3521 Non
804 3475 859 3521 ut
889 3485 986 3538 per
1014 3470 1118 3525 hoc
1151 3479 1358 3540 quaerat
1376 3471 1606 3541 gloriam
1629 3490 1804 3541 suam,

203 3556 303 3609 sed
336 3556 441 3610 hoc
473 3556 648 3609 solum
679 3556 902 3610 intendit
925 3565 999 3623 ut,
1028 3558 1298 3613 vilificatis
1346 3562 1576 3630 pseudo,
1618 3562 1812 3617 Corin-

205 3644 303 3696 thii
334 3660 448 3698 non
482 3643 620 3697 ultra
644 3645 975 3710 adhaereant,
1012 3645 1223 3717 sibique
1255 3658 1359 3701 tam
1387 3650 1622 3719 gloriose
1653 3668 1807 3706 com-

200 3732 462 3786 mendato
492 3732 684 3787 exinde
714 3734 985 3804 gaudeant
1015 3735 1313 3791 adhaarere.
1348 3738 1544 3793 Littera
1576 3740 1655 3795 sic
1677 3741 1808 3809 jun-

205 3822 355 3892 gitur
390 3838 402 3874 :
439 3821 548 3875 Vos
577 3822 713 3877 bene
744 3830 1020 3878 correctos
1052 3824 1118 3879 de
1138 3826 1313 3897 gratia
1339 3826 1807 3899 eleemosynarum

201 3910 507 3975 adhortor;
545 3926 643 3964 vos
671 3920 849 3964 autem
880 3911 1217 3969 incorrectos
1247 3915 1349 3970 hoc
1380 3932 1486 3970 non
1517 3918 1806 3986 admoneo,

202 4014 345 4069 quos
377 3999 565 4070 gratiae
594 3998 693 4052 Dei
722 3999 978 4071 indignos
1008 4002 1160 4068 scio;
1213 4003 1309 4057 sed
1342 4004 1589 4071 obsecro,
1643 4006 1697 4059 id
1728 4014 1810 4061 est

205 4103 309 4156 per
342 4103 680 4158 quaacunque
711 4104 868 4143 sacra
899 4089 1090 4158 adjuro
1120 4107 1218 4146 vos
1240 4092 1355 4162 ipse
1384 4089 1488 4165 ego
1518 4095 1733 4149 Paulus.

278 4175 422 4229 Nota
453 4176 597 4245 quod
647 4176 720 4231 ait
768 4178 889 4248 ipse
919 4194 1033 4249 ego.
1068 4180 1331 4235 Dicebant
1376 4182 1518 4235 enim
1551 4184 1811 4237 Corinthii

207 4264 376 4333 quod,
430 4264 665 4333 quandiu
724 4266 924 4319 Paulus
969 4284 1210 4337 praesens
1239 4269 1355 4338 fuit,
1388 4270 1495 4324 illis
1540 4272 1813 4326 humiliter

1900 1714 2002 1767 sibi
2058 1713 2308 1768 conscius
2365 1714 2579 1768 timeret
2637 1715 2747 1784 pati
2802 1732 2900 1785 pro
2932 1716 3175 1770 Christo.
3222 1718 3367 1772 Bene
3395 1718 3505 1773 dixi

1899 1808 2169 1874 tanquam
2202 1823 2219 1869 ;
2261 1818 2360 1856 nos
2392 1802 2534 1856 enim
2566 1818 2695 1857 vere
2740 1819 2849 1858 non
2884 1804 3175 1859 militamus
3208 1807 3506 1862 secundum

1899 1906 2138 1945 carnem.
2172 1890 2414 1944 Militiam
2446 1899 2604 1945 vocat
2664 1907 2819 1945 suam
2849 1893 3317 1962 praedicationem.
3356 1895 3508 1950 Dice-

1898 1986 1982 2033 ret
2011 1979 2210 2050 aliquis
2236 1994 2247 2033 :
2281 1981 2357 2033 Tu
2388 1980 2608 2050 quidem
2640 1980 2845 2051 aliquid
2878 1981 3155 2052 singulare
3184 1983 3385 2037 donum
3404 1984 3505 2039 Dei

1898 2068 2068 2121 habes
2095 2083 2105 2120 :
2143 2083 2249 2139 quo
2279 2068 2351 2122 ita
2399 2068 2580 2138 possis
2607 2069 2800 2140 egredi
2851 2085 3070 2124 carnem
3098 2089 3110 2123 :
3141 2072 3285 2142 quod
3307 2072 3508 2127 donum

1900 2157 2022 2227 quia
2052 2172 2159 2210 non
2192 2156 2471 2224 habemus,
2496 2173 2721 2211 necesse
2744 2165 2826 2211 est
2868 2173 3086 2213 carnem
3114 2160 3287 2231 sequi.
3313 2162 3513 2217 Contra

1899 2246 2003 2300 hoc
2032 2246 2135 2298 ait:
2169 2246 2292 2299 Non
2321 2245 2614 2299 militamus
2640 2245 2937 2301 secundum
2972 2262 3213 2302 carnem.
3259 2250 3373 2304 Nos
3408 2250 3510 2304 uti-

1900 2342 2005 2404 que
2062 2334 2421 2389 ambulantes
2464 2335 2525 2387 in
2575 2350 2787 2401 carne;
2839 2335 3088 2390 similiter
3135 2338 3280 2391 enim
3322 2346 3379 2392 ut
3411 2354 3509 2393 vos

1899 2437 2036 2475 onus
2065 2422 2244 2477 carnis
2273 2422 2506 2491 patimur
2530 2441 2543 2488 ;
2577 2431 2628 2477 et
2651 2431 2830 2476 tamen
2849 2439 2970 2477 eam
2993 2441 3333 2495 superamus.
3367 2429 3506 2483 Vere

1900 2527 2015 2565 non
2036 2512 2354 2565 militamus
2378 2512 2687 2565 secundum
2709 2528 2941 2567 carnem
2965 2532 2982 2567 :
3000 2530 3137 2568 nam
3158 2531 3321 2570 arma
3342 2518 3503 2572 mili-

1904 2600 2032 2665 tiae;
2062 2599 2115 2651 id
2148 2606 2229 2652 est
2260 2599 2681 2669 prtedicationis,
2711 2608 2763 2653 et
2792 2600 2969 2655 omnis
2998 2602 3123 2657 vitae
3154 2612 3373 2670 nostrm,
3398 2622 3506 2660 non

1902 2695 2028 2741 sunt
2056 2686 2313 2742 carnalia.
2346 2690 2508 2740 Arma
2537 2687 2742 2741 militiae
2770 2696 2929 2744 vocat
2959 2690 3236 2757 miracula,
3257 2708 3355 2762 per
3385 2710 3507 2765 qua:

1900 2774 2343 2846 praedicationem
2376 2791 2529 2829 suam
2581 2775 2957 2832 conﬁrmabat.
2990 2781 3155 2833 Arma
3185 2780 3313 2836 dicit
3344 2782 3507 2838 etiam

1900 2864 2149 2931 virtutes,
2197 2871 2248 2918 et
2307 2879 2645 2935 quaecunque
2707 2865 2851 2920 bona
2881 2882 3068 2937 Opera.
3102 2870 3273 2923 Arma
3302 2871 3505 2927 militia

1902 2957 2116 3007 nostrae
2146 2968 2262 3008 non
2284 2956 2422 3008 sunt
2442 2954 2700 3008 carnalia
2729 2971 2740 3006 :
2767 2954 2812 3008 si
2840 2955 2984 3009 enim
3007 2971 3223 3011 carnem
3246 2974 3508 3030 sequere-

1904 3057 2047 3107 mur,
2080 3040 2322 3111 profecto
2381 3056 2534 3095 arma
2565 3042 2658 3096 illa
2688 3043 2862 3096 statim
2899 3059 3001 3099 nos
3022 3045 3377 3113 desererent;
3412 3049 3509 3104 sed

1906 3145 2061 3184 arma
2089 3138 2272 3184 nostra
2305 3138 2429 3183 sunt
2458 3133 2714 3201 potentia
2744 3133 2870 3197 Deo,
2906 3133 2958 3186 id
2991 3142 3071 3188 est
3089 3151 3184 3205 per
3205 3137 3397 3206 Deum,
3418 3137 3505 3193 vel

1907 3218 1977 3272 ad
2006 3218 2233 3288 gloriam
2266 3218 2385 3272 Dei.
2424 3220 2669 3273 Potentia
2690 3228 2811 3273 sunt
2831 3221 2903 3275 ad
2921 3222 3367 3281 destructionem
3389 3243 3511 3283 mu-

1908 3308 2197 3361 nitionum
2220 3326 2237 3373 ;
2272 3314 2327 3359 ut
2350 3306 2505 3361 facile
2522 3324 2618 3375 per
2636 3309 2753 3363 hmo
2780 3324 2935 3362 arma
2956 3310 3298 3367 destruamus
3316 3316 3513 3384 quasli-

1908 3394 1998 3449 bet
2045 3394 2437 3448 munitissimas
2482 3395 2743 3461 haereses,
2795 3397 2880 3451 vel
2910 3399 3313 3470 philosophicas
3335 3404 3508 3459 ratio-

1909 3499 2025 3538 nes.
2058 3484 2196 3537 Vere
2226 3498 2380 3536 arma
2409 3491 2593 3537 nostra
2623 3493 2744 3537 sunt
2766 3486 3008 3554 potentia
3027 3487 3332 3545 destruere.
3365 3492 3507 3545 Nam

1910 3571 2072 3625 etiam
2119 3570 2174 3624 in
2218 3579 2340 3626 actu
2387 3588 2575 3625 sumus
2631 3572 3014 3629 destruentes:
3060 3576 3152 3629 ubi
3202 3586 3353 3632 actus
3400 3588 3508 3649 est,

1908 3660 2149 3730 potentia
2179 3660 2374 3715 abesse
2428 3661 2631 3731 nequit.
2685 3661 2887 3716 Littera
2918 3671 3095 3718 tamen
3128 3664 3200 3719 ibi
3226 3666 3497 3739 jungitur.

1909 3750 2030 3803 Non
2074 3748 2366 3802 militamus
2414 3750 2716 3804 secundum
2767 3766 3029 3819 carnem;
3086 3770 3205 3821 nos,
3239 3755 3383 3823 dico,
3408 3758 3507 3812 de-

1910 3840 2199 3893 struentes
2230 3838 2489 3902 consilia,
2523 3838 2576 3891 id
2609 3848 2690 3893 est
2748 3840 3046 3910 exquisitas
3102 3842 3359 3898 rationes.
3403 3846 3510 3900 De-

1911 3934 2185 3979 struentes
2208 3926 2383 3980 etiam
2405 3942 2628 3981 omnem
2645 3929 3014 3984 altitudinem
3030 3930 3326 4001 physicalis
3343 3933 3515 3988 scien-

1914 4015 2019 4079 tiae,
2054 4016 2435 4070 ea'tollentem
2458 4031 2514 4069 se
2536 4016 2802 4072 adversus
2824 4019 3127 4074 scientiam
3145 4022 3244 4076 Dei
3268 4042 3286 4087 ,-
3309 4029 3365 4075 ut
3387 4022 3511 4077 illos

1914 4103 2006 4173 qui
2036 4119 2135 4172 per
2164 4111 2372 4157 natura:
2403 4104 2583 4173 legem
2611 4114 2889 4175 Opponunt
2932 4123 3040 4161 non
3067 4109 3307 4178 potuisse
3337 4111 3511 4183 virgi-

1912 4207 2039 4245 nem
2087 4207 2303 4261 parere,
2348 4201 2622 4246 mortuum
2676 4210 2997 4266 resurgere;
3035 4212 3137 4252 nec
3187 4198 3361 4253 solum
3410 4200 3512 4255 de-

1916 4288 2211 4348 struentes,
2245 4280 2342 4334 sed
2365 4280 2528 4334 etiam
2560 4282 2882 4352 redigentes
2905 4300 3129 4339 omnem
3150 4287 3513 4344 intellectum

208 4352 363 4415 satis,
402 4359 589 4407 etnon
616 4353 685 4407 ad
715 4354 995 4410 laesionem
1022 4356 1250 4426 alicujus
1279 4358 1571 4430 quidquam
1602 4361 1884 4424 locutusD
1915 4368 2286 4439 cujuscunque
2330 4367 2661 4423 infidelitatis
2707 4370 2760 4424 in
2809 4372 3197 4441 captivitatem,
3245 4376 3369 4446 quia
3420 4394 3513 4431 su-

206 4439 324 4505 fuit,
362 4440 559 4494 timens
590 4441 875 4509 fortassis;
936 4461 1080 4501 nunc
1126 4462 1258 4501 vero
1289 4448 1485 4502 absens
1517 4449 1809 4520 imperiose

207 4529 518 4584 minabatur
581 4530 679 4599 eis,
714 4548 775 4586 ac
807 4532 852 4586 si
874 4540 1194 4603 potestatem
1226 4536 1560 4607 imperialem
1583 4540 1810 4595 haberet

207 4616 263 4670 in
298 4633 416 4673 eos.
454 4618 751 4688 Propterea
779 4620 854 4674 ait
888 4636 899 4675 :
933 4623 1038 4693 Ego
1062 4624 1175 4695 ipse
1208 4626 1421 4682 Paulus
1458 4644 1600 4683 nunc
1631 4628 1809 4699 impe-

208 4706 356 4760 riose
387 4721 574 4777 agens,
612 4706 702 4778 qui
717 4707 845 4762 olim
866 4710 1161 4779 humiliter,
1184 4714 1400 4769 obsecro
1422 4732 1512 4769 vos
1528 4733 1809 4787 perman-

210 4795 577 4849 suetudinem
609 4800 664 4850 et
698 4798 1030 4853 modestiam
1081 4800 1310 4857 Christi.
1344 4804 1811 4859 Mansuetudinem

213 4882 363 4949 dicit,
398 4882 489 4936 ubi
519 4884 693 4956 gratis
724 4885 839 4940 sine
863 4886 1069 4955 judicio
1118 4890 1302 4946 omnia
1340 4892 1560 4947 dimisit.
1619 4893 1810 4949 Mode-

210 4970 367 5024 stiam
398 4970 548 5036 dicit,
582 4973 703 5043 quia
732 4988 857 5029 cum
889 4985 1076 5047 ageret
1086 4978 1311 5047 judicio,
1335 4982 1581 5037 modeste
1605 4982 1812 5051 judica-

213 5058 321 5123 bat,
359 5059 623 5114 condiens
652 5061 960 5133 {equitatem
992 5066 1382 5122 misericordia.
1418 5070 1522 5124 Per
1550 5086 1811 5125 mansue-

212 5147 458 5201 tudinem
516 5148 701 5219 utique
730 5158 783 5205 et
838 5152 1163 5207 modestiam
1215 5155 1410 5211 Christi
1454 5158 1685 5214 obsecro
1715 5174 1813 5214 vos

214 5250 307 5305 ego
326 5237 567 5302 Paulus,
601 5239 696 5309 qui
736 5239 969 5295 humilis
1008 5242 1251 5314 quidem,
1314 5254 1364 5300 et
1392 5247 1573 5301 omnia
1604 5248 1813 5317 patiens

216 5323 499 5379 existimor
520 5324 687 5381 fuisse
709 5328 863 5383 inter
884 5346 1011 5397 vos;
1040 5348 1160 5402 qua:
1180 5334 1453 5389 humilitas
1466 5336 1703 5407 quidem,
1729 5353 1814 5391 se-

216 5412 455 5467 cundum
485 5414 631 5485 quod
662 5416 974 5486 opinamini,
1008 5420 1069 5474 in
1098 5422 1246 5491 facie
1277 5422 1390 5491 fuit,
1424 5431 1475 5479 et
1495 5440 1603 5479 non
1624 5424 1679 5478 in
1699 5441 1817 5480 cor-

222 5498 335 5555 de:
389 5501 715 5559 simulabam
770 5505 915 5559 enim
969 5514 1120 5563 extra
1176 5509 1532 5569 humilitatem
1561 5512 1704 5569 intus
1735 5512 1815 5570 fo-

1908 4456 2109 4528 peratis
2142 4456 2451 4511 inﬁdelibus
2489 4458 2767 4528 deponunt
2823 4462 3019 4532 jugum
3051 4461 3275 4529 diaboli,
3319 4473 3371 4519 et
3414 4482 3512 4521 ca-

1907 4546 2111 4617 ptivant
2130 4562 2188 4599 se
2211 4546 2312 4599 sub
2323 4546 2458 4619 jugo
2476 4546 2691 4601 Christi.
2718 4548 3051 4620 Redigentes
3074 4550 3258 4621 utique
3280 4552 3334 4606 in
3354 4556 3517 4625 capti-

1910 4634 2127 4689 vitatem
2158 4634 2404 4689 ducendo
2434 4651 2528 4690 eos
2570 4637 2634 4690 in
2689 4638 3013 4709 obsequium
3062 4638 3269 4695 Christi
3297 4661 3315 4695 :
3345 4650 3400 4695 ut
3423 4642 3518 4713 qui

1909 4722 2058 4793 prius
2114 4722 2253 4777 male
2309 4723 2752 4795 obsequebantur
2827 4726 3062 4795 diabolo,
3122 4729 3318 4783 amodo
3373 4730 3514 4787 bene

1912 4811 2283 4881 obsequantur
2313 4812 2547 4868 Christo.
2582 4813 2741 4882 Quod
2770 4814 2843 4869 ait
2874 4832 3097 4872 omnem
3129 4819 3509 4890 intellectum,

1912 4916 2134 4955 omnem
2157 4901 2545 4968 altitudinem,
2574 4919 2683 4958 non
2699 4904 2844 4975 quod
2861 4904 3106 4977 singulos
3126 4904 3373 4963 infideles
3390 4924 3517 4964 con-

1912 4988 2151 5053 verterit,
2203 4989 2299 5043 sed
2348 4989 2475 5060 quia
2521 4990 2588 5045 de
2637 4993 2785 5046 omni
2814 5009 3019 5065 genere
3052 4994 3385 5051 infidelitatis
3408 4997 3514 5053 ali-

1914 5092 2051 5148 quos
2092 5076 2163 5130 ad
2220 5075 2380 5132 fidem
2413 5080 2593 5133 traxit.
2642 5082 2970 5153 Redigentes
3019 5084 3238 5157 quidem
3264 5086 3326 5140 in
3356 5087 3515 5143 obse-

1914 5167 2107 5237 quium
2142 5164 2350 5220 Christi
2380 5186 2398 5221 :
2417 5168 2561 5237 quod
2594 5168 2639 5221 si
2696 5170 2862 5241 aliqui
2892 5179 3013 5226 sunt
3042 5172 3292 5229 nolentes
3316 5176 3511 5247 redigi,

1915 5270 2104 5307 sumus
2123 5252 2387 5311 habentes
2404 5256 2464 5310 in
2475 5261 2741 5329 promptu
2752 5260 2953 5315 ulcisci
2968 5278 3187 5318 omnem
3202 5264 3517 5319 inobcdien—

1920 5344 2079 5411 tiam,
2114 5342 2167 5395 id
2197 5350 2279 5397 est
2334 5344 2631 5415 apostolica
2686 5349 3004 5404 auctoritate
3052 5366 3267 5406 omnem
3315 5351 3512 5406 inobe-

1918 5431 2156 5487 dientem
2186 5432 2466 5490 damnare.
2500 5435 2562 5488 In
2616 5446 2873 5509 promptu
2901 5439 3003 5494 hoc
3041 5440 3224 5505 habet,
3259 5439 3385 5510 quia
3412 5455 3517 5497 nec

1919 5519 2253 5577 conscientia
2300 5522 2443 5578 mala
2491 5539 2615 5580 eum
2645 5534 2884 5595 revocat,
2933 5542 3036 5583 nec
3063 5527 3349 5599 temporali
3386 5544 3513 5586 mu-
