  <div class='ocr_page' id='page_1' title='image "/cluster/home/n/w/nwhite01/storage/ocr_20150623/153/hvd.32044054760111/137.png"; bbox 0 0 3960 6050; ppageno 0'>
   <div class='ocr_carea' id='block_1_1' title="bbox 418 135 521 190">
    <p class='ocr_par' dir='ltr' id='par_1_1' title="bbox 418 135 521 190">
     <span class='ocr_line' id='line_1_1' title="bbox 418 135 521 190; baseline -0.019 -1"><span class='ocrx_word' id='word_1_1' title='bbox 418 135 521 190; x_wconf 73' lang='lat'>263</span> 
     </span>
    </p>
   </div>
   <div class='ocr_carea' id='block_1_2' title="bbox 971 134 3165 195">
    <p class='ocr_par' dir='ltr' id='par_1_2' title="bbox 971 134 3165 195">
     <span class='ocr_line' id='line_1_2' title="bbox 971 134 3165 195; baseline 0 -2"><span class='ocrx_word' id='word_1_2' title='bbox 971 137 1027 193; x_wconf 93' lang='lat' dir='ltr'>S.</span> <span class='ocrx_word' id='word_1_3' title='bbox 1068 135 1426 194; x_wconf 83' lang='lat' dir='ltr'>BRUNONIS</span> <span class='ocrx_word' id='word_1_4' title='bbox 1466 134 2114 194; x_wconf 79' lang='lat' dir='ltr'>CARTHUSIANORUM</span> <span class='ocrx_word' id='word_1_5' title='bbox 2152 135 2636 194; x_wconf 84' lang='lat' dir='ltr'>INSTITUTORIS</span> <span class='ocrx_word' id='word_1_6' title='bbox 2675 135 2826 193; x_wconf 88' lang='lat' dir='ltr'>OPP.</span> <span class='ocrx_word' id='word_1_7' title='bbox 2876 139 3049 195; x_wconf 81' lang='lat' dir='ltr'>PARS</span> <span class='ocrx_word' id='word_1_8' title='bbox 3093 137 3165 193; x_wconf 90' lang='lat' dir='ltr'>Il.</span> 
     </span>
    </p>
   </div>
   <div class='ocr_carea' id='block_1_3' title="bbox 3618 140 3723 197">
    <p class='ocr_par' dir='ltr' id='par_1_3' title="bbox 3618 140 3723 197">
     <span class='ocr_line' id='line_1_3' title="bbox 3618 140 3723 197; baseline -0.019 0"><span class='ocrx_word' id='word_1_9' title='bbox 3618 140 3723 197; x_wconf 70' lang='grc'>266</span> 
     </span>
    </p>
   </div>
   <div class='ocr_carea' id='block_1_4' title="bbox 420 258 3720 335">
    <p class='ocr_par' dir='ltr' id='par_1_4' title="bbox 420 258 3720 335">
     <span class='ocr_line' id='line_1_4' title="bbox 420 258 3720 335; baseline 0.001 -22"><span class='ocrx_word' id='word_1_10' title='bbox 420 275 553 314; x_wconf 90' lang='lat' dir='ltr'>nere</span> <span class='ocrx_word' id='word_1_11' title='bbox 587 258 886 316; x_wconf 83' lang='lat' dir='ltr'>seducitur.</span> <span class='ocrx_word' id='word_1_12' title='bbox 940 260 1158 317; x_wconf 81' lang='lat' dir='ltr'>Diceret</span> <span class='ocrx_word' id='word_1_13' title='bbox 1196 261 1391 333; x_wconf 83' lang='lat' dir='ltr'>aliquis</span> <span class='ocrx_word' id='word_1_14' title='bbox 1426 278 1438 317; x_wconf 90' lang='lat'>:</span> <span class='ocrx_word' id='word_1_15' title='bbox 1474 262 1928 335; x_wconf 88' lang='lat' dir='ltr'>Quandoquidem</span> <span class='ocrx_word' id='word_1_16' title='bbox 1971 260 2024 314; x_wconf 91' lang='lat' dir='ltr'>in</span> <span class='ocrx_word' id='word_1_17' title='bbox 2046 259 2097 322; x_wconf 83' lang='lat' dir='ltr'><strong>A</strong></span> <span class='ocrx_word' id='word_1_18' title='bbox 2125 261 2275 316; x_wconf 89' lang='lat' dir='ltr'>modi</span> <span class='ocrx_word' id='word_1_19' title='bbox 2304 266 2409 331; x_wconf 88' lang='lat' dir='ltr'>est,</span> <span class='ocrx_word' id='word_1_20' title='bbox 2440 262 2494 317; x_wconf 92' lang='lat' dir='ltr'>id</span> <span class='ocrx_word' id='word_1_21' title='bbox 2527 271 2607 318; x_wconf 91' lang='lat' dir='ltr'>est</span> <span class='ocrx_word' id='word_1_22' title='bbox 2654 264 2747 335; x_wconf 88' lang='lat' dir='ltr'>qui</span> <span class='ocrx_word' id='word_1_23' title='bbox 2774 280 2861 318; x_wconf 91' lang='lat' dir='ltr'>me</span> <span class='ocrx_word' id='word_1_24' title='bbox 2888 263 3019 320; x_wconf 81' lang='lat' dir='ltr'>dicit</span> <span class='ocrx_word' id='word_1_25' title='bbox 3066 262 3527 334; x_wconf 87' lang='lat' dir='ltr'>contemptibilem</span> <span class='ocrx_word' id='word_1_26' title='bbox 3549 271 3600 319; x_wconf 93' lang='lat' dir='ltr'>et</span> <span class='ocrx_word' id='word_1_27' title='bbox 3630 263 3720 317; x_wconf 90' lang='lat' dir='ltr'>in-</span> 
     </span>
    </p>
   </div>
   <div class='ocr_carea' id='block_1_5' title="bbox 418 349 2021 424">
    <p class='ocr_par' dir='ltr' id='par_1_5' title="bbox 418 349 2021 424">
     <span class='ocr_line' id='line_1_5' title="bbox 418 349 2021 424; baseline 0.004 -22"><span class='ocrx_word' id='word_1_28' title='bbox 418 356 671 418; x_wconf 89' lang='lat' dir='ltr'>promptu</span> <span class='ocrx_word' id='word_1_29' title='bbox 701 350 872 404; x_wconf 88' lang='lat' dir='ltr'>habes</span> <span class='ocrx_word' id='word_1_30' title='bbox 902 349 1111 418; x_wconf 87' lang='lat' dir='ltr'>ulcisci,</span> <span class='ocrx_word' id='word_1_31' title='bbox 1159 368 1326 422; x_wconf 88' lang='lat' dir='ltr'>quare</span> <span class='ocrx_word' id='word_1_32' title='bbox 1373 368 1508 424; x_wconf 91' lang='lat' dir='ltr'>ergo</span> <span class='ocrx_word' id='word_1_33' title='bbox 1538 368 1647 407; x_wconf 91' lang='lat' dir='ltr'>non</span> <span class='ocrx_word' id='word_1_34' title='bbox 1676 351 1962 408; x_wconf 89' lang='lat' dir='ltr'>ulcisceris</span> <span class='ocrx_word' id='word_1_35' title='bbox 1993 350 2021 408; x_wconf 85' lang='lat'><strong>?</strong></span> 
     </span>
    </p>
   </div>
   <div class='ocr_carea' id='block_1_6' title="bbox 423 435 2023 515">
    <p class='ocr_par' dir='ltr' id='par_1_6' title="bbox 423 435 2023 515">
     <span class='ocr_line' id='line_1_6' title="bbox 423 435 2023 515; baseline 0.005 -23"><span class='ocrx_word' id='word_1_36' title='bbox 423 435 663 492; x_wconf 87' lang='lat' dir='ltr'>Ulciscar</span> <span class='ocrx_word' id='word_1_37' title='bbox 690 437 890 509; x_wconf 83' lang='lat' dir='ltr'>utique,</span> <span class='ocrx_word' id='word_1_38' title='bbox 926 455 1031 493; x_wconf 91' lang='lat' dir='ltr'>non</span> <span class='ocrx_word' id='word_1_39' title='bbox 1064 447 1248 494; x_wconf 90' lang='lat' dir='ltr'>tamen</span> <span class='ocrx_word' id='word_1_40' title='bbox 1275 440 1458 506; x_wconf 88' lang='lat' dir='ltr'>modo,</span> <span class='ocrx_word' id='word_1_41' title='bbox 1490 441 1587 496; x_wconf 90' lang='lat' dir='ltr'>sed</span> <span class='ocrx_word' id='word_1_42' title='bbox 1617 458 1747 497; x_wconf 87' lang='lat' dir='ltr'>cum</span> <span class='ocrx_word' id='word_1_43' title='bbox 1784 444 2023 515; x_wconf 88' lang='lat' dir='ltr'>impleta</span> 
     </span>
    </p>
   </div>
   <div class='ocr_carea' id='block_1_7' title="bbox 420 526 2021 600">
    <p class='ocr_par' dir='ltr' id='par_1_7' title="bbox 420 526 2021 600">
     <span class='ocr_line' id='line_1_7' title="bbox 420 526 2021 600; baseline 0.006 -21"><span class='ocrx_word' id='word_1_44' title='bbox 420 526 603 595; x_wconf 79' lang='lat' dir='ltr'>fuerit</span> <span class='ocrx_word' id='word_1_45' title='bbox 628 530 816 582; x_wconf 87' lang='lat' dir='ltr'>vestra</span> <span class='ocrx_word' id='word_1_46' title='bbox 838 528 1180 595; x_wconf 86' lang='lat' dir='ltr'>obedientia,</span> <span class='ocrx_word' id='word_1_47' title='bbox 1212 528 1268 582; x_wconf 92' lang='lat' dir='ltr'>id</span> <span class='ocrx_word' id='word_1_48' title='bbox 1298 536 1400 597; x_wconf 92' lang='lat' dir='ltr'>est,</span> <span class='ocrx_word' id='word_1_49' title='bbox 1435 544 1561 584; x_wconf 90' lang='lat' dir='ltr'>cum</span> <span class='ocrx_word' id='word_1_50' title='bbox 1593 546 1921 600; x_wconf 87' lang='lat' dir='ltr'>separavero</span> <span class='ocrx_word' id='word_1_51' title='bbox 1953 534 2021 589; x_wconf 91' lang='lat' dir='ltr'>de</span> 
     </span>
    </p>
   </div>
   <div class='ocr_carea' id='block_1_8' title="bbox 420 613 2023 688">
    <p class='ocr_par' dir='ltr' id='par_1_8' title="bbox 420 613 2023 688">
     <span class='ocr_line' id='line_1_8' title="bbox 420 613 2023 688; baseline 0.007 -22"><span class='ocrx_word' id='word_1_52' title='bbox 420 613 601 668; x_wconf 91' lang='lat' dir='ltr'>medio</span> <span class='ocrx_word' id='word_1_53' title='bbox 650 614 920 670; x_wconf 87' lang='lat' dir='ltr'>malorum</span> <span class='ocrx_word' id='word_1_54' title='bbox 976 632 1076 687; x_wconf 89' lang='lat' dir='ltr'>per</span> <span class='ocrx_word' id='word_1_55' title='bbox 1121 616 1439 687; x_wconf 81' lang='lat' dir='ltr'>patientiam</span> <span class='ocrx_word' id='word_1_56' title='bbox 1475 619 1897 688; x_wconf 85' lang='lat' dir='ltr'>exspectationis</span> <span class='ocrx_word' id='word_1_57' title='bbox 1926 638 2023 678; x_wconf 90' lang='lat' dir='ltr'>eos</span> 
     </span>
    </p>
   </div>
   <div class='ocr_carea' id='block_1_9' title="bbox 419 702 1819 773">
    <p class='ocr_par' dir='ltr' id='par_1_9' title="bbox 419 702 1819 773">
     <span class='ocr_line' id='line_1_9' title="bbox 419 702 1819 773; baseline 0.005 -17"><span class='ocrx_word' id='word_1_58' title='bbox 419 702 509 773; x_wconf 90' lang='lat' dir='ltr'>qui</span> <span class='ocrx_word' id='word_1_59' title='bbox 539 703 608 758; x_wconf 89' lang='lat' dir='ltr'>de</span> <span class='ocrx_word' id='word_1_60' title='bbox 638 703 792 759; x_wconf 81' lang='lat' dir='ltr'>vobis</span> <span class='ocrx_word' id='word_1_61' title='bbox 822 704 1092 759; x_wconf 91' lang='lat' dir='ltr'>obedituri</span> <span class='ocrx_word' id='word_1_62' title='bbox 1124 712 1245 759; x_wconf 87' lang='lat' dir='ltr'>sunt</span> <span class='ocrx_word' id='word_1_63' title='bbox 1275 704 1403 760; x_wconf 86' lang='lat' dir='ltr'>fidei</span> <span class='ocrx_word' id='word_1_64' title='bbox 1433 722 1498 760; x_wconf 83' lang='lat' dir='ltr'>ex</span> <span class='ocrx_word' id='word_1_65' title='bbox 1528 707 1819 763; x_wconf 84' lang='lat' dir='ltr'>voluntate.</span> 
     </span>
    </p>
   </div>
   <div class='ocr_carea' id='block_1_10' title="bbox 491 791 2018 869">
    <p class='ocr_par' dir='ltr' id='par_1_10' title="bbox 491 791 2018 869">
     <span class='ocr_line' id='line_1_10' title="bbox 491 791 2018 869; baseline 0.005 -24"><span class='ocrx_word' id='word_1_66' title='bbox 491 791 794 864; x_wconf 81' lang='lat' dir='ltr'>Diligenter</span> <span class='ocrx_word' id='word_1_67' title='bbox 840 793 1101 848; x_wconf 90' lang='lat' dir='ltr'>intuenda</span> <span class='ocrx_word' id='word_1_68' title='bbox 1143 801 1226 848; x_wconf 91' lang='lat' dir='ltr'>est</span> <span class='ocrx_word' id='word_1_69' title='bbox 1273 794 1486 847; x_wconf 88' lang='lat' dir='ltr'>subtilis</span> <span class='ocrx_word' id='word_1_70' title='bbox 1534 796 1802 851; x_wconf 86' lang='lat' dir='ltr'>modestia</span> <span class='ocrx_word' id='word_1_71' title='bbox 1850 798 2018 869; x_wconf 84' lang='lat' dir='ltr'>Pauli,</span> 
     </span>
    </p>
   </div>
   <div class='ocr_carea' id='block_1_11' title="bbox 420 880 2024 952">
    <p class='ocr_par' dir='ltr' id='par_1_11' title="bbox 420 880 2024 952">
     <span class='ocr_line' id='line_1_11' title="bbox 420 880 2024 952; baseline 0.007 -20"><span class='ocrx_word' id='word_1_72' title='bbox 420 880 510 950; x_wconf 90' lang='lat' dir='ltr'>qui</span> <span class='ocrx_word' id='word_1_73' title='bbox 542 880 798 936; x_wconf 91' lang='lat' dir='ltr'>ultionem</span> <span class='ocrx_word' id='word_1_74' title='bbox 846 882 1208 952; x_wconf 89' lang='lat' dir='ltr'>reproborum</span> <span class='ocrx_word' id='word_1_75' title='bbox 1254 881 1451 949; x_wconf 77' lang='lat' dir='ltr'>differt,</span> <span class='ocrx_word' id='word_1_76' title='bbox 1487 883 1679 939; x_wconf 88' lang='lat' dir='ltr'>videns</span> <span class='ocrx_word' id='word_1_77' title='bbox 1708 885 1764 939; x_wconf 89' lang='lat' dir='ltr'>in</span> <span class='ocrx_word' id='word_1_78' title='bbox 1790 888 1893 943; x_wconf 90' lang='lat' dir='ltr'>hac</span> <span class='ocrx_word' id='word_1_79' title='bbox 1924 903 2024 943; x_wconf 89' lang='lat' dir='ltr'>sua</span> 
     </span>
    </p>
   </div>
   <div class='ocr_carea' id='block_1_12' title="bbox 423 970 2023 1039">
    <p class='ocr_par' dir='ltr' id='par_1_12' title="bbox 423 970 2023 1039">
     <span class='ocr_line' id='line_1_12' title="bbox 423 970 2023 1039; baseline 0.006 -16"><span class='ocrx_word' id='word_1_80' title='bbox 423 970 824 1039; x_wconf 83' lang='lat' dir='ltr'>exspectatione</span> <span class='ocrx_word' id='word_1_81' title='bbox 884 971 1182 1026; x_wconf 85' lang='lat' dir='ltr'>electorum</span> <span class='ocrx_word' id='word_1_82' title='bbox 1236 971 1481 1026; x_wconf 87' lang='lat' dir='ltr'>salutem.</span> <span class='ocrx_word' id='word_1_83' title='bbox 1535 973 1591 1027; x_wconf 90' lang='lat' dir='ltr'>Si</span> <span class='ocrx_word' id='word_1_84' title='bbox 1630 974 1773 1028; x_wconf 85' lang='lat' dir='ltr'>enim</span> <span class='ocrx_word' id='word_1_85' title='bbox 1824 975 2023 1032; x_wconf 90' lang='lat' dir='ltr'>inultos</span> 
     </span>
    </p>
   </div>
   <div class='ocr_carea' id='block_1_13' title="bbox 421 1058 2019 1133">
    <p class='ocr_par' dir='ltr' id='par_1_13' title="bbox 421 1058 2019 1133">
     <span class='ocr_line' id='line_1_13' title="bbox 421 1058 2019 1133; baseline 0.006 -23"><span class='ocrx_word' id='word_1_86' title='bbox 421 1065 697 1128; x_wconf 91' lang='lat' dir='ltr'>pateretur</span> <span class='ocrx_word' id='word_1_87' title='bbox 754 1058 1037 1128; x_wconf 90' lang='lat' dir='ltr'>reprobos,</span> <span class='ocrx_word' id='word_1_88' title='bbox 1099 1067 1263 1130; x_wconf 88' lang='lat' dir='ltr'>atque</span> <span class='ocrx_word' id='word_1_89' title='bbox 1315 1061 1416 1114; x_wconf 90' lang='lat' dir='ltr'>hac</span> <span class='ocrx_word' id='word_1_90' title='bbox 1473 1075 1637 1115; x_wconf 90' lang='lat' dir='ltr'>causa</span> <span class='ocrx_word' id='word_1_91' title='bbox 1694 1080 1822 1117; x_wconf 91' lang='lat' dir='ltr'>reus</span> <span class='ocrx_word' id='word_1_92' title='bbox 1853 1073 2019 1133; x_wconf 89' lang='lat' dir='ltr'>esset,</span> 
     </span>
    </p>
   </div>
   <div class='ocr_carea' id='block_1_14' title="bbox 423 1145 2023 1219">
    <p class='ocr_par' dir='ltr' id='par_1_14' title="bbox 423 1145 2023 1219">
     <span class='ocr_line' id='line_1_14' title="bbox 423 1145 2023 1219; baseline 0.007 -21"><span class='ocrx_word' id='word_1_93' title='bbox 423 1145 524 1200; x_wconf 91' lang='lat' dir='ltr'>hos</span> <span class='ocrx_word' id='word_1_94' title='bbox 554 1154 732 1201; x_wconf 90' lang='lat' dir='ltr'>tamen</span> <span class='ocrx_word' id='word_1_95' title='bbox 767 1147 1004 1219; x_wconf 80' lang='lat' dir='ltr'>benigne</span> <span class='ocrx_word' id='word_1_96' title='bbox 1062 1148 1316 1218; x_wconf 86' lang='lat' dir='ltr'>patiendo</span> <span class='ocrx_word' id='word_1_97' title='bbox 1348 1148 1576 1219; x_wconf 90' lang='lat' dir='ltr'>judicat,</span> <span class='ocrx_word' id='word_1_98' title='bbox 1626 1167 1695 1206; x_wconf 91' lang='lat' dir='ltr'>ne</span> <span class='ocrx_word' id='word_1_99' title='bbox 1743 1167 1867 1207; x_wconf 92' lang='lat' dir='ltr'>cum</span> <span class='ocrx_word' id='word_1_100' title='bbox 1895 1153 2023 1209; x_wconf 90' lang='lat' dir='ltr'>lolio</span> 
     </span>
    </p>
   </div>
   <div class='ocr_carea' id='block_1_15' title="bbox 422 1232 2021 1304">
    <p class='ocr_par' dir='ltr' id='par_1_15' title="bbox 422 1232 2021 1304">
     <span class='ocr_line' id='line_1_15' title="bbox 422 1232 2021 1304; baseline 0.006 -17"><span class='ocrx_word' id='word_1_101' title='bbox 422 1232 753 1289; x_wconf 82' lang='lat' dir='ltr'>frumentum</span> <span class='ocrx_word' id='word_1_102' title='bbox 811 1236 1075 1291; x_wconf 86' lang='lat' dir='ltr'>eradicet.</span> <span class='ocrx_word' id='word_1_103' title='bbox 1132 1236 1272 1304; x_wconf 87' lang='lat' dir='ltr'>Quia</span> <span class='ocrx_word' id='word_1_104' title='bbox 1314 1253 1421 1292; x_wconf 92' lang='lat' dir='ltr'>non</span> <span class='ocrx_word' id='word_1_105' title='bbox 1471 1240 1771 1293; x_wconf 90' lang='lat' dir='ltr'>secundum</span> <span class='ocrx_word' id='word_1_106' title='bbox 1803 1257 2021 1296; x_wconf 89' lang='lat' dir='ltr'>carnem</span> 
     </span>
    </p>
   </div>
   <div class='ocr_carea' id='block_1_16' title="bbox 421 1321 2022 1396">
    <p class='ocr_par' dir='ltr' id='par_1_16' title="bbox 421 1321 2022 1396">
     <span class='ocr_line' id='line_1_16' title="bbox 421 1321 2022 1396; baseline 0.006 -21"><span class='ocrx_word' id='word_1_107' title='bbox 421 1321 731 1389; x_wconf 90' lang='lat' dir='ltr'>militemus,</span> <span class='ocrx_word' id='word_1_108' title='bbox 768 1324 997 1394; x_wconf 85' lang='lat' dir='ltr'>probavi</span> <span class='ocrx_word' id='word_1_109' title='bbox 1028 1341 1124 1395; x_wconf 90' lang='lat' dir='ltr'>per</span> <span class='ocrx_word' id='word_1_110' title='bbox 1151 1326 1255 1381; x_wconf 90' lang='lat' dir='ltr'>hoc</span> <span class='ocrx_word' id='word_1_111' title='bbox 1302 1326 1447 1396; x_wconf 91' lang='lat' dir='ltr'>quod</span> <span class='ocrx_word' id='word_1_112' title='bbox 1479 1326 1806 1383; x_wconf 89' lang='lat' dir='ltr'>destruimus</span> <span class='ocrx_word' id='word_1_113' title='bbox 1836 1330 2022 1384; x_wconf 88' lang='lat' dir='ltr'>altitu-</span> 
     </span>
    </p>
   </div>
   <div class='ocr_carea' id='block_1_17' title="bbox 423 1410 2024 1488">
    <p class='ocr_par' dir='ltr' id='par_1_17' title="bbox 423 1410 2024 1488">
     <span class='ocr_line' id='line_1_17' title="bbox 423 1410 2024 1488; baseline 0.006 -24"><span class='ocrx_word' id='word_1_114' title='bbox 423 1410 605 1466; x_wconf 90' lang='lat' dir='ltr'>dinem</span> <span class='ocrx_word' id='word_1_115' title='bbox 660 1411 947 1468; x_wconf 79' lang='lat' dir='ltr'>mundanae</span> <span class='ocrx_word' id='word_1_116' title='bbox 1003 1413 1263 1478; x_wconf 80' lang='lat' dir='ltr'>scientiae,</span> <span class='ocrx_word' id='word_1_117' title='bbox 1321 1422 1372 1469; x_wconf 92' lang='lat' dir='ltr'>et</span> <span class='ocrx_word' id='word_1_118' title='bbox 1430 1415 1664 1471; x_wconf 77' lang='lat' dir='ltr'>rebelles</span> <span class='ocrx_word' id='word_1_119' title='bbox 1694 1418 2024 1488; x_wconf 87' lang='lat' dir='ltr'>captivamus</span> 
     </span>
    </p>
   </div>
   <div class='ocr_carea' id='block_1_18' title="bbox 420 1497 2024 1574">
    <p class='ocr_par' dir='ltr' id='par_1_18' title="bbox 420 1497 2024 1574">
     <span class='ocr_line' id='line_1_18' title="bbox 420 1497 2024 1574; baseline 0.006 -21"><span class='ocrx_word' id='word_1_120' title='bbox 420 1497 481 1553; x_wconf 93' lang='lat' dir='ltr'>in</span> <span class='ocrx_word' id='word_1_121' title='bbox 557 1499 881 1572; x_wconf 90' lang='lat' dir='ltr'>obsequium</span> <span class='ocrx_word' id='word_1_122' title='bbox 937 1502 1170 1568; x_wconf 84' lang='lat' dir='ltr'>Christi;</span> <span class='ocrx_word' id='word_1_123' title='bbox 1232 1519 1354 1574; x_wconf 62' lang='lat' dir='ltr'>qua:</span> <span class='ocrx_word' id='word_1_124' title='bbox 1426 1504 1666 1559; x_wconf 88' lang='lat' dir='ltr'>rationes</span> <span class='ocrx_word' id='word_1_125' title='bbox 1725 1522 1833 1561; x_wconf 93' lang='lat' dir='ltr'>non</span> <span class='ocrx_word' id='word_1_126' title='bbox 1888 1508 2024 1562; x_wconf 92' lang='lat' dir='ltr'>adeo</span> 
     </span>
    </p>
   </div>
   <div class='ocr_carea' id='block_1_19' title="bbox 2123 348 3717 425">
    <p class='ocr_par' dir='ltr' id='par_1_19' title="bbox 2123 348 3717 425">
     <span class='ocr_line' id='line_1_19' title="bbox 2123 348 3717 425; baseline 0.003 -22"><span class='ocrx_word' id='word_1_127' title='bbox 2123 348 2355 405; x_wconf 90' lang='lat' dir='ltr'>firmum.</span> <span class='ocrx_word' id='word_1_128' title='bbox 2391 352 2621 423; x_wconf 81' lang='lat' dir='ltr'>Cogitet,</span> <span class='ocrx_word' id='word_1_129' title='bbox 2657 352 2899 424; x_wconf 87' lang='lat' dir='ltr'>inquam,</span> <span class='ocrx_word' id='word_1_130' title='bbox 2936 354 3062 425; x_wconf 88' lang='lat' dir='ltr'>quia</span> <span class='ocrx_word' id='word_1_131' title='bbox 3078 353 3270 425; x_wconf 86' lang='lat' dir='ltr'>quales</span> <span class='ocrx_word' id='word_1_132' title='bbox 3293 369 3486 409; x_wconf 89' lang='lat' dir='ltr'>sumus</span> <span class='ocrx_word' id='word_1_133' title='bbox 3513 354 3717 409; x_wconf 85' lang='lat' dir='ltr'>absen-</span> 
     </span>
    </p>
   </div>
   <div class='ocr_carea' id='block_1_20' title="bbox 2126 441 3719 513">
    <p class='ocr_par' dir='ltr' id='par_1_20' title="bbox 2126 441 3719 513">
     <span class='ocr_line' id='line_1_20' title="bbox 2126 441 3719 513; baseline 0.001 -19"><span class='ocrx_word' id='word_1_134' title='bbox 2126 444 2229 509; x_wconf 87' lang='lat' dir='ltr'>tes,</span> <span class='ocrx_word' id='word_1_135' title='bbox 2256 442 2317 495; x_wconf 89' lang='lat' dir='ltr'>in</span> <span class='ocrx_word' id='word_1_136' title='bbox 2347 441 2507 497; x_wconf 86' lang='lat' dir='ltr'>verbo</span> <span class='ocrx_word' id='word_1_137' title='bbox 2538 458 2641 513; x_wconf 87' lang='lat' dir='ltr'>per</span> <span class='ocrx_word' id='word_1_138' title='bbox 2658 443 2925 513; x_wconf 74' lang='lat' dir='ltr'>epistolas</span> <span class='ocrx_word' id='word_1_139' title='bbox 2952 444 3137 511; x_wconf 86' lang='lat' dir='ltr'>misso,</span> <span class='ocrx_word' id='word_1_140' title='bbox 3165 444 3308 498; x_wconf 82' lang='lat' dir='ltr'>tales</span> <span class='ocrx_word' id='word_1_141' title='bbox 3327 442 3530 498; x_wconf 90' lang='lat' dir='ltr'>erimus</span> <span class='ocrx_word' id='word_1_142' title='bbox 3546 442 3719 497; x_wconf 87' lang='lat' dir='ltr'>etiam</span> 
     </span>
    </p>
   </div>
   <div class='ocr_carea' id='block_1_21' title="bbox 2119 530 3719 602">
    <p class='ocr_par' dir='ltr' id='par_1_21' title="bbox 2119 530 3719 602">
     <span class='ocr_line' id='line_1_21' title="bbox 2119 530 3719 602; baseline 0.001 -17"><span class='ocrx_word' id='word_1_143' title='bbox 2119 533 2444 600; x_wconf 74' lang='lat' dir='ltr'>prtesentes,</span> <span class='ocrx_word' id='word_1_144' title='bbox 2476 545 2584 585; x_wconf 89' lang='lat' dir='ltr'>non</span> <span class='ocrx_word' id='word_1_145' title='bbox 2615 530 2786 585; x_wconf 91' lang='lat' dir='ltr'>solum</span> <span class='ocrx_word' id='word_1_146' title='bbox 2816 530 2873 584; x_wconf 92' lang='lat' dir='ltr'>in</span> <span class='ocrx_word' id='word_1_147' title='bbox 2900 531 3088 601; x_wconf 91' lang='lat' dir='ltr'>verbo,</span> <span class='ocrx_word' id='word_1_148' title='bbox 3123 531 3221 587; x_wconf 89' lang='lat' dir='ltr'>sed</span> <span class='ocrx_word' id='word_1_149' title='bbox 3252 531 3414 585; x_wconf 88' lang='lat' dir='ltr'>etiam</span> <span class='ocrx_word' id='word_1_150' title='bbox 3447 532 3509 586; x_wconf 87' lang='lat' dir='ltr'>in</span> <span class='ocrx_word' id='word_1_151' title='bbox 3530 534 3719 602; x_wconf 88' lang='lat' dir='ltr'>facto;</span> 
     </span>
    </p>
   </div>
   <div class='ocr_carea' id='block_1_22' title="bbox 2125 619 3722 691">
    <p class='ocr_par' dir='ltr' id='par_1_22' title="bbox 2125 619 3722 691">
     <span class='ocr_line' id='line_1_22' title="bbox 2125 619 3722 691; baseline 0.001 -18"><span class='ocrx_word' id='word_1_152' title='bbox 2125 619 2254 690; x_wconf 92' lang='lat' dir='ltr'>quia</span> <span class='ocrx_word' id='word_1_153' title='bbox 2310 619 2456 691; x_wconf 91' lang='lat' dir='ltr'>quod</span> <span class='ocrx_word' id='word_1_154' title='bbox 2511 636 2611 689; x_wconf 91' lang='lat' dir='ltr'>per</span> <span class='ocrx_word' id='word_1_155' title='bbox 2658 620 2940 689; x_wconf 90' lang='lat' dir='ltr'>epistolam</span> <span class='ocrx_word' id='word_1_156' title='bbox 2970 620 3262 686; x_wconf 89' lang='lat' dir='ltr'>minamur,</span> <span class='ocrx_word' id='word_1_157' title='bbox 3292 620 3435 675; x_wconf 89' lang='lat' dir='ltr'>idem</span> <span class='ocrx_word' id='word_1_158' title='bbox 3463 619 3634 675; x_wconf 87' lang='lat' dir='ltr'>verbo</span> <span class='ocrx_word' id='word_1_159' title='bbox 3667 627 3722 674; x_wconf 89' lang='lat' dir='ltr'>et</span> 
     </span>
    </p>
   </div>
   <div class='ocr_carea' id='block_1_23' title="bbox 2122 708 3719 781">
    <p class='ocr_par' dir='ltr' id='par_1_23' title="bbox 2122 708 3719 781">
     <span class='ocr_line' id='line_1_23' title="bbox 2122 708 3719 781; baseline -0.001 -19"><span class='ocrx_word' id='word_1_160' title='bbox 2122 722 2285 777; x_wconf 90' lang='lat' dir='ltr'>opere</span> <span class='ocrx_word' id='word_1_161' title='bbox 2339 716 2639 778; x_wconf 67' lang='lat' dir='ltr'>praesentes</span> <span class='ocrx_word' id='word_1_162' title='bbox 2688 708 3091 765; x_wconf 86' lang='lat' dir='ltr'>exercebimus.</span> <span class='ocrx_word' id='word_1_163' title='bbox 3133 710 3271 765; x_wconf 83' lang='lat' dir='ltr'>Vere</span> <span class='ocrx_word' id='word_1_164' title='bbox 3312 709 3501 781; x_wconf 91' lang='lat' dir='ltr'>quales</span> <span class='ocrx_word' id='word_1_165' title='bbox 3529 723 3719 762; x_wconf 89' lang='lat' dir='ltr'>sumus</span> 
     </span>
    </p>
   </div>
   <div class='ocr_carea' id='block_1_24' title="bbox 2121 796 3709 868">
    <p class='ocr_par' dir='ltr' id='par_1_24' title="bbox 2121 796 3709 868">
     <span class='ocr_line' id='line_1_24' title="bbox 2121 796 3709 868; baseline 0.001 -19"><span class='ocrx_word' id='word_1_166' title='bbox 2121 796 2375 851; x_wconf 89' lang='lat' dir='ltr'>absentes</span> <span class='ocrx_word' id='word_1_167' title='bbox 2434 797 2619 863; x_wconf 90' lang='lat' dir='ltr'>verbo,</span> <span class='ocrx_word' id='word_1_168' title='bbox 2680 797 2818 852; x_wconf 87' lang='lat' dir='ltr'>tales</span> <span class='ocrx_word' id='word_1_169' title='bbox 2875 806 3171 868; x_wconf 64' lang='lat' dir='ltr'>prmsentes</span> <span class='ocrx_word' id='word_1_170' title='bbox 3220 798 3424 852; x_wconf 88' lang='lat' dir='ltr'>erimus</span> <span class='ocrx_word' id='word_1_171' title='bbox 3456 797 3512 850; x_wconf 92' lang='lat' dir='ltr'>in</span> <span class='ocrx_word' id='word_1_172' title='bbox 3539 796 3709 853; x_wconf 90' lang='lat' dir='ltr'>facto.</span> 
     </span>
    </p>
   </div>
   <div class='ocr_carea' id='block_1_25' title="bbox 2122 885 3724 957">
    <p class='ocr_par' dir='ltr' id='par_1_25' title="bbox 2122 885 3724 957">
     <span class='ocr_line' id='line_1_25' title="bbox 2122 885 3724 957; baseline 0 -18"><span class='ocrx_word' id='word_1_173' title='bbox 2122 885 2243 939; x_wconf 87' lang='lat' dir='ltr'>Non</span> <span class='ocrx_word' id='word_1_174' title='bbox 2272 885 2426 939; x_wconf 87' lang='lat' dir='ltr'>enim</span> <span class='ocrx_word' id='word_1_175' title='bbox 2455 901 2641 939; x_wconf 88' lang='lat' dir='ltr'>sumus</span> <span class='ocrx_word' id='word_1_176' title='bbox 2670 885 2739 940; x_wconf 93' lang='lat' dir='ltr'>de</span> <span class='ocrx_word' id='word_1_177' title='bbox 2770 886 2965 940; x_wconf 85' lang='lat' dir='ltr'>vestris</span> <span class='ocrx_word' id='word_1_178' title='bbox 2995 885 3224 957; x_wconf 90' lang='lat' dir='ltr'>pseudo,</span> <span class='ocrx_word' id='word_1_179' title='bbox 3249 887 3337 957; x_wconf 89' lang='lat' dir='ltr'>qui</span> <span class='ocrx_word' id='word_1_180' title='bbox 3355 902 3413 940; x_wconf 91' lang='lat' dir='ltr'>se</span> <span class='ocrx_word' id='word_1_181' title='bbox 3434 885 3724 955; x_wconf 85' lang='lat' dir='ltr'>impuden-</span> 
     </span>
    </p>
   </div>
   <div class='ocr_carea' id='block_1_26' title="bbox 2123 972 3721 1046">
    <p class='ocr_par' dir='ltr' id='par_1_26' title="bbox 2123 972 3721 1046">
     <span class='ocr_line' id='line_1_26' title="bbox 2123 972 3721 1046; baseline 0.001 -20"><span class='ocrx_word' id='word_1_182' title='bbox 2123 981 2207 1027; x_wconf 90' lang='lat' dir='ltr'>ter</span> <span class='ocrx_word' id='word_1_183' title='bbox 2235 972 2497 1039; x_wconf 89' lang='lat' dir='ltr'>inserunt,</span> <span class='ocrx_word' id='word_1_184' title='bbox 2531 973 2587 1028; x_wconf 90' lang='lat' dir='ltr'>id</span> <span class='ocrx_word' id='word_1_185' title='bbox 2617 983 2699 1029; x_wconf 91' lang='lat' dir='ltr'>est</span> <span class='ocrx_word' id='word_1_186' title='bbox 2729 974 3002 1046; x_wconf 78' lang='lat' dir='ltr'>ingerunt,</span> <span class='ocrx_word' id='word_1_187' title='bbox 3047 990 3157 1029; x_wconf 92' lang='lat' dir='ltr'>non</span> <span class='ocrx_word' id='word_1_188' title='bbox 3182 974 3335 1028; x_wconf 90' lang='lat' dir='ltr'>missi</span> <span class='ocrx_word' id='word_1_189' title='bbox 3384 989 3417 1028; x_wconf 86' lang='lat' dir='ltr'>a</span> <span class='ocrx_word' id='word_1_190' title='bbox 3447 975 3581 1038; x_wconf 91' lang='lat' dir='ltr'>Deo,</span> <span class='ocrx_word' id='word_1_191' title='bbox 3617 989 3721 1028; x_wconf 90' lang='lat' dir='ltr'>nec</span> 
     </span>
    </p>
   </div>
   <div class='ocr_carea' id='block_1_27' title="bbox 2124 1062 3716 1134">
    <p class='ocr_par' dir='ltr' id='par_1_27' title="bbox 2124 1062 3716 1134">
     <span class='ocr_line' id='line_1_27' title="bbox 2124 1062 3716 1134; baseline -0.001 -17"><span class='ocrx_word' id='word_1_192' title='bbox 2124 1069 2268 1117; x_wconf 88' lang='lat' dir='ltr'>certe</span> <span class='ocrx_word' id='word_1_193' title='bbox 2295 1063 2567 1118; x_wconf 82' lang='lat' dir='ltr'>audemus</span> <span class='ocrx_word' id='word_1_194' title='bbox 2596 1079 2696 1118; x_wconf 90' lang='lat' dir='ltr'>nos</span> <span class='ocrx_word' id='word_1_195' title='bbox 2716 1064 2983 1128; x_wconf 76' lang='lat' dir='ltr'>inserere,</span> <span class='ocrx_word' id='word_1_196' title='bbox 3014 1070 3071 1117; x_wconf 92' lang='lat' dir='ltr'>ut</span> <span class='ocrx_word' id='word_1_197' title='bbox 3096 1062 3265 1134; x_wconf 92' lang='lat' dir='ltr'>(quod</span> <span class='ocrx_word' id='word_1_198' title='bbox 3285 1062 3441 1117; x_wconf 90' lang='lat' dir='ltr'>nobis</span> <span class='ocrx_word' id='word_1_199' title='bbox 3462 1063 3716 1118; x_wconf 90' lang='lat' dir='ltr'>commis-</span> 
     </span>
    </p>
   </div>
   <div class='ocr_carea' id='block_1_28' title="bbox 2125 1147 3718 1218">
    <p class='ocr_par' dir='ltr' id='par_1_28' title="bbox 2125 1147 3718 1218">
     <span class='ocr_line' id='line_1_28' title="bbox 2125 1147 3718 1218; baseline 0.001 -18"><span class='ocrx_word' id='word_1_200' title='bbox 2125 1163 2243 1200; x_wconf 89' lang='lat' dir='ltr'>sum</span> <span class='ocrx_word' id='word_1_201' title='bbox 2275 1162 2383 1201; x_wconf 92' lang='lat' dir='ltr'>non</span> <span class='ocrx_word' id='word_1_202' title='bbox 2440 1153 2608 1217; x_wconf 81' lang='lat' dir='ltr'>esset)</span> <span class='ocrx_word' id='word_1_203' title='bbox 2656 1163 2974 1218; x_wconf 87' lang='lat' dir='ltr'>usurpemus</span> <span class='ocrx_word' id='word_1_204' title='bbox 3021 1147 3222 1203; x_wconf 91' lang='lat' dir='ltr'>illicite.</span> <span class='ocrx_word' id='word_1_205' title='bbox 3261 1149 3373 1203; x_wconf 85' lang='lat' dir='ltr'>Aut</span> <span class='ocrx_word' id='word_1_206' title='bbox 3403 1162 3510 1202; x_wconf 92' lang='lat' dir='ltr'>non</span> <span class='ocrx_word' id='word_1_207' title='bbox 3541 1147 3718 1201; x_wconf 87' lang='lat' dir='ltr'>aude-</span> 
     </span>
    </p>
   </div>
   <div class='ocr_carea' id='block_1_29' title="bbox 2123 1235 3721 1312">
    <p class='ocr_par' dir='ltr' id='par_1_29' title="bbox 2123 1235 3721 1312">
     <span class='ocr_line' id='line_1_29' title="bbox 2123 1235 3721 1312; baseline 0 -23"><span class='ocrx_word' id='word_1_208' title='bbox 2123 1251 2245 1289; x_wconf 90' lang='lat' dir='ltr'>mus</span> <span class='ocrx_word' id='word_1_209' title='bbox 2273 1235 2461 1290; x_wconf 89' lang='lat' dir='ltr'>inserti</span> <span class='ocrx_word' id='word_1_210' title='bbox 2492 1251 2525 1289; x_wconf 88' lang='lat' dir='ltr'>a</span> <span class='ocrx_word' id='word_1_211' title='bbox 2554 1237 2669 1291; x_wconf 91' lang='lat' dir='ltr'>Deo</span> <span class='ocrx_word' id='word_1_212' title='bbox 2698 1251 2798 1291; x_wconf 90' lang='lat' dir='ltr'>nos</span> <span class='ocrx_word' id='word_1_213' title='bbox 2827 1252 3154 1308; x_wconf 88' lang='lat' dir='ltr'>comparare</span> <span class='ocrx_word' id='word_1_214' title='bbox 3184 1236 3533 1308; x_wconf 80' lang='lat' dir='ltr'>quibusdam,</span> <span class='ocrx_word' id='word_1_215' title='bbox 3560 1235 3613 1312; x_wconf 84' lang='lat' dir='ltr'>id</span> <span class='ocrx_word' id='word_1_216' title='bbox 3636 1243 3721 1289; x_wconf 90' lang='lat' dir='ltr'>est</span> 
     </span>
    </p>
   </div>
   <div class='ocr_carea' id='block_1_30' title="bbox 2121 1324 3721 1397">
    <p class='ocr_par' dir='ltr' id='par_1_30' title="bbox 2121 1324 3721 1397">
     <span class='ocr_line' id='line_1_30' title="bbox 2121 1324 3721 1397; baseline 0.002 -19"><span class='ocrx_word' id='word_1_217' title='bbox 2121 1325 2349 1395; x_wconf 86' lang='lat' dir='ltr'>pseudo,</span> <span class='ocrx_word' id='word_1_218' title='bbox 2406 1326 2500 1397; x_wconf 86' lang='lat' dir='ltr'>qui</span> <span class='ocrx_word' id='word_1_219' title='bbox 2547 1340 2655 1379; x_wconf 91' lang='lat' dir='ltr'>non</span> <span class='ocrx_word' id='word_1_220' title='bbox 2684 1340 2716 1379; x_wconf 88' lang='lat' dir='ltr'>a</span> <span class='ocrx_word' id='word_1_221' title='bbox 2756 1326 2871 1379; x_wconf 91' lang='lat' dir='ltr'>Deo</span> <span class='ocrx_word' id='word_1_222' title='bbox 2918 1324 3282 1380; x_wconf 85' lang='lat' dir='ltr'>commendati</span> <span class='ocrx_word' id='word_1_223' title='bbox 3317 1325 3521 1395; x_wconf 89' lang='lat' dir='ltr'>seipsos</span> <span class='ocrx_word' id='word_1_224' title='bbox 3565 1340 3721 1381; x_wconf 85' lang='lat' dir='ltr'>com-</span> 
     </span>
    </p>
   </div>
   <div class='ocr_carea' id='block_1_31' title="bbox 2122 1412 3720 1484">
    <p class='ocr_par' dir='ltr' id='par_1_31' title="bbox 2122 1412 3720 1484">
     <span class='ocr_line' id='line_1_31' title="bbox 2122 1412 3720 1484; baseline 0.001 -17"><span class='ocrx_word' id='word_1_225' title='bbox 2122 1413 2417 1479; x_wconf 88' lang='lat' dir='ltr'>mendant,</span> <span class='ocrx_word' id='word_1_226' title='bbox 2466 1413 2934 1468; x_wconf 87' lang='lat' dir='ltr'>commendatitias</span> <span class='ocrx_word' id='word_1_227' title='bbox 2975 1414 3234 1484; x_wconf 89' lang='lat' dir='ltr'>epistolas</span> <span class='ocrx_word' id='word_1_228' title='bbox 3262 1414 3387 1468; x_wconf 91' lang='lat' dir='ltr'>hinc</span> <span class='ocrx_word' id='word_1_229' title='bbox 3417 1412 3544 1468; x_wconf 88' lang='lat' dir='ltr'>inde</span> <span class='ocrx_word' id='word_1_230' title='bbox 3560 1412 3720 1469; x_wconf 90' lang='lat' dir='ltr'>defe-</span> 
     </span>
    </p>
   </div>
   <div class='ocr_carea' id='block_1_32' title="bbox 2122 1501 3722 1572">
    <p class='ocr_par' dir='ltr' id='par_1_32' title="bbox 2122 1501 3722 1572">
     <span class='ocr_line' id='line_1_32' title="bbox 2122 1501 3722 1572; baseline 0 -17"><span class='ocrx_word' id='word_1_231' title='bbox 2122 1509 2307 1556; x_wconf 88' lang='lat' dir='ltr'>rentes</span> <span class='ocrx_word' id='word_1_232' title='bbox 2341 1518 2351 1555; x_wconf 95' lang='lat'>:</span> <span class='ocrx_word' id='word_1_233' title='bbox 2386 1501 2470 1556; x_wconf 90' lang='lat' dir='ltr'>his</span> <span class='ocrx_word' id='word_1_234' title='bbox 2500 1517 2607 1557; x_wconf 92' lang='lat' dir='ltr'>non</span> <span class='ocrx_word' id='word_1_235' title='bbox 2649 1502 2912 1557; x_wconf 91' lang='lat' dir='ltr'>audemus</span> <span class='ocrx_word' id='word_1_236' title='bbox 2957 1518 3057 1557; x_wconf 92' lang='lat' dir='ltr'>nos</span> <span class='ocrx_word' id='word_1_237' title='bbox 3085 1517 3427 1572; x_wconf 88' lang='lat' dir='ltr'>comparare,</span> <span class='ocrx_word' id='word_1_238' title='bbox 3475 1510 3532 1556; x_wconf 90' lang='lat' dir='ltr'>ut</span> <span class='ocrx_word' id='word_1_239' title='bbox 3561 1517 3722 1556; x_wconf 91' lang='lat' dir='ltr'>men-</span> 
     </span>
    </p>
   </div>
   <div class='ocr_carea' id='block_1_33' title="bbox 423 1587 3725 1678">
    <p class='ocr_par' dir='ltr' id='par_1_33' title="bbox 423 1587 3725 1678">
     <span class='ocr_line' id='line_1_33' title="bbox 423 1587 3725 1678; baseline 0.003 -37"><span class='ocrx_word' id='word_1_240' title='bbox 423 1587 675 1643; x_wconf 83' lang='lat' dir='ltr'>videntur</span> <span class='ocrx_word' id='word_1_241' title='bbox 726 1588 956 1661; x_wconf 83' lang='lat' dir='ltr'>singulis</span> <span class='ocrx_word' id='word_1_242' title='bbox 989 1609 1002 1657; x_wconf 91' lang='lat'><strong>;</strong></span> <span class='ocrx_word' id='word_1_243' title='bbox 1063 1591 1159 1645; x_wconf 91' lang='lat' dir='ltr'>sed</span> <span class='ocrx_word' id='word_1_244' title='bbox 1206 1590 1369 1645; x_wconf 90' lang='lat' dir='ltr'>modo</span> <span class='ocrx_word' id='word_1_245' title='bbox 1400 1591 1576 1647; x_wconf 82' lang='lat' dir='ltr'>videte</span> <span class='ocrx_word' id='word_1_246' title='bbox 1626 1601 1678 1649; x_wconf 87' lang='lat' dir='ltr'>et</span> <span class='ocrx_word' id='word_1_247' title='bbox 1711 1595 2023 1665; x_wconf 82' lang='lat' dir='ltr'>cognoscite</span> <span class='ocrx_word' id='word_1_248' title='bbox 2053 1619 2104 1678; x_wconf 80' lang='grc' dir='ltr'>Β</span> <span class='ocrx_word' id='word_1_249' title='bbox 2126 1606 2307 1645; x_wconf 86' lang='lat' dir='ltr'>suram</span> <span class='ocrx_word' id='word_1_250' title='bbox 2339 1589 2497 1646; x_wconf 77' lang='lat' dir='ltr'>ofﬁcii</span> <span class='ocrx_word' id='word_1_251' title='bbox 2526 1591 2696 1645; x_wconf 84' lang='lat' dir='ltr'>nostri</span> <span class='ocrx_word' id='word_1_252' title='bbox 2726 1590 3049 1661; x_wconf 84' lang='lat' dir='ltr'>inexpletam</span> <span class='ocrx_word' id='word_1_253' title='bbox 3082 1591 3443 1662; x_wconf 83' lang='lat' dir='ltr'>negligamus.</span> <span class='ocrx_word' id='word_1_254' title='bbox 3491 1588 3725 1657; x_wconf 85' lang='lat' dir='ltr'>Quidam</span> 
     </span>
    </p>
   </div>
   <div class='ocr_carea' id='block_1_34' title="bbox 425 1675 2025 1749">
    <p class='ocr_par' dir='ltr' id='par_1_34' title="bbox 425 1675 2025 1749">
     <span class='ocr_line' id='line_1_34' title="bbox 425 1675 2025 1749; baseline 0.006 -20"><span class='ocrx_word' id='word_1_255' title='bbox 425 1675 592 1743; x_wconf 92' lang='lat' dir='ltr'>idem,</span> <span class='ocrx_word' id='word_1_256' title='bbox 654 1677 880 1747; x_wconf 87' lang='lat' dir='ltr'>scilicet,</span> <span class='ocrx_word' id='word_1_257' title='bbox 932 1679 1079 1749; x_wconf 94' lang='lat' dir='ltr'>quod</span> <span class='ocrx_word' id='word_1_258' title='bbox 1135 1696 1251 1735; x_wconf 88' lang='lat' dir='ltr'>non</span> <span class='ocrx_word' id='word_1_259' title='bbox 1321 1680 1659 1736; x_wconf 83' lang='lat' dir='ltr'>ambulamus</span> <span class='ocrx_word' id='word_1_260' title='bbox 1713 1684 2025 1739; x_wconf 85' lang='lat' dir='ltr'>secundum</span> 
     </span>
    </p>
   </div>
   <div class='ocr_carea' id='block_1_35' title="bbox 429 1766 2028 1840">
    <p class='ocr_par' dir='ltr' id='par_1_35' title="bbox 429 1766 2028 1840">
     <span class='ocr_line' id='line_1_35' title="bbox 429 1766 2028 1840; baseline 0.004 -21"><span class='ocrx_word' id='word_1_261' title='bbox 429 1780 681 1820; x_wconf 85' lang='lat' dir='ltr'>carnem.</span> <span class='ocrx_word' id='word_1_262' title='bbox 714 1766 917 1832; x_wconf 89' lang='lat' dir='ltr'>Videte,</span> <span class='ocrx_word' id='word_1_263' title='bbox 938 1767 1182 1839; x_wconf 90' lang='lat' dir='ltr'>inquam,</span> <span class='ocrx_word' id='word_1_264' title='bbox 1209 1784 1307 1838; x_wconf 90' lang='lat' dir='ltr'>per</span> <span class='ocrx_word' id='word_1_265' title='bbox 1323 1784 1387 1823; x_wconf 89' lang='lat' dir='ltr'>ea</span> <span class='ocrx_word' id='word_1_266' title='bbox 1419 1786 1539 1840; x_wconf 68' lang='lat' dir='ltr'>quae</span> <span class='ocrx_word' id='word_1_267' title='bbox 1560 1775 1695 1825; x_wconf 86' lang='lat' dir='ltr'>sunt</span> <span class='ocrx_word' id='word_1_268' title='bbox 1716 1770 2028 1827; x_wconf 87' lang='lat' dir='ltr'>secundum</span> 
     </span>
    </p>
   </div>
   <div class='ocr_carea' id='block_1_36' title="bbox 425 1853 2025 1930">
    <p class='ocr_par' dir='ltr' id='par_1_36' title="bbox 425 1853 2025 1930">
     <span class='ocr_line' id='line_1_36' title="bbox 425 1853 2025 1930; baseline 0.004 -22"><span class='ocrx_word' id='word_1_269' title='bbox 425 1855 654 1923; x_wconf 82' lang='lat' dir='ltr'>faciem,</span> <span class='ocrx_word' id='word_1_270' title='bbox 715 1853 769 1908; x_wconf 93' lang='lat' dir='ltr'>id</span> <span class='ocrx_word' id='word_1_271' title='bbox 817 1862 899 1910; x_wconf 91' lang='lat' dir='ltr'>est</span> <span class='ocrx_word' id='word_1_272' title='bbox 958 1872 1077 1927; x_wconf 85' lang='lat' dir='ltr'>quae</span> <span class='ocrx_word' id='word_1_273' title='bbox 1137 1864 1261 1910; x_wconf 91' lang='lat' dir='ltr'>sunt</span> <span class='ocrx_word' id='word_1_274' title='bbox 1328 1857 1623 1912; x_wconf 88' lang='lat' dir='ltr'>secundum</span> <span class='ocrx_word' id='word_1_275' title='bbox 1682 1858 2025 1930; x_wconf 87' lang='lat' dir='ltr'>corporalem</span> 
     </span>
    </p>
   </div>
   <div class='ocr_carea' id='block_1_37' title="bbox 427 1941 2018 2018">
    <p class='ocr_par' dir='ltr' id='par_1_37' title="bbox 427 1941 2018 2018">
     <span class='ocr_line' id='line_1_37' title="bbox 427 1941 2018 2018; baseline 0.004 -22"><span class='ocrx_word' id='word_1_276' title='bbox 427 1941 712 2009; x_wconf 87' lang='lat' dir='ltr'>visionem,</span> <span class='ocrx_word' id='word_1_277' title='bbox 775 1951 826 1998; x_wconf 91' lang='lat' dir='ltr'>et</span> <span class='ocrx_word' id='word_1_278' title='bbox 886 1944 1003 1998; x_wconf 89' lang='lat' dir='ltr'>sine</span> <span class='ocrx_word' id='word_1_279' title='bbox 1050 1945 1196 2001; x_wconf 89' lang='lat' dir='ltr'>omni</span> <span class='ocrx_word' id='word_1_280' title='bbox 1245 1945 1528 2001; x_wconf 87' lang='lat' dir='ltr'>obstaculo</span> <span class='ocrx_word' id='word_1_281' title='bbox 1558 1946 1731 2001; x_wconf 88' lang='lat' dir='ltr'>videri</span> <span class='ocrx_word' id='word_1_282' title='bbox 1765 1956 2018 2018; x_wconf 89' lang='lat' dir='ltr'>possunt.</span> 
     </span>
    </p>
   </div>
   <div class='ocr_carea' id='block_1_38' title="bbox 424 2030 2027 2108">
    <p class='ocr_par' dir='ltr' id='par_1_38' title="bbox 424 2030 2027 2108">
     <span class='ocr_line' id='line_1_38' title="bbox 424 2030 2027 2108; baseline 0.004 -23"><span class='ocrx_word' id='word_1_283' title='bbox 424 2030 523 2085; x_wconf 89' lang='lat' dir='ltr'>Vel</span> <span class='ocrx_word' id='word_1_284' title='bbox 553 2031 629 2085; x_wconf 91' lang='lat' dir='ltr'>ita</span> <span class='ocrx_word' id='word_1_285' title='bbox 660 2048 674 2085; x_wconf 74' lang='grc' dir='ltr'><strong>ε</strong></span> <span class='ocrx_word' id='word_1_286' title='bbox 708 2031 837 2087; x_wconf 90' lang='lat' dir='ltr'>Illos</span> <span class='ocrx_word' id='word_1_287' title='bbox 867 2033 958 2103; x_wconf 90' lang='lat' dir='ltr'>qui</span> <span class='ocrx_word' id='word_1_288' title='bbox 986 2034 1284 2088; x_wconf 89' lang='lat' dir='ltr'>secundum</span> <span class='ocrx_word' id='word_1_289' title='bbox 1336 2033 1527 2089; x_wconf 83' lang='lat' dir='ltr'>faciem</span> <span class='ocrx_word' id='word_1_290' title='bbox 1558 2044 1703 2102; x_wconf 90' lang='lat' dir='ltr'>sunt,</span> <span class='ocrx_word' id='word_1_291' title='bbox 1738 2036 1793 2090; x_wconf 91' lang='lat' dir='ltr'>id</span> <span class='ocrx_word' id='word_1_292' title='bbox 1825 2045 1906 2091; x_wconf 89' lang='lat' dir='ltr'>est</span> <span class='ocrx_word' id='word_1_293' title='bbox 1935 2036 2027 2108; x_wconf 90' lang='lat' dir='ltr'>qui</span> 
     </span>
    </p>
   </div>
   <div class='ocr_carea' id='block_1_39' title="bbox 421 2117 2027 2195">
    <p class='ocr_par' dir='ltr' id='par_1_39' title="bbox 421 2117 2027 2195">
     <span class='ocr_line' id='line_1_39' title="bbox 421 2117 2027 2195; baseline 0.005 -23"><span class='ocrx_word' id='word_1_294' title='bbox 421 2117 476 2173; x_wconf 91' lang='lat' dir='ltr'>in</span> <span class='ocrx_word' id='word_1_295' title='bbox 533 2119 672 2174; x_wconf 88' lang='lat' dir='ltr'>facie</span> <span class='ocrx_word' id='word_1_296' title='bbox 719 2136 777 2175; x_wconf 88' lang='lat' dir='ltr'>se</span> <span class='ocrx_word' id='word_1_297' title='bbox 810 2121 983 2175; x_wconf 91' lang='lat' dir='ltr'>bonos</span> <span class='ocrx_word' id='word_1_298' title='bbox 1016 2122 1269 2175; x_wconf 87' lang='lat' dir='ltr'>simulant</span> <span class='ocrx_word' id='word_1_299' title='bbox 1303 2140 1316 2176; x_wconf 89' lang='lat'>:</span> <span class='ocrx_word' id='word_1_300' title='bbox 1349 2123 1678 2178; x_wconf 88' lang='lat' dir='ltr'>intrinsecus</span> <span class='ocrx_word' id='word_1_301' title='bbox 1706 2133 1886 2179; x_wconf 90' lang='lat' dir='ltr'>autem</span> <span class='ocrx_word' id='word_1_302' title='bbox 1916 2125 2027 2195; x_wconf 90' lang='lat' dir='ltr'>lupi</span> 
     </span>
    </p>
   </div>
   <div class='ocr_carea' id='block_1_40' title="bbox 424 2207 2028 2281">
    <p class='ocr_par' dir='ltr' id='par_1_40' title="bbox 424 2207 2028 2281">
     <span class='ocr_line' id='line_1_40' title="bbox 424 2207 2028 2281; baseline 0.006 -22"><span class='ocrx_word' id='word_1_303' title='bbox 424 2215 563 2275; x_wconf 87' lang='lat' dir='ltr'>sunt,</span> <span class='ocrx_word' id='word_1_304' title='bbox 624 2207 745 2279; x_wconf 87' lang='lat' dir='ltr'>illos</span> <span class='ocrx_word' id='word_1_305' title='bbox 800 2209 964 2264; x_wconf 89' lang='lat' dir='ltr'>modo</span> <span class='ocrx_word' id='word_1_306' title='bbox 1019 2209 1218 2265; x_wconf 88' lang='lat' dir='ltr'>videte.</span> <span class='ocrx_word' id='word_1_307' title='bbox 1270 2211 1327 2265; x_wconf 91' lang='lat' dir='ltr'>Si</span> <span class='ocrx_word' id='word_1_308' title='bbox 1382 2210 1503 2281; x_wconf 89' lang='lat' dir='ltr'>quis</span> <span class='ocrx_word' id='word_1_309' title='bbox 1548 2212 1775 2281; x_wconf 89' lang='lat' dir='ltr'>pseudo,</span> <span class='ocrx_word' id='word_1_310' title='bbox 1808 2212 2028 2268; x_wconf 91' lang='lat' dir='ltr'>confidit</span> 
     </span>
    </p>
   </div>
   <div class='ocr_carea' id='block_1_41' title="bbox 425 2295 2024 2369">
    <p class='ocr_par' dir='ltr' id='par_1_41' title="bbox 425 2295 2024 2369">
     <span class='ocr_line' id='line_1_41' title="bbox 425 2295 2024 2369; baseline 0.006 -21"><span class='ocrx_word' id='word_1_311' title='bbox 425 2311 532 2351; x_wconf 89' lang='lat' dir='ltr'>non</span> <span class='ocrx_word' id='word_1_312' title='bbox 555 2295 670 2351; x_wconf 91' lang='lat' dir='ltr'>Deo</span> <span class='ocrx_word' id='word_1_313' title='bbox 702 2296 798 2351; x_wconf 89' lang='lat' dir='ltr'>seb</span> <span class='ocrx_word' id='word_1_314' title='bbox 830 2297 932 2351; x_wconf 93' lang='lat' dir='ltr'>sibi</span> <span class='ocrx_word' id='word_1_315' title='bbox 959 2314 971 2352; x_wconf 94' lang='lat'>:</span> <span class='ocrx_word' id='word_1_316' title='bbox 997 2307 1360 2369; x_wconf 68' lang='lat' dir='ltr'>praesumptor</span> <span class='ocrx_word' id='word_1_317' title='bbox 1386 2299 1531 2354; x_wconf 89' lang='lat' dir='ltr'>enim</span> <span class='ocrx_word' id='word_1_318' title='bbox 1549 2308 1632 2355; x_wconf 90' lang='lat' dir='ltr'>est</span> <span class='ocrx_word' id='word_1_319' title='bbox 1662 2316 1771 2355; x_wconf 90' lang='lat' dir='ltr'>non</span> <span class='ocrx_word' id='word_1_320' title='bbox 1801 2302 2024 2368; x_wconf 90' lang='lat' dir='ltr'>electus;</span> 
     </span>
    </p>
   </div>
   <div class='ocr_carea' id='block_1_42' title="bbox 424 2384 2029 2457">
    <p class='ocr_par' dir='ltr' id='par_1_42' title="bbox 424 2384 2029 2457">
     <span class='ocr_line' id='line_1_42' title="bbox 424 2384 2029 2457; baseline 0.004 -19"><span class='ocrx_word' id='word_1_321' title='bbox 424 2385 474 2439; x_wconf 88' lang='lat' dir='ltr'>si</span> <span class='ocrx_word' id='word_1_322' title='bbox 503 2387 646 2456; x_wconf 90' lang='lat' dir='ltr'>quis,</span> <span class='ocrx_word' id='word_1_323' title='bbox 680 2384 927 2457; x_wconf 89' lang='lat' dir='ltr'>inquam,</span> <span class='ocrx_word' id='word_1_324' title='bbox 986 2386 1219 2456; x_wconf 84' lang='lat' dir='ltr'>conﬁdit</span> <span class='ocrx_word' id='word_1_325' title='bbox 1249 2388 1355 2443; x_wconf 84' lang='lat' dir='ltr'>sibi</span> <span class='ocrx_word' id='word_1_326' title='bbox 1383 2405 1439 2443; x_wconf 86' lang='lat' dir='ltr'>se</span> <span class='ocrx_word' id='word_1_327' title='bbox 1462 2405 1576 2444; x_wconf 90' lang='lat' dir='ltr'>esse</span> <span class='ocrx_word' id='word_1_328' title='bbox 1612 2389 1840 2456; x_wconf 77' lang='lat' dir='ltr'>Christi,</span> <span class='ocrx_word' id='word_1_329' title='bbox 1862 2390 1916 2444; x_wconf 92' lang='lat' dir='ltr'>id</span> <span class='ocrx_word' id='word_1_330' title='bbox 1946 2400 2029 2445; x_wconf 90' lang='lat' dir='ltr'>est</span> 
     </span>
    </p>
   </div>
   <div class='ocr_carea' id='block_1_43' title="bbox 423 2473 2028 2545">
    <p class='ocr_par' dir='ltr' id='par_1_43' title="bbox 423 2473 2028 2545">
     <span class='ocr_line' id='line_1_43' title="bbox 423 2473 2028 2545; baseline 0.005 -19"><span class='ocrx_word' id='word_1_331' title='bbox 423 2473 571 2544; x_wconf 88' lang='lat' dir='ltr'>quod</span> <span class='ocrx_word' id='word_1_332' title='bbox 600 2474 718 2544; x_wconf 89' lang='lat' dir='ltr'>ipse</span> <span class='ocrx_word' id='word_1_333' title='bbox 750 2474 818 2528; x_wconf 90' lang='lat' dir='ltr'>sit</span> <span class='ocrx_word' id='word_1_334' title='bbox 848 2475 1126 2545; x_wconf 87' lang='lat' dir='ltr'>apostolus</span> <span class='ocrx_word' id='word_1_335' title='bbox 1172 2476 1391 2543; x_wconf 87' lang='lat' dir='ltr'>Christi,</span> <span class='ocrx_word' id='word_1_336' title='bbox 1428 2493 1537 2532; x_wconf 91' lang='lat' dir='ltr'>non</span> <span class='ocrx_word' id='word_1_337' title='bbox 1571 2477 1669 2533; x_wconf 87' lang='lat' dir='ltr'>hoc</span> <span class='ocrx_word' id='word_1_338' title='bbox 1700 2478 1896 2545; x_wconf 88' lang='lat' dir='ltr'>solum,</span> <span class='ocrx_word' id='word_1_339' title='bbox 1931 2479 2028 2534; x_wconf 88' lang='lat' dir='ltr'>sed</span> 
     </span>
    </p>
   </div>
   <div class='ocr_carea' id='block_1_44' title="bbox 428 2561 2029 2638">
    <p class='ocr_par' dir='ltr' id='par_1_44' title="bbox 428 2561 2029 2638">
     <span class='ocr_line' id='line_1_44' title="bbox 428 2561 2029 2638; baseline 0.005 -23"><span class='ocrx_word' id='word_1_340' title='bbox 428 2561 534 2617; x_wconf 88' lang='lat' dir='ltr'>hoc</span> <span class='ocrx_word' id='word_1_341' title='bbox 566 2563 776 2618; x_wconf 83' lang='lat' dir='ltr'>iterum</span> <span class='ocrx_word' id='word_1_342' title='bbox 800 2562 1051 2618; x_wconf 89' lang='lat' dir='ltr'>similiter</span> <span class='ocrx_word' id='word_1_343' title='bbox 1083 2565 1327 2635; x_wconf 85' lang='lat' dir='ltr'>cogitet;</span> <span class='ocrx_word' id='word_1_344' title='bbox 1358 2582 1458 2622; x_wconf 91' lang='lat' dir='ltr'>nec</span> <span class='ocrx_word' id='word_1_345' title='bbox 1484 2566 1732 2633; x_wconf 90' lang='lat' dir='ltr'>inaniter,</span> <span class='ocrx_word' id='word_1_346' title='bbox 1754 2568 1851 2622; x_wconf 90' lang='lat' dir='ltr'>sed</span> <span class='ocrx_word' id='word_1_347' title='bbox 1880 2568 2029 2638; x_wconf 88' lang='lat' dir='ltr'>apud</span> 
     </span>
    </p>
   </div>
   <div class='ocr_carea' id='block_1_45' title="bbox 420 2650 2027 2725">
    <p class='ocr_par' dir='ltr' id='par_1_45' title="bbox 420 2650 2027 2725">
     <span class='ocr_line' id='line_1_45' title="bbox 420 2650 2027 2725; baseline 0.004 -22"><span class='ocrx_word' id='word_1_348' title='bbox 420 2665 497 2717; x_wconf 88' lang='lat' dir='ltr'>se,</span> <span class='ocrx_word' id='word_1_349' title='bbox 522 2650 786 2705; x_wconf 86' lang='lat' dir='ltr'>subtiliter</span> <span class='ocrx_word' id='word_1_350' title='bbox 805 2650 1099 2706; x_wconf 89' lang='lat' dir='ltr'>discutiens</span> <span class='ocrx_word' id='word_1_351' title='bbox 1124 2669 1137 2705; x_wconf 90' lang='lat'>:</span> <span class='ocrx_word' id='word_1_352' title='bbox 1164 2653 1294 2723; x_wconf 86' lang='lat' dir='ltr'>quia</span> <span class='ocrx_word' id='word_1_353' title='bbox 1315 2654 1464 2708; x_wconf 88' lang='lat' dir='ltr'>sicut</span> <span class='ocrx_word' id='word_1_354' title='bbox 1486 2658 1541 2709; x_wconf 89' lang='lat' dir='ltr'>et</span> <span class='ocrx_word' id='word_1_355' title='bbox 1562 2656 1678 2725; x_wconf 82' lang='lat' dir='ltr'>ipse</span> <span class='ocrx_word' id='word_1_356' title='bbox 1709 2656 1920 2710; x_wconf 86' lang='lat' dir='ltr'>Christi</span> <span class='ocrx_word' id='word_1_357' title='bbox 1944 2659 2027 2711; x_wconf 88' lang='lat' dir='ltr'>est</span> 
     </span>
    </p>
   </div>
   <div class='ocr_carea' id='block_1_46' title="bbox 422 2736 2030 2808">
    <p class='ocr_par' dir='ltr' id='par_1_46' title="bbox 422 2736 2030 2808">
     <span class='ocr_line' id='line_1_46' title="bbox 422 2736 2030 2808; baseline 0.004 -18"><span class='ocrx_word' id='word_1_358' title='bbox 422 2736 740 2808; x_wconf 90' lang='lat' dir='ltr'>discipulus,</span> <span class='ocrx_word' id='word_1_359' title='bbox 798 2740 883 2794; x_wconf 89' lang='lat' dir='ltr'>ita</span> <span class='ocrx_word' id='word_1_360' title='bbox 939 2744 995 2795; x_wconf 88' lang='lat' dir='ltr'>et</span> <span class='ocrx_word' id='word_1_361' title='bbox 1052 2756 1154 2795; x_wconf 81' lang='lat' dir='ltr'>nos</span> <span class='ocrx_word' id='word_1_362' title='bbox 1184 2757 1388 2797; x_wconf 91' lang='lat' dir='ltr'>sumus.</span> <span class='ocrx_word' id='word_1_363' title='bbox 1442 2742 1584 2797; x_wconf 85' lang='lat' dir='ltr'>Vere</span> <span class='ocrx_word' id='word_1_364' title='bbox 1624 2741 1859 2798; x_wconf 83' lang='grc'>190</span> <span class='ocrx_word' id='word_1_365' title='bbox 1892 2743 2030 2799; x_wconf 90' lang='lat' dir='ltr'>sicut</span> 
     </span>
    </p>
   </div>
   <div class='ocr_carea' id='block_1_47' title="bbox 422 2824 2029 2896">
    <p class='ocr_par' dir='ltr' id='par_1_47' title="bbox 422 2824 2029 2896">
     <span class='ocr_line' id='line_1_47' title="bbox 422 2824 2029 2896; baseline 0.004 -17"><span class='ocrx_word' id='word_1_366' title='bbox 422 2824 540 2896; x_wconf 90' lang='lat' dir='ltr'>ipse</span> <span class='ocrx_word' id='word_1_367' title='bbox 571 2835 652 2881; x_wconf 88' lang='lat' dir='ltr'>est</span> <span class='ocrx_word' id='word_1_368' title='bbox 682 2826 900 2893; x_wconf 92' lang='lat' dir='ltr'>Christi,</span> <span class='ocrx_word' id='word_1_369' title='bbox 934 2828 1009 2881; x_wconf 89' lang='lat' dir='ltr'>ita</span> <span class='ocrx_word' id='word_1_370' title='bbox 1041 2836 1093 2882; x_wconf 90' lang='lat' dir='ltr'>et</span> <span class='ocrx_word' id='word_1_371' title='bbox 1122 2844 1243 2883; x_wconf 92' lang='lat' dir='ltr'>nos.</span> <span class='ocrx_word' id='word_1_372' title='bbox 1288 2830 1427 2884; x_wconf 89' lang='lat' dir='ltr'>Nam</span> <span class='ocrx_word' id='word_1_373' title='bbox 1456 2846 1556 2884; x_wconf 92' lang='lat' dir='ltr'>nos</span> <span class='ocrx_word' id='word_1_374' title='bbox 1587 2846 1773 2885; x_wconf 89' lang='lat' dir='ltr'>sumus</span> <span class='ocrx_word' id='word_1_375' title='bbox 1802 2832 1877 2885; x_wconf 90' lang='lat' dir='ltr'>ita</span> <span class='ocrx_word' id='word_1_376' title='bbox 1906 2847 2029 2885; x_wconf 89' lang='lat' dir='ltr'>am-</span> 
     </span>
    </p>
   </div>
   <div class='ocr_carea' id='block_1_48' title="bbox 425 2913 2028 2991">
    <p class='ocr_par' dir='ltr' id='par_1_48' title="bbox 425 2913 2028 2991">
     <span class='ocr_line' id='line_1_48' title="bbox 425 2913 2028 2991; baseline 0.004 -24"><span class='ocrx_word' id='word_1_377' title='bbox 425 2913 569 2983; x_wconf 91' lang='lat' dir='ltr'>plius</span> <span class='ocrx_word' id='word_1_378' title='bbox 598 2931 682 2969; x_wconf 92' lang='lat' dir='ltr'>eo.</span> <span class='ocrx_word' id='word_1_379' title='bbox 710 2914 868 2983; x_wconf 89' lang='lat' dir='ltr'>Quod</span> <span class='ocrx_word' id='word_1_380' title='bbox 899 2916 977 2971; x_wconf 91' lang='lat' dir='ltr'>sic</span> <span class='ocrx_word' id='word_1_381' title='bbox 998 2916 1073 2970; x_wconf 87' lang='lat' dir='ltr'>ait</span> <span class='ocrx_word' id='word_1_382' title='bbox 1107 2935 1119 2970; x_wconf 92' lang='lat'>:</span> <span class='ocrx_word' id='word_1_383' title='bbox 1150 2917 1209 2971; x_wconf 90' lang='lat' dir='ltr'>Si</span> <span class='ocrx_word' id='word_1_384' title='bbox 1226 2918 1443 2989; x_wconf 84' lang='lat' dir='ltr'>aliquid</span> <span class='ocrx_word' id='word_1_385' title='bbox 1457 2919 1706 2984; x_wconf 75' lang='lat' dir='ltr'>amplius</span> <span class='ocrx_word' id='word_1_386' title='bbox 1726 2922 1887 2989; x_wconf 86' lang='lat' dir='ltr'>fuero</span> <span class='ocrx_word' id='word_1_387' title='bbox 1904 2923 2028 2991; x_wconf 78' lang='lat' dir='ltr'>glo-</span> 
     </span>
    </p>
   </div>
   <div class='ocr_carea' id='block_1_49' title="bbox 424 3003 2023 3077">
    <p class='ocr_par' dir='ltr' id='par_1_49' title="bbox 424 3003 2023 3077">
     <span class='ocr_line' id='line_1_49' title="bbox 424 3003 2023 3077; baseline 0.005 -21"><span class='ocrx_word' id='word_1_388' title='bbox 424 3003 609 3058; x_wconf 88' lang='lat' dir='ltr'>riatus</span> <span class='ocrx_word' id='word_1_389' title='bbox 640 3004 705 3059; x_wconf 87' lang='lat' dir='ltr'>de</span> <span class='ocrx_word' id='word_1_390' title='bbox 729 3008 1011 3075; x_wconf 81' lang='lat' dir='ltr'>potestate</span> <span class='ocrx_word' id='word_1_391' title='bbox 1042 3009 1258 3072; x_wconf 87' lang='lat' dir='ltr'>nostra,</span> <span class='ocrx_word' id='word_1_392' title='bbox 1311 3023 1415 3077; x_wconf 91' lang='lat' dir='ltr'>qua</span> <span class='ocrx_word' id='word_1_393' title='bbox 1445 3006 1782 3062; x_wconf 87' lang='lat' dir='ltr'>incorrectos</span> <span class='ocrx_word' id='word_1_394' title='bbox 1812 3007 1879 3062; x_wconf 91' lang='lat' dir='ltr'>ab</span> <span class='ocrx_word' id='word_1_395' title='bbox 1911 3008 2023 3065; x_wconf 89' lang='lat' dir='ltr'>Ec-</span> 
     </span>
    </p>
   </div>
   <div class='ocr_carea' id='block_1_50' title="bbox 424 3089 2022 3166">
    <p class='ocr_par' dir='ltr' id='par_1_50' title="bbox 424 3089 2022 3166">
     <span class='ocr_line' id='line_1_50' title="bbox 424 3089 2022 3166; baseline 0.005 -21"><span class='ocrx_word' id='word_1_396' title='bbox 424 3089 593 3146; x_wconf 90' lang='lat' dir='ltr'>clesia</span> <span class='ocrx_word' id='word_1_397' title='bbox 652 3108 906 3163; x_wconf 87' lang='lat' dir='ltr'>separare</span> <span class='ocrx_word' id='word_1_398' title='bbox 966 3110 1209 3163; x_wconf 92' lang='lat' dir='ltr'>possum,</span> <span class='ocrx_word' id='word_1_399' title='bbox 1271 3102 1324 3148; x_wconf 89' lang='lat' dir='ltr'>et</span> <span class='ocrx_word' id='word_1_400' title='bbox 1364 3094 1431 3148; x_wconf 91' lang='lat' dir='ltr'>de</span> <span class='ocrx_word' id='word_1_401' title='bbox 1463 3095 1678 3150; x_wconf 73' lang='lat' dir='ltr'>caeteris</span> <span class='ocrx_word' id='word_1_402' title='bbox 1707 3096 2022 3166; x_wconf 71' lang='lat' dir='ltr'>apostolica:</span> 
     </span>
    </p>
   </div>
   <div class='ocr_carea' id='block_1_51' title="bbox 427 3181 2019 3253">
    <p class='ocr_par' dir='ltr' id='par_1_51' title="bbox 427 3181 2019 3253">
     <span class='ocr_line' id='line_1_51' title="bbox 427 3181 2019 3253; baseline 0.005 -20"><span class='ocrx_word' id='word_1_403' title='bbox 427 3181 711 3249; x_wconf 87' lang='lat' dir='ltr'>potestatis</span> <span class='ocrx_word' id='word_1_404' title='bbox 746 3197 759 3236; x_wconf 92' lang='lat'>:</span> <span class='ocrx_word' id='word_1_405' title='bbox 792 3198 961 3253; x_wconf 88' lang='lat' dir='ltr'>quam</span> <span class='ocrx_word' id='word_1_406' title='bbox 1000 3189 1326 3252; x_wconf 89' lang='lat' dir='ltr'>potestatem</span> <span class='ocrx_word' id='word_1_407' title='bbox 1358 3182 1510 3239; x_wconf 85' lang='lat' dir='ltr'>dedit</span> <span class='ocrx_word' id='word_1_408' title='bbox 1547 3184 1690 3239; x_wconf 87' lang='lat' dir='ltr'>mihi</span> <span class='ocrx_word' id='word_1_409' title='bbox 1729 3186 2019 3253; x_wconf 84' lang='lat' dir='ltr'>Dominus,</span> 
     </span>
    </p>
   </div>
   <div class='ocr_carea' id='block_1_52' title="bbox 427 3268 2024 3343">
    <p class='ocr_par' dir='ltr' id='par_1_52' title="bbox 427 3268 2024 3343">
     <span class='ocr_line' id='line_1_52' title="bbox 427 3268 2024 3343; baseline 0.004 -21"><span class='ocrx_word' id='word_1_410' title='bbox 427 3268 526 3323; x_wconf 90' lang='lat' dir='ltr'>sed</span> <span class='ocrx_word' id='word_1_411' title='bbox 581 3269 738 3325; x_wconf 89' lang='lat' dir='ltr'>vobis</span> <span class='ocrx_word' id='word_1_412' title='bbox 782 3271 990 3340; x_wconf 89' lang='lat' dir='ltr'>pseudo</span> <span class='ocrx_word' id='word_1_413' title='bbox 1039 3286 1147 3326; x_wconf 91' lang='lat' dir='ltr'>non</span> <span class='ocrx_word' id='word_1_414' title='bbox 1178 3271 1361 3326; x_wconf 89' lang='lat' dir='ltr'>dedit:</span> <span class='ocrx_word' id='word_1_415' title='bbox 1396 3271 1579 3343; x_wconf 89' lang='lat' dir='ltr'>utique</span> <span class='ocrx_word' id='word_1_416' title='bbox 1625 3272 1755 3327; x_wconf 89' lang='lat' dir='ltr'>mihi</span> <span class='ocrx_word' id='word_1_417' title='bbox 1785 3273 1933 3328; x_wconf 90' lang='lat' dir='ltr'>dedit</span> <span class='ocrx_word' id='word_1_418' title='bbox 1959 3276 2024 3329; x_wconf 88' lang='lat' dir='ltr'>in</span> 
     </span>
    </p>
   </div>
   <div class='ocr_carea' id='block_1_53' title="bbox 428 3365 2027 3434">
    <p class='ocr_par' dir='ltr' id='par_1_53' title="bbox 428 3365 2027 3434">
     <span class='ocr_line' id='line_1_53' title="bbox 428 3365 2027 3434; baseline 0.004 -14"><span class='ocrx_word' id='word_1_419' title='bbox 428 3365 862 3434; x_wconf 69' lang='lat' dir='ltr'>wdiﬁcationem</span> <span class='ocrx_word' id='word_1_420' title='bbox 894 3371 1157 3433; x_wconf 85' lang='lat' dir='ltr'>vestram,</span> <span class='ocrx_word' id='word_1_421' title='bbox 1190 3368 1244 3422; x_wconf 91' lang='lat' dir='ltr'>id</span> <span class='ocrx_word' id='word_1_422' title='bbox 1274 3376 1356 3423; x_wconf 89' lang='lat' dir='ltr'>est</span> <span class='ocrx_word' id='word_1_423' title='bbox 1382 3377 1440 3423; x_wconf 90' lang='lat' dir='ltr'>ut</span> <span class='ocrx_word' id='word_1_424' title='bbox 1462 3384 1558 3425; x_wconf 88' lang='lat' dir='ltr'>vos</span> <span class='ocrx_word' id='word_1_425' title='bbox 1586 3369 1643 3423; x_wconf 91' lang='lat' dir='ltr'>in</span> <span class='ocrx_word' id='word_1_426' title='bbox 1663 3369 1767 3425; x_wconf 85' lang='lat' dir='ltr'>ﬁde</span> <span class='ocrx_word' id='word_1_427' title='bbox 1790 3379 1842 3425; x_wconf 92' lang='lat' dir='ltr'>et</span> <span class='ocrx_word' id='word_1_428' title='bbox 1863 3371 2027 3427; x_wconf 88' lang='lat' dir='ltr'>virtu-</span> 
     </span>
    </p>
   </div>
   <div class='ocr_carea' id='block_1_54' title="bbox 425 3453 2025 3523">
    <p class='ocr_par' dir='ltr' id='par_1_54' title="bbox 425 3453 2025 3523">
     <span class='ocr_line' id='line_1_54' title="bbox 425 3453 2025 3523; baseline 0.005 -16"><span class='ocrx_word' id='word_1_429' title='bbox 425 3453 569 3509; x_wconf 91' lang='lat' dir='ltr'>tibus</span> <span class='ocrx_word' id='word_1_430' title='bbox 598 3453 949 3523; x_wconf 79' lang='lat' dir='ltr'>aedificarem,</span> <span class='ocrx_word' id='word_1_431' title='bbox 974 3464 1026 3512; x_wconf 88' lang='lat' dir='ltr'>et</span> <span class='ocrx_word' id='word_1_432' title='bbox 1051 3474 1165 3512; x_wconf 87' lang='lat' dir='ltr'>non</span> <span class='ocrx_word' id='word_1_433' title='bbox 1197 3457 1345 3512; x_wconf 91' lang='lat' dir='ltr'>dedit</span> <span class='ocrx_word' id='word_1_434' title='bbox 1367 3458 1427 3513; x_wconf 88' lang='lat' dir='ltr'>in</span> <span class='ocrx_word' id='word_1_435' title='bbox 1459 3458 1907 3515; x_wconf 84' lang='lat' dir='ltr'>destructionem</span> <span class='ocrx_word' id='word_1_436' title='bbox 1928 3475 2025 3515; x_wconf 89' lang='lat' dir='ltr'>ve-</span> 
     </span>
    </p>
   </div>
   <div class='ocr_carea' id='block_1_55' title="bbox 424 3543 2025 3617">
    <p class='ocr_par' dir='ltr' id='par_1_55' title="bbox 424 3543 2025 3617">
     <span class='ocr_line' id='line_1_55' title="bbox 424 3543 2025 3617; baseline 0.005 -21"><span class='ocrx_word' id='word_1_437' title='bbox 424 3550 611 3611; x_wconf 89' lang='lat' dir='ltr'>stram,</span> <span class='ocrx_word' id='word_1_438' title='bbox 674 3543 813 3599; x_wconf 86' lang='lat' dir='ltr'>sicut</span> <span class='ocrx_word' id='word_1_439' title='bbox 863 3544 1007 3601; x_wconf 85' lang='lat' dir='ltr'>rnale</span> <span class='ocrx_word' id='word_1_440' title='bbox 1065 3545 1355 3616; x_wconf 88' lang='lat' dir='ltr'>opinantur</span> <span class='ocrx_word' id='word_1_441' title='bbox 1399 3547 1639 3617; x_wconf 91' lang='lat' dir='ltr'>quidam,</span> <span class='ocrx_word' id='word_1_442' title='bbox 1702 3548 1907 3604; x_wconf 90' lang='lat' dir='ltr'>scilicet</span> <span class='ocrx_word' id='word_1_443' title='bbox 1937 3565 2025 3604; x_wconf 90' lang='lat' dir='ltr'>me</span> 
     </span>
    </p>
   </div>
   <div class='ocr_carea' id='block_1_56' title="bbox 429 3631 2024 3707">
    <p class='ocr_par' dir='ltr' id='par_1_56' title="bbox 429 3631 2024 3707">
     <span class='ocr_line' id='line_1_56' title="bbox 429 3631 2024 3707; baseline 0.003 -21"><span class='ocrx_word' id='word_1_444' title='bbox 429 3631 825 3689; x_wconf 89' lang='lat' dir='ltr'>destructorem</span> <span class='ocrx_word' id='word_1_445' title='bbox 874 3634 1181 3690; x_wconf 63' lang='lat' dir='ltr'>Ecclesiae:</span> <span class='ocrx_word' id='word_1_446' title='bbox 1230 3634 1295 3703; x_wconf 92' lang='lat' dir='ltr'>si,</span> <span class='ocrx_word' id='word_1_447' title='bbox 1330 3635 1567 3706; x_wconf 89' lang='lat' dir='ltr'>inquam,</span> <span class='ocrx_word' id='word_1_448' title='bbox 1618 3636 1849 3706; x_wconf 90' lang='lat' dir='ltr'>amplius</span> <span class='ocrx_word' id='word_1_449' title='bbox 1898 3638 2024 3707; x_wconf 86' lang='lat' dir='ltr'>glo-</span> 
     </span>
    </p>
   </div>
   <div class='ocr_carea' id='block_1_57' title="bbox 424 3720 2026 3797">
    <p class='ocr_par' dir='ltr' id='par_1_57' title="bbox 424 3720 2026 3797">
     <span class='ocr_line' id='line_1_57' title="bbox 424 3720 2026 3797; baseline 0.004 -23"><span class='ocrx_word' id='word_1_450' title='bbox 424 3720 596 3775; x_wconf 87' lang='lat' dir='ltr'>riatus</span> <span class='ocrx_word' id='word_1_451' title='bbox 626 3721 800 3788; x_wconf 88' lang='lat' dir='ltr'>fuero,</span> <span class='ocrx_word' id='word_1_452' title='bbox 851 3739 967 3779; x_wconf 85' lang='lat' dir='ltr'>non</span> <span class='ocrx_word' id='word_1_453' title='bbox 997 3723 1320 3780; x_wconf 85' lang='lat' dir='ltr'>erubescam</span> <span class='ocrx_word' id='word_1_454' title='bbox 1352 3724 1510 3790; x_wconf 87' lang='lat' dir='ltr'>inde;</span> <span class='ocrx_word' id='word_1_455' title='bbox 1543 3725 1666 3796; x_wconf 90' lang='lat' dir='ltr'>quia</span> <span class='ocrx_word' id='word_1_456' title='bbox 1697 3725 1877 3797; x_wconf 81' lang='lat' dir='ltr'>gloria</span> <span class='ocrx_word' id='word_1_457' title='bbox 1904 3742 2026 3780; x_wconf 89' lang='lat' dir='ltr'>mea</span> 
     </span>
    </p>
   </div>
   <div class='ocr_carea' id='block_1_58' title="bbox 431 3811 904 3879">
    <p class='ocr_par' dir='ltr' id='par_1_58' title="bbox 431 3811 904 3879">
     <span class='ocr_line' id='line_1_58' title="bbox 431 3811 904 3879; baseline 0 -16"><span class='ocrx_word' id='word_1_458' title='bbox 431 3824 561 3863; x_wconf 90' lang='lat' dir='ltr'>vere</span> <span class='ocrx_word' id='word_1_459' title='bbox 590 3811 766 3879; x_wconf 88' lang='lat' dir='ltr'>major</span> <span class='ocrx_word' id='word_1_460' title='bbox 805 3817 904 3865; x_wconf 91' lang='lat' dir='ltr'>est.</span> 
     </span>
    </p>
   </div>
   <div class='ocr_carea' id='block_1_59' title="bbox 497 3896 2025 3969">
    <p class='ocr_par' dir='ltr' id='par_1_59' title="bbox 497 3896 2025 3969">
     <span class='ocr_line' id='line_1_59' title="bbox 497 3896 2025 3969; baseline 0.001 -15"><span class='ocrx_word' id='word_1_461' title='bbox 497 3897 814 3969; x_wconf 90' lang='lat' dir='ltr'>Opponeret</span> <span class='ocrx_word' id='word_1_462' title='bbox 845 3898 1042 3969; x_wconf 88' lang='lat' dir='ltr'>aliquis</span> <span class='ocrx_word' id='word_1_463' title='bbox 1070 3896 1090 3952; x_wconf 76' lang='grc' dir='ltr'>ἐ</span> <span class='ocrx_word' id='word_1_464' title='bbox 1124 3898 1257 3953; x_wconf 91' lang='lat' dir='ltr'>Cum</span> <span class='ocrx_word' id='word_1_465' title='bbox 1288 3899 1489 3954; x_wconf 86' lang='lat' dir='ltr'>debeas</span> <span class='ocrx_word' id='word_1_466' title='bbox 1518 3900 1811 3969; x_wconf 61' lang='lat' dir='ltr'>aedificare,</span> <span class='ocrx_word' id='word_1_467' title='bbox 1837 3910 1890 3958; x_wconf 90' lang='lat' dir='ltr'>et</span> <span class='ocrx_word' id='word_1_468' title='bbox 1914 3918 2025 3958; x_wconf 91' lang='lat' dir='ltr'>non</span> 
     </span>
    </p>
   </div>
   <div class='ocr_carea' id='block_1_60' title="bbox 428 3986 2027 4061">
    <p class='ocr_par' dir='ltr' id='par_1_60' title="bbox 428 3986 2027 4061">
     <span class='ocr_line' id='line_1_60' title="bbox 428 3986 2027 4061; baseline 0.004 -21"><span class='ocrx_word' id='word_1_469' title='bbox 428 3986 729 4053; x_wconf 90' lang='lat' dir='ltr'>destruere,</span> <span class='ocrx_word' id='word_1_470' title='bbox 781 3986 893 4042; x_wconf 90' lang='lat' dir='ltr'>noli</span> <span class='ocrx_word' id='word_1_471' title='bbox 922 3986 1264 4058; x_wconf 88' lang='lat' dir='ltr'>impatienter</span> <span class='ocrx_word' id='word_1_472' title='bbox 1292 4003 1392 4043; x_wconf 90' lang='lat' dir='ltr'>nos</span> <span class='ocrx_word' id='word_1_473' title='bbox 1422 4004 1640 4061; x_wconf 80' lang='lat' dir='ltr'>cogere,</span> <span class='ocrx_word' id='word_1_474' title='bbox 1674 4007 1742 4045; x_wconf 93' lang='lat' dir='ltr'>ne</span> <span class='ocrx_word' id='word_1_475' title='bbox 1773 3991 1909 4046; x_wconf 87' lang='lat' dir='ltr'>forte</span> <span class='ocrx_word' id='word_1_476' title='bbox 1929 4007 2027 4061; x_wconf 87' lang='lat' dir='ltr'>po-</span> 
     </span>
    </p>
   </div>
   <div class='ocr_carea' id='block_1_61' title="bbox 426 4074 2022 4146">
    <p class='ocr_par' dir='ltr' id='par_1_61' title="bbox 426 4074 2022 4146">
     <span class='ocr_line' id='line_1_61' title="bbox 426 4074 2022 4146; baseline 0.003 -18"><span class='ocrx_word' id='word_1_477' title='bbox 426 4074 531 4129; x_wconf 88' lang='lat' dir='ltr'>tius</span> <span class='ocrx_word' id='word_1_478' title='bbox 578 4075 827 4130; x_wconf 89' lang='lat' dir='ltr'>destruas</span> <span class='ocrx_word' id='word_1_479' title='bbox 873 4091 1039 4146; x_wconf 86' lang='lat' dir='ltr'>quam</span> <span class='ocrx_word' id='word_1_480' title='bbox 1083 4074 1341 4132; x_wconf 65' lang='lat' dir='ltr'>aedifices.</span> <span class='ocrx_word' id='word_1_481' title='bbox 1391 4078 1588 4132; x_wconf 91' lang='lat' dir='ltr'>Contra</span> <span class='ocrx_word' id='word_1_482' title='bbox 1637 4079 1741 4134; x_wconf 89' lang='lat' dir='ltr'>hoc</span> <span class='ocrx_word' id='word_1_483' title='bbox 1781 4079 2022 4133; x_wconf 88' lang='lat' dir='ltr'>Paulus:</span> 
     </span>
    </p>
   </div>
   <div class='ocr_carea' id='block_1_62' title="bbox 426 4162 2022 4235">
    <p class='ocr_par' dir='ltr' id='par_1_62' title="bbox 426 4162 2022 4235">
     <span class='ocr_line' id='line_1_62' title="bbox 426 4162 2022 4235; baseline 0.004 -19"><span class='ocrx_word' id='word_1_484' title='bbox 426 4162 574 4217; x_wconf 91' lang='lat' dir='ltr'>Licet</span> <span class='ocrx_word' id='word_1_485' title='bbox 603 4163 737 4217; x_wconf 90' lang='lat' dir='ltr'>mihi</span> <span class='ocrx_word' id='word_1_486' title='bbox 770 4163 1056 4233; x_wconf 89' lang='lat' dir='ltr'>opponatis</span> <span class='ocrx_word' id='word_1_487' title='bbox 1105 4164 1271 4235; x_wconf 88' lang='lat' dir='ltr'>quod,</span> <span class='ocrx_word' id='word_1_488' title='bbox 1321 4179 1445 4220; x_wconf 91' lang='lat' dir='ltr'>cum</span> <span class='ocrx_word' id='word_1_489' title='bbox 1474 4165 1702 4220; x_wconf 88' lang='lat' dir='ltr'>debeam</span> <span class='ocrx_word' id='word_1_490' title='bbox 1731 4165 2022 4234; x_wconf 71' lang='lat' dir='ltr'>aedificare,</span> 
     </span>
    </p>
   </div>
   <div class='ocr_carea' id='block_1_63' title="bbox 423 4250 2026 4328">
    <p class='ocr_par' dir='ltr' id='par_1_63' title="bbox 423 4250 2026 4328">
     <span class='ocr_line' id='line_1_63' title="bbox 423 4250 2026 4328; baseline 0.005 -24"><span class='ocrx_word' id='word_1_491' title='bbox 423 4250 725 4317; x_wconf 89' lang='lat' dir='ltr'>destruam;</span> <span class='ocrx_word' id='word_1_492' title='bbox 759 4259 939 4306; x_wconf 90' lang='lat' dir='ltr'>tamen</span> <span class='ocrx_word' id='word_1_493' title='bbox 967 4252 1156 4307; x_wconf 88' lang='lat' dir='ltr'>scitote</span> <span class='ocrx_word' id='word_1_494' title='bbox 1184 4254 1316 4325; x_wconf 85' lang='lat' dir='ltr'>quia</span> <span class='ocrx_word' id='word_1_495' title='bbox 1344 4255 1537 4325; x_wconf 88' lang='lat' dir='ltr'>quales</span> <span class='ocrx_word' id='word_1_496' title='bbox 1558 4270 1754 4311; x_wconf 88' lang='lat' dir='ltr'>sumus</span> <span class='ocrx_word' id='word_1_497' title='bbox 1783 4272 1885 4327; x_wconf 89' lang='lat' dir='ltr'>per</span> <span class='ocrx_word' id='word_1_498' title='bbox 1904 4258 2026 4328; x_wconf 86' lang='lat' dir='ltr'>epi-</span> 
     </span>
    </p>
   </div>
   <div class='ocr_carea' id='block_1_64' title="bbox 2126 1678 3723 1752">
    <p class='ocr_par' dir='ltr' id='par_1_64' title="bbox 2126 1678 3723 1752">
     <span class='ocr_line' id='line_1_64' title="bbox 2126 1678 3723 1752; baseline 0 -19"><span class='ocrx_word' id='word_1_499' title='bbox 2126 1679 2269 1733; x_wconf 91' lang='lat' dir='ltr'>enim</span> <span class='ocrx_word' id='word_1_500' title='bbox 2298 1695 2365 1735; x_wconf 84' lang='lat' dir='ltr'>ex</span> <span class='ocrx_word' id='word_1_501' title='bbox 2394 1679 2657 1735; x_wconf 89' lang='lat' dir='ltr'>electione</span> <span class='ocrx_word' id='word_1_502' title='bbox 2678 1680 3000 1752; x_wconf 87' lang='lat' dir='ltr'>regulariter</span> <span class='ocrx_word' id='word_1_503' title='bbox 3020 1678 3227 1748; x_wconf 88' lang='lat' dir='ltr'>inserti,</span> <span class='ocrx_word' id='word_1_504' title='bbox 3254 1687 3441 1750; x_wconf 88' lang='lat' dir='ltr'>postea</span> <span class='ocrx_word' id='word_1_505' title='bbox 3461 1694 3723 1749; x_wconf 84' lang='lat' dir='ltr'>perverse</span> 
     </span>
    </p>
   </div>
   <div class='ocr_carea' id='block_1_65' title="bbox 2124 1767 3725 1841">
    <p class='ocr_par' dir='ltr' id='par_1_65' title="bbox 2124 1767 3725 1841">
     <span class='ocr_line' id='line_1_65' title="bbox 2124 1767 3725 1841; baseline -0.001 -19"><span class='ocrx_word' id='word_1_506' title='bbox 2124 1767 2357 1841; x_wconf 87' lang='lat' dir='ltr'>agendo,</span> <span class='ocrx_word' id='word_1_507' title='bbox 2383 1768 2656 1838; x_wconf 89' lang='lat' dir='ltr'>perversis</span> <span class='ocrx_word' id='word_1_508' title='bbox 2679 1784 2738 1823; x_wconf 92' lang='lat' dir='ltr'>se</span> <span class='ocrx_word' id='word_1_509' title='bbox 2750 1776 3082 1839; x_wconf 87' lang='lat' dir='ltr'>comparant.</span> <span class='ocrx_word' id='word_1_510' title='bbox 3105 1770 3228 1823; x_wconf 93' lang='lat' dir='ltr'>Non</span> <span class='ocrx_word' id='word_1_511' title='bbox 3244 1768 3361 1822; x_wconf 91' lang='lat' dir='ltr'>ausi</span> <span class='ocrx_word' id='word_1_512' title='bbox 3374 1784 3557 1822; x_wconf 90' lang='lat' dir='ltr'>sumus</span> <span class='ocrx_word' id='word_1_513' title='bbox 3578 1767 3725 1822; x_wconf 90' lang='lat' dir='ltr'>inse-</span> 
     </span>
    </p>
   </div>
   <div class='ocr_carea' id='block_1_66' title="bbox 2125 1858 3725 1928">
    <p class='ocr_par' dir='ltr' id='par_1_66' title="bbox 2125 1858 3725 1928">
     <span class='ocr_line' id='line_1_66' title="bbox 2125 1858 3725 1928; baseline 0.001 -18"><span class='ocrx_word' id='word_1_514' title='bbox 2125 1873 2247 1911; x_wconf 88' lang='lat' dir='ltr'>rere</span> <span class='ocrx_word' id='word_1_515' title='bbox 2263 1872 2363 1912; x_wconf 90' lang='lat' dir='ltr'>nos</span> <span class='ocrx_word' id='word_1_516' title='bbox 2378 1875 2392 1923; x_wconf 86' lang='lat'><strong>;</strong></span> <span class='ocrx_word' id='word_1_517' title='bbox 2406 1858 2499 1912; x_wconf 88' lang='lat' dir='ltr'>sed</span> <span class='ocrx_word' id='word_1_518' title='bbox 2519 1859 2629 1928; x_wconf 85' lang='lat' dir='ltr'>ipsi</span> <span class='ocrx_word' id='word_1_519' title='bbox 2641 1873 2826 1911; x_wconf 90' lang='lat' dir='ltr'>sumus</span> <span class='ocrx_word' id='word_1_520' title='bbox 2842 1859 3141 1913; x_wconf 87' lang='lat' dir='ltr'>metientes</span> <span class='ocrx_word' id='word_1_521' title='bbox 3171 1858 3537 1928; x_wconf 87' lang='lat' dir='ltr'>nosmetipsos</span> <span class='ocrx_word' id='word_1_522' title='bbox 3548 1858 3610 1911; x_wconf 89' lang='lat' dir='ltr'>in</span> <span class='ocrx_word' id='word_1_523' title='bbox 3622 1872 3725 1911; x_wconf 84' lang='lat' dir='ltr'>no-</span> 
     </span>
    </p>
   </div>
   <div class='ocr_carea' id='block_1_67' title="bbox 2129 1945 3721 2011">
    <p class='ocr_par' dir='ltr' id='par_1_67' title="bbox 2129 1945 3721 2011">
     <span class='ocr_line' id='line_1_67' title="bbox 2129 1945 3721 2011; baseline -0.001 -12"><span class='ocrx_word' id='word_1_524' title='bbox 2129 1945 2227 2011; x_wconf 88' lang='lat' dir='ltr'>bis,</span> <span class='ocrx_word' id='word_1_525' title='bbox 2243 1954 2617 2000; x_wconf 89' lang='lat' dir='ltr'>utmensuram</span> <span class='ocrx_word' id='word_1_526' title='bbox 2630 1963 2660 2000; x_wconf 91' lang='lat' dir='ltr'>a</span> <span class='ocrx_word' id='word_1_527' title='bbox 2673 1946 2787 2001; x_wconf 92' lang='lat' dir='ltr'>Deo</span> <span class='ocrx_word' id='word_1_528' title='bbox 2801 1946 2953 2001; x_wconf 88' lang='lat' dir='ltr'>vobis</span> <span class='ocrx_word' id='word_1_529' title='bbox 2967 1945 3217 2001; x_wconf 87' lang='lat' dir='ltr'>traditam</span> <span class='ocrx_word' id='word_1_530' title='bbox 3234 1962 3341 2000; x_wconf 91' lang='lat' dir='ltr'>non</span> <span class='ocrx_word' id='word_1_531' title='bbox 3355 1945 3685 2001; x_wconf 85' lang='lat' dir='ltr'>excedamus</span> <span class='ocrx_word' id='word_1_532' title='bbox 3706 1961 3721 1998; x_wconf 92' lang='lat'>:</span> 
     </span>
    </p>
   </div>
   <div class='ocr_carea' id='block_1_68' title="bbox 2129 2033 3713 2106">
    <p class='ocr_par' dir='ltr' id='par_1_68' title="bbox 2129 2033 3713 2106">
     <span class='ocr_line' id='line_1_68' title="bbox 2129 2033 3713 2106; baseline -0.001 -17"><span class='ocrx_word' id='word_1_533' title='bbox 2129 2034 2273 2105; x_wconf 90' lang='lat' dir='ltr'>quod</span> <span class='ocrx_word' id='word_1_534' title='bbox 2302 2034 2537 2089; x_wconf 89' lang='lat' dir='ltr'>alienum</span> <span class='ocrx_word' id='word_1_535' title='bbox 2560 2042 2640 2089; x_wconf 88' lang='lat' dir='ltr'>est</span> <span class='ocrx_word' id='word_1_536' title='bbox 2668 2034 3001 2104; x_wconf 90' lang='lat' dir='ltr'>usurpando,</span> <span class='ocrx_word' id='word_1_537' title='bbox 3046 2042 3101 2088; x_wconf 92' lang='lat' dir='ltr'>ut</span> <span class='ocrx_word' id='word_1_538' title='bbox 3129 2034 3203 2088; x_wconf 91' lang='lat' dir='ltr'>illi</span> <span class='ocrx_word' id='word_1_539' title='bbox 3234 2034 3323 2106; x_wconf 93' lang='lat' dir='ltr'>qui</span> <span class='ocrx_word' id='word_1_540' title='bbox 3354 2049 3412 2088; x_wconf 90' lang='lat' dir='ltr'>se</span> <span class='ocrx_word' id='word_1_541' title='bbox 3441 2033 3713 2088; x_wconf 90' lang='lat' dir='ltr'>inserunt.</span> 
     </span>
    </p>
   </div>
   <div class='ocr_carea' id='block_1_69' title="bbox 2130 2120 3725 2194">
    <p class='ocr_par' dir='ltr' id='par_1_69' title="bbox 2130 2120 3725 2194">
     <span class='ocr_line' id='line_1_69' title="bbox 2130 2120 3725 2194; baseline -0.003 -17"><span class='ocrx_word' id='word_1_542' title='bbox 2130 2122 2327 2177; x_wconf 88' lang='lat' dir='ltr'>Sumus</span> <span class='ocrx_word' id='word_1_543' title='bbox 2349 2122 2508 2177; x_wconf 90' lang='lat' dir='ltr'>etiam</span> <span class='ocrx_word' id='word_1_544' title='bbox 2538 2123 2903 2193; x_wconf 90' lang='lat' dir='ltr'>nosmetipsos</span> <span class='ocrx_word' id='word_1_545' title='bbox 2933 2127 3324 2194; x_wconf 89' lang='lat' dir='ltr'>comparantes</span> <span class='ocrx_word' id='word_1_546' title='bbox 3362 2122 3517 2179; x_wconf 85' lang='lat' dir='ltr'>nobis</span> <span class='ocrx_word' id='word_1_547' title='bbox 3540 2141 3557 2175; x_wconf 92' lang='lat'>:</span> <span class='ocrx_word' id='word_1_548' title='bbox 3587 2120 3725 2174; x_wconf 90' lang='lat' dir='ltr'>nihil</span> 
     </span>
    </p>
   </div>
   <div class='ocr_carea' id='block_1_70' title="bbox 2128 2210 3722 2282">
    <p class='ocr_par' dir='ltr' id='par_1_70' title="bbox 2128 2210 3722 2282">
     <span class='ocr_line' id='line_1_70' title="bbox 2128 2210 3722 2282; baseline -0.001 -18"><span class='ocrx_word' id='word_1_549' title='bbox 2128 2210 2351 2279; x_wconf 91' lang='lat' dir='ltr'>injuncti</span> <span class='ocrx_word' id='word_1_550' title='bbox 2382 2210 2544 2266; x_wconf 73' lang='lat' dir='ltr'>ofﬁcii</span> <span class='ocrx_word' id='word_1_551' title='bbox 2601 2211 2907 2282; x_wconf 87' lang='lat' dir='ltr'>linquentes</span> <span class='ocrx_word' id='word_1_552' title='bbox 2936 2211 3291 2281; x_wconf 87' lang='lat' dir='ltr'>inexpletum.</span> <span class='ocrx_word' id='word_1_553' title='bbox 3328 2211 3722 2280; x_wconf 88' lang='lat' dir='ltr'>Comparantes</span> 
     </span>
    </p>
   </div>
   <div class='ocr_carea' id='block_1_71' title="bbox 2128 2299 3722 2369">
    <p class='ocr_par' dir='ltr' id='par_1_71' title="bbox 2128 2299 3722 2369">
     <span class='ocr_line' id='line_1_71' title="bbox 2128 2299 3722 2369; baseline -0.001 -16"><span class='ocrx_word' id='word_1_554' title='bbox 2128 2315 2229 2354; x_wconf 89' lang='lat' dir='ltr'>nos</span> <span class='ocrx_word' id='word_1_555' title='bbox 2270 2300 2447 2365; x_wconf 90' lang='lat' dir='ltr'>nobis,</span> <span class='ocrx_word' id='word_1_556' title='bbox 2495 2316 2604 2355; x_wconf 92' lang='lat' dir='ltr'>non</span> <span class='ocrx_word' id='word_1_557' title='bbox 2655 2300 3011 2355; x_wconf 90' lang='lat' dir='ltr'>subsistentes</span> <span class='ocrx_word' id='word_1_558' title='bbox 3050 2300 3193 2354; x_wconf 89' lang='lat' dir='ltr'>intra</span> <span class='ocrx_word' id='word_1_559' title='bbox 3238 2299 3569 2369; x_wconf 88' lang='lat' dir='ltr'>pr0positam</span> <span class='ocrx_word' id='word_1_560' title='bbox 3599 2314 3722 2352; x_wconf 85' lang='lat' dir='ltr'>me-</span> 
     </span>
    </p>
   </div>
   <div class='ocr_carea' id='block_1_72' title="bbox 2130 2386 3723 2459">
    <p class='ocr_par' dir='ltr' id='par_1_72' title="bbox 2130 2386 3723 2459">
     <span class='ocr_line' id='line_1_72' title="bbox 2130 2386 3723 2459; baseline -0.001 -17"><span class='ocrx_word' id='word_1_561' title='bbox 2130 2396 2258 2443; x_wconf 88' lang='lat' dir='ltr'>tam.</span> <span class='ocrx_word' id='word_1_562' title='bbox 2278 2389 2345 2442; x_wconf 91' lang='lat' dir='ltr'>Et</span> <span class='ocrx_word' id='word_1_563' title='bbox 2364 2388 2489 2443; x_wconf 89' lang='lat' dir='ltr'>licet</span> <span class='ocrx_word' id='word_1_564' title='bbox 2510 2388 2794 2443; x_wconf 89' lang='lat' dir='ltr'>metiamur</span> <span class='ocrx_word' id='word_1_565' title='bbox 2821 2396 2873 2443; x_wconf 90' lang='lat' dir='ltr'>et</span> <span class='ocrx_word' id='word_1_566' title='bbox 2902 2403 3283 2459; x_wconf 89' lang='lat' dir='ltr'>comparemus</span> <span class='ocrx_word' id='word_1_567' title='bbox 3312 2403 3413 2442; x_wconf 92' lang='lat' dir='ltr'>nos</span> <span class='ocrx_word' id='word_1_568' title='bbox 3443 2386 3620 2454; x_wconf 87' lang='lat' dir='ltr'>nobis,</span> <span class='ocrx_word' id='word_1_569' title='bbox 3644 2394 3723 2440; x_wconf 91' lang='lat' dir='ltr'>ta-</span> 
     </span>
    </p>
   </div>
   <div class='ocr_carea' id='block_1_73' title="bbox 2129 2475 3725 2549">
    <p class='ocr_par' dir='ltr' id='par_1_73' title="bbox 2129 2475 3725 2549">
     <span class='ocr_line' id='line_1_73' title="bbox 2129 2475 3725 2549; baseline -0.002 -19"><span class='ocrx_word' id='word_1_570' title='bbox 2129 2493 2253 2531; x_wconf 90' lang='lat' dir='ltr'>men</span> <span class='ocrx_word' id='word_1_571' title='bbox 2276 2492 2375 2531; x_wconf 90' lang='lat' dir='ltr'>nos</span> <span class='ocrx_word' id='word_1_572' title='bbox 2395 2494 2507 2532; x_wconf 89' lang='lat' dir='ltr'>non</span> <span class='ocrx_word' id='word_1_573' title='bbox 2528 2477 2898 2549; x_wconf 86' lang='lat' dir='ltr'>gloriabimur</span> <span class='ocrx_word' id='word_1_574' title='bbox 2928 2478 2989 2531; x_wconf 91' lang='lat' dir='ltr'>in</span> <span class='ocrx_word' id='word_1_575' title='bbox 3030 2479 3396 2532; x_wconf 86' lang='lat' dir='ltr'>immensum.</span> <span class='ocrx_word' id='word_1_576' title='bbox 3425 2475 3523 2530; x_wconf 92' lang='lat' dir='ltr'>Vel</span> <span class='ocrx_word' id='word_1_577' title='bbox 3543 2480 3725 2545; x_wconf 87' lang='lat' dir='ltr'>potest</span> 
     </span>
    </p>
   </div>
   <div class='ocr_carea' id='block_1_74' title="bbox 2131 2564 3724 2637">
    <p class='ocr_par' dir='ltr' id='par_1_74' title="bbox 2131 2564 3724 2637">
     <span class='ocr_line' id='line_1_74' title="bbox 2131 2564 3724 2637; baseline -0.002 -18"><span class='ocrx_word' id='word_1_578' title='bbox 2131 2567 2411 2637; x_wconf 90' lang='lat' dir='ltr'>hucusque</span> <span class='ocrx_word' id='word_1_579' title='bbox 2460 2565 2793 2621; x_wconf 90' lang='lat' dir='ltr'>constructio</span> <span class='ocrx_word' id='word_1_580' title='bbox 2850 2565 2995 2632; x_wconf 91' lang='lat' dir='ltr'>duci,</span> <span class='ocrx_word' id='word_1_581' title='bbox 3049 2582 3157 2621; x_wconf 90' lang='lat' dir='ltr'>non</span> <span class='ocrx_word' id='word_1_582' title='bbox 3202 2564 3505 2636; x_wconf 91' lang='lat' dir='ltr'>supplendo</span> <span class='ocrx_word' id='word_1_583' title='bbox 3534 2578 3724 2617; x_wconf 89' lang='lat' dir='ltr'>sumus</span> 
     </span>
    </p>
   </div>
   <div class='ocr_carea' id='block_1_75' title="bbox 2128 2652 3724 2725">
    <p class='ocr_par' dir='ltr' id='par_1_75' title="bbox 2128 2652 3724 2725">
     <span class='ocr_line' id='line_1_75' title="bbox 2128 2652 3724 2725; baseline -0.001 -18"><span class='ocrx_word' id='word_1_584' title='bbox 2128 2654 2224 2708; x_wconf 88' lang='lat' dir='ltr'>ita.</span> <span class='ocrx_word' id='word_1_585' title='bbox 2283 2655 2398 2709; x_wconf 88' lang='lat' dir='ltr'>Nos</span> <span class='ocrx_word' id='word_1_586' title='bbox 2454 2654 2739 2709; x_wconf 87' lang='lat' dir='ltr'>metientes</span> <span class='ocrx_word' id='word_1_587' title='bbox 2788 2662 2840 2709; x_wconf 93' lang='lat' dir='ltr'>et</span> <span class='ocrx_word' id='word_1_588' title='bbox 2888 2662 3267 2725; x_wconf 88' lang='lat' dir='ltr'>comparantes</span> <span class='ocrx_word' id='word_1_589' title='bbox 3295 2669 3397 2708; x_wconf 93' lang='lat' dir='ltr'>nos</span> <span class='ocrx_word' id='word_1_590' title='bbox 3427 2652 3584 2707; x_wconf 85' lang='lat' dir='ltr'>nobis</span> <span class='ocrx_word' id='word_1_591' title='bbox 3614 2667 3724 2706; x_wconf 91' lang='lat' dir='ltr'>non</span> 
     </span>
    </p>
   </div>
   <div class='ocr_carea' id='block_1_76' title="bbox 2131 2742 3721 2815">
    <p class='ocr_par' dir='ltr' id='par_1_76' title="bbox 2131 2742 3721 2815">
     <span class='ocr_line' id='line_1_76' title="bbox 2131 2742 3721 2815; baseline -0.001 -19"><span class='ocrx_word' id='word_1_592' title='bbox 2131 2742 2503 2815; x_wconf 88' lang='lat' dir='ltr'>gloriabimur.</span> <span class='ocrx_word' id='word_1_593' title='bbox 2538 2743 2650 2797; x_wconf 91' lang='lat' dir='ltr'>Nos</span> <span class='ocrx_word' id='word_1_594' title='bbox 2680 2750 2857 2798; x_wconf 90' lang='lat' dir='ltr'>autem</span> <span class='ocrx_word' id='word_1_595' title='bbox 2888 2743 2980 2814; x_wconf 90' lang='lat' dir='ltr'>qui</span> <span class='ocrx_word' id='word_1_596' title='bbox 3005 2742 3187 2815; x_wconf 86' lang='lat' dir='ltr'>utique</span> <span class='ocrx_word' id='word_1_597' title='bbox 3217 2742 3382 2815; x_wconf 86' lang='lat' dir='ltr'>digne</span> <span class='ocrx_word' id='word_1_598' title='bbox 3411 2757 3721 2812; x_wconf 90' lang='lat' dir='ltr'>possemus,</span> 
     </span>
    </p>
   </div>
   <div class='ocr_carea' id='block_1_77' title="bbox 2131 2829 3727 2904">
    <p class='ocr_par' dir='ltr' id='par_1_77' title="bbox 2131 2829 3727 2904">
     <span class='ocr_line' id='line_1_77' title="bbox 2131 2829 3727 2904; baseline -0.003 -18"><span class='ocrx_word' id='word_1_599' title='bbox 2131 2848 2239 2887; x_wconf 91' lang='lat' dir='ltr'>non</span> <span class='ocrx_word' id='word_1_600' title='bbox 2295 2830 2649 2902; x_wconf 87' lang='lat' dir='ltr'>gloriabimur</span> <span class='ocrx_word' id='word_1_601' title='bbox 2704 2831 2758 2885; x_wconf 93' lang='lat' dir='ltr'>in</span> <span class='ocrx_word' id='word_1_602' title='bbox 2817 2832 3162 2898; x_wconf 89' lang='lat' dir='ltr'>immensum,</span> <span class='ocrx_word' id='word_1_603' title='bbox 3220 2831 3315 2887; x_wconf 88' lang='lat' dir='ltr'>sed</span> <span class='ocrx_word' id='word_1_604' title='bbox 3368 2829 3727 2904; x_wconf 88' lang='lat' dir='ltr'>gloriabimur</span> 
     </span>
    </p>
   </div>
   <div class='ocr_carea' id='block_1_78' title="bbox 2131 2917 3726 2991">
    <p class='ocr_par' dir='ltr' id='par_1_78' title="bbox 2131 2917 3726 2991">
     <span class='ocr_line' id='line_1_78' title="bbox 2131 2917 3726 2991; baseline -0.003 -15"><span class='ocrx_word' id='word_1_605' title='bbox 2131 2918 2440 2976; x_wconf 88' lang='lat' dir='ltr'>secundum</span> <span class='ocrx_word' id='word_1_606' title='bbox 2496 2936 2826 2975; x_wconf 85' lang='lat' dir='ltr'>mensuram</span> <span class='ocrx_word' id='word_1_607' title='bbox 2873 2922 3096 2991; x_wconf 63' lang='lat' dir='ltr'>regulae,</span> <span class='ocrx_word' id='word_1_608' title='bbox 3146 2936 3253 2991; x_wconf 91' lang='lat' dir='ltr'>qua</span> <span class='ocrx_word' id='word_1_609' title='bbox 3281 2935 3368 2974; x_wconf 90' lang='lat' dir='ltr'>me</span> <span class='ocrx_word' id='word_1_610' title='bbox 3398 2926 3450 2973; x_wconf 88' lang='lat' dir='ltr'>et</span> <span class='ocrx_word' id='word_1_611' title='bbox 3481 2917 3726 2972; x_wconf 89' lang='lat' dir='ltr'>subditos</span> 
     </span>
    </p>
   </div>
   <div class='ocr_carea' id='block_1_79' title="bbox 2124 3006 3727 3080">
    <p class='ocr_par' dir='ltr' id='par_1_79' title="bbox 2124 3006 3727 3080">
     <span class='ocr_line' id='line_1_79' title="bbox 2124 3006 3727 3080; baseline -0.002 -17"><span class='ocrx_word' id='word_1_612' title='bbox 2124 3009 2318 3064; x_wconf 90' lang='lat' dir='ltr'>idonee</span> <span class='ocrx_word' id='word_1_613' title='bbox 2349 3007 2619 3080; x_wconf 74' lang='lat' dir='ltr'>regulari.</span> <span class='ocrx_word' id='word_1_614' title='bbox 2657 3009 2806 3062; x_wconf 90' lang='lat' dir='ltr'>Tunc</span> <span class='ocrx_word' id='word_1_615' title='bbox 2828 3007 3061 3063; x_wconf 85' lang='lat' dir='ltr'>fortasse</span> <span class='ocrx_word' id='word_1_616' title='bbox 3090 3008 3298 3065; x_wconf 90' lang='lat' dir='ltr'>diceret</span> <span class='ocrx_word' id='word_1_617' title='bbox 3314 3006 3510 3079; x_wconf 91' lang='lat' dir='ltr'>aliquis</span> <span class='ocrx_word' id='word_1_618' title='bbox 3534 3024 3547 3060; x_wconf 91' lang='lat'>:</span> <span class='ocrx_word' id='word_1_619' title='bbox 3570 3006 3727 3060; x_wconf 84' lang='lat' dir='ltr'>Hanc</span> 
     </span>
    </p>
   </div>
   <div class='ocr_carea' id='block_1_80' title="bbox 2124 3092 3722 3167">
    <p class='ocr_par' dir='ltr' id='par_1_80' title="bbox 2124 3092 3722 3167">
     <span class='ocr_line' id='line_1_80' title="bbox 2124 3092 3722 3167; baseline -0.004 -15"><span class='ocrx_word' id='word_1_620' title='bbox 2124 3112 2437 3152; x_wconf 90' lang='lat' dir='ltr'>mensuram</span> <span class='ocrx_word' id='word_1_621' title='bbox 2495 3096 2591 3149; x_wconf 90' lang='lat' dir='ltr'>tibi</span> <span class='ocrx_word' id='word_1_622' title='bbox 2645 3097 2932 3167; x_wconf 86' lang='lat' dir='ltr'>usurpasti.</span> <span class='ocrx_word' id='word_1_623' title='bbox 3012 3098 3213 3152; x_wconf 91' lang='lat' dir='ltr'>Contra</span> <span class='ocrx_word' id='word_1_624' title='bbox 3272 3096 3418 3167; x_wconf 92' lang='lat' dir='ltr'>quod</span> <span class='ocrx_word' id='word_1_625' title='bbox 3477 3092 3722 3149; x_wconf 89' lang='lat' dir='ltr'>Paulus:</span> 
     </span>
    </p>
   </div>
   <div class='ocr_carea' id='block_1_81' title="bbox 2130 3180 3725 3253">
    <p class='ocr_par' dir='ltr' id='par_1_81' title="bbox 2130 3180 3725 3253">
     <span class='ocr_line' id='line_1_81' title="bbox 2130 3180 3725 3253; baseline -0.004 -12"><span class='ocrx_word' id='word_1_626' title='bbox 2130 3187 2307 3253; x_wconf 86' lang='lat' dir='ltr'>Quam</span> <span class='ocrx_word' id='word_1_627' title='bbox 2328 3200 2656 3240; x_wconf 85' lang='lat' dir='ltr'>mensuram</span> <span class='ocrx_word' id='word_1_628' title='bbox 2682 3201 2913 3241; x_wconf 86' lang='lat' dir='ltr'>mensus</span> <span class='ocrx_word' id='word_1_629' title='bbox 2935 3190 3017 3241; x_wconf 88' lang='lat' dir='ltr'>est</span> <span class='ocrx_word' id='word_1_630' title='bbox 3046 3186 3202 3242; x_wconf 89' lang='lat' dir='ltr'>nobis</span> <span class='ocrx_word' id='word_1_631' title='bbox 3230 3187 3389 3242; x_wconf 90' lang='lat' dir='ltr'>Deus.</span> <span class='ocrx_word' id='word_1_632' title='bbox 3416 3184 3615 3238; x_wconf 91' lang='lat' dir='ltr'>Iterum</span> <span class='ocrx_word' id='word_1_633' title='bbox 3632 3180 3725 3235; x_wconf 89' lang='lat' dir='ltr'>ille</span> 
     </span>
    </p>
   </div>
   <div class='ocr_carea' id='block_1_82' title="bbox 2126 3270 3726 3347">
    <p class='ocr_par' dir='ltr' id='par_1_82' title="bbox 2126 3270 3726 3347">
     <span class='ocr_line' id='line_1_82' title="bbox 2126 3270 3726 3347; baseline -0.004 -18"><span class='ocrx_word' id='word_1_634' title='bbox 2126 3275 2222 3329; x_wconf 91' lang='lat' dir='ltr'>sed</span> <span class='ocrx_word' id='word_1_635' title='bbox 2252 3289 2362 3329; x_wconf 92' lang='lat' dir='ltr'>non</span> <span class='ocrx_word' id='word_1_636' title='bbox 2382 3290 2551 3344; x_wconf 90' lang='lat' dir='ltr'>usque</span> <span class='ocrx_word' id='word_1_637' title='bbox 2573 3273 2643 3328; x_wconf 89' lang='lat' dir='ltr'>ad</span> <span class='ocrx_word' id='word_1_638' title='bbox 2664 3289 2786 3328; x_wconf 90' lang='lat' dir='ltr'>nos.</span> <span class='ocrx_word' id='word_1_639' title='bbox 2811 3275 3131 3331; x_wconf 79' lang='lat' dir='ltr'>Mensuram</span> <span class='ocrx_word' id='word_1_640' title='bbox 3149 3277 3343 3347; x_wconf 87' lang='lat' dir='ltr'>utique</span> <span class='ocrx_word' id='word_1_641' title='bbox 3363 3274 3483 3329; x_wconf 85' lang='lat' dir='ltr'>dico</span> <span class='ocrx_word' id='word_1_642' title='bbox 3500 3270 3726 3344; x_wconf 87' lang='lat' dir='ltr'>pertin-</span> 
     </span>
    </p>
   </div>
   <div class='ocr_carea' id='block_1_83' title="bbox 2126 3362 3722 3436">
    <p class='ocr_par' dir='ltr' id='par_1_83' title="bbox 2126 3362 3722 3436">
     <span class='ocr_line' id='line_1_83' title="bbox 2126 3362 3722 3436; baseline -0.003 -18"><span class='ocrx_word' id='word_1_643' title='bbox 2126 3364 2297 3434; x_wconf 86' lang='lat' dir='ltr'>gendi</span> <span class='ocrx_word' id='word_1_644' title='bbox 2316 3377 2489 3434; x_wconf 79' lang='lat' dir='ltr'>usque</span> <span class='ocrx_word' id='word_1_645' title='bbox 2505 3362 2576 3417; x_wconf 90' lang='lat' dir='ltr'>ad</span> <span class='ocrx_word' id='word_1_646' title='bbox 2598 3377 2707 3417; x_wconf 89' lang='lat' dir='ltr'>vos.</span> <span class='ocrx_word' id='word_1_647' title='bbox 2728 3363 2795 3416; x_wconf 90' lang='lat' dir='ltr'>Et</span> <span class='ocrx_word' id='word_1_648' title='bbox 2816 3379 2942 3419; x_wconf 86' lang='lat' dir='ltr'>vere</span> <span class='ocrx_word' id='word_1_649' title='bbox 2960 3364 3320 3436; x_wconf 88' lang='lat' dir='ltr'>pertingimus</span> <span class='ocrx_word' id='word_1_650' title='bbox 3333 3366 3584 3436; x_wconf 87' lang='lat' dir='ltr'>usquead</span> <span class='ocrx_word' id='word_1_651' title='bbox 3605 3376 3722 3421; x_wconf 91' lang='lat' dir='ltr'>vos.</span> 
     </span>
    </p>
   </div>
   <div class='ocr_carea' id='block_1_84' title="bbox 2127 3450 3728 3523">
    <p class='ocr_par' dir='ltr' id='par_1_84' title="bbox 2127 3450 3728 3523">
     <span class='ocr_line' id='line_1_84' title="bbox 2127 3450 3728 3523; baseline 0.001 -16"><span class='ocrx_word' id='word_1_652' title='bbox 2127 3453 2245 3507; x_wconf 88' lang='lat' dir='ltr'>Non</span> <span class='ocrx_word' id='word_1_653' title='bbox 2277 3452 2430 3506; x_wconf 88' lang='lat' dir='ltr'>enim</span> <span class='ocrx_word' id='word_1_654' title='bbox 2450 3450 2985 3522; x_wconf 78' lang='lat' dir='ltr'>superextendimus</span> <span class='ocrx_word' id='word_1_655' title='bbox 3006 3455 3276 3523; x_wconf 86' lang='lat' dir='ltr'>nosquasi</span> <span class='ocrx_word' id='word_1_656' title='bbox 3298 3454 3387 3523; x_wconf 90' lang='lat' dir='ltr'>qui</span> <span class='ocrx_word' id='word_1_657' title='bbox 3407 3472 3521 3510; x_wconf 85' lang='lat' dir='ltr'>non</span> <span class='ocrx_word' id='word_1_658' title='bbox 3542 3470 3728 3508; x_wconf 91' lang='lat' dir='ltr'>sumus</span> 
     </span>
    </p>
   </div>
   <div class='ocr_carea' id='block_1_85' title="bbox 2126 3538 3726 3612">
    <p class='ocr_par' dir='ltr' id='par_1_85' title="bbox 2126 3538 3726 3612">
     <span class='ocr_line' id='line_1_85' title="bbox 2126 3538 3726 3612; baseline 0.003 -18"><span class='ocrx_word' id='word_1_659' title='bbox 2126 3541 2515 3612; x_wconf 83' lang='lat' dir='ltr'>pertingentes</span> <span class='ocrx_word' id='word_1_660' title='bbox 2542 3538 2613 3593; x_wconf 88' lang='lat' dir='ltr'>ad</span> <span class='ocrx_word' id='word_1_661' title='bbox 2626 3554 2717 3594; x_wconf 86' lang='lat' dir='ltr'>vos</span> <span class='ocrx_word' id='word_1_662' title='bbox 2738 3540 3035 3594; x_wconf 91' lang='lat' dir='ltr'>secundum</span> <span class='ocrx_word' id='word_1_663' title='bbox 3058 3556 3367 3594; x_wconf 88' lang='lat' dir='ltr'>mensuram</span> <span class='ocrx_word' id='word_1_664' title='bbox 3384 3541 3541 3595; x_wconf 91' lang='lat' dir='ltr'>nobis</span> <span class='ocrx_word' id='word_1_665' title='bbox 3564 3544 3726 3598; x_wconf 88' lang='lat' dir='ltr'>aDeo</span> 
     </span>
    </p>
   </div>
   <div class='ocr_carea' id='block_1_86' title="bbox 2125 3626 3729 3697">
    <p class='ocr_par' dir='ltr' id='par_1_86' title="bbox 2125 3626 3729 3697">
     <span class='ocr_line' id='line_1_86' title="bbox 2125 3626 3729 3697; baseline 0.001 -16"><span class='ocrx_word' id='word_1_666' title='bbox 2125 3634 2519 3681; x_wconf 87' lang='lat' dir='ltr'>mensuratam.</span> <span class='ocrx_word' id='word_1_667' title='bbox 2568 3626 2709 3681; x_wconf 89' lang='lat' dir='ltr'>Vere</span> <span class='ocrx_word' id='word_1_668' title='bbox 2738 3642 2848 3681; x_wconf 93' lang='lat' dir='ltr'>non</span> <span class='ocrx_word' id='word_1_669' title='bbox 2898 3627 3399 3697; x_wconf 88' lang='lat' dir='ltr'>superextendimus</span> <span class='ocrx_word' id='word_1_670' title='bbox 3431 3644 3549 3683; x_wconf 91' lang='lat' dir='ltr'>nos.</span> <span class='ocrx_word' id='word_1_671' title='bbox 3584 3631 3729 3685; x_wconf 88' lang='lat' dir='ltr'>Nam</span> 
     </span>
    </p>
   </div>
   <div class='ocr_carea' id='block_1_87' title="bbox 2126 3714 3726 3789">
    <p class='ocr_par' dir='ltr' id='par_1_87' title="bbox 2126 3714 3726 3789">
     <span class='ocr_line' id='line_1_87' title="bbox 2126 3714 3726 3789; baseline 0.001 -18"><span class='ocrx_word' id='word_1_672' title='bbox 2126 3731 2299 3787; x_wconf 88' lang='lat' dir='ltr'>usque</span> <span class='ocrx_word' id='word_1_673' title='bbox 2330 3714 2402 3769; x_wconf 85' lang='lat' dir='ltr'>ad</span> <span class='ocrx_word' id='word_1_674' title='bbox 2419 3729 2509 3768; x_wconf 89' lang='lat' dir='ltr'>vos</span> <span class='ocrx_word' id='word_1_675' title='bbox 2522 3728 2595 3767; x_wconf 76' lang='lat' dir='ltr'>ex</span> <span class='ocrx_word' id='word_1_676' title='bbox 2608 3729 2866 3769; x_wconf 87' lang='lat' dir='ltr'>mensura</span> <span class='ocrx_word' id='word_1_677' title='bbox 2886 3715 2985 3770; x_wconf 91' lang='lat' dir='ltr'>Dei</span> <span class='ocrx_word' id='word_1_678' title='bbox 3002 3718 3361 3786; x_wconf 86' lang='lat' dir='ltr'>pervenimus</span> <span class='ocrx_word' id='word_1_679' title='bbox 3384 3719 3447 3772; x_wconf 89' lang='lat' dir='ltr'>in</span> <span class='ocrx_word' id='word_1_680' title='bbox 3468 3719 3726 3789; x_wconf 85' lang='lat' dir='ltr'>Evange-</span> 
     </span>
    </p>
   </div>
   <div class='ocr_carea' id='block_1_88' title="bbox 2129 3801 3729 3877">
    <p class='ocr_par' dir='ltr' id='par_1_88' title="bbox 2129 3801 3729 3877">
     <span class='ocr_line' id='line_1_88' title="bbox 2129 3801 3729 3877; baseline 0 -17"><span class='ocrx_word' id='word_1_681' title='bbox 2129 3806 2201 3860; x_wconf 83' lang='lat' dir='ltr'>lio</span> <span class='ocrx_word' id='word_1_682' title='bbox 2216 3803 2441 3866; x_wconf 84' lang='lat' dir='ltr'>Christi,</span> <span class='ocrx_word' id='word_1_683' title='bbox 2466 3801 2832 3870; x_wconf 67' lang='lat' dir='ltr'>praedicando.</span> <span class='ocrx_word' id='word_1_684' title='bbox 2860 3803 3172 3875; x_wconf 87' lang='lat' dir='ltr'>Opponeret</span> <span class='ocrx_word' id='word_1_685' title='bbox 3193 3805 3385 3859; x_wconf 90' lang='lat' dir='ltr'>iterum</span> <span class='ocrx_word' id='word_1_686' title='bbox 3410 3806 3729 3877; x_wconf 87' lang='lat' dir='ltr'>:lngressus</span> 
     </span>
    </p>
   </div>
   <div class='ocr_carea' id='block_1_89' title="bbox 2126 3893 3731 3951">
    <p class='ocr_par' dir='ltr' id='par_1_89' title="bbox 2126 3893 3731 3951">
     <span class='ocr_line' id='line_1_89' title="bbox 2126 3893 3731 3951; baseline 0.001 -3"><span class='ocrx_word' id='word_1_687' title='bbox 2126 3910 2185 3948; x_wconf 89' lang='lat' dir='ltr'>es</span> <span class='ocrx_word' id='word_1_688' title='bbox 2206 3893 2260 3947; x_wconf 92' lang='lat' dir='ltr'>in</span> <span class='ocrx_word' id='word_1_689' title='bbox 2280 3894 2514 3950; x_wconf 90' lang='lat' dir='ltr'>alienum</span> <span class='ocrx_word' id='word_1_690' title='bbox 2536 3893 2801 3948; x_wconf 89' lang='lat' dir='ltr'>laborem.</span> <span class='ocrx_word' id='word_1_691' title='bbox 2819 3893 3021 3948; x_wconf 89' lang='lat' dir='ltr'>Contra</span> <span class='ocrx_word' id='word_1_692' title='bbox 3041 3893 3143 3949; x_wconf 89' lang='lat' dir='ltr'>hoc</span> <span class='ocrx_word' id='word_1_693' title='bbox 3164 3894 3264 3947; x_wconf 92' lang='lat' dir='ltr'>ait:</span> <span class='ocrx_word' id='word_1_694' title='bbox 3290 3894 3642 3951; x_wconf 89' lang='lat' dir='ltr'>Pervenimus</span> <span class='ocrx_word' id='word_1_695' title='bbox 3662 3893 3731 3949; x_wconf 88' lang='lat' dir='ltr'>ad</span> 
     </span>
    </p>
   </div>
   <div class='ocr_carea' id='block_1_90' title="bbox 2126 3983 3729 4056">
    <p class='ocr_par' dir='ltr' id='par_1_90' title="bbox 2126 3983 3729 4056">
     <span class='ocr_line' id='line_1_90' title="bbox 2126 3983 3729 4056; baseline -0.002 -17"><span class='ocrx_word' id='word_1_696' title='bbox 2126 4000 2243 4054; x_wconf 91' lang='lat' dir='ltr'>vos,</span> <span class='ocrx_word' id='word_1_697' title='bbox 2302 4001 2414 4041; x_wconf 86' lang='lat' dir='ltr'>non</span> <span class='ocrx_word' id='word_1_698' title='bbox 2461 3986 2770 4056; x_wconf 88' lang='lat' dir='ltr'>gloriantes</span> <span class='ocrx_word' id='word_1_699' title='bbox 2816 3985 2878 4039; x_wconf 89' lang='lat' dir='ltr'>in</span> <span class='ocrx_word' id='word_1_700' title='bbox 2922 3983 3129 4038; x_wconf 87' lang='lat' dir='ltr'>alienis</span> <span class='ocrx_word' id='word_1_701' title='bbox 3187 3983 3483 4049; x_wconf 87' lang='lat' dir='ltr'>laboribus,</span> <span class='ocrx_word' id='word_1_702' title='bbox 3535 3983 3589 4037; x_wconf 93' lang='lat' dir='ltr'>id</span> <span class='ocrx_word' id='word_1_703' title='bbox 3646 3989 3729 4038; x_wconf 89' lang='lat' dir='ltr'>est</span> 
     </span>
    </p>
   </div>
   <div class='ocr_carea' id='block_1_91' title="bbox 2126 4069 3730 4143">
    <p class='ocr_par' dir='ltr' id='par_1_91' title="bbox 2126 4069 3730 4143">
     <span class='ocr_line' id='line_1_91' title="bbox 2126 4069 3730 4143; baseline 0 -17"><span class='ocrx_word' id='word_1_704' title='bbox 2126 4089 2292 4143; x_wconf 90' lang='lat' dir='ltr'>super</span> <span class='ocrx_word' id='word_1_705' title='bbox 2333 4074 2568 4129; x_wconf 90' lang='lat' dir='ltr'>alienum</span> <span class='ocrx_word' id='word_1_706' title='bbox 2628 4073 3038 4128; x_wconf 82' lang='lat' dir='ltr'>fundamentum</span> <span class='ocrx_word' id='word_1_707' title='bbox 3114 4087 3222 4126; x_wconf 91' lang='lat' dir='ltr'>non</span> <span class='ocrx_word' id='word_1_708' title='bbox 3272 4069 3553 4138; x_wconf 73' lang='lat' dir='ltr'>aedificavi,</span> <span class='ocrx_word' id='word_1_709' title='bbox 3614 4087 3730 4128; x_wconf 85' lang='lat' dir='ltr'>non</span> 
     </span>
    </p>
   </div>
   <div class='ocr_carea' id='block_1_92' title="bbox 2125 4157 3730 4231">
    <p class='ocr_par' dir='ltr' id='par_1_92' title="bbox 2125 4157 3730 4231">
     <span class='ocr_line' id='line_1_92' title="bbox 2125 4157 3730 4231; baseline -0.002 -15"><span class='ocrx_word' id='word_1_710' title='bbox 2125 4162 2433 4231; x_wconf 88' lang='lat' dir='ltr'>gloriantes</span> <span class='ocrx_word' id='word_1_711' title='bbox 2486 4162 2645 4228; x_wconf 89' lang='lat' dir='ltr'>dico;</span> <span class='ocrx_word' id='word_1_712' title='bbox 2692 4168 2743 4216; x_wconf 89' lang='lat' dir='ltr'>et</span> <span class='ocrx_word' id='word_1_713' title='bbox 2771 4176 2881 4215; x_wconf 93' lang='lat' dir='ltr'>non</span> <span class='ocrx_word' id='word_1_714' title='bbox 2910 4161 2972 4215; x_wconf 88' lang='lat' dir='ltr'>in</span> <span class='ocrx_word' id='word_1_715' title='bbox 3027 4162 3373 4215; x_wconf 81' lang='lat' dir='ltr'>immensum</span> <span class='ocrx_word' id='word_1_716' title='bbox 3404 4157 3730 4229; x_wconf 88' lang='lat' dir='ltr'>duplicanda</span> 
     </span>
    </p>
   </div>
   <div class='ocr_carea' id='block_1_93' title="bbox 2129 4248 3718 4323">
    <p class='ocr_par' dir='ltr' id='par_1_93' title="bbox 2129 4248 3718 4323">
     <span class='ocr_line' id='line_1_93' title="bbox 2129 4248 3718 4323; baseline -0.001 -20"><span class='ocrx_word' id='word_1_717' title='bbox 2129 4258 2211 4303; x_wconf 89' lang='lat' dir='ltr'>est</span> <span class='ocrx_word' id='word_1_718' title='bbox 2255 4250 2345 4304; x_wconf 90' lang='lat' dir='ltr'>illa</span> <span class='ocrx_word' id='word_1_719' title='bbox 2394 4251 2615 4323; x_wconf 88' lang='lat' dir='ltr'>negatio</span> <span class='ocrx_word' id='word_1_720' title='bbox 2650 4269 2665 4316; x_wconf 90' lang='lat'><strong>;</strong></span> <span class='ocrx_word' id='word_1_721' title='bbox 2717 4266 2847 4306; x_wconf 90' lang='lat' dir='ltr'>vere</span> <span class='ocrx_word' id='word_1_722' title='bbox 2898 4250 3264 4321; x_wconf 83' lang='lat' dir='ltr'>pervenimus</span> <span class='ocrx_word' id='word_1_723' title='bbox 3294 4264 3468 4319; x_wconf 76' lang='lat' dir='ltr'>usque</span> <span class='ocrx_word' id='word_1_724' title='bbox 3499 4248 3570 4302; x_wconf 89' lang='lat' dir='ltr'>ad</span> <span class='ocrx_word' id='word_1_725' title='bbox 3600 4263 3718 4304; x_wconf 84' lang='lat' dir='ltr'>vos.</span> 
     </span>
    </p>
   </div>
   <div class='ocr_carea' id='block_1_94' title="bbox 423 4330 3728 4414">
    <p class='ocr_par' dir='ltr' id='par_1_94' title="bbox 423 4330 3728 4414">
     <span class='ocr_line' id='line_1_94' title="bbox 423 4330 3728 4414; baseline -0 -16"><span class='ocrx_word' id='word_1_726' title='bbox 423 4340 598 4398; x_wconf 66' lang='lat' dir='ltr'>stolas</span> <span class='ocrx_word' id='word_1_727' title='bbox 628 4340 906 4405; x_wconf 85' lang='lat' dir='ltr'>absentes,</span> <span class='ocrx_word' id='word_1_728' title='bbox 945 4341 1086 4396; x_wconf 87' lang='lat' dir='ltr'>tales</span> <span class='ocrx_word' id='word_1_729' title='bbox 1118 4342 1329 4397; x_wconf 88' lang='lat' dir='ltr'>erimus</span> <span class='ocrx_word' id='word_1_730' title='bbox 1364 4346 1674 4414; x_wconf 68' lang='lat' dir='ltr'>praesentes</span> <span class='ocrx_word' id='word_1_731' title='bbox 1690 4344 1754 4398; x_wconf 91' lang='lat' dir='ltr'>in</span> <span class='ocrx_word' id='word_1_732' title='bbox 1774 4346 2028 4414; x_wconf 82' lang='lat' dir='ltr'>facto;et</span> <span class='ocrx_word' id='word_1_733' title='bbox 2056 4330 2107 4390; x_wconf 86' lang='lat' dir='ltr'>D</span> <span class='ocrx_word' id='word_1_734' title='bbox 2129 4338 2268 4392; x_wconf 85' lang='lat' dir='ltr'>Nam</span> <span class='ocrx_word' id='word_1_735' title='bbox 2327 4339 2491 4394; x_wconf 84' lang='lat' dir='ltr'>etiam</span> <span class='ocrx_word' id='word_1_736' title='bbox 2546 4339 2683 4394; x_wconf 83' lang='lat' dir='ltr'>ultra</span> <span class='ocrx_word' id='word_1_737' title='bbox 2730 4354 2848 4403; x_wconf 83' lang='lat' dir='ltr'>vos,</span> <span class='ocrx_word' id='word_1_738' title='bbox 2883 4337 3028 4409; x_wconf 73' lang='lat' dir='ltr'>Quod</span> <span class='ocrx_word' id='word_1_739' title='bbox 3057 4336 3139 4392; x_wconf 86' lang='lat' dir='ltr'>sic</span> <span class='ocrx_word' id='word_1_740' title='bbox 3168 4337 3243 4391; x_wconf 83' lang='lat' dir='ltr'>ait</span> <span class='ocrx_word' id='word_1_741' title='bbox 3272 4354 3284 4389; x_wconf 77' lang='grc' dir='ltr'>ε</span> <span class='ocrx_word' id='word_1_742' title='bbox 3328 4334 3560 4392; x_wconf 81' lang='grc'>191</span> <span class='ocrx_word' id='word_1_743' title='bbox 3602 4336 3728 4390; x_wconf 84' lang='lat' dir='ltr'>Non</span> 
     </span>
    </p>
   </div>
   <div class='ocr_carea' id='block_1_95' title="bbox 426 4426 2028 4503">
    <p class='ocr_par' dir='ltr' id='par_1_95' title="bbox 426 4426 2028 4503">
     <span class='ocr_line' id='line_1_95' title="bbox 426 4426 2028 4503; baseline 0.004 -23"><span class='ocrx_word' id='word_1_744' title='bbox 426 4426 530 4481; x_wconf 83' lang='lat' dir='ltr'>hoc</span> <span class='ocrx_word' id='word_1_745' title='bbox 557 4427 680 4482; x_wconf 92' lang='lat' dir='ltr'>ideo</span> <span class='ocrx_word' id='word_1_746' title='bbox 713 4432 777 4483; x_wconf 88' lang='lat' dir='ltr'>ut</span> <span class='ocrx_word' id='word_1_747' title='bbox 800 4445 914 4485; x_wconf 87' lang='lat' dir='ltr'>non</span> <span class='ocrx_word' id='word_1_748' title='bbox 952 4430 1249 4485; x_wconf 71' lang='lat' dir='ltr'>existimer</span> <span class='ocrx_word' id='word_1_749' title='bbox 1270 4434 1541 4503; x_wconf 87' lang='lat' dir='ltr'>tanquam</span> <span class='ocrx_word' id='word_1_750' title='bbox 1578 4435 1790 4488; x_wconf 90' lang='lat' dir='ltr'>terrere</span> <span class='ocrx_word' id='word_1_751' title='bbox 1821 4449 1914 4487; x_wconf 87' lang='lat' dir='ltr'>vos</span> <span class='ocrx_word' id='word_1_752' title='bbox 1933 4433 2028 4487; x_wconf 88' lang='lat' dir='ltr'>ab-</span> 
     </span>
    </p>
   </div>
   <div class='ocr_carea' id='block_1_96' title="bbox 426 4517 2029 4592">
    <p class='ocr_par' dir='ltr' id='par_1_96' title="bbox 426 4517 2029 4592">
     <span class='ocr_line' id='line_1_96' title="bbox 426 4517 2029 4592; baseline 0.004 -24"><span class='ocrx_word' id='word_1_753' title='bbox 426 4530 553 4570; x_wconf 90' lang='lat' dir='ltr'>sens</span> <span class='ocrx_word' id='word_1_754' title='bbox 570 4532 673 4587; x_wconf 86' lang='lat' dir='ltr'>per</span> <span class='ocrx_word' id='word_1_755' title='bbox 693 4517 976 4589; x_wconf 86' lang='lat' dir='ltr'>epistolas.</span> <span class='ocrx_word' id='word_1_756' title='bbox 1008 4520 1290 4590; x_wconf 87' lang='lat' dir='ltr'>Tanquam</span> <span class='ocrx_word' id='word_1_757' title='bbox 1318 4523 1532 4575; x_wconf 88' lang='lat' dir='ltr'>terrere</span> <span class='ocrx_word' id='word_1_758' title='bbox 1554 4520 1692 4575; x_wconf 88' lang='lat' dir='ltr'>bene</span> <span class='ocrx_word' id='word_1_759' title='bbox 1712 4520 1842 4576; x_wconf 89' lang='lat' dir='ltr'>dicit</span> <span class='ocrx_word' id='word_1_760' title='bbox 1863 4538 1874 4577; x_wconf 93' lang='lat'>:</span> <span class='ocrx_word' id='word_1_761' title='bbox 1902 4521 2029 4592; x_wconf 89' lang='lat' dir='ltr'>quia</span> 
     </span>
    </p>
   </div>
   <div class='ocr_carea' id='block_1_97' title="bbox 428 4598 2024 4675">
    <p class='ocr_par' dir='ltr' id='par_1_97' title="bbox 428 4598 2024 4675">
     <span class='ocr_line' id='line_1_97' title="bbox 428 4598 2024 4675; baseline 0.004 -22"><span class='ocrx_word' id='word_1_762' title='bbox 428 4598 475 4653; x_wconf 91' lang='lat' dir='ltr'>si</span> <span class='ocrx_word' id='word_1_763' title='bbox 497 4599 793 4656; x_wconf 88' lang='lat' dir='ltr'>minaretur</span> <span class='ocrx_word' id='word_1_764' title='bbox 811 4601 1010 4657; x_wconf 89' lang='lat' dir='ltr'>absens</span> <span class='ocrx_word' id='word_1_765' title='bbox 1025 4603 1170 4673; x_wconf 89' lang='lat' dir='ltr'>quod</span> <span class='ocrx_word' id='word_1_766' title='bbox 1185 4603 1413 4675; x_wconf 88' lang='lat' dir='ltr'>implere</span> <span class='ocrx_word' id='word_1_767' title='bbox 1426 4603 1743 4659; x_wconf 87' lang='lat' dir='ltr'>formidaret</span> <span class='ocrx_word' id='word_1_768' title='bbox 1759 4621 2024 4675; x_wconf 65' lang='lat' dir='ltr'>praesens,</span> 
     </span>
    </p>
   </div>
   <div class='ocr_carea' id='block_1_98' title="bbox 425 4689 2017 4765">
    <p class='ocr_par' dir='ltr' id='par_1_98' title="bbox 425 4689 2017 4765">
     <span class='ocr_line' id='line_1_98' title="bbox 425 4689 2017 4765; baseline 0.004 -23"><span class='ocrx_word' id='word_1_769' title='bbox 425 4689 530 4743; x_wconf 90' lang='lat' dir='ltr'>hoc</span> <span class='ocrx_word' id='word_1_770' title='bbox 558 4690 741 4762; x_wconf 90' lang='lat' dir='ltr'>utique</span> <span class='ocrx_word' id='word_1_771' title='bbox 773 4706 882 4745; x_wconf 90' lang='lat' dir='ltr'>non</span> <span class='ocrx_word' id='word_1_772' title='bbox 913 4700 1060 4746; x_wconf 88' lang='lat' dir='ltr'>esset</span> <span class='ocrx_word' id='word_1_773' title='bbox 1091 4696 1324 4759; x_wconf 89' lang='lat' dir='ltr'>terrere,</span> <span class='ocrx_word' id='word_1_774' title='bbox 1349 4693 1447 4747; x_wconf 90' lang='lat' dir='ltr'>sed</span> <span class='ocrx_word' id='word_1_775' title='bbox 1472 4698 1745 4765; x_wconf 86' lang='lat' dir='ltr'>tanquam</span> <span class='ocrx_word' id='word_1_776' title='bbox 1776 4697 2017 4749; x_wconf 86' lang='lat' dir='ltr'>terrere.</span> 
     </span>
    </p>
   </div>
   <div class='ocr_carea' id='block_1_99' title="bbox 425 4776 2023 4854">
    <p class='ocr_par' dir='ltr' id='par_1_99' title="bbox 425 4776 2023 4854">
     <span class='ocr_line' id='line_1_99' title="bbox 425 4776 2023 4854; baseline 0.004 -23"><span class='ocrx_word' id='word_1_777' title='bbox 425 4776 722 4834; x_wconf 85' lang='lat' dir='ltr'>Existimer</span> <span class='ocrx_word' id='word_1_778' title='bbox 749 4779 873 4835; x_wconf 93' lang='lat' dir='ltr'>ideo</span> <span class='ocrx_word' id='word_1_779' title='bbox 902 4780 1043 4846; x_wconf 91' lang='lat' dir='ltr'>dico,</span> <span class='ocrx_word' id='word_1_780' title='bbox 1078 4782 1344 4853; x_wconf 85' lang='lat' dir='ltr'>quoniam</span> <span class='ocrx_word' id='word_1_781' title='bbox 1361 4781 1585 4854; x_wconf 89' lang='lat' dir='ltr'>quidem</span> <span class='ocrx_word' id='word_1_782' title='bbox 1605 4782 1709 4851; x_wconf 92' lang='lat' dir='ltr'>ipsi</span> <span class='ocrx_word' id='word_1_783' title='bbox 1726 4782 2023 4854; x_wconf 87' lang='lat' dir='ltr'>inquiunt.</span> 
     </span>
    </p>
   </div>
   <div class='ocr_carea' id='block_1_100' title="bbox 424 4867 2027 4940">
    <p class='ocr_par' dir='ltr' id='par_1_100' title="bbox 424 4867 2027 4940">
     <span class='ocr_line' id='line_1_100' title="bbox 424 4867 2027 4940; baseline 0.002 -19"><span class='ocrx_word' id='word_1_784' title='bbox 424 4867 693 4937; x_wconf 60' lang='lat' dir='ltr'>Epistolas</span> <span class='ocrx_word' id='word_1_785' title='bbox 715 4868 866 4922; x_wconf 88' lang='lat' dir='ltr'>Pauli</span> <span class='ocrx_word' id='word_1_786' title='bbox 883 4886 1077 4939; x_wconf 86' lang='lat' dir='ltr'>graves</span> <span class='ocrx_word' id='word_1_787' title='bbox 1096 4874 1249 4937; x_wconf 87' lang='lat' dir='ltr'>sunt,</span> <span class='ocrx_word' id='word_1_788' title='bbox 1273 4870 1328 4924; x_wconf 91' lang='lat' dir='ltr'>id</span> <span class='ocrx_word' id='word_1_789' title='bbox 1346 4878 1428 4924; x_wconf 90' lang='lat' dir='ltr'>est</span> <span class='ocrx_word' id='word_1_790' title='bbox 1446 4870 1764 4940; x_wconf 68' lang='lat' dir='ltr'>ponderosae</span> <span class='ocrx_word' id='word_1_791' title='bbox 1780 4878 1833 4925; x_wconf 89' lang='lat' dir='ltr'>et</span> <span class='ocrx_word' id='word_1_792' title='bbox 1847 4871 2027 4926; x_wconf 77' lang='lat' dir='ltr'>multae</span> 
     </span>
    </p>
   </div>
   <div class='ocr_carea' id='block_1_101' title="bbox 424 4955 2026 5031">
    <p class='ocr_par' dir='ltr' id='par_1_101' title="bbox 424 4955 2026 5031">
     <span class='ocr_line' id='line_1_101' title="bbox 424 4955 2026 5031; baseline 0.004 -23"><span class='ocrx_word' id='word_1_793' title='bbox 424 4955 756 5023; x_wconf 88' lang='lat' dir='ltr'>severitatis;</span> <span class='ocrx_word' id='word_1_794' title='bbox 780 4961 837 5011; x_wconf 88' lang='lat' dir='ltr'>et</span> <span class='ocrx_word' id='word_1_795' title='bbox 865 4958 1131 5028; x_wconf 81' lang='lat' dir='ltr'>fortes,id</span> <span class='ocrx_word' id='word_1_796' title='bbox 1162 4965 1243 5012; x_wconf 92' lang='lat' dir='ltr'>est</span> <span class='ocrx_word' id='word_1_797' title='bbox 1273 4956 1643 5013; x_wconf 87' lang='lat' dir='ltr'>fortitudinem</span> <span class='ocrx_word' id='word_1_798' title='bbox 1673 4970 1723 5013; x_wconf 88' lang='lat' dir='ltr'>et</span> <span class='ocrx_word' id='word_1_799' title='bbox 1753 4959 2026 5031; x_wconf 90' lang='lat' dir='ltr'>quoddam</span> 
     </span>
    </p>
   </div>
   <div class='ocr_carea' id='block_1_102' title="bbox 422 5040 2053 5119">
    <p class='ocr_par' dir='ltr' id='par_1_102' title="bbox 422 5040 2053 5119">
     <span class='ocr_line' id='line_1_102' title="bbox 422 5040 2053 5119; baseline 0.006 -25"><span class='ocrx_word' id='word_1_800' title='bbox 422 5040 710 5112; x_wconf 87' lang='lat' dir='ltr'>imperium</span> <span class='ocrx_word' id='word_1_801' title='bbox 764 5044 1096 5111; x_wconf 88' lang='lat' dir='ltr'>minitantes,</span> <span class='ocrx_word' id='word_1_802' title='bbox 1150 5046 1245 5101; x_wconf 90' lang='lat' dir='ltr'>sed</span> <span class='ocrx_word' id='word_1_803' title='bbox 1281 5048 1587 5118; x_wconf 61' lang='lat' dir='ltr'>praesentia</span> <span class='ocrx_word' id='word_1_804' title='bbox 1631 5050 1881 5119; x_wconf 85' lang='lat' dir='ltr'>corporis</span> <span class='ocrx_word' id='word_1_805' title='bbox 1910 5048 2053 5117; x_wconf 19' lang='lat' dir='ltr'>ejus.</span> 
     </span>
    </p>
   </div>
   <div class='ocr_carea' id='block_1_103' title="bbox 424 5131 2024 5211">
    <p class='ocr_par' dir='ltr' id='par_1_103' title="bbox 424 5131 2024 5211">
     <span class='ocr_line' id='line_1_103' title="bbox 424 5131 2024 5211; baseline 0.005 -26"><span class='ocrx_word' id='word_1_806' title='bbox 424 5131 659 5199; x_wconf 84' lang='lat' dir='ltr'>inﬁrma</span> <span class='ocrx_word' id='word_1_807' title='bbox 698 5140 800 5187; x_wconf 90' lang='lat' dir='ltr'>est.</span> <span class='ocrx_word' id='word_1_808' title='bbox 838 5132 1040 5189; x_wconf 89' lang='lat' dir='ltr'>Contra</span> <span class='ocrx_word' id='word_1_809' title='bbox 1067 5134 1172 5189; x_wconf 92' lang='lat' dir='ltr'>hoc</span> <span class='ocrx_word' id='word_1_810' title='bbox 1229 5133 1378 5205; x_wconf 86' lang='lat' dir='ltr'>quod</span> <span class='ocrx_word' id='word_1_811' title='bbox 1404 5134 1497 5201; x_wconf 89' lang='lat' dir='ltr'>ait,</span> <span class='ocrx_word' id='word_1_812' title='bbox 1518 5138 1725 5211; x_wconf 81' lang='lat' dir='ltr'>fortes,</span> <span class='ocrx_word' id='word_1_813' title='bbox 1760 5140 1817 5191; x_wconf 89' lang='lat' dir='ltr'>et</span> <span class='ocrx_word' id='word_1_814' title='bbox 1844 5152 2024 5193; x_wconf 85' lang='lat' dir='ltr'>sermo</span> 
     </span>
    </p>
   </div>
   <div class='ocr_carea' id='block_1_104' title="bbox 424 5220 2026 5293">
    <p class='ocr_par' dir='ltr' id='par_1_104' title="bbox 424 5220 2026 5293">
     <span class='ocr_line' id='line_1_104' title="bbox 424 5220 2026 5293; baseline 0.003 -19"><span class='ocrx_word' id='word_1_815' title='bbox 424 5220 717 5289; x_wconf 70' lang='lat' dir='ltr'>praesentia</span> <span class='ocrx_word' id='word_1_816' title='bbox 774 5222 891 5290; x_wconf 87' lang='lat' dir='ltr'>ejus</span> <span class='ocrx_word' id='word_1_817' title='bbox 942 5222 1038 5277; x_wconf 90' lang='lat' dir='ltr'>fuit</span> <span class='ocrx_word' id='word_1_818' title='bbox 1091 5223 1555 5293; x_wconf 83' lang='lat' dir='ltr'>contemptibilis,</span> <span class='ocrx_word' id='word_1_819' title='bbox 1606 5223 1661 5277; x_wconf 92' lang='lat' dir='ltr'>id</span> <span class='ocrx_word' id='word_1_820' title='bbox 1692 5232 1775 5278; x_wconf 91' lang='lat' dir='ltr'>est</span> <span class='ocrx_word' id='word_1_821' title='bbox 1805 5224 2026 5279; x_wconf 89' lang='lat' dir='ltr'>humilis</span> 
     </span>
    </p>
   </div>
   <div class='ocr_carea' id='block_1_105' title="bbox 419 5308 2026 5384">
    <p class='ocr_par' dir='ltr' id='par_1_105' title="bbox 419 5308 2026 5384">
     <span class='ocr_line' id='line_1_105' title="bbox 419 5308 2026 5384; baseline 0.004 -22"><span class='ocrx_word' id='word_1_822' title='bbox 419 5308 551 5363; x_wconf 90' lang='lat' dir='ltr'>satis</span> <span class='ocrx_word' id='word_1_823' title='bbox 583 5317 635 5364; x_wconf 90' lang='lat' dir='ltr'>et</span> <span class='ocrx_word' id='word_1_824' title='bbox 670 5310 852 5365; x_wconf 90' lang='lat' dir='ltr'>rudis:</span> <span class='ocrx_word' id='word_1_825' title='bbox 890 5326 1034 5366; x_wconf 91' lang='lat' dir='ltr'>nunc</span> <span class='ocrx_word' id='word_1_826' title='bbox 1063 5318 1244 5365; x_wconf 90' lang='lat' dir='ltr'>autem</span> <span class='ocrx_word' id='word_1_827' title='bbox 1273 5310 1489 5382; x_wconf 85' lang='lat' dir='ltr'>gravis:</span> <span class='ocrx_word' id='word_1_828' title='bbox 1524 5320 1601 5380; x_wconf 91' lang='lat' dir='ltr'>ut,</span> <span class='ocrx_word' id='word_1_829' title='bbox 1637 5311 1877 5384; x_wconf 90' lang='lat' dir='ltr'>inquam,</span> <span class='ocrx_word' id='word_1_830' title='bbox 1915 5329 2026 5369; x_wconf 89' lang='lat' dir='ltr'>non</span> 
     </span>
    </p>
   </div>
   <div class='ocr_carea' id='block_1_106' title="bbox 422 5397 2027 5475">
    <p class='ocr_par' dir='ltr' id='par_1_106' title="bbox 422 5397 2027 5475">
     <span class='ocr_line' id='line_1_106' title="bbox 422 5397 2027 5475; baseline 0.003 -22"><span class='ocrx_word' id='word_1_831' title='bbox 422 5397 697 5454; x_wconf 88' lang='lat' dir='ltr'>existimer</span> <span class='ocrx_word' id='word_1_832' title='bbox 710 5402 982 5471; x_wconf 88' lang='lat' dir='ltr'>tanquam</span> <span class='ocrx_word' id='word_1_833' title='bbox 1007 5403 1215 5457; x_wconf 89' lang='lat' dir='ltr'>terrere</span> <span class='ocrx_word' id='word_1_834' title='bbox 1238 5415 1327 5457; x_wconf 84' lang='lat' dir='ltr'>vos</span> <span class='ocrx_word' id='word_1_835' title='bbox 1345 5419 1362 5455; x_wconf 92' lang='lat'>:</span> <span class='ocrx_word' id='word_1_836' title='bbox 1386 5399 1485 5458; x_wconf 86' lang='lat' dir='ltr'>hoc</span> <span class='ocrx_word' id='word_1_837' title='bbox 1505 5402 1713 5471; x_wconf 87' lang='lat' dir='ltr'>cogitet</span> <span class='ocrx_word' id='word_1_838' title='bbox 1726 5403 1820 5474; x_wconf 88' lang='lat' dir='ltr'>qui</span> <span class='ocrx_word' id='word_1_839' title='bbox 1837 5402 2027 5475; x_wconf 87' lang='lat' dir='ltr'>hujus-</span> 
     </span>
    </p>
   </div>
   <div class='ocr_carea' id='block_1_107' title="bbox 2128 4425 3733 4498">
    <p class='ocr_par' dir='ltr' id='par_1_107' title="bbox 2128 4425 3733 4498">
     <span class='ocr_line' id='line_1_107' title="bbox 2128 4425 3733 4498; baseline -0.001 -17"><span class='ocrx_word' id='word_1_840' title='bbox 2128 4427 2185 4481; x_wconf 93' lang='lat' dir='ltr'>in</span> <span class='ocrx_word' id='word_1_841' title='bbox 2228 4427 2552 4483; x_wconf 90' lang='lat' dir='ltr'>immensum</span> <span class='ocrx_word' id='word_1_842' title='bbox 2599 4427 2917 4498; x_wconf 87' lang='lat' dir='ltr'>gloriantes,</span> <span class='ocrx_word' id='word_1_843' title='bbox 2966 4425 3059 4481; x_wconf 67' lang='lat' dir='ltr'>sed</span> <span class='ocrx_word' id='word_1_844' title='bbox 3107 4425 3375 4481; x_wconf 85' lang='lat' dir='ltr'>habentes</span> <span class='ocrx_word' id='word_1_845' title='bbox 3407 4441 3560 4497; x_wconf 87' lang='lat' dir='ltr'>spem</span> <span class='ocrx_word' id='word_1_846' title='bbox 3580 4440 3733 4479; x_wconf 87' lang='lat' dir='ltr'>cres-</span> 
     </span>
    </p>
   </div>
   <div class='ocr_carea' id='block_1_108' title="bbox 2128 4511 3729 4585">
    <p class='ocr_par' dir='ltr' id='par_1_108' title="bbox 2128 4511 3729 4585">
     <span class='ocr_line' id='line_1_108' title="bbox 2128 4511 3729 4585; baseline -0.004 -13"><span class='ocrx_word' id='word_1_847' title='bbox 2128 4519 2310 4572; x_wconf 86' lang='lat' dir='ltr'>centis</span> <span class='ocrx_word' id='word_1_848' title='bbox 2328 4517 2459 4585; x_wconf 81' lang='lat' dir='ltr'>ﬁdei</span> <span class='ocrx_word' id='word_1_849' title='bbox 2513 4520 2730 4582; x_wconf 63' lang='lat' dir='ltr'>vestrae,</span> <span class='ocrx_word' id='word_1_850' title='bbox 2779 4514 2834 4568; x_wconf 94' lang='lat' dir='ltr'>id</span> <span class='ocrx_word' id='word_1_851' title='bbox 2877 4521 2976 4580; x_wconf 87' lang='lat' dir='ltr'>est,</span> <span class='ocrx_word' id='word_1_852' title='bbox 3029 4530 3125 4583; x_wconf 89' lang='lat' dir='ltr'>per</span> <span class='ocrx_word' id='word_1_853' title='bbox 3183 4520 3520 4569; x_wconf 90' lang='lat' dir='ltr'>crescentem</span> <span class='ocrx_word' id='word_1_854' title='bbox 3565 4511 3729 4567; x_wconf 88' lang='lat' dir='ltr'>fidem</span> 
     </span>
    </p>
   </div>
   <div class='ocr_carea' id='block_1_109' title="bbox 2129 4599 3732 4676">
    <p class='ocr_par' dir='ltr' id='par_1_109' title="bbox 2129 4599 3732 4676">
     <span class='ocr_line' id='line_1_109' title="bbox 2129 4599 3732 4676; baseline -0.004 -16"><span class='ocrx_word' id='word_1_855' title='bbox 2129 4613 2363 4660; x_wconf 88' lang='lat' dir='ltr'>vestram</span> <span class='ocrx_word' id='word_1_856' title='bbox 2390 4605 2752 4676; x_wconf 85' lang='lat' dir='ltr'>magniﬁcari</span> <span class='ocrx_word' id='word_1_857' title='bbox 2772 4605 2833 4658; x_wconf 86' lang='lat' dir='ltr'>in</span> <span class='ocrx_word' id='word_1_858' title='bbox 2867 4602 3013 4658; x_wconf 87' lang='lat' dir='ltr'>vobis</span> <span class='ocrx_word' id='word_1_859' title='bbox 3044 4622 3062 4657; x_wconf 91' lang='lat'>:</span> <span class='ocrx_word' id='word_1_860' title='bbox 3084 4602 3201 4657; x_wconf 87' lang='lat' dir='ltr'>viso</span> <span class='ocrx_word' id='word_1_861' title='bbox 3234 4601 3377 4657; x_wconf 87' lang='lat' dir='ltr'>enim</span> <span class='ocrx_word' id='word_1_862' title='bbox 3399 4600 3574 4656; x_wconf 87' lang='lat' dir='ltr'>fructu</span> <span class='ocrx_word' id='word_1_863' title='bbox 3604 4599 3732 4655; x_wconf 86' lang='lat' dir='ltr'>fidei</span> 
     </span>
    </p>
   </div>
   <div class='ocr_carea' id='block_1_110' title="bbox 2128 4687 3733 4765">
    <p class='ocr_par' dir='ltr' id='par_1_110' title="bbox 2128 4687 3733 4765">
     <span class='ocr_line' id='line_1_110' title="bbox 2128 4687 3733 4765; baseline -0.002 -18"><span class='ocrx_word' id='word_1_864' title='bbox 2128 4701 2321 4749; x_wconf 68' lang='lat' dir='ltr'>vestrae</span> <span class='ocrx_word' id='word_1_865' title='bbox 2352 4693 2562 4748; x_wconf 90' lang='lat' dir='ltr'>dicetur</span> <span class='ocrx_word' id='word_1_866' title='bbox 2595 4709 2607 4747; x_wconf 74' lang='grc' dir='ltr'>ε</span> <span class='ocrx_word' id='word_1_867' title='bbox 2638 4694 2867 4765; x_wconf 84' lang='lat' dir='ltr'>Magnus</span> <span class='ocrx_word' id='word_1_868' title='bbox 2896 4699 2977 4747; x_wconf 90' lang='lat' dir='ltr'>est</span> <span class='ocrx_word' id='word_1_869' title='bbox 3005 4691 3197 4746; x_wconf 90' lang='lat' dir='ltr'>doctor</span> <span class='ocrx_word' id='word_1_870' title='bbox 3228 4697 3281 4745; x_wconf 92' lang='lat' dir='ltr'>et</span> <span class='ocrx_word' id='word_1_871' title='bbox 3307 4689 3583 4744; x_wconf 90' lang='lat' dir='ltr'>institutor</span> <span class='ocrx_word' id='word_1_872' title='bbox 3603 4687 3733 4743; x_wconf 84' lang='lat' dir='ltr'>ﬁdei</span> 
     </span>
    </p>
   </div>
   <div class='ocr_carea' id='block_1_111' title="bbox 2127 4779 3733 4852">
    <p class='ocr_par' dir='ltr' id='par_1_111' title="bbox 2127 4779 3733 4852">
     <span class='ocr_line' id='line_1_111' title="bbox 2127 4779 3733 4852; baseline -0.002 -15"><span class='ocrx_word' id='word_1_873' title='bbox 2127 4782 2305 4851; x_wconf 86' lang='lat' dir='ltr'>hujus.</span> <span class='ocrx_word' id='word_1_874' title='bbox 2340 4783 2689 4852; x_wconf 82' lang='lat' dir='ltr'>Magniﬁcari</span> <span class='ocrx_word' id='word_1_875' title='bbox 2712 4781 2834 4836; x_wconf 91' lang='lat' dir='ltr'>dico</span> <span class='ocrx_word' id='word_1_876' title='bbox 2863 4782 2926 4835; x_wconf 87' lang='lat' dir='ltr'>in</span> <span class='ocrx_word' id='word_1_877' title='bbox 2966 4780 3113 4837; x_wconf 86' lang='lat' dir='ltr'>vobis</span> <span class='ocrx_word' id='word_1_878' title='bbox 3143 4779 3453 4835; x_wconf 87' lang='lat' dir='ltr'>secundum</span> <span class='ocrx_word' id='word_1_879' title='bbox 3474 4779 3733 4849; x_wconf 87' lang='lat' dir='ltr'>regulam</span> 
     </span>
    </p>
   </div>
   <div class='ocr_carea' id='block_1_112' title="bbox 2126 4865 3734 4939">
    <p class='ocr_par' dir='ltr' id='par_1_112' title="bbox 2126 4865 3734 4939">
     <span class='ocr_line' id='line_1_112' title="bbox 2126 4865 3734 4939; baseline -0.004 -13"><span class='ocrx_word' id='word_1_880' title='bbox 2126 4875 2400 4937; x_wconf 88' lang='lat' dir='ltr'>nostram,</span> <span class='ocrx_word' id='word_1_881' title='bbox 2464 4870 2517 4925; x_wconf 88' lang='lat' dir='ltr'>id</span> <span class='ocrx_word' id='word_1_882' title='bbox 2566 4878 2665 4939; x_wconf 90' lang='lat' dir='ltr'>est,</span> <span class='ocrx_word' id='word_1_883' title='bbox 2729 4868 3025 4925; x_wconf 90' lang='lat' dir='ltr'>secundum</span> <span class='ocrx_word' id='word_1_884' title='bbox 3082 4868 3187 4923; x_wconf 91' lang='lat' dir='ltr'>hoc</span> <span class='ocrx_word' id='word_1_885' title='bbox 3245 4867 3391 4939; x_wconf 90' lang='lat' dir='ltr'>quod</span> <span class='ocrx_word' id='word_1_886' title='bbox 3461 4882 3526 4921; x_wconf 89' lang='lat' dir='ltr'>ex</span> <span class='ocrx_word' id='word_1_887' title='bbox 3583 4865 3734 4920; x_wconf 91' lang='lat' dir='ltr'>omni</span> 
     </span>
    </p>
   </div>
   <div class='ocr_carea' id='block_1_113' title="bbox 2126 4952 3730 5030">
    <p class='ocr_par' dir='ltr' id='par_1_113' title="bbox 2126 4952 3730 5030">
     <span class='ocr_line' id='line_1_113' title="bbox 2126 4952 3730 5030; baseline -0.005 -15"><span class='ocrx_word' id='word_1_888' title='bbox 2126 4960 2376 5030; x_wconf 86' lang='lat' dir='ltr'>aequitate</span> <span class='ocrx_word' id='word_1_889' title='bbox 2424 4958 2796 5030; x_wconf 84' lang='lat' dir='ltr'>regulavimus</span> <span class='ocrx_word' id='word_1_890' title='bbox 2844 4957 3007 5013; x_wconf 90' lang='lat' dir='ltr'>vitam</span> <span class='ocrx_word' id='word_1_891' title='bbox 3055 4963 3313 5023; x_wconf 85' lang='lat' dir='ltr'>vestram,</span> <span class='ocrx_word' id='word_1_892' title='bbox 3348 4952 3730 5025; x_wconf 83' lang='lat' dir='ltr'>magniﬁcabi-</span> 
     </span>
    </p>
   </div>
   <div class='ocr_carea' id='block_1_114' title="bbox 2125 5042 3731 5117">
    <p class='ocr_par' dir='ltr' id='par_1_114' title="bbox 2125 5042 3731 5117">
     <span class='ocr_line' id='line_1_114' title="bbox 2125 5042 3731 5117; baseline -0.002 -15"><span class='ocrx_word' id='word_1_893' title='bbox 2125 5064 2247 5103; x_wconf 90' lang='lat' dir='ltr'>mur</span> <span class='ocrx_word' id='word_1_894' title='bbox 2274 5048 2330 5102; x_wconf 92' lang='lat' dir='ltr'>in</span> <span class='ocrx_word' id='word_1_895' title='bbox 2384 5047 2559 5103; x_wconf 90' lang='lat' dir='ltr'>vobis.</span> <span class='ocrx_word' id='word_1_896' title='bbox 2617 5047 2783 5117; x_wconf 91' lang='lat' dir='ltr'>Spem</span> <span class='ocrx_word' id='word_1_897' title='bbox 2811 5047 2987 5101; x_wconf 86' lang='lat' dir='ltr'>etiam</span> <span class='ocrx_word' id='word_1_898' title='bbox 3027 5045 3293 5100; x_wconf 87' lang='lat' dir='ltr'>habentes</span> <span class='ocrx_word' id='word_1_899' title='bbox 3350 5042 3731 5115; x_wconf 88' lang='lat' dir='ltr'>evangelizare</span> 
     </span>
    </p>
   </div>
   <div class='ocr_carea' id='block_1_115' title="bbox 2124 5131 3734 5208">
    <p class='ocr_par' dir='ltr' id='par_1_115' title="bbox 2124 5131 3734 5208">
     <span class='ocr_line' id='line_1_115' title="bbox 2124 5131 3734 5208; baseline -0.004 -16"><span class='ocrx_word' id='word_1_900' title='bbox 2124 5138 2189 5193; x_wconf 90' lang='lat' dir='ltr'>in</span> <span class='ocrx_word' id='word_1_901' title='bbox 2208 5138 2313 5193; x_wconf 85' lang='lat' dir='ltr'>illa</span> <span class='ocrx_word' id='word_1_902' title='bbox 2333 5136 2452 5191; x_wconf 89' lang='lat' dir='ltr'>loca</span> <span class='ocrx_word' id='word_1_903' title='bbox 2469 5152 2590 5208; x_wconf 72' lang='lat' dir='ltr'>qua:</span> <span class='ocrx_word' id='word_1_904' title='bbox 2610 5136 2767 5190; x_wconf 89' lang='lat' dir='ltr'>ultra</span> <span class='ocrx_word' id='word_1_905' title='bbox 2788 5151 2903 5190; x_wconf 87' lang='lat' dir='ltr'>non</span> <span class='ocrx_word' id='word_1_906' title='bbox 2920 5138 3077 5201; x_wconf 86' lang='lat' dir='ltr'>sunt;</span> <span class='ocrx_word' id='word_1_907' title='bbox 3094 5141 3145 5188; x_wconf 89' lang='lat' dir='ltr'>et</span> <span class='ocrx_word' id='word_1_908' title='bbox 3162 5135 3267 5188; x_wconf 93' lang='lat' dir='ltr'>hoc</span> <span class='ocrx_word' id='word_1_909' title='bbox 3281 5133 3343 5187; x_wconf 88' lang='lat' dir='ltr'>in</span> <span class='ocrx_word' id='word_1_910' title='bbox 3357 5131 3734 5187; x_wconf 80' lang='lat' dir='ltr'>abundantia.</span> 
     </span>
    </p>
   </div>
   <div class='ocr_carea' id='block_1_116' title="bbox 2126 5220 3732 5296">
    <p class='ocr_par' dir='ltr' id='par_1_116' title="bbox 2126 5220 3732 5296">
     <span class='ocr_line' id='line_1_116' title="bbox 2126 5220 3732 5296; baseline -0.003 -16"><span class='ocrx_word' id='word_1_911' title='bbox 2126 5228 2185 5280; x_wconf 91' lang='lat' dir='ltr'>In</span> <span class='ocrx_word' id='word_1_912' title='bbox 2213 5224 2394 5280; x_wconf 91' lang='lat' dir='ltr'>multis</span> <span class='ocrx_word' id='word_1_913' title='bbox 2424 5224 2567 5279; x_wconf 90' lang='lat' dir='ltr'>enim</span> <span class='ocrx_word' id='word_1_914' title='bbox 2598 5223 2733 5279; x_wconf 92' lang='lat' dir='ltr'>locis</span> <span class='ocrx_word' id='word_1_915' title='bbox 2764 5222 3171 5296; x_wconf 86' lang='lat' dir='ltr'>evangelizabo.</span> <span class='ocrx_word' id='word_1_916' title='bbox 3208 5220 3306 5278; x_wconf 92' lang='lat' dir='ltr'>Vel</span> <span class='ocrx_word' id='word_1_917' title='bbox 3341 5221 3732 5291; x_wconf 77' lang='lat' dir='ltr'>evangeliz-are</span> 
     </span>
    </p>
   </div>
   <div class='ocr_carea' id='block_1_117' title="bbox 2125 5308 3733 5386">
    <p class='ocr_par' dir='ltr' id='par_1_117' title="bbox 2125 5308 3733 5386">
     <span class='ocr_line' id='line_1_117' title="bbox 2125 5308 3733 5386; baseline -0.004 -17"><span class='ocrx_word' id='word_1_918' title='bbox 2125 5315 2179 5369; x_wconf 92' lang='lat' dir='ltr'>in</span> <span class='ocrx_word' id='word_1_919' title='bbox 2210 5313 2540 5369; x_wconf 89' lang='lat' dir='ltr'>abundantia</span> <span class='ocrx_word' id='word_1_920' title='bbox 2570 5312 2852 5386; x_wconf 87' lang='lat' dir='ltr'>signorum</span> <span class='ocrx_word' id='word_1_921' title='bbox 2883 5320 2934 5367; x_wconf 89' lang='lat' dir='ltr'>et</span> <span class='ocrx_word' id='word_1_922' title='bbox 2964 5310 3267 5366; x_wconf 88' lang='lat' dir='ltr'>sermonis:</span> <span class='ocrx_word' id='word_1_923' title='bbox 3305 5316 3358 5364; x_wconf 89' lang='lat' dir='ltr'>et</span> <span class='ocrx_word' id='word_1_924' title='bbox 3385 5325 3501 5365; x_wconf 91' lang='lat' dir='ltr'>non</span> <span class='ocrx_word' id='word_1_925' title='bbox 3517 5308 3733 5363; x_wconf 88' lang='lat' dir='ltr'>haben-</span> 
     </span>
    </p>
   </div>
   <div class='ocr_carea' id='block_1_118' title="bbox 2126 5395 3724 5475">
    <p class='ocr_par' dir='ltr' id='par_1_118' title="bbox 2126 5395 3724 5475">
     <span class='ocr_line' id='line_1_118' title="bbox 2126 5395 3724 5475; baseline -0.005 -17"><span class='ocrx_word' id='word_1_926' title='bbox 2126 5412 2206 5459; x_wconf 91' lang='lat' dir='ltr'>tes</span> <span class='ocrx_word' id='word_1_927' title='bbox 2230 5419 2385 5474; x_wconf 89' lang='lat' dir='ltr'>spem</span> <span class='ocrx_word' id='word_1_928' title='bbox 2414 5402 2635 5475; x_wconf 89' lang='lat' dir='ltr'>gloriari</span> <span class='ocrx_word' id='word_1_929' title='bbox 2672 5401 2735 5457; x_wconf 84' lang='lat' dir='ltr'>in</span> <span class='ocrx_word' id='word_1_930' title='bbox 2767 5403 2960 5458; x_wconf 90' lang='lat' dir='ltr'>aliena</span> <span class='ocrx_word' id='word_1_931' title='bbox 2991 5400 3207 5471; x_wconf 87' lang='lat' dir='ltr'>regula,</span> <span class='ocrx_word' id='word_1_932' title='bbox 3240 5398 3297 5454; x_wconf 89' lang='lat' dir='ltr'>id</span> <span class='ocrx_word' id='word_1_933' title='bbox 3333 5406 3433 5467; x_wconf 88' lang='lat' dir='ltr'>est,</span> <span class='ocrx_word' id='word_1_934' title='bbox 3456 5396 3512 5452; x_wconf 88' lang='lat' dir='ltr'>in</span> <span class='ocrx_word' id='word_1_935' title='bbox 3546 5395 3724 5452; x_wconf 88' lang='lat' dir='ltr'>alieno</span> 
     </span>
    </p>
   </div>
  </div>
