3960 6050
246 213 357 267 265

852 218 1230 277 EXPOSITIO
1270 222 1343 278 IN
1380 221 1755 278 EPISTOLAS
1795 224 2024 280 PAULI.
2071 258 2140 268 —
2182 230 2253 286 IN
2290 231 2505 287 EPIST.
2547 232 2594 286 ΙΙ
2632 232 2726 287 ΑΙ)
2766 230 2926 287 COR.

3438 235 3545 291 266

252 336 557 427 regimine:
589 338 813 407 scilicet,
836 344 901 397 in
922 345 1008 399 his
1029 344 1165 401 locis
1186 364 1307 418 qua:
1325 352 1673 419 praeparata,
1698 348 1753 402 id
1777 352 1931 409 estA
1968 373 1990 401 ι
2021 353 2287 423 plurimis,
2346 356 2401 409 in
2447 356 2759 412 carceribus
2808 355 3185 423 abundantius,
3257 355 3310 409 in
3364 355 3544 427 plagis

254 426 627 497 evangelizata
654 434 792 484 sunt
814 432 884 485 ab
906 433 1023 486 aliis
1046 435 1329 503 apostolis.
1358 438 1474 509 Ego
1496 436 1623 490 nolo
1645 438 1847 506 gloria-

252 514 309 567 ri
337 515 399 567 in
420 515 613 570 aliena
635 520 849 588 regula.
889 520 1145 576 Similiter
1172 531 1352 577 autem
1384 525 1698 596 quicunque
1728 525 1850 595 glo-

250 603 463 668 riatur,
496 603 676 658 videat
705 614 762 660 ut
787 609 1063 678 glorietur
1091 612 1154 664 in
1194 613 1451 678 Domino,
1499 620 1849 668 mensurante

253 689 360 744 sibi
397 706 409 744 :
440 708 542 747 nec
573 700 778 749 temere
812 696 914 749 sibi
943 706 1187 769 usurpet,
1223 701 1368 771 quod
1391 702 1537 755 Deus
1567 702 1658 755 alii
1689 717 1849 755 men-

254 786 473 835 suravit.
508 780 740 835 Omnem
761 785 947 855 utique
971 786 1295 857 gloriantem
1316 796 1528 859 oportet
1547 788 1772 861 gloriari
1794 789 1851 843 in

248 882 513 922 mensura
542 870 776 926 Domini.
807 873 927 928 Non
968 877 1123 929 enim
1164 876 1255 930 ille
1298 878 1391 948 qui
1426 880 1673 949 seipsum
1707 894 1851 933 com-

250 957 508 1022 mendat,
550 957 604 1011 id
635 966 738 1023 est,
776 962 868 1031 qui
899 978 956 1017 se
986 964 1104 1018 sine
1132 965 1246 1019 Deo
1272 965 1500 1019 alterius
1529 966 1730 1037 ingerit
1760 983 1848 1021 re-

249 1043 466 1116 gimini,
501 1053 557 1098 ut
589 1048 816 1116 pseudo,
852 1050 955 1106 ille
986 1051 1173 1122 utique
1222 1068 1333 1108 non
1384 1061 1467 1108 est
1511 1055 1849 1125 approbata:

242 1148 275 1186 a
298 1132 435 1201 Deo,
465 1134 561 1190 sed
590 1135 691 1190 ille
718 1154 880 1208 quem
928 1141 1307 1209 commendat,
1342 1148 1396 1197 et
1424 1142 1513 1198 cui
1568 1143 1848 1214 propriam

246 1236 563 1276 mensuram
594 1222 885 1281 distribuit.

876 1333 1101 1389 CAPUT
1138 1335 1237 1389 XI.

326 1437 348 1467 ι
389 1416 599 1474 Utinam
650 1419 990 1475 sustineretis
1033 1423 1309 1479 modicum
1359 1424 1489 1495 quid
1516 1423 1843 1494 insipientia

249 1526 272 1555 α
310 1521 469 1571 mea,
524 1508 622 1562 sed
661 1516 714 1562 et
762 1517 1081 1579 supportate
1128 1528 1242 1566 me.
1300 1512 1545 1567 Emulor
1575 1514 1718 1567 enim
1749 1529 1847 1568 vos

248 1616 271 1639 α
312 1594 417 1648 Dei
446 1596 807 1652 amulatione.
854 1598 1133 1668 Despondi
1164 1600 1307 1654 enim
1338 1617 1436 1655 vos
1467 1601 1561 1655 uni
1590 1601 1708 1656 viro
1738 1601 1849 1657 vir-

1954 469 1980 500 α
2018 460 2176 515 supra
2207 446 2445 511 modum,
2479 446 2533 499 in
2581 445 2847 499 mortibus
2894 444 3230 515 frequenter.
3266 446 3311 497 Α
3340 444 3544 498 Judais

1952 558 1974 584 α
2012 535 2300 607 quinquies
2349 534 2729 606 quadragenas
2778 550 2883 587 una
2947 533 3127 587 minus
3184 532 3391 602 accepi.
3440 533 3547 587 Ter

1954 644 1977 675 ι
2012 624 2180 694 virgis
2210 639 2384 679 casus
2414 638 2551 676 sum.
2589 622 2767 677 Semel
2812 621 3073 692 lapidatus
3105 637 3244 675 sum.
3280 621 3386 674 Ter
3412 636 3546 673 nau-

1952 734 1974 762 α
2012 713 2243 784 fragium
2275 710 2397 765 feci.
2431 710 2602 765 Nocte
2634 718 2685 765 et
2729 709 2817 763 die
2846 710 2900 763 in
2948 709 3219 779 profundo
3248 708 3416 761 maris
3448 707 3545 774 fui,

1951 824 1973 853 ι
2008 804 2063 855 in
2094 799 2373 853 itineribus
2406 814 2570 868 sape,
2624 797 2883 867 periculis
2932 797 3229 862 fluminum,
3286 796 3546 866 periculis

1958 912 1979 940 ι
2020 889 2312 952 latronum,
2349 885 2604 957 periculis
2657 902 2720 940 ex
2752 902 2978 957 genere,
3025 885 3282 955 periculis
3310 900 3375 939 ex
3402 901 3545 957 gen-

1954 1001 1975 1027 .
2005 978 2169 1041 tibus,
2202 975 2459 1045 periculis
2490 974 2542 1027 in
2574 974 2811 1039 civitate,
2862 973 3115 1044 periculis
3145 973 3199 1026 in
3230 972 3542 1039 solitudine,

1953 1089 1973 1113 α
2008 1064 2268 1136 periculis
2296 1063 2350 1116 in
2381 1062 2539 1128 mari,
2565 1060 2820 1132 periculis
2850 1060 3086 1117 192
3109 1062 3162 1115 in
3185 1060 3341 1116 falsis
3366 1059 3546 1114 fratri-

1952 1177 1973 1202 α
2011 1154 2111 1207 bus
2144 1169 2158 1206 :
2190 1152 2246 1205 in
2299 1150 2487 1205 labore
2533 1158 2587 1205 et
2626 1165 2883 1217 arumna,
2943 1150 2998 1203 in
3025 1148 3225 1221 vigiliis
3253 1148 3458 1216 multis,
3491 1148 3547 1202 in

1953 1265 1975 1293 ι
2009 1242 2153 1297 fame
2192 1248 2243 1295 et
2274 1239 2376 1304 siti,
2410 1239 2465 1292 in
2490 1238 2709 1307 jejuniis
2738 1238 2941 1305 multis,
2993 1238 3050 1291 in
3097 1238 3304 1308 frigore
3337 1246 3390 1293 et
3436 1254 3543 1292 nu-

1952 1354 1973 1378 ..
2010 1330 2177 1385 ditate
2212 1346 2223 1382 :
2257 1334 2457 1399 prater
2489 1327 2583 1381 illa
2623 1343 2743 1398 qua
2790 1326 3129 1382 extrinsecus
3151 1333 3294 1392 sunt,
3328 1326 3543 1381 instan-

1951 1440 1975 1470 ι
2010 1418 2081 1472 tia
2110 1432 2230 1472 mea
2261 1414 2592 1487 quotidiana,
2647 1414 2955 1470 sollicitudo
2992 1414 3233 1468 omnium
3280 1412 3545 1469 ecclesia-

1951 1531 1972 1555 (ι
2008 1522 2149 1560 rum.
2185 1504 2318 1573 Quis
2352 1502 2670 1569 inﬁrmatur,
2712 1511 2765 1557 et
2815 1519 2919 1575 ego
2947 1518 3057 1558 non
3085 1502 3377 1557 inﬁrmor?
3408 1501 3545 1569 Quis

1955 1620 1975 1643 α
2017 1593 2434 1658 scandalizatur,
2469 1601 2522 1646 et
2552 1606 2658 1664 ego
2686 1607 2797 1646 non
2824 1606 2957 1646 uror
2978 1592 3005 1646 ?
3037 1591 3092 1646 Si
3122 1590 3346 1662 gloriari
3375 1605 3545 1661 opor-

250 1699 272 1730 ι
304 1682 493 1752 ginem
524 1692 728 1739 castam
766 1686 1025 1742 exhibere
1058 1688 1291 1742 Christo,
1326 1689 1514 1744 Timeo
1543 1698 1721 1743 autem
1751 1706 1837 1755 ne,
1862 1705 1915 1765 Β
1954 1704 1976 1734 α
2007 1690 2103 1747 tet,
2135 1698 2255 1753 qua
2284 1680 2609 1735 inﬁrmitatis
2658 1696 2795 1735 mea
2825 1687 2967 1749 sunt,
3001 1679 3301 1750 gloriabor.
3328 1680 3474 1733 Deus
3492 1685 3548 1733 et

245 1789 274 1816 σι
301 1770 446 1825 sicut
466 1788 688 1842 serpens
708 1774 876 1828 Evam
892 1775 1109 1829 seduxit
1132 1776 1328 1830 astutia
1354 1778 1626 1847 sua(Gen.
1650 1793 1730 1832 Ill.
1764 1780 1839 1847 4),

244 1879 265 1907 ε
306 1858 378 1912 ita
439 1870 858 1932 corrumpantur
914 1878 1108 1917 sensus
1168 1865 1354 1933 vestri,
1419 1874 1471 1920 et
1517 1866 1768 1921 excidant
1814 1882 1845 1919 a

243 1968 266 1997 ι
304 1947 651 2019 simplicitate
700 1966 821 2021 qua
869 1959 951 2005 est
1001 1951 1057 2005 in
1098 1952 1312 2008 Christo
1350 1952 1499 2008 Jesu.
1551 1955 1691 2009 Nam
1723 1954 1768 2007 si
1797 1954 1843 2009 is

252 2053 273 2085 ι
305 2036 402 2106 qui
435 2037 601 2102 venit,
664 2037 827 2092 alium
883 2039 1155 2094 Christum
1202 2041 1484 2111 pradicet,
1527 2058 1689 2113 quem
1734 2057 1844 2097 non

243 2144 267 2173 α
304 2124 743 2195 pradicavimus,
784 2134 877 2181 aut
908 2128 1073 2183 alium
1106 2130 1357 2199 spiritum
1384 2129 1647 2199 accipitis,
1680 2146 1843 2203 quem

244 2233 267 2261 ι
307 2228 420 2268 non
452 2214 759 2285 accepistis,
809 2224 902 2270 aut
951 2216 1100 2271 aliud
1130 2218 1506 2290 Evangelium,
1558 2219 1705 2289 quod
1734 2234 1845 2275 non

243 2322 266 2347 ε
304 2302 613 2373 recepistis,
647 2311 803 2359 recte
850 2304 1192 2374 pateremini.
1228 2306 1491 2361 Existimo
1534 2308 1678 2362 enim
1708 2306 1842 2362 nihil

247 2413 269 2437 σι
306 2405 398 2444 me
447 2390 629 2446 minus
673 2391 871 2447 fecisse
904 2407 936 2447 a
966 2394 1180 2465 magnis
1226 2394 1504 2465 apostolis.
1554 2396 1694 2450 Nam
1742 2395 1844 2450 etsi

243 2502 267 2525 ι
302 2478 592 2549 imperitus
626 2496 900 2547 sermone,
934 2482 1032 2536 sed
1080 2497 1187 2537 non
1229 2482 1472 2549 scientia,
1506 2483 1562 2537 in
1590 2484 1843 2538 omnibus

245 2589 267 2612 ιι
305 2575 493 2622 autem
541 2567 859 2623 manifestus
907 2586 1027 2624 sum
1076 2570 1251 2625 vobis.
1302 2574 1407 2626 Aut
1436 2571 1681 2643 nunquid
1710 2588 1842 2643 pec-

247 2676 269 2704 ι
308 2664 495 2711 catum
526 2656 651 2722 feci,
704 2658 971 2728 meipsum
1010 2658 1320 2725 humilians,
1354 2667 1409 2714 ut
1441 2676 1540 2715 vos
1569 2660 1843 2715 exaltemi-

246 2764 268 2793 ι
304 2743 413 2797 ni?
445 2744 715 2812 Quoniam
749 2745 921 2817 gratis
952 2747 1312 2817 Evangelium
1343 2748 1441 2803 Dei
1471 2748 1843 2820 evangelizavi

239 2850 267 2883 α
298 2832 479 2887 vobis.
522 2833 672 2888 Alias
720 2834 996 2889 Ecclesias
1049 2835 1366 2906 exspoliavi,
1433 2836 1709 2908 accipiens
1744 2837 1842 2892 sti-

240 2941 264 2971 ‹
298 2920 560 2991 pendium
592 2923 662 2977 ad
707 2922 1067 2977 ministerium
1111 2931 1373 2991 vestrum,
1426 2932 1478 2980 et
1510 2941 1633 2981 cum
1665 2942 1842 2981 essem

247 3027 267 3059 σ
298 3010 445 3079 apud
475 3026 573 3065 vos
603 3018 656 3065 et
685 3027 927 3083 egerem,
962 3011 1091 3066 nulli
1123 3028 1389 3067 onerosus
1418 3013 1511 3069 fui.
1538 3014 1677 3068 Nam
1698 3014 1841 3085 quod

242 3116 262 3146 ι
299 3098 437 3151 mihi
467 3098 675 3169 deerat,
709 3100 1093 3170 suppleverunt
1142 3100 1341 3156 fratres
1387 3102 1479 3172 qui
1522 3111 1782 3157 venerunt
1815 3118 1847 3156 a

244 3207 266 3231 ο
301 3187 645 3253 Macedonia,
703 3196 756 3243 et
804 3188 859 3242 in
909 3188 1162 3243 omnibus
1212 3189 1328 3244 sine
1374 3206 1541 3245 onere
1572 3207 1659 3245 me
1687 3191 1844 3246 vobis

241 3296 264 3320 ι
302 3275 540 3341 servavi,
595 3284 648 3330 et
700 3277 955 3331 servabo.
1005 3279 1103 3332 Est
1152 3278 1355 3333 veritas
1408 3279 1603 3333 Christi
1650 3280 1704 3333 in
1736 3295 1841 3345 me,

244 3386 267 3412 ι
304 3363 562 3433 quoniam
613 3365 733 3420 hac
788 3365 967 3437 gloria
1015 3382 1121 3420 non
1172 3366 1498 3439 infringetur
1545 3367 1600 3421 in
1645 3383 1752 3435 me,
1788 3368 1844 3421 in

244 3473 267 3501 ι
304 3452 627 3524 regionibus
659 3454 893 3509 Achaia.
936 3453 1120 3523 Quare
1141 3456 1169 3509 ?
1200 3455 1340 3522 Quia
1361 3472 1469 3510 non
1498 3455 1667 3526 diligo
1696 3471 1795 3511 vos
1816 3457 1844 3511 ?

241 3562 265 3592 ι
301 3542 452 3595 Deus
493 3541 615 3596 scit.
650 3540 809 3610 Quod
840 3550 1023 3597 autem
1054 3541 1194 3597 facio
1225 3551 1276 3599 et
1313 3542 1528 3609 faciam,
1563 3552 1617 3598 ut
1648 3560 1842 3614 ampu-

243 3652 266 3676 ιι
300 3638 413 3683 tem
469 3629 814 3685 occasionem
861 3646 1049 3685 eorum
1107 3631 1198 3701 qui
1241 3631 1427 3686 volunt
1474 3632 1840 3702 occasionem,

244 3743 267 3765 -
300 3726 361 3772 ut
390 3717 446 3771 in
474 3734 581 3789 quo
610 3718 926 3791 gloriantur,
953 3719 1298 3774 inveniantur
1320 3720 1456 3775 sicut
1478 3728 1530 3775 et
1559 3736 1678 3775 nos.
1702 3722 1839 3776 Nam

241 3830 265 3852 α
302 3807 573 3875 ejusmodi
628 3807 1075 3878 pseudoapostoli
1133 3815 1257 3863 sunt
1313 3808 1548 3879 operarii
1604 3809 1839 3877 subdoli,

241 3918 264 3941 ιι
301 3894 755 3965 transfigurantes
800 3911 859 3950 se
905 3895 960 3948 in
1013 3896 1291 3966 apostolos
1338 3896 1552 3951 Christi.
1611 3898 1681 3951 Et
1732 3913 1842 3951 non

240 4004 264 4033 ι
301 3983 523 4036 mirum.
560 3984 681 4053 Ipse
711 3984 859 4038 enim
908 3984 1142 4039 Satanas
1191 3984 1544 4057 transﬁgurat
1573 4001 1631 4039 se
1660 3985 1716 4039 in
1745 4001 1841 4039 an-

242 4094 264 4118 a
302 4072 491 4142 gelum
539 4070 697 4127 lucis.
751 4072 873 4127 Non
918 4081 1000 4127 est
1053 4089 1185 4145 ergo
1232 4089 1494 4146 magnum
1534 4074 1579 4127 si
1609 4073 1841 4127 ministri

242 4182 265 4207 ιι
299 4160 421 4228 ejus
462 4159 922 4231 transﬁgurentur
954 4160 1102 4217 velut
1129 4162 1361 4217 ministri
1402 4162 1625 4231 justitia
1659 4182 1673 4229 ;
1706 4178 1840 4234 quo—

242 4269 266 4298 ‹
302 4264 429 4302 rum
459 4247 584 4303 ﬁnis
628 4249 729 4305 erit
780 4250 1081 4306 secundum
1129 4266 1296 4321 opera
1346 4250 1611 4321 ipsorum.
1644 4252 1838 4306 Iterum

246 4359 269 4380 υ
308 4336 436 4391 dico
470 4353 483 4392 :
516 4352 586 4391 ne
617 4337 738 4409 quis
786 4346 939 4409 putet
985 4354 1054 4393 ne
1102 4337 1446 4409 insipientem
1490 4355 1631 4394 esse.
1684 4338 1836 4393 Alio-

241 4446 263 4470 -
301 4424 433 4497 quin
463 4424 611 4480 velut
638 4425 985 4497 insipientem
1015 4426 1244 4497 accipite
1274 4443 1382 4493 me,
1415 4435 1473 4481 ut
1502 4434 1552 4482 et
1583 4442 1686 4499 ego
1716 4442 1838 4481 mo-
1860 4409 1911 4468 Ῑ)

242 4537 264 4561 α
303 4512 487 4568 dicum
518 4514 648 4584 quid
675 4514 898 4587 glorier.
936 4514 1095 4583 Quod
1134 4514 1348 4586 loquor,
1382 4530 1491 4570 non
1521 4514 1714 4586 loquor
1746 4531 1839 4569 se-

240 4623 263 4653 ι
300 4602 539 4657 cundum
568 4603 759 4670 Deum,
808 4603 904 4658 sed
962 4603 1115 4675 quasi
1173 4604 1229 4657 in
1259 4603 1585 4674 insipientia,
1638 4603 1693 4657 in
1736 4604 1840 4659 hac

241 4715 264 4738 ι
303 4689 611 4743 substantia
658 4690 871 4761 gloria.
919 4691 1187 4760 Quoniam
1237 4691 1388 4745 multi
1418 4691 1717 4762 gloriantur
1747 4707 1839 4746 se-

239 4802 261 4825 r
301 4778 537 4833 cundum
571 4794 809 4845 carnem,
844 4787 895 4834 et
926 4796 1030 4852 ego
1074 4779 1374 4851 gloriabor.
1419 4778 1669 4833 Libenter
1697 4780 1841 4834 enim

242 4887 266 4917 ι
303 4864 545 4920 suﬁ'ertis
574 4866 910 4937 insipientes,
944 4884 1067 4922 cum
1105 4867 1221 4921 sitis
1250 4867 1353 4937 ipsi
1385 4867 1677 4937 sapientes.
1711 4867 1842 4923 Sus-

241 4980 264 5003 .
301 4954 486 5009 tinetis
546 4954 690 5009 enim
723 4955 769 5009 si
800 4956 923 5026 quis
975 4972 1073 5011 vos
1116 4956 1171 5010 in
1202 4956 1516 5010 servitutem
1548 4956 1760 5027 redigit,
1796 4956 1839 5009 si

239 5066 261 5091 ε
302 5043 424 5115 quis
455 5042 697 5107 devorat,
732 5043 778 5097 si
811 5043 933 5114 quis
964 5043 1179 5115 accipit,
1230 5044 1274 5098 si
1303 5044 1422 5115 quis
1453 5044 1744 5114 extollitur,
1796 5044 1841 5099 si

238 5152 263 5181 ι
302 5131 427 5201 quis
460 5130 516 5184 in
546 5130 738 5187 faciem
766 5147 866 5187 vos
896 5132 1075 5187 cadit.
1109 5131 1418 5188 Secundum
1449 5132 1842 5205 ignobilitatem

238 5243 259 5266 ιι
302 5219 450 5288 dico,
482 5219 637 5290 quasi
666 5236 767 5275 nos
817 5220 1016 5274 inﬁrmi
1066 5220 1326 5275 fuerimus
1355 5221 1409 5275 in
1440 5222 1543 5276 hac
1573 5229 1743 5291 parte.
1776 5222 1836 5275 In

238 5328 262 5358 ι
302 5323 412 5378 quo
445 5308 563 5377 quis
594 5309 754 5363 audet
785 5309 863 5379 (in
891 5308 1201 5379 insipientia
1228 5309 1393 5380 dico),
1422 5309 1595 5364 audeo
1626 5317 1678 5363 et
1708 5325 1831 5380 ego.

240 5416 263 5446 ι
298 5394 522 5450 Hebrai
553 5404 693 5461 sunt,
726 5404 779 5451 et
801 5412 924 5468 ego.
950 5397 1208 5453 Israelita
1230 5405 1372 5466 sunt,
1407 5404 1462 5452 et
1491 5413 1614 5469 ego.
1637 5395 1835 5453 Semen

240 5506 263 5530 ιι
301 5482 543 5538 Abraha
572 5491 714 5551 sunt,
748 5492 801 5541 et
830 5501 955 5557 ego.
984 5485 1210 5541 Ministri
1238 5484 1439 5541 Christi
1460 5493 1604 5553 sunt,
1635 5493 1688 5540 et
1706 5502 1831 5559 ego.

242 5592 266 5623 ι
304 5571 380 5628 Ut
430 5570 607 5627 minus
651 5572 867 5644 sapiens
913 5573 1057 5643 dico,
1113 5573 1236 5647 plus
1281 5589 1407 5647 ego.
1449 5575 1510 5631 In
1556 5573 1835 5632 laboribus

463 5668 703 5725 ΡΑτιιοι..
744 5669 924 5728 CLIII.

1949 1794 1970 1820 α
2008 1773 2164 1826 Pater
2190 1769 2405 1824 Domini
2438 1769 2607 1824 nostri
2652 1770 2781 1822 Jesu
2831 1767 3031 1822 Christi
3081 1767 3199 1835 scit,
3240 1775 3291 1822 et
3331 1766 3422 1838 qui
3461 1774 3546 1821 est

1946 1881 1970 1912 ι
2005 1858 2323 1914 benedictus
2355 1858 2409 1912 in
2443 1856 2668 1923 sacula,
2707 1855 2858 1927 quod
2888 1871 2996 1910 non
3017 1856 3268 1910 mentior.
3294 1854 3549 1910 Damasci

1947 1970 1969 2000 ε
2003 1947 2329 2019 prapositus
2361 1946 2538 2017 gentis
2596 1947 2778 2000 Areta
2830 1944 2979 2015 regis
3030 1943 3370 1999 custodiebat
3407 1942 3546 1998 civi-

1948 2055 1968 2088 σ
2006 2044 2173 2091 tatem
2250 2036 2737 2099 Damascenorum,
2805 2040 2863 2087 ut
2918 2049 3006 2087 me
3058 2020 3548 2102 comprehenderet

1950 2146 1971 2175 ι
2005 2125 2155 2194 (Act.
2197 2138 2277 2190 1x,
2314 2124 2427 2192 24),
2460 2129 2511 2177 et
2540 2138 2640 2192 per
2669 2120 2966 2176 fenestram
3019 2121 3075 2174 in
3126 2127 3314 2190 sporta
3355 2118 3545 2173 dimis-

1949 2234 1971 2264 ι
2007 2229 2100 2268 sus
2128 2228 2249 2267 sum
2280 2226 2381 2283 per
2428 2226 2669 2276 murum,
2708 2217 2761 2264 et
2789 2208 2867 2264 sic
2913 2207 3080 2279 effugi
3110 2223 3301 2262 manus
3331 2207 3473 2276 ejus.
3517 2230 3540 2255 ιι

2624 2383 2939 2425 ΕΧΡΟΒΙΤῙΟ.

2019 2486 2154 2542 Dico
2186 2484 2278 2558 qui
2309 2484 2596 2557 gloriatur,
2631 2483 2897 2555 glorietur
2918 2482 2973 2537 in
3003 2481 3255 2548 Domino,
3289 2489 3343 2537 et
3362 2483 3542 2538 susti-

1943 2577 2159 2631 neretis
2190 2574 2471 2631 modicum
2502 2574 2645 2646 quod
2672 2573 3021 2645 insipientia
3058 2587 3217 2639 mea,
3251 2570 3305 2625 id
3330 2578 3413 2626 est
3440 2586 3543 2642 pa-

1945 2663 2146 2719 tienter
2176 2662 2389 2718 ferretis
2422 2661 2812 2733 aliquantulum
2840 2676 2978 2715 mea
3026 2659 3387 2731 gloriationis,
3420 2674 3543 2730 qua

1945 2751 2245 2807 secundum
2276 2750 2546 2821 reprobos
2577 2748 2884 2819 insipientia
2930 2748 3141 2813 dicitur,
3176 2748 3321 2819 quod
3352 2746 3541 2819 utique

1943 2856 2129 2896 verum
2160 2839 2539 2903 concederem,
2574 2838 2617 2891 si
2648 2853 2747 2908 per
2778 2838 2880 2891 hoc
2909 2835 3143 2907 gloriam
3171 2851 3351 2891 meam
3383 2852 3538 2908 qua-

1944 2944 2144 2992 rerem,
2188 2928 2285 2982 sed
2333 2943 2433 2997 per
2481 2925 3007 2982 commendationem
3056 2925 3163 2980 mei
3210 2925 3315 2980 hoc
3364 2924 3539 2980 solum

1946 3016 2190 3083 intendo,
2233 3023 2291 3069 ut
2329 3031 2425 3071 vos
2475 3014 2543 3068 ab
2593 3029 2775 3069 errore
2818 3013 3311 3085 pseudodoctorum
3360 3020 3538 3068 retra-

1945 3105 2092 3159 ham.
2126 3103 2311 3173 Quare
2341 3103 2538 3159 dicitur
2567 3102 2787 3174 quidem
2836 3101 3161 3172 insipientia,
3196 3102 3293 3156 sed
3319 3117 3429 3156 non
3459 3107 3541 3156 est

1946 3193 2273 3264 insipientia.
2298 3192 2432 3247 Dico
2453 3190 2608 3264 quasi
2638 3191 2939 3262 postulans,
2974 3191 3203 3246 utinam
3233 3188 3541 3245 sustinere-

1943 3282 2013 3336 tis
2045 3297 2056 3334 :
2090 3297 2200 3335 non
2229 3282 2331 3335 hoc
2359 3281 2520 3335 modo
2546 3298 2559 3346 ;
2596 3281 2690 3335 sed
2711 3280 2885 3335 etiam
2907 3278 3185 3349 praecipio,
3210 3282 3541 3351 supportate

1944 3387 2052 3437 me,
2087 3386 2197 3424 non
2228 3369 2665 3424 contradicentes
2696 3368 2921 3437 imperio
2950 3382 3094 3433 meo,
3118 3375 3175 3421 ut
3196 3366 3288 3421 ﬁlii
3307 3374 3536 3438 patrem,

1944 3457 2196 3528 discipuli
2245 3457 2546 3512 doctorem.
2596 3458 2679 3511 Me
2721 3455 2907 3526 utique
2956 3462 3275 3526 supportare
3305 3455 3537 3519 debetis,

1945 3562 2039 3616 ego
2070 3546 2222 3600 enim
2272 3546 2514 3600 aemulor
2543 3561 2654 3610 vos,
2689 3544 2742 3597 id
2775 3551 2855 3599 est
2885 3543 3111 3597 ferventi
3167 3550 3316 3596 motu
3372 3542 3537 3596 animi

1943 3634 2114 3706 diligo
2147 3651 2160 3687 :
2193 3640 2245 3687 et
2274 3633 2376 3687 hoc
2416 3634 2799 3697 aemulatione,
2851 3632 2907 3685 id
2951 3639 3034 3686 est
3074 3630 3379 3699 dilectione,
3427 3645 3538 3685 non

1943 3722 2069 3788 mei,
2105 3729 2163 3777 ut
2194 3738 2296 3778 vos
2325 3720 2457 3775 mihi
2509 3720 2781 3775 ascribere
2829 3719 3012 3786 velim,
3062 3719 3159 3773 sed
3195 3716 3538 3773 amulatione

1943 3812 2042 3865 Dei
2073 3832 2090 3877 ,-
2126 3810 2252 3881 quia
2283 3809 2383 3864 Dei
2414 3808 2581 3864 solius
2618 3823 2717 3863 vos
2760 3824 2881 3862 esse
2930 3807 3073 3863 volo.
3110 3808 3365 3862 Tractum
3393 3813 3477 3861 est
3505 3820 3540 3860 a

1944 3898 2295 3953 similitudine
2326 3898 2442 3967 ejus
2489 3897 2579 3968 qui
2627 3911 2885 3967 sponsam
2930 3895 3156 3950 alterius
3203 3894 3381 3966 diligit
3427 3910 3537 3949 non

1943 3986 2044 4040 sibi
2074 3986 2208 4056 ipsi,
2242 3987 2342 4041 sed
2372 3986 2439 4040 ad
2474 3985 2757 4040 utilitatem
2791 3992 2842 4040 et
2871 3985 3132 4040 honorem
3161 3983 3347 4054 sponsi
3372 3983 3541 4038 :sicut

1938 4076 2195 4140 Joannes,
2228 4074 2445 4145 quando
2476 4090 2709 4144 sponsus
2765 4073 3046 4138 Ecclesia,
3080 4072 3133 4126 id
3165 4081 3248 4127 est
3287 4070 3535 4127 Christus

1938 4171 2083 4219 esset
2108 4170 2325 4233 putatus
2355 4162 2541 4218 dilexit
2571 4160 2898 4229 Ecclesiam,
2934 4161 2989 4216 id
3017 4169 3098 4215 est
3129 4176 3386 4231 sponsam
3425 4175 3535 4216 non

1940 4251 2064 4321 sibi,
2081 4251 2177 4306 sed
2194 4265 2395 4321 sponso
2417 4250 2629 4305 Christo
2649 4249 2839 4305 dicens
2865 4264 2876 4303 :
2896 4271 2918 4299 ι
2945 4248 3049 4317 Qui
3072 4264 3328 4319 sponsam
3348 4248 3531 4317 habet,

1939 4355 2174 4411 sponsus
2200 4346 2283 4393 est
2316 4356 2329 4405 ;
2361 4339 2566 4394 amicus
2592 4346 2770 4392 autem
2804 4337 2989 4408 sponsi
3020 4345 3122 4392 stat
3152 4345 3204 4393 et
3232 4337 3380 4392 audit
3408 4352 3536 4392 eum

1942 4430 2127 4498 (Joan.
2161 4443 2241 4496 ni,
2275 4429 2388 4497 29).
2427 4450 2450 4476 ιι
2483 4418 2773 4481 Emulatio
2803 4426 2995 4481 dicitur
3021 4433 3201 4481 motus
3231 4426 3397 4480 animi
3419 4425 3535 4481 sive

1939 4517 2010 4571 ad
2035 4516 2188 4581 iram,
2252 4515 2366 4569 sive
2421 4514 2488 4569 ad
2544 4530 2808 4570 amorem.
2869 4516 3005 4570 Vere
3049 4514 3391 4569 aemulatione
3432 4514 3535 4569 Dei

1938 4599 2166 4655 amulor
2195 4614 2293 4654 vos
2329 4614 2341 4651 :
2375 4614 2481 4670 ego
2512 4601 2665 4655 enim
2696 4599 2964 4671 despondi
2995 4616 3107 4655 vos.
3143 4600 3270 4654 Hac
3300 4600 3534 4670 despon-

1940 4689 2078 4743 satio
2107 4686 2371 4744 Ecclesia
2402 4687 2668 4757 incipiens
2690 4696 2726 4740 ‘a
2756 4687 3025 4756 baptismo
3076 4688 3235 4742 durat
3262 4702 3436 4759 usque
3464 4685 3535 4741 ad

1940 4777 2082 4832 diem
2113 4775 2532 4831 resurrectionis
2584 4774 2825 4829 omnium
2860 4792 2872 4828 :
2905 4775 2960 4828 in
2992 4791 3098 4847 quo
3144 4775 3393 4832 Ecclesia
3423 4792 3533 4831 nu-

1941 4865 2055 4935 ptui
2112 4864 2352 4919 tradetur
2407 4879 2608 4933 sponso
2666 4879 2766 4918 suo
2814 4863 3048 4931 Christo,
3082 4864 3362 4934 recipienti
3406 4872 3533 4921 tunc

1942 4968 2062 5008 eam
2093 4952 2149 5005 in
2180 4951 2519 5022 amplexibus
2556 4968 2567 5004 :
2604 4967 2763 5022 quam
2813 4966 2845 5005 a
2886 4951 3150 5021 principio
3181 4951 3306 5007 ﬁdei
3335 4953 3533 5008 subar-

1942 5041 2115 5095 rhavit
2136 5041 2337 5095 annulo
2369 5040 2600 5110 Spiritus
2639 5039 2832 5094 sancti.
2883 5040 3164 5110 Despondi
3203 5041 3388 5113 utique
3432 5058 3532 5099 vos

1942 5132 2045 5186 uni
2076 5150 2094 5196 ,-
2124 5136 2176 5183 et
2197 5128 2242 5182 si
2271 5129 2382 5198 uni,
2406 5144 2541 5199 ergo
2568 5144 2677 5183 non
2706 5128 2856 5183 mihi.
2892 5130 2957 5182 Et
2976 5128 3067 5181 uni
3096 5130 3236 5193 viro,
3259 5130 3314 5184 id
3338 5137 3421 5185 est
3441 5132 3532 5201 qui

1943 5218 2027 5274 vir
2054 5217 2331 5288 legitimus
2364 5236 2378 5283 ;
2410 5234 2518 5272 non
2552 5218 2691 5273 sicut
2721 5216 2811 5272 ille
2839 5217 2907 5271 de
2928 5233 3034 5288 quo
3066 5217 3271 5273 dictum
3302 5228 3413 5273 est:
3436 5219 3534 5273 Hic

1948 5329 1969 5353 α
2007 5322 2169 5377 quem
2198 5321 2342 5361 nunc
2371 5306 2558 5371 habes,
2593 5320 2703 5360 non
2725 5313 2806 5360 est
2828 5313 2948 5359 tuus
2968 5306 3053 5360 vir
3073 5307 3253 5375 (Joan.
3280 5308 3482 5374 iv,18).
3508 5325 3530 5356 ι

1944 5394 2227 5465 Despondi
2256 5410 2355 5451 vos
2385 5394 2476 5449 uni
2507 5392 2622 5449 viro
2654 5395 2935 5461 exhibere,
2970 5393 3025 5448 id
3052 5403 3135 5449 est
3163 5403 3221 5448 ut
3250 5393 3535 5449 exhibeam

1941 5499 2041 5540 vos
2069 5482 2147 5538 illi
2178 5482 2271 5538 uni
2300 5483 2418 5538 viro
2444 5483 2661 5539 Christo
2683 5484 2979 5553 virginem,
2998 5482 3054 5538 id
3082 5490 3165 5538 est
3191 5483 3539 5553 incorruptos

1944 5580 2067 5631 actu
2095 5570 2328 5645 peccati.
2363 5570 2643 5644 Virginem
2663 5570 2787 5629 dico
2815 5575 3035 5629 castam
3061 5571 3118 5627 id
3148 5579 3231 5629 est
3258 5579 3537 5629 carentem

3294 5674 3326 5725 9
