3960 6050
415 194 520 248 267

975 193 1030 249 8.
1072 194 1425 250 BRUNONIS
1462 192 2110 251 CARTHUSIANORUM
2148 192 2630 251 INSTITUTORJS
2669 193 2822 250 OPP.
2865 195 3039 254 PARS
3077 196 3143 251 Π.

3596 199 3701 253 268

415 323 570 381 aestu,
605 316 750 387 quod
778 333 879 372 nec
909 318 1179 374 voluntate
1224 320 1527 375 consentiat
1568 319 1853 392 iniquitati.
1885 321 2007 392 Ego
2037 322 2089 381 A
2111 334 2297 384 onere,
2330 323 2383 375 et
2415 318 2661 375 similiter
2687 321 2908 377 servabo
2940 320 3007 375 de
3036 328 3252 377 caetero.
3273 321 3339 375 Et
3360 318 3413 374 in
3434 320 3538 376 hoc
3560 320 3704 392 quod

416 403 636 475 quidem
668 405 792 461 volo
822 422 918 461 vos
950 408 1203 463 exhibere
1227 408 1441 463 Christo
1463 427 1477 473 ;
1496 410 1589 464 sed
1605 410 1771 464 timeo
1794 426 1883 474 ne,
1910 410 2011 463 sie-

415 498 483 548 ut
510 510 739 565 serpens
764 496 984 550 astutia
1012 514 1117 553 sua
1136 497 1369 553 seduxit
1406 500 1577 553 Evam
1615 499 1773 567 (Cen.
1817 513 1897 551 ιιι.
1930 496 2005 567 4),

415 584 499 637 ita
521 598 716 639 sensus
740 586 913 640 vestri
934 585 1140 640 seducti
1162 590 1609 658 corrumpantur
1627 587 1691 640 ab
1711 585 1829 640 istis
1854 602 2009 657 pseu-

416 671 506 737 do,
542 676 597 726 et
645 673 885 743 corrupti
928 674 1206 729 excidant
1238 692 1271 729 a
1304 674 1672 744 simplicitate
1704 672 1849 740 fidei,
1886 691 2007 747 qua:

415 759 732 830 simplicitas
761 766 845 817 est
876 764 937 816 in
967 762 1185 818 Christo
1215 764 1364 818 Jesu.
1388 762 1545 816 Fides
1568 762 1710 817 enim
1733 762 1926 817 Christi
1950 762 2006 817 in

414 848 757 918 simplicitate
788 851 1052 920 consistit,
1086 866 1195 906 non
1223 851 1278 905 in
1322 858 1543 905 versuta
1573 850 1884 923 duplicitate
1914 850 2004 905 in-

410 933 703 1007 ﬁdelitatis,

483 1025 653 1080 Valde
698 1026 1003 1081 Corinthios
1056 1026 1329 1097 deprimit,
1389 1028 1519 1082 dum
1576 1043 1671 1083 eos
1729 1036 2003 1099 comparat

409 1114 559 1181 Even,
594 1115 846 1170 doctores
877 1132 1003 1170 vero
1035 1132 1223 1170 eorum
1244 1126 1515 1172 venenato
1538 1117 1789 1187 serpenti.
1813 1118 2001 1172 Timeo

409 1218 477 1258 ne
508 1211 942 1273 corrumpantur.
975 1205 1057 1259 Ne
1089 1212 1269 1259 autem
1320 1206 1744 1275 corrumpamini
1784 1206 1854 1259 ab
1898 1206 1997 1272 eis,

408 1306 519 1344 non
550 1292 759 1347 debetis
790 1308 884 1347 eos
915 1293 1043 1363 pati.
1072 1295 1211 1347 Nam
1243 1295 1293 1349 si
1322 1296 1388 1359 is,
1424 1293 1478 1347 id
1527 1302 1609 1348 est
1645 1294 1872 1363 pseudo,
1905 1297 2001 1367 qui

408 1382 564 1435 venit
591 1396 624 1435 a
655 1397 732 1445 se,
765 1397 873 1435 non
905 1397 937 1436 a
977 1382 1111 1435 Deo.
1136 1382 1235 1436 Vel
1265 1382 1356 1452 qui
1388 1382 1552 1448 venit,
1579 1383 1633 1436 id
1655 1390 1735 1437 est
1756 1383 1847 1453 qui
1870 1400 1998 1437 ven-

407 1469 567 1535 ditur,
602 1468 757 1525 vobis
787 1470 897 1538 (hic
929 1470 1074 1525 enim
1112 1470 1556 1540 prmdicationem
1609 1487 1764 1525 suam
1794 1472 1997 1541 optime

406 1558 667 1627 venditat)
702 1576 716 1624 ;
746 1558 790 1611 si
822 1558 887 1623 is,
921 1558 1161 1628 inquam,
1188 1560 1461 1629 praedicat
1482 1560 1665 1614 alium
1688 1560 1993 1625 Christum,

2110 423 2197 461 me
2226 423 2422 463 revera
2464 408 2541 464 sic
2568 410 2815 477 servabo,
2867 410 3077 465 veritas
3126 409 3337 465 Christi
3384 413 3441 464 et
3481 410 3543 464 in
3574 425 3688 465 me.

2110 494 2282 562 Quasi
2309 496 2511 552 diceret
2545 514 2558 551 :
2591 498 2695 552 Per
2724 498 2999 553 veritatem
3058 498 3255 553 Christi
3285 497 3364 553 sic
3392 514 3480 552 me
3512 512 3701 554 serva-

2108 592 2284 639 turum
2324 600 2534 642 assero.
2588 586 2822 653 Veritas,
2868 587 3105 658 inquam,
3157 586 3358 641 Christi
3388 595 3471 643 est
3501 586 3557 640 in
3585 602 3694 653 me,

2107 673 2174 727 de
2205 674 2309 728 hoc
2339 676 2623 746 quoniam,
2657 675 2712 729 id
2758 683 2839 730 est
2880 675 3025 747 quod
3072 675 3187 731 hare
3230 677 3431 746 gloria,
3465 675 3693 744 scilicet,

2107 761 2250 831 quod
2284 762 2361 817 sic
2391 778 2478 818 me
2510 764 2764 829 servabo,
2805 781 2920 821 non
2965 765 3319 835 infringetur
3367 766 3428 819 in
3463 780 3551 818 me
3581 764 3698 819 htBC

2104 848 2285 920 gloria
2319 866 2331 902 :
2367 866 2475 906 non
2506 859 2714 906 tantum
2744 852 2797 907 in
2828 852 3110 921 Corintho,
3136 852 3233 906 sed
3250 868 3352 907 nec
3368 852 3429 906 in
3453 852 3698 923 regioni-

2103 936 2203 991 bus
2231 938 2470 994 Achaiae.
2506 940 2707 995 Iterum
2750 939 2829 996 sic
2857 940 2994 1013 agis,
3030 940 3154 1011 quia
3184 940 3341 994 nobis
3378 939 3692 995 inimicaris.

2104 1025 2299 1080 Contra
2355 1027 2461 1083 hoc
2507 1028 2747 1083 Paulus:
2799 1030 2922 1083 Non
2964 1029 3149 1100 utique
3192 1027 3519 1101 infringetur
3550 1047 3565 1095 ;
3596 1027 3695 1083 sed

2101 1131 2272 1185 quare
2298 1120 2320 1171 ?
2351 1116 2553 1171 Dicetis
2584 1133 2672 1171 me
2700 1117 2824 1173 ideo
2852 1116 3051 1182 facere,
3086 1118 3217 1190 quia
3242 1134 3357 1173 non
3371 1117 3540 1188 diligo
3562 1120 3693 1173 vos?

2100 1204 2247 1258 Deus
2272 1206 2379 1259 scit
2410 1204 2536 1275 quia
2572 1222 2670 1259 vos
2699 1206 2895 1276 diligo:
2921 1206 3017 1261 sed
3049 1206 3194 1277 quod
3209 1207 3357 1276 facio
3378 1214 3428 1260 et
3457 1208 3692 1277 faciam,

2100 1290 2231 1344 nihil
2263 1291 2469 1347 scilicet
2513 1293 2847 1364 accipiendo,
2894 1295 3001 1349 hoc
3029 1294 3151 1348 ideo
3191 1292 3351 1359 facio,
3386 1298 3453 1348 ut
3484 1312 3692 1367 ampu-

2100 1382 2213 1433 tem
2246 1384 2595 1437 occasionem
2624 1399 2819 1437 eorum
2844 1382 3073 1453 pseudo,
3100 1383 3247 1454 quia
3265 1398 3352 1437 me
3376 1384 3571 1437 volunt
3592 1384 3692 1437 ha-

2098 1466 2229 1522 bere
2260 1472 2609 1525 occasionem
2630 1471 2935 1541 accipiendi
2960 1488 2974 1536 ;
2994 1470 3140 1541 quia,
3161 1471 3207 1524 si
3229 1486 3335 1542 ego
3356 1471 3684 1541 acciperem,

2099 1562 2224 1611 tunc
2254 1564 2306 1611 et
2336 1557 2431 1611 illi.
2464 1561 2751 1629 Amputem
2783 1559 2905 1615 dico
2936 1564 2999 1615 ut
3033 1558 3108 1613 illi
3137 1562 3513 1615 inveniantur
3540 1561 3688 1616 sicut

404 1663 566 1719 quem
584 1662 682 1701 nos
713 1662 827 1702 non
856 1648 1286 1718 prcedicavimus
1316 1648 1470 1702 vobis
1500 1666 1513 1715 ;
1547 1653 1648 1703 aut
1674 1649 1717 1701 si
1738 1648 1805 1703 ab
1828 1664 1893 1703 eo
1910 1667 1996 1704 ac-
2014 1678 2067 1738 Β
2096 1648 2152 1699 et
2184 1662 2301 1711 nos,
2336 1646 2468 1701 nihil
2499 1648 2830 1718 accipientes
2863 1666 2875 1701 :
2909 1648 2965 1704 in
2996 1664 3103 1719 quo
3152 1656 3336 1702 tamen
3373 1647 3554 1705 facere
3582 1648 3687 1703 ali-

403 1736 788 1807 cipitisalium
799 1736 1096 1805 Spiritum,
1114 1752 1277 1806 quem
1298 1754 1411 1793 non
1443 1738 1737 1808 accepistis
1758 1752 1789 1791 a
1804 1738 1991 1804 nobis;

403 1828 505 1879 aut
527 1840 572 1877 sx
594 1823 661 1876 ab
679 1840 744 1877 eo
783 1824 1026 1893 accipitis
1048 1825 1206 1878 aliud
1230 1826 1613 1895 Evangelium,
1660 1826 1802 1897 quod
1826 1827 1996 1879 Evan-

403 1912 604 1983 gelium
634 1928 749 1967 non
779 1913 1070 1984 recepistis
1098 1928 1128 1965 a
1158 1913 1335 1978 nobis,
1385 1913 1429 1966 si
1459 1914 1595 1978 hac,
1628 1914 1863 1985 inquam,
1899 1931 1992 1968 es-

402 2009 541 2063 sent,
574 2008 703 2055 tunc
759 2005 909 2056 recte
937 2002 1282 2071 pateremini
1329 2018 1453 2055 eum
1488 2019 1501 2066 ;
1536 2002 1633 2057 sed
1662 2001 1789 2072 quia
1827 2002 1993 2056 alium

400 2088 670 2143 Christum
728 2105 838 2142 non
892 2089 1209 2159 prtedicant,
1273 2090 1526 2159 Spiritum
1589 2099 1833 2145 sanctum
1884 2107 1990 2145 non

398 2176 638 2230 tribuunt
686 2192 847 2246 quem
895 2193 924 2229 a
962 2177 1119 2231 nobis
1166 2178 1469 2247 accepistis,
1512 2186 1564 2233 et
1613 2179 1758 2232 aliud
1804 2180 1991 2233 Evan-

399 2264 602 2337 gelium
632 2280 739 2319 non
770 2264 1067 2335 praedicant
1101 2284 1114 2329 ;
1148 2265 1271 2319 ideo
1319 2282 1351 2320 a
1397 2266 1551 2321 vobis
1598 2267 1833 2337 patiendi
1883 2284 1991 2321 non

398 2361 541 2407 sunt.
577 2354 685 2408 Eos
716 2354 899 2423 utique
930 2353 1041 2423 pati
1070 2370 1180 2406 non
1211 2354 1437 2418 debetis,
1472 2356 1567 2410 sed
1600 2372 1685 2410 me
1716 2374 1730 2421 ;
1763 2356 1890 2426 quia
1911 2356 1993 2422 (ut

395 2441 462 2496 de
494 2441 599 2495 illis
630 2441 844 2511 sileam)
874 2443 1138 2496 existimo
1168 2459 1256 2497 me
1286 2444 1434 2497 nihil
1464 2446 1655 2498 minus
1679 2446 1878 2514 fecisse
1893 2460 1992 2513 per

394 2530 538 2601 quod
569 2530 746 2584 minus
777 2538 1061 2600 separatus
1090 2530 1191 2584 sim
1222 2549 1255 2585 a
1286 2533 1506 2601 magnis
1525 2533 1807 2603 apostolis,
1834 2532 1886 2585 id
1910 2541 1991 2586 est

396 2635 429 2674 a
459 2620 641 2684 Petro,
672 2627 726 2673 et
757 2619 827 2672 ab
856 2619 963 2671 illis
991 2619 1081 2689 qui
1108 2619 1430 2673 videbantur
1451 2636 1572 2675 esse
1595 2620 1893 2687 columnae;
1920 2620 1989 2675 de

407 2723 637 2778 quorum
669 2706 988 2778 magisterio
1018 2707 1071 2759 hi
1102 2708 1310 2776 pseudo
1343 2707 1503 2777 (falso
1534 2708 1735 2779 tamen)
1768 2725 1827 2763 se
1856 2709 1989 2763 mihi

393 2794 709 2866 praeferunt,
760 2795 887 2866 quia
954 2810 1055 2849 nec
1100 2795 1319 2850 illorum
1381 2797 1632 2867 discipuli
1696 2806 1841 2852 sunt.
1889 2798 1988 2854 Hic

394 2884 589 2940 callide
656 2884 951 2953 respondet
1024 2884 1103 2938 eis
1160 2884 1252 2955 qui
1307 2885 1631 2954 objiciebant
1684 2886 1734 2940 ei
1790 2886 1981 2957 quod,

391 2972 520 3044 quia
578 2988 684 3026 non
745 2979 891 3027 esset
958 2972 1239 3042 apostolus
1272 3014 1286 3042 ,
1348 2990 1458 3027 non
1481 2974 1758 3044 acciperet
1834 2991 1985 3028 sum-

2096 1732 2222 1803 quid
2253 1734 2390 1789 sicut
2418 1752 2518 1791 nos
2550 1736 2710 1791 valde
2731 1736 3055 1808 gloriantur,
3081 1736 3206 1792 licet
3225 1752 3325 1791 nos
3344 1753 3686 1808 persequan-

2094 1827 2202 1874 tur.
2238 1822 2336 1876 Vel
2366 1823 2437 1877 ita
2474 1841 2485 1877 :
2521 1825 2588 1880 Ut
2615 1832 2889 1894 amputem
2940 1826 3287 1881 occasionem
3332 1825 3559 1896 pseudo,
3592 1825 3686 1897 qui

2094 1904 2279 1960 volunt
2332 1908 2671 1963 occasionem
2730 1909 3029 1979 accipiendi
3060 1908 3115 1963 in
3143 1925 3248 1980 quo
3279 1909 3601 1981 gloriantur,
3629 1910 3680 1964 id

2093 2001 2174 2047 est
2204 1994 2260 2047 in
2290 1996 2639 2066 accipiendo:
2665 2012 2774 2052 non
2808 1997 2950 2051 enim
2972 2006 3221 2069 quaerunt
3241 1998 3398 2052 aliam
3430 1997 3681 2069 gloriam,

2092 2081 2196 2136 nisi
2242 2091 2299 2137 ut
2341 2084 2524 2155 aliqui,
2565 2085 2656 2155 qui
2712 2085 2930 2141 eliciant
2979 2086 3033 2139 in
3064 2100 3129 2141 eo
3157 2086 3499 2141 inveniantur
3545 2087 3684 2143 sicut

2090 2185 2190 2224 nos
2221 2170 2351 2224 nihil
2383 2173 2729 2242 accipientes.
2764 2174 3023 2228 lntuenda
3066 2181 3148 2229 est
3190 2174 3456 2229 subtilitas
3499 2174 3673 2229 Pauli.

2091 2257 2145 2311 Si
2176 2259 2319 2313 enim
2378 2260 2572 2314 Paulus
2619 2261 2909 2331 acciperet,
2972 2262 3227 2317 continuo
3274 2271 3327 2316 et
3373 2262 3449 2316 illi
3482 2281 3497 2329 ;
3525 2272 3681 2333 post-

2090 2363 2249 2417 quam
2289 2356 2470 2403 autem
2502 2350 2569 2404 de
2604 2350 2760 2405 bonis
2790 2366 2977 2405 eorum
3006 2350 3268 2417 viverent,
3314 2352 3681 2407 auctoritatem

2091 2435 2404 2490 viderentur
2432 2438 2637 2492 habere
2663 2438 2992 2508 praedicandi
3010 2439 3088 2493 eis
3112 2439 3289 2510 :quod
3318 2438 3362 2493 si
3392 2456 3458 2494 ex
3487 2448 3680 2495 aucto-

2090 2523 2240 2578 ritate
2269 2525 2649 2595 praedicarent,
2682 2527 3063 2597 proculdubio
3103 2527 3266 2582 tidem
3318 2544 3505 2583 eorum
3553 2544 3677 2584 cor-

2088 2622 2402 2681 rumperent
2437 2629 2448 2667 :
2482 2622 2533 2669 et
2562 2614 2617 2669 in
2648 2616 2793 2671 hunc
2838 2615 3017 2670 modo
3046 2616 3341 2671 similitudo
3390 2617 3541 2671 Pauli
3570 2634 3677 2672 nu-

2086 2699 2398 2755 trimentum
2438 2718 2560 2757 esse
2603 2703 2962 2774 corruptionis
2991 2704 3412 2759 Corinthiorum.
3459 2705 3678 2761 Diceret

2086 2787 2281 2859 aliquis
2317 2807 2329 2843 :
2363 2791 2442 2844 Tu
2470 2790 2606 2846 dicis
2637 2799 2693 2845 ut
2726 2792 3066 2847 inveniantur
3114 2793 3252 2848 sicut
3298 2802 3349 2848 et
3397 2809 3515 2861 nos,
3549 2810 3679 2865 pos-

2086 2886 2281 2932 suntne
2336 2879 2546 2949 pseudo
2603 2878 2833 2935 inveniri
2886 2881 3089 2935 similes
3131 2882 3333 2936 nobis?
3364 2882 3554 2953 Utique
3602 2882 3677 2937 ait

2084 2964 2281 3019 Paulus
2316 2984 2328 3020 :
2364 2968 2502 3022 Nam
2532 2968 2853 3039 hujusmodi
2900 2969 3346 3041 pseudoapostoli
3376 2975 3508 3026 sunt
3539 2971 3672 3027 sub-

392 3032 512 3131 ptus
578 3060 646 3115 de
693 3032 1096 3131 “sanguine,
1174 3069 1229 3114 ιιι
1274 3032 1485 3115 Ῥείτυε
1559 3032 1616 3117 εί
1667 3062 1777 3116 alii,
1838 3062 1985 3116 Nihil
2006 3032 2053 3093 Ο
2080 3052 2193 3108 doli
2222 3057 2483 3126 aperarii,
2515 3056 2569 3109 in
2598 3072 2663 3111 eo
2694 3059 2838 3128 quia,
2873 3032 3347 3129 transﬁgurantes
3366 3075 3421 3114 se
3441 3060 3504 3114 in
3534 3077 3671 3131 apo-

400 3148 633 3204 193
670 3148 854 3219 utique
884 3148 1062 3202 minus
1092 3148 1200 3202 illis
1230 3148 1332 3203 feci
1364 3166 1375 3202 :
1411 3168 1545 3204 nam
1564 3151 1669 3205 etsi
1699 3149 1848 3205 visus
1879 3150 1982 3203 sim

392 3236 548 3292 vobis
563 3238 861 3308 imperitus
878 3237 1283 3308 sermone,quia
1303 3238 1620 3308 simpliciter
1636 3238 1844 3294 locutus
1862 3256 1981 3293 sum

392 3324 757 3389 vobis,tamen
771 3325 961 3380 scitote
980 3326 1125 3395 quod
1140 3342 1251 3380 non
1267 3343 1391 3381 sum
1406 3328 1705 3398 imperitus
1716 3329 1976 3382 scientia.

392 3413 501 3467 Sed
531 3413 660 3483 quid
690 3414 795 3468 hoc
824 3414 947 3468 dico
968 3416 995 3468 ?
1026 3415 1170 3469 vobis
1217 3419 1410 3470 autem
1458 3416 1520 3469 in
1568 3417 1827 3471 omnibus
1870 3423 1981 3470 tam

389 3501 613 3558 scientia
644 3517 806 3572 quam
837 3518 1087 3557 sermone
1120 3519 1239 3557 sum
1291 3505 1691 3574 manifestatus
1738 3506 1799 3559 in
1832 3504 1979 3559 nullo

390 3606 513 3645 esse
542 3589 846 3660 imperitus.
892 3591 1029 3645 Vere
1075 3591 1207 3644 nihil
1256 3590 1437 3645 minus
1478 3592 1694 3663 magnis
1723 3592 1979 3661 apostolis

389 3679 513 3748 feci,
575 3678 702 3749 quia
757 3678 920 3733 etiam
976 3679 1099 3749 plus
1155 3679 1278 3733 illis.
1338 3681 1405 3733 Et
1437 3680 1537 3733 hoc
1568 3680 1797 3734 latenter
1828 3680 1976 3749 dicit,

393 3766 546 3839 quasi
601 3766 704 3820 sub
755 3766 984 3837 quadam
1042 3767 1348 3821 minoritate
1408 3767 1493 3821 sui
1540 3767 1817 3838 redigens,
1876 3769 1980 3824 hoc

388 3855 554 3910 modo
568 3854 755 3909 dicens
773 3871 785 3907 :
810 3856 845 3910 Α
857 3858 919 3909 ut
940 3855 1195 3926 nunquid
1213 3859 1510 3926 peccatum
1529 3855 1979 3926 feci,humilians

390 3941 691 4008 meipsum,
714 3938 1063 4007 subripiendo
1086 3938 1217 3991 mihi
1238 3939 1290 3991 id
1310 3939 1453 4009 quod
1470 3938 1559 4007 jus
1582 3939 1979 4008 praedicationis

388 4027 580 4098 exigit,
614 4030 679 4081 ut
711 4044 801 4083 vos
830 4042 929 4097 per
949 4042 1131 4081 meam
1152 4026 1580 4081 humiliationem
1603 4029 1980 4084 exaltemini?

385 4116 506 4171 Nisi
537 4114 681 4170 enim
711 4132 798 4170 me
828 4115 901 4169 ita
932 4115 1290 4179 humiliarem,
1325 4115 1457 4169 nihil
1488 4116 1824 4185 accipiendo,
1855 4131 1978 4171 ma—

386 4203 624 4258 luissetis
683 4202 910 4257 verbum
967 4202 1067 4256 Dei
1123 4219 1399 4273 respuere,
1451 4218 1615 4274 quam
1645 4202 1776 4256 mihi
1814 4203 1979 4257 mini-

387 4300 584 4346 strare.
618 4292 720 4355 Axi,
755 4290 991 4371 mquam,
1016 4291 1257 4361 peccavi,
1292 4293 1558 4364 quoniam
1588 4292 1788 4362 gratis,
1822 4290 1876 4345 id
1898 4299 1980 4346 est

2080 3143 2250 3198 stolos
2283 3142 2507 3212 Christi,
2533 3145 2850 3215 accipiendo
2881 3145 2926 3200 si
2946 3146 3021 3199 illi
3042 3145 3326 3216 accipiant,
3351 3147 3671 3204 abstinendo

2081 3229 2127 3283 si
2158 3229 2233 3284 illi
2263 3230 2589 3299 abstineant,
2623 3241 2675 3287 et
2695 3233 2751 3288 in
2781 3234 3010 3290 caeteris.
3043 3237 3113 3290 Et
3141 3253 3257 3290 non
3286 3244 3369 3290 est
3390 3237 3601 3292 mirum
3622 3238 3671 3291 si

2081 3318 2134 3371 in
2165 3320 2443 3389 apostolos
2473 3321 2672 3376 Christi
2700 3338 2821 3377 sese
2854 3321 3253 3393 transfigurant,
3280 3327 3413 3397 quia
3434 3327 3548 3397 ipse
3570 3326 3670 3381 Sa-

2087 3410 2270 3474 tanas,
2308 3417 2468 3479 caput
2499 3425 2716 3478 eorum,
2775 3410 3095 3483 plerumque
3128 3414 3579 3483 transﬁguratur
3605 3416 3669 3469 in

2079 3496 2345 3567 angelum
2376 3498 2556 3565 lueis;
2587 3506 2637 3552 et
2669 3498 2794 3570 quia
2825 3499 3051 3553 Satanas
3092 3499 3279 3552 transit
3314 3500 3367 3553 in
3409 3500 3669 3571 angelum

2080 3581 2234 3649 lucis,
2270 3601 2404 3656 ergo
2434 3602 2547 3641 non
2568 3590 2651 3642 est
2668 3603 2941 3658 magnum
2958 3586 3328 3641 admirandum
3344 3590 3392 3643 si
3412 3590 3672 3645 ministri

2078 3671 2326 3743 Satanaa,
2358 3674 2412 3727 id
2470 3682 2551 3728 est
2589 3674 2814 3744 pseudo,
2868 3672 3323 3746 transﬁgurantur
3350 3673 3478 3730 facti
3520 3676 3670 3734 velut

2078 3760 2308 3815 ministri
2331 3762 2551 3829 justitiae
2583 3780 2598 3830 ;
2628 3762 2761 3831 ﬁnis
2790 3778 3025 3834 quorum
3071 3771 3124 3817 et
3165 3762 3535 3820 ministrorum
3565 3766 3669 3821 Sa-

2079 3857 2215 3903 tanae
2246 3857 2298 3903 et
2344 3848 2715 3905 ministrorum
2762 3850 2983 3919 justitia:
3012 3852 3124 3907 erit
3161 3853 3472 3909 secundum
3500 3870 3669 3927 opera

2077 3939 2347 4009 ipsorum.

2150 4025 2422 4080 Gloriatus
2452 4035 2531 4081 est
2563 4026 2813 4097 superius
2863 4027 2931 4083 de
2980 4028 3287 4099 apostolatu
3315 4046 3434 4096 suo,
3467 4032 3664 4089 tradito

2079 4113 2182 4168 sibi
2212 4130 2244 4169 a
2272 4115 2388 4171 Deo
2421 4134 2435 4182 ;
2474 4114 2737 4187 gloriatus
2776 4124 2858 4171 est
2903 4116 3067 4172 etiam
3111 4118 3178 4174 de
3205 4119 3309 4174 hoc
3347 4120 3491 4191 quod
3538 4120 3662 4191 plus

2077 4203 2331 4258 omnibus
2374 4203 2658 4274 laboravit,
2702 4205 2876 4277 gratis
2924 4206 3353 4279 evangelizando
3400 4208 3663 4281 Evange-

2079 4291 2209 4346 lium
2241 4292 2359 4359 Dei,
2392 4300 2445 4347 et
2474 4293 2542 4347 de
2572 4294 2803 4360 cmteris,
2835 4294 2891 4347 in
2937 4294 3132 4365 quibus
3163 4294 3349 4366 utique
3394 4296 3539 4365 juste
3566 4312 3664 4367 po-

386 4380 520 4435 nihil
541 4380 859 4450 accipiendo
879 4396 907 4434 a
938 4380 1111 4445 vobis,
1145 4381 1529 4451 evangelizavi
1552 4381 1698 4436 vobis
1728 4382 2051 4452 Evange-D
2079 4387 2220 4435 terat
2248 4380 2472 4451 gloriari
2504 4399 2518 4446 ;
2550 4396 2693 4437 nunc
2721 4397 2852 4437 vero
2882 4383 3073 4437 transit
3100 4390 3158 4437 ut
3186 4382 3387 4439 referat
3417 4385 3664 4455 quaedam

391 4470 532 4524 lium
560 4470 660 4524 Dei
684 4473 706 4523 ?

463 4558 782 4626 Quaererem
807 4556 885 4610 illi
917 4574 930 4611 :
960 4557 1114 4613 Unde
1145 4572 1278 4627 ergo
1299 4556 1525 4612 vixisti?
1554 4556 1640 4611 Ait
1670 4573 1683 4610 :
1716 4557 1837 4628 Ego
1867 4556 1980 4628 qui-

388 4647 513 4702 dem
544 4647 857 4717 exspoliavi
888 4646 1031 4700 alias
1054 4647 1339 4711 ecclesias,
1364 4645 1650 4716 accipiens
1663 4644 1733 4699 ab
1754 4644 1860 4698 illis
1880 4647 1979 4700 sti-

384 4735 656 4807 pendium
686 4735 757 4790 ad
793 4735 1179 4790 ministerium
1209 4734 1417 4801 vestri,
1451 4733 1505 4787 id
1537 4740 1617 4787 est
1648 4732 1717 4786 ad
1739 4732 1976 4787 admini-

388 4824 673 4878 strandum
710 4822 866 4877 vobis
912 4822 1291 4894 Evangelium.
1342 4822 1539 4876 lterum
1570 4819 1647 4873 illi
1678 4838 1690 4873 :
1725 4819 1975 4876 Forsitan

386 4912 536 4966 nullo
564 4910 955 4981 indigebas.Et
975 4910 1065 4965 ille
1090 4928 1103 4963 :
1132 4911 1267 4965 Cum
1288 4924 1463 4964 essem
1489 4907 1641 4980 apud
1662 4924 1769 4975 vos,
1792 4913 1847 4964 et
1873 4925 1975 4980 pro

383 5008 537 5056 certo
571 4997 824 5052 omnibus
855 5015 1089 5069 egerem,
1106 4998 1256 5053 nulli
1277 5005 1459 5051 tamen
1480 5004 1720 5051 vestrum
1741 4999 1831 5068 fui
1852 5014 1977 5054 one-

386 5104 565 5144 rosus.
601 5085 703 5141 Ubi
732 5086 805 5140 ait
854 5103 1137 5151 onerosus,
1190 5085 1474 5156 plurimum
1524 5101 1619 5139 eos
1648 5085 1715 5140 de
1744 5086 1975 5141 avaritia

383 5176 581 5249 arguit.
616 5177 820 5230 Iterum
849 5175 925 5229 illi
948 5192 959 5230 :
995 5176 1148 5230 Unde
1167 5190 1301 5246 ergo
1323 5173 1615 5244 supplebas
1638 5176 1973 5245 egestatem?

381 5266 525 5320 Bene
558 5264 632 5319 ait
662 5265 893 5319 Paulus:
928 5264 1068 5318 Nam
1090 5264 1230 5334 quod
1251 5262 1390 5317 mihi
1413 5264 1624 5331 deerat,
1644 5265 1858 5333 fratres
1878 5265 1972 5334 qui

380 5358 661 5410 venerunt
691 5371 725 5407 a
754 5351 1075 5407 Macedonia
1106 5351 1528 5422 suppleverunt,
1569 5358 1619 5405 et
1639 5350 1780 5405 itain
1801 5350 1973 5405 omni-

380 5442 482 5497 bus
514 5450 623 5497 tam
644 5439 966 5497 vestimento
987 5455 1144 5509 quam
1176 5438 1319 5495 victu
1334 5440 1553 5496 servavi
1573 5455 1661 5495 me
1681 5438 1827 5495 vobis
1844 5439 1971 5496 sine

2081 4469 2379 4524 secundum
2423 4485 2647 4525 carnem
2688 4469 2755 4525 de
2800 4470 2979 4543 gloria
3006 4471 3247 4543 generis,
3281 4472 3429 4543 quod
3484 4480 3662 4529 tamen

2080 4557 2239 4625 (sicut
2269 4565 2454 4628 aperte
2482 4558 2675 4628 innuit)
2731 4558 2937 4613 nullam
2965 4560 3216 4632 intelligit
3246 4560 3517 4632 gloriam;
3558 4563 3658 4618 sed

2077 4652 2263 4700 tamen
2288 4661 2515 4701 necesse
2546 4654 2660 4701 erat
2695 4654 2751 4700 ut
2781 4646 2850 4702 de
2879 4647 3192 4703 carnalitate
3220 4648 3441 4718 generis
3469 4650 3667 4723 gloria-

2077 4740 2242 4788 retur.
2275 4733 2407 4789 Cum
2439 4734 2582 4789 enim
2614 4735 2822 4806 pseudo
2851 4734 2920 4790 de
2940 4736 3249 4804 hujusmodi
3268 4752 3328 4792 se
3344 4737 3663 4794 extollerent

2076 4821 2181 4876 nisi
2212 4821 2412 4877 Paulus
2441 4822 2585 4878 idem
2614 4824 2861 4891 haberet,
2896 4823 3263 4897 gloriarentur
3292 4825 3394 4880 sibi
3416 4842 3538 4883 esse
3555 4827 3661 4898 pri-

2074 4909 2333 4981 vilegium
2363 4911 2509 4982 quod
2530 4911 2692 4967 Paulo
2707 4912 2941 4980 deesset,
2962 4921 3013 4968 et
3042 4912 3104 4969 1
3118 4912 3280 4969 94
3297 4913 3376 4970 sic
3395 4914 3660 4985 insipien-

2074 4996 2207 5051 tium
2280 4999 2675 5054 Corinthiorum
2748 4998 2910 5055 fidem
2964 4999 3171 5057 facilius
3244 5002 3655 5072 subverterent,

2074 5102 2233 5156 quam
2281 5086 2513 5159 gloriam
2562 5088 2756 5154 Pauli;
2815 5089 2946 5143 dum
2998 5090 3054 5143 in
3106 5106 3165 5145 se
3223 5107 3345 5147 esse
3402 5092 3654 5159 ostendit,

2075 5174 2315 5246 nihilque
2367 5175 2470 5229 sibi
2519 5175 2787 5243 conferre,
2821 5176 3091 5247 vituperat
3120 5194 3215 5234 eos
3246 5179 3337 5251 qui
3366 5179 3435 5235 de
3462 5180 3568 5236 hac
3597 5197 3652 5236 re

2069 5262 2368 5334 gloriantur
2398 5263 2453 5317 in
2486 5280 2592 5335 qua
2620 5264 2823 5320 fructus
2872 5281 2982 5319 non
3011 5274 3113 5321 est.
3141 5267 3341 5322 Littera
3370 5268 3449 5323 sic
3474 5268 3659 5341 jungi-

2072 5358 2186 5406 tur:
2213 5351 2334 5407 Dixi
2352 5352 2632 5424 superius:
2662 5355 2888 5411 Utinam
2909 5357 3268 5411 sustineretis
3288 5356 3656 5427 insipientiam

2072 5455 2278 5509 meam;
2303 5458 2445 5499 nunc
2465 5444 2678 5500 iterum
2697 5441 2766 5499 de
2788 5443 2982 5500 eodem
3002 5443 3221 5512 dico,ne
3240 5444 3363 5518 quis
3380 5461 3472 5503 me
3487 5449 3654 5520 putet
