3960 6050
247 186 361 241 269
858 181 1241 239 EXPOSITIO
1286 181 1362 239 IN
1404 180 1787 240 EPISTOLAS
1832 181 2059 240 PAULI.
2100 212 2170 225 -
2209 183 2283 240 ΙΝ
2318 183 2535 241 EPIST.
2573 184 2621 240 II
2657 183 2752 240 AD
2791 178 2951 241 COR.
3450 189 3556 245 2'70

248 306 620 377 insipientem
641 322 781 373 esse,
802 305 869 362 de
890 307 1175 378 praemissa
1192 307 1538 379 gloriatione.
1566 308 1851 380 Alioquin,
1874 307 1929 367 Α
1959 306 2124 361 alium
2166 307 2496 378 deprimere.
2531 308 2675 363 Vere
2705 307 2758 361 in
2790 323 2897 379 quo
2927 308 3089 363 audet
3119 307 3260 380 quis,
3291 308 3465 365 audeo
3504 316 3556 364 et

250 394 308 448 id
326 402 410 449 est
436 393 481 448 si
510 402 736 464 propter
774 396 1111 465 praemissam
1140 396 1368 466 gloriam
1415 396 1738 467 insipientia‘.
1768 411 1854 451 me
1958 411 2082 467 ego.
2116 396 2256 450 Nam
2287 404 2339 451 et
2368 396 2444 450 illi
2473 401 2609 451 sunt
2631 397 2862 463 Hebraei,
2895 396 2950 451 id
2973 404 3055 452 est
3076 396 3341 452 Hebraica
3370 397 3560 469 lingua

255 482 505 553 arguitis,
539 498 684 539 nunc
718 484 961 556 accipite
996 502 1080 540 me
1112 486 1268 540 velut
1297 485 1687 557 insipientem,
1726 484 1856 538 dum
1956 484 2162 550 diserti,
2195 490 2251 540 et
2281 502 2374 557 ego
2415 484 2680 540 similiter.
2728 485 2944 540 Hebraei
2976 484 3232 540 dicuntur
3259 486 3327 539 ab
3370 486 3558 551 heber,

256 570 326 626 de
358 570 671 626 carnalitate
716 571 943 643 glorior,
985 590 1105 644 quae
1143 572 1327 645 longe'
1353 572 1639 644 praemissa
1683 572 1858 643 gloria
1955 572 2262 642 prudentia,
2309 574 2463 642 cujus
2522 574 2637 629 haec
2684 572 2870 644 lingua
2922 581 3203 628 reservata
3235 581 3335 629 est.
3387 572 3441 628 Si
3486 573 3563 627 illi

256 666 342 714 est
360 658 605 714 inferior.
638 659 778 715 Dicit
807 662 964 717 velut
1002 661 1370 733 insipientem
1402 681 1419 716 :
1452 677 1561 716 non
1601 660 1745 715 enim
1771 661 1859 729 ju-
1956 664 2151 718 iterum
2182 660 2486 731 gloriantur
2517 660 2659 732 quod
2685 666 2827 717 sunt
2850 662 3147 729 Israelitce,
3184 666 3239 717 et
3270 678 3369 733 ego
3411 660 3562 715 simi-

256 746 523 803 dicandus
557 754 638 802 est
666 763 795 802 vere
823 748 1106 819 insipiens,
1156 748 1284 819 quia
1311 748 1598 820 gloriando
1628 749 1697 803 de
1729 763 1858 804 car-
1957 747 2081 803 liter
2102 748 2348 804 Israelita
2378 766 2516 804 sum.
2546 749 2762 804 Hebraei
2793 757 2845 804 et
2876 749 3137 804 lsraelitze
3166 756 3390 820 possent
3416 766 3559 817 esse,

255 836 485 891 nalitate
506 850 617 891 non
649 836 837 907 quaerit
865 835 921 890 in
952 836 1057 893 hoc
1086 836 1317 909 gloriam
1349 852 1524 907 suam,
1558 836 1655 892 sed
1688 837 1859 892 solam
1958 851 2061 892 nec
2083 844 2264 892 tamen
2286 837 2353 891 de
2382 837 2682 904 Abraham,
2714 846 2772 891 ut
2800 837 3066 908 proseliti,
3101 836 3191 909 qui
3212 837 3563 909 agentilitate

254 923 658 979 Corinthiorum
698 923 1132 991 aedificationem,
1179 925 1325 996 quod
1356 925 1534 996 palam
1583 933 1666 980 est
1708 925 1762 978 in
1795 941 1860 981 eo
1960 922 2015 978 in
2044 924 2517 980 circumcisionem
2549 924 2868 979 transibant.
2925 926 3052 981 Ideo
3092 925 3301 980 addidit
3334 943 3346 979 :
3382 925 3439 981 Si
3486 926 3563 981 illi

253 1012 546 1067 dumidem
562 1013 822 1083 reprobat
843 1012 1021 1068 carnis
1044 1012 1293 1084 gloriam.
1324 1014 1572 1086 Accipite
1593 1029 1683 1069 me
1703 1014 1861 1069 velut
1897 1064 1901 1068 .
1960 1017 2100 1068 sunt
2121 1030 2311 1069 semen
2332 1014 2567 1070 Abrahae
2604 1014 2903 1069 secundum
2928 1029 3168 1081 carnem,
3203 1013 3452 1071 similiter
3506 1018 3565 1071 et

252 1100 648 1172 insipientem,
684 1105 748 1157 ut
779 1101 916 1157 sicut
937 1102 1146 1172 pseudo
1164 1102 1241 1157 sic
1257 1107 1313 1157 et
1345 1119 1437 1173 ego
1455 1104 1683 1174 glorier,
1711 1102 1766 1156 id
1780 1109 1864 1157 est
1963 1118 2077 1174 ego.

256 1189 496 1244 referam
528 1189 597 1244 de
626 1188 804 1261 gloria
832 1190 1049 1245 carnis:
1084 1190 1248 1261 quod,
1282 1190 1505 1256 scilicet,
1550 1191 1653 1246 hoc
1699 1191 1863 1247 modo
2036 1191 2331 1261 Postquam
2358 1189 2414 1244 in
2460 1189 2632 1261 gloria
2663 1190 2881 1263 generis
2913 1206 2971 1246 se
2993 1191 3218 1246 contulit
3247 1190 3373 1258 illis,
3406 1200 3562 1247 tran-

257 1276 511 1348 gloriari,
534 1278 816 1334 modicum
845 1277 973 1349 quid
1003 1285 1105 1345 est,
1140 1294 1241 1333 nec
1279 1295 1405 1334 vere
1445 1278 1634 1350 gloriae
1663 1279 1862 1335 immo-
1966 1277 2035 1332 sit
2067 1278 2136 1332 ad
2165 1277 2399 1350 gloriam
2428 1278 2743 1344 ministerii;
2779 1294 2889 1333 non
2918 1278 3061 1333 enim
3120 1278 3352 1335 195
3407 1280 3559 1334 διιῆί-

259 1365 519 1420 randum.
552 1365 696 1421 Bene
726 1366 851 1421 dico
888 1366 1296 1438 insipientem;
1338 1367 1470 1439 quia
1501 1367 1643 1439 quod
1675 1367 1866 1440 loquor
1965 1373 2112 1421 ceret
2157 1365 2264 1419 illis
2302 1365 2514 1436 pseudo
2543 1365 2600 1419 in
2628 1366 2905 1421 veteribus
2951 1366 3195 1437 gloriari,
3251 1366 3355 1421 nisi
3399 1367 3561 1423 etiam

258 1453 330 1509 de
353 1454 533 1525 gloria
564 1453 767 1520 carnis,
800 1471 916 1508 non
957 1455 1148 1526 loquor
1173 1456 1483 1511 secundum
1503 1456 1698 1521 Deum,
1724 1456 1865 1525 apud
1966 1453 2330 1526 gloriarentur
2370 1453 2426 1507 in
2446 1452 2772 1524 discipulatu
2804 1453 3021 1508 Christi.
3055 1454 3211 1509 Unde
3242 1454 3319 1510 sic
3340 1455 3413 1510 ait
3443 1472 3456 1510 :
3505 1455 3561 1510 Si

261 1557 429 1613 quem
458 1541 731 1597 humilitas
761 1541 1173 1597 commendatur
1206 1559 1219 1595 :
1252 1542 1433 1598 carnis
1470 1542 1646 1613 gloria
1688 1541 1866 1612 depri-
1967 1541 2270 1613 gioriantur
2299 1542 2443 1613 quod
2471 1545 2609 1597 sunt
2635 1542 2893 1597 ministri
2939 1541 3167 1608 Christi,
3200 1542 3561 1613 praedicantes

256 1629 447 1695 mitur,
482 1630 577 1685 sed
625 1631 784 1702 quasi
820 1631 884 1684 in
927 1631 1264 1701 insipientia
1296 1630 1399 1686 hoc
1446 1630 1657 1702 loquor.
1699 1630 1938 1720 QuasiB
1968 1628 2258 1699 Christum,
2293 1633 2349 1685 et
2378 1646 2472 1701 ego
2503 1629 2752 1685 similiter
2781 1629 3101 1684 administro
3118 1629 3409 1686 Christum.
3432 1632 3562 1688 Dico

258 1717 413 1783 dicit,
444 1717 568 1789 quia
596 1734 705 1772 non
738 1734 868 1773 vere
902 1717 1186 1789 insipiens,
1228 1718 1358 1772 dum
1386 1734 1495 1773 non
1523 1735 1709 1774 veram
1742 1734 1865 1774 esse
1885 1717 1927 1720 —
1966 1725 2020 1772 et
2044 1734 2178 1788 ego;
2205 1718 2336 1789 plus
2385 1717 2545 1772 etiam
2578 1733 2681 1787 ego
2713 1734 2831 1772 sum
2862 1717 3109 1772 minister
3157 1718 3353 1773 Christi
3398 1735 3562 1790 quam

261 1801 438 1857 credit
466 1801 650 1857 carnis
678 1801 931 1874 gloriam.
967 1803 1186 1873 Loquor
1215 1802 1434 1873 quidem
1471 1802 1526 1855 in
1555 1802 1867 1873 insipientia
1964 1805 2063 1860 illi.
2096 1806 2163 1859 Et
2184 1806 2290 1861 hoc
2320 1806 2442 1861 dico
2474 1809 2541 1861 ut
2569 1806 2760 1860 minus
2781 1808 3025 1877 sapiens,
3046 1805 3173 1859 dum
3195 1822 3282 1861 me
3302 1806 3557 1877 praefero,

256 1889 608 1945 immorando
654 1890 717 1945 in
766 1889 890 1959 hac,
937 1889 993 1945 id
1035 1898 1119 1945 est
1165 1890 1367 1946 carnali
1408 1890 1605 1962 gloria,
1646 1890 1737 1945 ubi
1786 1899 1867 1945 est
1965 1893 2088 1948 illos
2119 1892 2363 1949 humilio.
2402 1892 2560 1960 Quod
2590 1893 2665 1947 ait
2691 1894 2822 1966 plus
2864 1910 2978 1963 ego,
3020 1894 3335 1965 exsequitur
3361 1894 3433 1947 ita
3462 1910 3562 1964 per

260 1980 606 2044 substantia,
640 1979 694 2033 id
724 1987 807 2033 est
834 1979 889 2032 in
920 1995 1023 2050 qua
1054 1979 1354 2034 subsistere
1384 1987 1440 2034 et
1468 1980 1665 2050 pedem
1695 1978 1865 2052 ﬁgere
1967 1990 2149 2052 partes
2186 1997 2198 2037 :
2233 1981 2500 2037 Ostensus
2530 1998 2651 2036 sum
2670 1982 2794 2052 plus
2824 1997 2947 2036 esse
2976 1981 3223 2036 minister
3251 1982 3472 2049 Christi,
3496 1983 3560 2037 in

260 2066 547 2123 debemus.
582 2067 652 2121 Et
681 2068 788 2122 hoc
816 2067 1022 2122 ironice
1057 2082 1069 2121 :
1104 2068 1231 2139 quia
1248 2066 1301 2121 in
1324 2067 1495 2139 gloria
1517 2068 1696 2123 carnis
1715 2068 1865 2123 nullo
1969 2070 2243 2127 laboribus
2269 2070 2548 2142 pluribus,
2579 2085 2715 2141 quos
2742 2111 2754 2136 ,
2787 2078 2838 2125 et
2866 2070 3120 2125 manibus
3157 2070 3475 2138 laborando,
3509 2078 3563 2125 et

260 2156 431 2211 modo
462 2154 869 2211 subsistendum
910 2172 1033 2211 esse
1074 2155 1348 2227 intelligit.
1389 2156 1604 2211 Diceret
1632 2155 1863 2228 aliquis:
1965 2157 2246 2213 immensis
2275 2157 2527 2228 periculis
2550 2157 2887 2223 sustinendo,
2934 2158 3136 2229 saepius
3185 2158 3291 2213 illis
3336 2157 3556 2229 pertuli.

261 2246 399 2300 Cum
447 2244 625 2315 gloria
658 2244 838 2300 carnis
876 2260 987 2299 non
1015 2244 1083 2299 sit
1117 2244 1414 2300 secundum
1453 2246 1645 2311 Deum,
1699 2260 1867 2316 quare
1965 2246 2361 2302 Abundantius
2393 2246 2553 2301 etiam
2583 2254 2838 2301 ostensus
2857 2245 3104 2301 minister
3134 2245 3333 2301 Christi
3354 2248 3417 2301 in
3438 2264 3563 2303 car-

260 2333 319 2388 in
339 2333 446 2389 hac
460 2332 770 2387 immoraris
788 2332 816 2385 ?
837 2332 965 2388 Ideo
992 2332 1178 2403 utique
1198 2334 1467 2405 quoniam
1493 2333 1686 2400 multi,
1709 2332 1762 2386 id
1785 2339 1869 2386 est
1967 2336 2205 2404 ceribus,
2240 2351 2401 2406 quam
2440 2334 2534 2400 illi,
2570 2335 2680 2406 qui,
2714 2342 2773 2388 ut
2801 2334 3114 2391 viderentur
3142 2334 3371 2406 apostoli
3400 2335 3562 2390 Chri-

259 2421 494 2493 pseudo,
526 2423 850 2492 gloriantur
878 2421 1191 2477 secundum
1237 2437 1487 2485 carnem,
1520 2420 1644 2476 ideo
1687 2424 1743 2476 et
1772 2436 1867 2492 ego

258 2511 561 2582 gloriabor,
606 2509 661 2564 id
710 2516 793 2565 est
827 2525 997 2580 pauca
1044 2508 1279 2564 referam
1326 2508 1393 2564 de
1433 2508 1623 2563 eadem
1670 2508 1863 2579 gloria.

265 2597 580 2665 Gloriabor,
629 2606 741 2652 tum
782 2598 910 2669 quia
959 2596 1113 2652 multi
1164 2596 1242 2652 sic
1272 2596 1591 2669 gloriantur,
1633 2604 1870 2667 prmtera

260 2689 393 2759 quia
416 2702 515 2741 vos
542 2686 813 2756 suffertis,
837 2685 893 2740 id
926 2692 1007 2741 est
1028 2700 1196 2758 grave
1226 2701 1364 2741 onus
1394 2701 1584 2753 eorum
1614 2684 1863 2755 portatis.

262 2773 537 2841 Suﬂ‘ertis,
586 2774 727 2840 dico,
778 2776 1139 2846 insipientes,
1181 2773 1236 2828 id
1267 2780 1347 2829 est
1385 2773 1507 2828 illos
1536 2772 1763 2843 pseudo,
1812 2772 1869 2826 in

260 2861 576 2933 insipientia
607 2861 923 2932 gloriantes.
951 2859 1220 2928 Suﬁ‘ertis,
1254 2861 1396 2928 dico,
1424 2861 1683 2929 libenter,
1714 2860 1767 2914 id
1790 2867 1870 2915 est

260 2966 291 3005 a
322 2950 476 3005 nullo
506 2950 699 3017 coacti,
741 2950 866 3021 quia
902 2950 980 3005 sic
1024 2948 1155 3004 libet
1197 2948 1372 3017 vobis,
1425 2966 1556 3005 cum
1595 2950 1722 3004 sitis
1760 2948 1872 3020 ipsi

1968 2423 2055 2490 sti,
2089 2423 2418 2494 quandoque
2448 2439 2507 2478 se
2538 2422 2880 2493 patiebantur
2908 2422 3251 2478 incarcerari.
3294 2422 3562 2479 Ostensus

1968 2511 2131 2566 etiam
2160 2511 2406 2565 minister
2451 2510 2650 2566 Christi
2681 2513 2742 2567 in
2770 2512 2956 2583 plagis
2986 2528 3163 2583 supra
3190 2512 3419 2567 modum
3455 2512 3562 2567 hu-

1968 2616 2142 2654 manae
2163 2599 2375 2655 virtutis
2406 2599 2661 2654 toleratis.
2698 2600 2765 2653 Et
2796 2602 3129 2671 frequenter
3156 2606 3408 2655 ostensus
3455 2599 3564 2654 mi-

1968 2687 2143 2743 nister
2172 2686 2368 2741 Christi
2399 2688 2463 2741 in
2492 2688 2787 2751 mortibus,
2811 2686 2865 2740 id
2896 2695 2979 2741 est
2998 2687 3053 2741 in
3081 2687 3258 2758 prauis
3279 2703 3399 2759 quae
3416 2702 3562 2743 mor-

1968 2783 2077 2831 tem
2110 2775 2415 2847 cuicunque
2434 2774 2636 2830 inferre
2664 2774 2991 2844 sufﬁcerent,
3026 2784 3081 2830 et
3106 2775 3236 2830 mihi
3266 2775 3567 2831 secundum

1968 2863 2264 2929 hominem,
2300 2863 2406 2917 nisi
2436 2862 2563 2934 quia
2597 2863 2826 2933 Spiritus
2854 2871 3074 2919 sanctus
3104 2864 3426 2919 reservabat
3453 2880 3563 2919 me.

1970 2952 2163 3023 Plagas
2193 2959 2477 3007 enumerat
2509 2951 2697 3006 dicens
2731 2968 2744 3004 :
2778 2952 2837 3005 In
2866 2951 3042 3023 plagis
3068 2951 3207 3008 bene
3223 2952 3384 3018 dico;
3418 2969 3452 3006 a
3472 2954 3569 3007 Ju-

261 3040 573 3112 sapientes,
606 3037 835 3105 ironice,
880 3037 937 3092 id
982 3045 1065 3093 est
1095 3053 1219 3093 cum
1266 3037 1420 3093 vobis
1465 3037 1735 3108 arrogetis
1774 3052 1869 3091 sa-
1895 3014 1941 3075 C
1971 3041 2105 3095 dwis
2127 3040 2270 3094 enim
2300 3041 2490 3111 accepi
2520 3039 2925 3111 quadragenas,
2980 3040 3033 3094 id
3075 3047 3157 3095 est
3202 3039 3571 3111 quadraginta

262 3126 717 3198 pientiam,—male
767 3134 1026 3182 consonat
1068 3126 1173 3182 hoc
1216 3126 1359 3197 quod
1405 3124 1645 3181 suﬂ‘ertis
1676 3141 1867 3181 eorum

256 3215 648 3287 insipientiam.
698 3216 759 3268 In
806 3215 1002 3285 quibus
1042 3214 1166 3270 illos
1213 3213 1478 3269 sufferant
1531 3214 1863 3285 exsequitur,

260 3304 453 3361 dicens
491 3304 736 3375 :Utique
780 3302 1040 3371 suffertis,
1101 3304 1400 3359 sustinetis
1458 3305 1612 3360 enim
1649 3304 1699 3358 si
1745 3304 1868 3375 quis

264 3393 486 3448 illorum
515 3392 725 3463 pseudo
755 3392 961 3463 redigit
993 3406 1085 3447 vos
1114 3392 1178 3447 in
1202 3393 1556 3457 servitutem,
1590 3391 1643 3445 id
1665 3398 1749 3445 est
1778 3406 1870 3445 co-

261 3481 341 3554 git
372 3481 655 3536 deservire
703 3479 806 3535 sibi
850 3487 907 3535 ut
954 3495 1183 3535 servos:
1215 3480 1273 3535 Si
1303 3482 1428 3551 quis
1477 3479 1636 3534 etiam
1682 3495 1868 3535 eorum

259 3570 491 3625 devorat
520 3569 665 3623 bona
693 3576 902 3624 vestra.
944 3567 1027 3621 Illi
1066 3567 1210 3622 enim
1240 3567 1449 3638 pseudo
1479 3566 1752 3623 voraciter
1782 3583 1869 3622 res

260 3674 457 3714 eorum
488 3657 898 3712 consumebant.
934 3655 1220 3711 Sustinetis
1260 3656 1419 3712 etiam
1451 3657 1501 3711 si
1528 3658 1651 3728 quis
1680 3671 1868 3711 eorum

259 3747 492 3818 accipit,
527 3746 583 3800 id
613 3753 698 3801 est
728 3745 873 3815 capit
901 3759 998 3800 vos
1028 3743 1097 3798 ad
1144 3759 1205 3799 se
1236 3744 1384 3810 dolo,
1428 3744 1481 3797 id
1532 3752 1615 3798 est
1662 3743 1708 3797 si
1746 3743 1869 3814 quis

256 3851 361 3891 vos
392 3834 616 3904 decipit.
648 3833 707 3889 Si
729 3835 853 3905 quis
882 3833 1044 3887 etiam
1064 3848 1253 3887 eorum
1284 3834 1609 3899 extollitur,
1636 3831 1867 3887 dicendo

259 3939 321 3978 se
354 3923 422 3978 de
451 3938 656 3993 genere
685 3921 953 3988 Abrahae,
986 3935 1087 3976 vos
1118 3929 1299 3976 autem
1338 3936 1542 3987 canes;
1575 3920 1692 3976 haec
1738 3920 1864 3987 duo,

259 4012 519 4083 decipere
550 4014 606 4066 et
629 4010 857 4076 extolli,
890 4018 1196 4080 opportuna
1217 4016 1373 4064 erant
1393 4008 1461 4063 ad
1491 4006 1867 4065 devorandum

259 4100 410 4155 bona
467 4114 658 4155 eorum
713 4105 768 4154 et
821 4097 890 4152 ad
946 4096 1308 4171 redigendum
1366 4112 1462 4152 eos
1517 4095 1573 4151 in
1628 4095 1867 4152 servitu-

262 4194 397 4243 tem.

335 4274 626 4331 Sustinetis
672 4276 719 4331 si
769 4275 890 4348 quis
938 4274 1231 4344 extollitur,
1264 4280 1318 4329 et
1347 4275 1398 4329 si
1431 4274 1553 4346 quis
1585 4288 1643 4328 se
1690 4272 1867 4328 extol-

257 4363 427 4419 lendo
460 4365 626 4419 credit
660 4380 770 4431 vos,
796 4365 852 4420 id
883 4373 965 4421 est
994 4364 1329 4435 improperat
1349 4361 1501 4418 vobis
1524 4362 1670 4433 quod
1696 4360 1867 4417 incir-

268 4451 501 4510 cumcisi
549 4451 700 4519 estis,
746 4461 799 4509 et
852 4451 1181 4522 hujusmodi.
1233 4450 1419 4519 Caedit,
1467 4449 1610 4519 dico,
1656 4464 1765 4505 non
1810 4448 1867 4504 in

261 4541 555 4607 absconso,
581 4541 679 4596 sed
711 4542 775 4596 in
794 4543 1023 4613 faciem,
1042 4540 1099 4596 id
1128 4547 1210 4596 est
1238 4539 1294 4594 in
1313 4537 1488 4594 oculis
1517 4537 1713 4594 vestris
1729 4553 1868 4609 pra;-

261 4630 430 4684 sumit
452 4629 824 4701 improperare
846 4630 1022 4687 vobis.
1057 4628 1227 4685 Caedit
1246 4642 1364 4695 vos,
1390 4627 1532 4693 dico,
1552 4627 1865 4683 secundum

260 4718 677 4789 ignobilitatem
707 4718 949 4790 generis,
974 4732 1139 4789 quam
1169 4716 1503 4786 imprOperat
1532 4714 1707 4771 vobis.
1741 4714 1867 4770 Illos

259 4806 451 4877 utique
472 4806 779 4873 sustinetis;
802 4822 904 4862 nos
933 4815 1115 4863 autem
1144 4803 1364 4859 minime
1394 4803 1557 4876 quasi
1584 4804 1866 4874 fuerimus

261 4896 489 4964 inﬁrmi
516 4897 579 4950 in
610 4894 714 4951 hac
736 4900 921 4967 parte,
972 4895 1028 4949 id
1058 4901 1139 4949 est
1167 4893 1492 4963 impotentes
1521 4890 1739 4964 gloriari
1773 4907 1867 4947 se-

264 4983 509 5041 cundum
554 4998 798 5039 carnem.
855 4982 966 5038 Sed
1010 4997 1119 5038 non
1157 4996 1343 5036 sumus
1388 4979 1444 5034 in
1480 4979 1584 5034 hoc
1626 4977 1864 5044 infirmi;

266 5071 393 5143 quia
420 5072 483 5125 in
513 5086 841 5143 quocunque
863 5071 1069 5142 aliquis
1100 5084 1288 5125 eorum
1310 5067 1481 5123 audet
1498 5066 1742 5137 gloriari,
1766 5082 1869 5122 au-

272 5160 373 5215 deo
402 5160 679 5215 similiter
708 5175 824 5230 ego.
850 5157 957 5214 Ubi
987 5157 1059 5212 ait
1089 5157 1260 5214 audet
1282 5164 1334 5211 et
1363 5155 1561 5221 audeo,
1595 5162 1743 5209 notat
1771 5169 1870 5225 po-

268 5248 375 5302 tius
403 5247 883 5319 praesumptionem
926 5262 1049 5301 esse
1095 5261 1251 5317 quam
1293 5258 1477 5299 veram
1521 5242 1768 5315 gloriam.
1803 5243 1871 5297 Et

268 5335 418 5407 quod
450 5335 594 5402 dico,
627 5352 723 5407 ego
758 5336 954 5402 audeo,
1006 5335 1112 5390 hoc
1141 5333 1261 5389 dico
1282 5333 1346 5388 in
1375 5331 1729 5403 insipientia,
1775 5345 1868 5385 sa-

261 5423 472 5497 pientia
522 5422 669 5481 enim
714 5423 991 5493 admonet,
1039 5435 1218 5494 neque
1257 5435 1318 5477 se
1364 5417 1643 5492 preferre,
1688 5433 1870 5489 neque

1971 3128 2355 3199 percussiones
2385 3129 2577 3183 minus
2608 3145 2726 3183 una
2774 3128 2963 3197 (Deut.
3020 3143 3159 3193 xxv,
3193 3128 3269 3198 3).
3318 3128 3435 3184 Nec
3463 3128 3569 3184 hoc

1973 3216 2160 3283 semel,
2195 3216 2292 3271 sed
2321 3218 2635 3289 quinquies,
2660 3215 2717 3271 id
2749 3224 2831 3271 est
2864 3216 3102 3288 quinque
3121 3216 3352 3272 vicibus.

2042 3303 2285 3359 Traditio
2316 3305 2628 3359 Judaeorum
2654 3304 2731 3359 sic
2762 3304 3018 3367 habebat,
3052 3312 3109 3359 ut
3148 3304 3344 3377 aliquis
3378 3313 3570 3361 contra

1972 3392 2321 3464 Synagogam
2353 3407 2526 3464 agens
2557 3392 2913 3463 quadraginta
2944 3392 3141 3447 ictibus
3168 3393 3471 3463 puniretur,
3524 3395 3570 3450 si

1972 3480 2473 3535 immisericorditer
2502 3488 2694 3535 contra
2723 3496 2847 3535 eum
2882 3488 3142 3552 agerent;
3175 3482 3272 3536 sed
3302 3482 3349 3535 si
3396 3483 3570 3538 mise-

1970 3569 2216 3624 ricordes
2243 3576 2446 3635 essent,
2479 3569 2546 3622 de
2580 3569 2943 3640 quadraginta
2992 3576 3121 3639 quot
3165 3568 3397 3637 vellent,
3429 3569 3571 3625 ictus

1970 3656 2244 3712 dimittere
2275 3664 2518 3728 possent.
2552 3657 2711 3712 Modo
2744 3657 2864 3728 quia
2913 3656 3137 3711 Paulum
3168 3672 3199 3710 a
3228 3656 3399 3713 verbo
3428 3674 3569 3729 pra-2-

1971 3745 2255 3801 dicationis
2305 3760 2657 3816 compescere
2704 3744 3017 3816 nequibant,
3069 3744 3365 3800 secundum
3409 3745 3565 3801 ritum

1970 3849 2129 3888 suum
2152 3833 2424 3889 ducebant
2452 3833 2508 3887 in
2539 3833 2890 3905 Synagogam
2924 3851 2937 3887 :
2971 3841 3023 3888 et
3053 3849 3121 3887 ne
3152 3833 3369 3903 penitus
3396 3832 3570 3888 immi-

1969 3922 2275 3977 sericordes
2314 3929 2694 3993 arguerentur,
2726 3938 2894 3976 unum
2922 3921 3090 3977 ictum
3120 3921 3329 3977 crudeli
3358 3914 3569 3977 astutia

1967 4010 2287 4065 relaxabant
2317 4010 2497 4065 adhuc
2525 4010 2593 4064 de
2619 4008 2815 4081 plagis.
2852 4011 2952 4065 Ter
2971 4009 3131 4064 etiam
3161 4008 3304 4081 apud
3332 4009 3565 4082 gentiles

1966 4097 2021 4153 in
2051 4097 2363 4153 Macedonia
2395 4113 2572 4154 caesus
2590 4114 2716 4154 sum
2732 4099 2902 4169 virgis
2933 4098 3075 4166 (Act.
3109 4113 3221 4166 xvr,
3244 4100 3358 4169 22).
3383 4100 3566 4155 Semel

1966 4185 2036 4240 ab
2068 4185 2319 4255 Ephesiis
2352 4186 2637 4258 lapidatus
2676 4202 2804 4241 sum
2835 4186 2980 4255 (Act.
3031 4201 3147 4251 xxv,
3184 4187 3295 4255 18),
3348 4187 3563 4257 quando

1965 4273 2204 4345 puellam
2235 4289 2268 4328 a
2298 4274 2593 4345 Pythonico
2624 4273 2814 4345 spiritu
2858 4273 3087 4328 liberavi
3134 4272 3313 4343 (ibid.,
3347 4276 3422 4343 9).
3464 4277 3565 4330 Ter

1887 4367 1940 4427 D
1969 4362 2128 4417 etiam
2158 4364 2271 4431 feci
2300 4364 2689 4433 naufragium,
2722 4361 2777 4416 id
2807 4368 2890 4416 est
2933 4368 3016 4415 ter
3037 4360 3091 4415 in
3120 4360 3262 4415 mari
3281 4361 3565 4435 naufraga-

1970 4457 2053 4504 tus
2085 4466 2225 4505 sum.
2249 4451 2417 4507 Nocte
2450 4450 2612 4505 etiam
2642 4454 2698 4506 et
2727 4450 2815 4506 die
2840 4451 2900 4505 in
2922 4450 3206 4522 profundo
3243 4451 3421 4506 maris
3448 4452 3560 4522 fui.

1967 4538 2047 4594 De
2076 4538 2181 4594 hoc
2228 4554 2336 4593 non
2365 4537 2584 4611 legitur,
2618 4538 2754 4606 sive,
2788 4538 3249 4609 quemadmodum
3284 4540 3468 4608 Jonas,
3507 4540 3563 4594 in

1966 4642 2118 4682 mare
2149 4627 2431 4682 demersus
2462 4626 2531 4681 sit
2576 4626 2760 4697 ibique
2790 4642 2819 4680 a
2850 4627 2964 4682 Deo
2994 4634 3329 4693 reservatus,
3363 4627 3478 4683 sive
3505 4628 3563 4682 in

1966 4714 2258 4786 profundo,
2298 4714 2352 4769 id
2381 4723 2464 4770 est
2492 4714 2549 4769 in
2576 4714 2757 4770 medio
2786 4714 2879 4769 alti
2921 4714 3086 4769 maris
3135 4714 3243 4769 diei
3285 4722 3337 4769 et
3383 4714 3561 4769 noctis

1968 4802 2283 4858 continuum
2342 4818 2539 4874 passus
2588 4802 2657 4857 sit
2710 4802 3069 4874 naufragium.
3110 4803 3237 4857 Haec
3274 4801 3562 4873 naufragia

1967 4891 2289 4962 patiebatur,
2333 4890 2460 4945 dum
2482 4890 2553 4945 ad
2581 4890 2987 4961 praedicandum
3017 4889 3273 4945 transiret
3315 4890 3559 4963 navigio.

1970 4978 2238 5035 Ostensus
2286 4979 2447 5034 etiam
2477 4978 2601 5050 plus
2632 4978 2881 5034 minister
2928 4978 3125 5034 Christi
3165 4979 3228 5032 in
3261 4979 3563 5036 itineribus

1968 5082 2131 5139 saepe.
2156 5067 2435 5122 Periculis
2460 5109 2475 5133 ,
2500 5065 2555 5120 id
2584 5074 2667 5121 est
2684 5082 2785 5138 per
2810 5066 3048 5137 pericula
3075 5068 3403 5135 ﬂuminum,
3439 5082 3567 5139 quo-

1970 5170 2088 5211 rum
2120 5152 2351 5224 impetus
2380 5169 2580 5223 passus
2609 5170 2750 5220 sum,
2785 5160 2837 5208 et
2863 5170 2966 5226 per
2982 5155 3241 5226 pericula
3274 5155 3563 5211 latronum

1969 5241 2373 5298 verberantium
2402 5249 2456 5297 et
2485 5241 2831 5313 spoliantium
2860 5258 2968 5297 me.
3002 5243 3178 5314 Etper
3204 5244 3462 5315 pericula
3490 5258 3563 5299 ex

1967 5346 2172 5403 genere
2190 5346 2330 5398 meo,
2362 5330 2419 5384 id
2448 5337 2531 5385 est
2562 5346 2682 5402 quae
2709 5330 2957 5386 aludaais
2978 5331 3236 5401 patiebar.
3268 5332 3335 5385 Et
3360 5346 3459 5400 per
3468 5345 3567 5402 pe-

1970 5420 2159 5478 ricula
2186 5435 2261 5478 ex
2287 5419 2565 5493 gentibus,
2600 5418 2654 5474 id
2676 5426 2759 5476 est
2778 5436 2898 5493 quae
2916 5419 3163 5492 patiebar
3190 5434 3221 5474 a
3247 5417 3564 5490 gentilibus.
