3960 6050
393 176 488 231 271

956 175 1012 230 S.
1055 174 1410 232 BRUNONIS
1450 173 2099 233 CARTHUSIANORUM
2137 173 2619 233 INSTITUTORIS
2657 177 2809 234 OPP.
2852 178 3048 235 PARS.
3090 179 3156 234 II.

3596 183 3700 238 272

395 297 464 352 Et
493 314 592 368 per
617 299 873 370 pericula
901 300 965 354 in
995 301 1225 357 civitate
1257 318 1401 372 saepe
1432 302 1560 356 mihi
1591 301 1771 367 illata;
1807 308 1860 356 et
1887 317 1989 373 per
2009 301 2064 362 Α
2105 298 2268 354 tionis
2293 308 2373 354 est
2403 301 2535 355 mihi
2565 302 2687 369 iste,
2722 310 2778 358 ut
2825 311 3004 374 portet
3034 319 3234 358 nomen
3275 319 3457 358 meum
3505 318 3690 360 coram

391 388 650 458 pericula
681 389 968 442 latronum
1000 389 1086 443 vel
1118 389 1416 444 bestiarum
1447 389 1814 446 insolitudine
1849 389 1988 444 tole-

395 484 532 543 rata,
564 475 692 530 dum
715 492 880 532 causa
900 477 1300 547 praedicationis
1321 495 1540 534 nemora
1561 477 1990 549 pertransirem;

393 580 495 635 per
521 563 756 635 pericula
789 564 949 620 etiam
976 566 1338 637 praetermissa
1380 567 1433 621 in
1481 568 1620 621 mari
1652 583 1796 638 saepe
1844 567 1986 622 tole-

394 661 531 719 rata,
563 653 934 725 periperieula
966 655 1119 708 etiam
1142 673 1262 726 qua:
1281 657 1342 710 in
1359 657 1524 726 falsis
1541 657 1820 726 fratribus
1843 671 1986 726 sape

394 742 620 812 pertuli;
642 758 742 813 per
768 743 885 798 haec
915 743 1092 798 omnia
1115 745 1396 814 praemissa
1427 752 1679 798 ostensus
1711 760 1831 798 sum
1862 744 1987 815 plus

393 847 514 886 esse
545 831 794 886 minister
824 832 1019 886 Christi
1059 847 1221 902 quam
1252 832 1346 886 illi.
1383 832 1648 887 Ostensus
1677 849 1795 887 sum
1825 833 1985 887 etiam

389 919 636 974 minister
685 920 883 975 Christi
921 923 984 976 in
1041 922 1222 976 labore
1270 925 1326 975 et
1381 938 1656 988 (erumna,
1714 921 1769 975 id
1803 929 1884 976 est
1932 921 1986 974 in

391 1025 699 1064 aerumnoso
729 1009 930 1074 labore,
953 1010 1169 1080 quando
1202 1010 1381 1064 febres
1412 1010 1498 1066 vel
1527 1011 1736 1080 aliquos
1765 1010 1985 1064 morbos

390 1098 656 1168 patiebar,
690 1105 743 1152 et
788 1114 876 1152 me
922 1105 1103 1152 tamen
1145 1097 1399 1153 laborare
1449 1099 1752 1169 oportebat.
1794 1099 1855 1152 In
1897 1099 1982 1152 la-

390 1185 543 1252 bore,
594 1186 738 1252 dico,
777 1186 935 1240 etiam
965 1187 1151 1242 habito
1198 1188 1261 1241 in
1303 1188 1504 1242 multis
1547 1189 1786 1258 vigiliis;
1833 1187 1978 1258 quia,

391 1290 511 1330 cum
547 1281 654 1329 tota
683 1275 770 1329 die
800 1274 1170 1345 praedicasset,
1206 1283 1365 1331 nocte
1409 1275 1694 1330 laborabat
1725 1275 1870 1330 unde
1899 1275 1985 1330 vi-

392 1370 564 1418 veret.
603 1362 698 1418 Vel
737 1363 969 1418 orationi
997 1364 1314 1435 plerumque
1343 1363 1680 1434 invigilabat.
1717 1363 1982 1418 Ostensus

391 1468 511 1505 sum
543 1451 706 1506 etiam
736 1451 984 1506 minister
1013 1451 1232 1518 Christi,
1275 1453 1338 1506 in
1379 1454 1534 1523 fame
1579 1457 1631 1506 et
1667 1453 1788 1518 siti,
1836 1460 1888 1506 et
1917 1453 1980 1506 in

377 1541 619 1610 jejuniis
649 1543 865 1606 multis,
900 1541 1062 1595 modo
1092 1548 1304 1611 sponte,
1339 1541 1500 1595 modo
1528 1541 1757 1610 penuria
1785 1540 1981 1595 tolera-

2093 388 2318 459 regibus
2340 397 2392 444 et
2422 388 2545 445 filiis
2577 393 2744 447 lsrael
2785 393 2928 461 (Act.
2956 408 3036 459 ιχ,
3063 393 3173 464 15).
3213 414 3234 442 ι
3260 393 3380 465 Ego
3412 392 3555 448 enim
3597 407 3685 448 os—

2091 478 2308 534 tendam
2329 478 2405 533 illi
2422 487 2622 552 quanta
2641 489 2887 553 oporteat
2906 497 3026 537 eum
3051 497 3153 554 pro
3173 482 3393 538 nomine
3412 497 3534 538 meo
3554 482 3684 554 pati.

2700 677 2924 735 CAPUT
2953 678 3077 733 X11.

2161 856 2182 881 α
2222 834 2277 890 Si
2307 834 2533 906 gloriari
2571 844 2785 908 Oportet
2831 838 2962 908 (non
3009 837 3226 908 expedit
3277 837 3540 909 quidem),
3589 854 3683 894 ve—

2090 945 2111 969 α
2149 922 2292 976 niam
2339 932 2519 979 autem
2548 925 2616 979 ad
2656 925 2894 982 visiones
2922 933 2974 981 et
3026 927 3394 982 revelationes
3439 926 3677 982 Domini.

2087 1031 2110 1061 α
2145 1011 2268 1067 Seio
2299 1013 2575 1067 hominem
2622 1013 2675 1067 in
2725 1014 2936 1068 Christo
2983 1022 3110 1071 ante
3154 1031 3326 1070 annos
3348 1015 3679 1087 quatuorde-

2089 1120 2111 1150 ι
2145 1099 2272 1166 eim,
2307 1100 2422 1156 sive
2452 1101 2505 1155 in
2549 1117 2798 1173 corpore,
2846 1103 2961 1158 sive
3003 1111 3155 1158 extra
3198 1119 3413 1175 corpus,
3465 1103 3675 1171 nescio,

2087 1209 2110 1239 ι
2148 1189 2295 1243 Deus
2343 1190 2462 1259 scit,
2509 1198 2720 1261 raptum
2771 1191 3080 1259 hujusmodi
3130 1208 3302 1264 usque
3350 1191 3420 1246 ad
3467 1192 3680 1247 tertium

2083 1299 2105 1322 α
2141 1277 2358 1332 coelum.
2394 1279 2463 1332 Et
2491 1278 2604 1334 scio
2633 1279 2944 1348 hujusmodi
2974 1280 3268 1348 hominem,
3305 1280 3419 1335 sive
3465 1279 3520 1334 in
3553 1295 3677 1336 cor-

2086 1382 2107 1406 «
2141 1375 2292 1430 pore,
2326 1360 2442 1416 sive
2473 1369 2626 1416 extra
2674 1377 2895 1432 corpus,
2946 1363 3153 1430 nescio,
3188 1364 3333 1418 Deus
3381 1363 3500 1430 scit,
3534 1379 3678 1434 quo-

2086 1469 2107 1496 «
2141 1452 2288 1502 niam
2317 1457 2508 1520 raptus
2537 1457 2619 1504 est
2660 1450 2715 1504 in
2762 1451 3094 1522 paradisum,
3147 1460 3201 1507 et
3247 1451 3446 1507 audivit
3475 1466 3678 1508 arcana

2085 1557 2108 1587 ι
2143 1537 2308 1592 verba
2337 1555 2457 1608 quae
2486 1553 2593 1594 non
2623 1539 2752 1594 licet
2797 1539 3001 1594 homini
3033 1540 3199 1612 loqui.
3231 1541 3336 1594 Pro
3365 1540 3679 1609 hujusmodi

389 1628 476 1683 tis.
513 1629 779 1683 Ostensus
827 1646 944 1683 sum
997 1628 1156 1683 etiam
1190 1629 1434 1682 minister
1477 1628 1674 1683 Christi
1704 1630 2050 1718 infrigoreB
2085 1646 2106 1676 ε
2143 1624 2424 1697 gloriabor
2457 1642 2469 1681 :
2503 1642 2603 1697 pro
2635 1644 2723 1683 me
2752 1635 2931 1682 autem
2959 1629 3112 1696 nihil,
3147 1628 3251 1683 nisi
3280 1628 3334 1683 in
3387 1627 3676 1684 infirmita-

388 1721 442 1772 et
476 1718 736 1772 nuditate
759 1738 777 1784 ;
800 1717 945 1788 quia,
979 1717 1023 1770 si
1055 1716 1224 1788 frigus
1246 1733 1330 1772 me
1362 1718 1611 1788 cogebat,
1632 1717 1842 1771 auditas
1865 1725 1977 1772 erat

391 1822 513 1876 quae
542 1804 715 1877 frigus
746 1805 981 1860 fovebat.
1018 1807 1145 1861 Haec
1177 1807 1243 1860 de
1289 1806 1483 1876 quibus
1512 1807 1675 1860 modo
1713 1805 1981 1879 gloriatus

390 1909 531 1962 sum,
567 1893 618 1947 in
650 1910 880 1964 corpore
908 1894 1141 1964 pertuli;
1192 1894 1290 1948 sed
1324 1899 1533 1966 praeter
1577 1895 1682 1948 illa
1720 1911 1842 1966 qua:
1871 1911 1978 1950 ea:-

388 1985 687 2048 trinsecus,
713 1983 768 2036 id
800 1991 878 2037 est
906 1982 960 2036 in
991 1999 1222 2052 corpore
1255 1991 1378 2036 sunt
1395 1983 1638 2042 tolerata.
1663 1990 1745 2037 est
1774 1983 1979 2054 aliquid

389 2072 537 2142 quod
565 2087 652 2126 me
683 2079 838 2125 vexat
868 2070 1110 2135 interius,
1139 2071 1364 2137 scilicet,
1398 2072 1729 2142 quotidiana
1758 2073 1976 2127 solliei-

387 2160 516 2214 tudo
538 2161 792 2214 omnium
841 2161 1243 2224 Ecclesiarum,
1293 2159 1345 2213 id
1378 2167 1460 2214 est
1508 2159 1653 2230 quod
1695 2159 1840 2213 omni
1890 2159 1977 2215 die

387 2247 651 2302 sollicitus
681 2265 800 2302 sum
832 2247 899 2302 de
929 2256 1066 2302 statu
1097 2248 1258 2303 totius
1287 2247 1567 2303 Ecclesia).
1609 2249 1737 2303 Haec
1767 2247 1975 2304 sollici-

384 2335 516 2391 tudo
547 2344 628 2390 est
659 2352 777 2391 mea
809 2337 1112 2405 instantia,
1145 2337 1199 2391 id
1225 2343 1307 2390 est
1355 2335 1571 2391 assidue
1615 2336 1746 2390 mihi
1789 2336 1968 2402 instat,

385 2432 438 2478 et
467 2425 678 2497 pungit,
723 2433 777 2479 et
805 2424 1046 2496 graviter
1077 2441 1160 2478 me
1193 2424 1446 2479 stimulat.
1494 2424 1619 2478 Plus
1650 2433 1733 2479 est
1769 2424 1972 2478 instan-

382 2511 455 2566 tia
496 2528 660 2584 quam
704 2513 1030 2568 sollicitudo.
1067 2513 1329 2567 Instantia
1363 2513 1507 2568 enim
1538 2513 1746 2567 vexatio
1777 2512 1974 2568 dicitur

382 2601 623 2671 corporis
654 2609 700 2655 et
732 2601 894 2654 animi
923 2619 936 2668 ;
969 2601 1275 2656 sollicitudo
1308 2601 1476 2655 solius
1505 2601 1691 2655 animi.

452 2689 594 2744 Vere
625 2705 725 2760 pro
765 2689 1018 2744 omnibus
1049 2689 1313 2745 sollicitus
1357 2706 1495 2756 sum,
1544 2689 1669 2761 quia
1703 2689 1825 2762 quis
1854 2689 1969 2743 fra-

379 2785 519 2832 trum
548 2778 899 2847 inﬁr-matur,
934 2777 1136 2832 cadens
1168 2778 1221 2831 in
1238 2785 1540 2848 peccatum,
1573 2776 1660 2832 vel
1689 2777 1849 2832 etiam
1869 2793 1970 2847 per

387 2864 622 2922 196
654 2866 902 2920 morbum
935 2865 1197 2936 corporis,
1231 2870 1286 2920 et
1317 2882 1412 2937 ego
1442 2866 1623 2920 statim
1661 2882 1776 2922 non
1804 2866 1968 2934 inﬁr-

374 2971 517 3021 mor,
543 2954 594 3008 id
626 2962 707 3008 est
729 2970 836 3008 non
851 2954 1037 3022 judico
1079 2953 1443 3008 infirmitatem
1475 2955 1589 3022 ejus
1617 2970 1795 3008 meam
1842 2970 1964 3008 esse

2086 1735 2107 1764 α
2143 1713 2286 1768 tibus
2315 1715 2471 1770 meis.
2505 1717 2642 1769 Nam
2691 1724 2742 1770 et
2792 1717 2837 1770 si
2875 1718 3102 1772 voluero
3149 1717 3391 1789 gloriari,
3430 1734 3538 1773 non
3581 1734 3675 1774 ero

2081 1824 2102 1849 ιι
2140 1802 2421 1872 insipiens.
2474 1805 2772 1860 Veritatem
2823 1807 2965 1860 enim
3009 1806 3210 1861 dicam.
3259 1807 3426 1861 Pareo
3469 1813 3666 1876 autem,

2082 1909 2103 1939 α
2138 1906 2206 1944 ne
2237 1891 2358 1961 quis
2387 1907 2474 1946 me
2505 1893 2771 1947 existimet
2803 1910 2968 1964 supra
3017 1894 3068 1947 id
3101 1894 3245 1965 quod
3291 1894 3437 1948 videt
3467 1894 3523 1948 in
3555 1910 3663 1964 me,

2081 2002 2102 2026 α
2139 1988 2227 2034 aut
2247 1979 2398 2034 audit
2431 1981 2636 2051 aliquid
2668 1997 2732 2036 ex
2763 1999 2876 2038 me.
2916 1984 2984 2037 Et
3014 1999 3082 2038 ne
3110 1983 3424 2055 magnitudo
3458 1983 3672 2039 revela-

2081 2088 2103 2118 ‹
2139 2068 2340 2123 tionum
2373 2070 2591 2124 extollat
2628 2087 2735 2138 me,
2769 2071 2930 2126 datus
2980 2079 3062 2126 est
3092 2071 3222 2125 mihi
3254 2071 3502 2127 stimulus
3545 2087 3670 2128 car-

2079 2177 2100 2206 α
2139 2156 2224 2210 nis
2278 2173 2432 2226 meae,
2494 2158 2723 2230 angelus
2771 2159 3001 2226 Satanae,
3062 2160 3154 2231 qui
3201 2176 3290 2215 me
3347 2159 3668 2231 colaphizet.

2082 2267 2102 2292 α
2139 2245 2369 2316 Pr0pter
2399 2247 2543 2316 quod
2573 2255 2656 2302 ter
2685 2248 2974 2302 Dominum
3005 2248 3195 2321 rogavi
3223 2257 3283 2303 ut
3303 2248 3610 2304 discederet
3639 2265 3673 2304 a

2079 2354 2101 2383 ι
2137 2350 2242 2400 me,
2277 2341 2330 2388 et
2358 2334 2490 2389 dixit
2527 2335 2658 2390 mihi
2691 2352 2703 2391 :
2739 2336 2942 2392 Sufﬁcit
2987 2336 3084 2391 tibi
3134 2337 3307 2409 gratia
3342 2353 3492 2405 mea;
3540 2354 3669 2394 nam

2080 2440 2100 2472 ‹
2147 2422 2315 2477 virtus
2373 2423 2426 2476 in
2482 2422 2792 2480 infirmitate
2851 2423 3147 2496 perficitur.
3208 2426 3464 2480 Libenter
3501 2426 3667 2498 igitur

2080 2531 2098 2557 ι
2134 2510 2412 2582 gloriabor
2461 2511 2517 2565 in
2545 2511 2946 2567 infirmitatibus
2993 2513 3150 2579 meis,
3198 2521 3255 2568 ut
3297 2513 3558 2570 inhabitet
3609 2515 3666 2570 in

2077 2617 2099 2648 α
2134 2614 2222 2652 me
2272 2599 2440 2653 virtus
2480 2600 2698 2656 Christi.
2751 2602 2978 2672 Propter
3021 2601 3165 2673 quod
3202 2601 3392 2672 placeo
3438 2603 3569 2657 mihi
3611 2603 3666 2658 in

2073 2706 2095 2735 α
2127 2685 2520 2742 inﬁrmitatibus
2574 2689 2731 2756 meis,
2793 2690 2848 2744 in
2905 2689 3266 2758 contumeliis,
3317 2691 3372 2746 in
3416 2692 3657 2748 necessi-

2071 2796 2092 2821 ιι
2121 2774 2336 2845 tatibus,
2368 2775 2424 2830 in
2443 2778 2933 2848 persecutionibus,
2989 2778 3045 2832 in
3081 2779 3348 2851 angustiis
3377 2796 3476 2850 pro
3507 2780 3660 2836 Chri-

2073 2885 2095 2909 α
2132 2870 2233 2919 sto.
2269 2865 2402 2919 Cum
2446 2865 2591 2920 enim
2639 2865 2902 2933 inﬁrmor,
2949 2875 3077 2923 tunc
3115 2875 3308 2938 potens
3367 2884 3511 2923 sum.
3551 2869 3659 2924 Fa-

2072 2972 2094 3001 «
2130 2961 2245 3006 ctus
2275 2969 2395 3007 sum
2425 2954 2721 3024 insipiens;
2764 2971 2861 3010 vos
2891 2972 2978 3011 me
3007 2956 3283 3028 coegistis.
3306 2958 3426 3028 Ego
3455 2956 3600 3012 enim
3628 2973 3661 3013 a

371 3013 734 3098 condolendo.
767 3013 994 3116 Et'quis
1040 3042 1265 3096 fratrum
1296 3013 1720 3098 scandalizatur
1768 3041 1855 3097 vel
1900 3043 1964 3097 in
1989 3013 2035 3074 Ο
2065 3062 2088 3088 ιι
2125 3041 2279 3096 vobis
2308 3042 2470 3097 debui
2508 3013 2898 3098 commendari.
2949 3013 3290 3099 Nihiluenim
3335 3013 3514 3101 minus
3553 3045 3656 3101 feci

368 3131 511 3197 cibo,
544 3131 630 3186 vel
678 3132 730 3185 in
761 3131 942 3202 aliquo
985 3131 1110 3194 alio,
1143 3135 1198 3186 et
1237 3147 1329 3202 ego
1359 3131 1535 3185 statim
1584 3147 1699 3186 non
1721 3147 1872 3198 uror,
1907 3130 1962 3185 id

370 3227 452 3274 est
494 3227 719 3290 propter
763 3219 1183 3274 scandalizatum
1228 3219 1448 3274 fratrem
1482 3219 1748 3274 anxietate
1796 3218 1958 3273 animi

368 3323 480 3362 non
509 3307 842 3364 comburor?
873 3307 1147 3364 Gloriatus
1178 3324 1296 3362 sum
1338 3308 1392 3362 in
1420 3307 1720 3379 praemissis
1759 3307 1826 3363 de
1871 3308 1958 3363 his

365 3413 485 3468 quas
514 3404 638 3450 sunt
667 3413 804 3451 mea:
832 3394 1152 3450 infirmitatis
1183 3413 1196 3450 :
1231 3405 1282 3450 et
1313 3396 1488 3450 adhuc
1509 3396 1577 3451 de
1605 3395 1813 3450 eisdem
1841 3398 1956 3466 glo-

362 3485 567 3550 riabor,
601 3486 651 3540 si
680 3501 767 3539 me
794 3486 1029 3557 gloriari
1054 3488 1293 3556 oportet,
1330 3485 1468 3539 sicut
1498 3501 1693 3539 revera
1724 3500 1953 3540 necesse

361 3581 443 3628 est
470 3581 525 3628 ut
578 3573 952 3643 deprimantur
997 3573 1225 3643 pseudo,
1258 3581 1311 3627 et
1357 3572 1652 3628 aedificetur
1682 3573 1949 3628 Ecclesia.

361 3662 430 3715 Et
459 3662 512 3716 in
541 3662 625 3715 his
651 3662 720 3715 de
752 3662 946 3732 quibus
974 3662 1234 3734 gloriatus
1264 3677 1382 3715 sum
1401 3669 1453 3715 et
1480 3661 1777 3732 gloriabor,
1805 3663 1952 3716 Deus

359 3751 627 3821 scitquod
647 3749 700 3803 in
731 3749 880 3803 nullo
911 3750 1106 3803 horum
1138 3751 1383 3804 mentior
1410 3769 1427 3804 :
1459 3749 1551 3820 qui
1600 3757 1681 3803 est
1716 3751 1858 3805 Deus
1894 3754 1949 3806 et

359 3841 530 3892 Pater
550 3838 772 3892 Domini
800 3839 910 3892 mei
951 3839 1081 3892 Jesu
1114 3838 1320 3892 Christi
1343 3845 1428 3892 :et
1456 3854 1556 3908 per
1583 3839 1766 3892 Jesum
1803 3839 1953 3892 Chri-

360 3933 503 3980 stum
548 3925 828 3979 familiaris
872 3925 1001 3979 mihi
1035 3944 1048 3979 :
1081 3927 1176 3998 qui
1221 3927 1368 3980 Deus
1391 3929 1474 3980 est
1515 3926 1836 3981 benedictus
1885 3929 1948 3982 in

357 4015 567 4070 saecula
588 4030 688 4084 per
720 4013 991 4068 Christum
1020 4015 1206 4069 Jesum
1234 4033 1247 4081 ;
1282 4021 1333 4068 et
1355 4030 1454 4084 per
1469 4029 1644 4068 meam
1676 4014 1947 4084 praedica-

355 4102 580 4158 tionem.
602 4104 680 4157 De
699 4103 821 4171 hoc,
847 4103 1089 4173 inquam,
1110 4118 1217 4156 non
1234 4102 1481 4167 mentior,
1503 4101 1646 4174 quod
1663 4103 1944 4169 Damasci,

351 4191 406 4245 id
438 4199 521 4246 est
550 4191 695 4262 apud
717 4192 1041 4247 Damascum
1060 4191 1392 4263 praepositus
1422 4191 1545 4244 illus
1573 4191 1778 4261 gent-is,
1799 4206 1945 4261 pra:-

351 4280 563 4350 positus
593 4280 716 4335 dico
747 4281 929 4335 Areto:
958 4282 1122 4352 regis,
1149 4279 1202 4333 id
1232 4287 1315 4334 est
1345 4279 1443 4333 sub
1475 4282 1638 4334 Areta
1667 4296 1818 4350 rege,
1854 4279 1946 4350 qui

2063 3152 2086 3176 ιι
2121 3129 2190 3182 ab
2219 3129 2302 3184 his
2331 3131 2422 3202 qui
2480 3139 2602 3185 sunt
2660 3147 2826 3202 supra
2862 3133 3081 3187 modum
3123 3133 3370 3204 apostoli.
3420 3134 3657 3190 Tametsi

2063 3237 2084 3267 α
2121 3217 2251 3271 nihil
2275 3235 2414 3286 sum,
2448 3219 2606 3292 signa
2633 3227 2813 3275 tamen
2842 3221 3175 3291 apostolatus
3205 3222 3311 3276 mei
3351 3221 3488 3278 facta
3526 3230 3652 3277 sunt

2062 3327 2084 3354 «
2119 3322 2284 3377 super
2313 3323 2410 3363 vos
2439 3308 2495 3362 in
2523 3309 2671 3364 omni
2714 3309 2993 3379 patientia,
3028 3309 3083 3363 in
3133 3309 3307 3382 signis
3358 3319 3412 3365 et
3455 3311 3649 3381 prodi-

2061 3415 2081 3440 u
2116 3393 2241 3464 giis,
2274 3402 2327 3450 et
2354 3395 2664 3451 virtutibus.
2695 3396 2837 3464 Quid
2865 3404 2946 3451 est
2977 3397 3122 3452 enim
3151 3397 3297 3468 quod
3327 3398 3508 3453 minus
3544 3401 3650 3455 ha-

2059 3501 2080 3530 α
2115 3481 2308 3538 buistis
2353 3501 2468 3555 pra:
2495 3485 2708 3541 caeteris
2735 3484 3017 3550 Ecclesiis,
3053 3484 3159 3538 nisi
3201 3485 3347 3556 quod
3376 3502 3482 3558 ego
3528 3487 3648 3558 ipse

2057 3591 2078 3616 «
2114 3585 2222 3625 non
2279 3573 2500 3642 gravavi
2548 3572 2696 3628 vos?
2744 3572 2960 3627 Donate
3008 3571 3138 3625 mihi
3185 3573 3322 3627 hanc
3371 3571 3646 3641 injuriam.

2055 3679 2078 3705 α
2112 3658 2256 3713 Ecce
2287 3660 2445 3714 tertio
2475 3661 2579 3715 hoc
2607 3667 2825 3730 paratus
2858 3676 2976 3713 sum
2993 3659 3181 3714 venire
3203 3660 3274 3714 ad
3292 3675 3388 3715 vos
3412 3676 3424 3715 :
3451 3668 3505 3716 et
3533 3677 3645 3717 non

2053 3767 2076 3792 α
2111 3761 2202 3800 ero
2231 3747 2414 3818 gravis
2448 3747 2624 3802 vobis.
2673 3748 2798 3802 Non
2855 3747 3000 3802 enim
3055 3764 3239 3820 quaero
3290 3765 3411 3819 quae
3458 3756 3643 3804 vestra

2053 3854 2075 3882 α
2112 3842 2252 3900 sunt,
2285 3835 2383 3890 sed
2412 3851 2530 3891 vos.
2579 3837 2695 3891 Nec
2743 3835 2889 3891 enim
2943 3836 3144 3891 debent
3183 3835 3281 3890 filii
3324 3837 3642 3907 parentibus

2051 3943 2073 3968 ιι
2110 3923 2492 3990 thesaurizare,
2527 3925 2624 3979 sed
2654 3932 2904 3995 parentes
2935 3924 3080 3979 filiis.
3114 3925 3234 3997 Ego
3261 3933 3442 3980 autem
3472 3925 3640 3980 liben-

2052 4033 2073 4056 α
2110 4010 2318 4066 tissime
2364 4012 2704 4083 impendam,
2757 4021 2810 4068 et
2853 4013 3310 4085 superimpendar
3354 4029 3460 4086 ego
3522 4014 3641 4084 ipse

2050 4119 2072 4148 α
2105 4115 2206 4168 pro
2235 4100 2522 4155 animabus
2551 4101 2750 4156 vestris
2775 4120 2788 4168 ;
2812 4100 2957 4167 licet,
2991 4101 3114 4172 plus
3137 4116 3233 4158 vos
3263 4100 3514 4173 diligens,
3540 4103 3642 4158 mi-

2050 4207 2073 4236 «
2107 4203 2207 4241 nus
2236 4188 2460 4261 diligar.
2500 4190 2607 4246 Sed
2637 4198 2772 4246 esto.
2813 4191 2945 4265 .Ego
2975 4206 3074 4246 vos
3105 4206 3216 4246 non
3254 4190 3496 4262 gravavi,
3538 4191 3638 4247 sed

2047 4297 2069 4320 α
2106 4290 2229 4330 cum
2260 4293 2440 4332 essem
2481 4277 2713 4334 19³7
2753 4286 2982 4347 astutus,
3016 4277 3143 4333 dolo
3171 4294 3270 4334 vos
3314 4279 3455 4350 cmpi
3482 4279 3642 4334 Nun-

350 4367 426 4422 ibi
464 4368 765 4438 imperavit,
816 4367 903 4423 hic
949 4368 1292 4439 praepositus,
1344 4367 1854 4438 conductusprece
1893 4371 2018 4432 etD
2051 4384 2073 4410 α
2110 4363 2260 4434 quid,
2293 4382 2394 4436 per
2421 4365 2657 4437 aliquem
2686 4382 2877 4422 eorum
2908 4383 3044 4438 quos
3080 4366 3203 4421 misi
3239 4367 3307 4421 ad
3337 4383 3454 4433 vos,
3506 4383 3635 4422 cur-

349 4456 524 4528 pretio
551 4456 882 4523 Judaeorum,
903 4457 1250 4514 custodiebat
1280 4457 1569 4513 civitatem
1584 4457 1946 4512 Damasceno-

355 4561 493 4611 rum,
526 4549 592 4600 ut
618 4561 708 4600 me
737 4547 1252 4617 comprehenderet.
1287 4545 1484 4600 Paulus
1519 4545 1663 4599 enim
1694 4543 1942 4613 baptiza-

353 4642 440 4690 tus
467 4634 534 4688 ab
565 4634 794 4700 Anania,
827 4634 1142 4705 aliquandiu
1171 4641 1478 4688 remoratus
1507 4631 1775 4698 Damasci,
1803 4630 1944 4685 aﬁir-

353 4723 535 4777 mabat
564 4723 638 4776 ibi
669 4723 725 4776 in
773 4723 1090 4794 Synagoga,
1134 4722 1393 4793 quoniam
1439 4719 1526 4774 hic
1573 4727 1654 4774 est
1697 4719 1942 4774 Christus

350 4811 497 4882 (Act.
530 4827 610 4880 IX,
644 4813 860 4881 22-24),
896 4819 999 4866 etc.
1034 4809 1153 4878 Quo
1183 4809 1300 4864 zelo
1329 4806 1781 4865 commoti'Judaei
1802 4823 1940 4863 con-

348 4907 614 4954 venerunt
643 4915 764 4954 cum
802 4899 986 4968 judice
1033 4897 1205 4964 urbis,
1244 4904 1300 4952 ut
1347 4896 1544 4951 Paulus
1574 4896 1939 4967 comprehen-

349 4987 605 5050 deretur,
656 4987 745 5058 qui
796 5003 922 5042 reus
967 4994 1131 5041 esset.
1191 4985 1515 5056 Prmpositus
1561 4984 1780 5040 volebat
1851 4999 1939 5039 me

349 5076 837 5146 comprehendere,
878 5081 934 5131 et
980 5091 1084 5146 ego
1129 5090 1230 5146 per
1281 5077 1598 5146 fenestram
1636 5075 1697 5128 in
1743 5077 1937 5145 sporta

350 5164 628 5221 demissus
648 5182 774 5220 sum
798 5183 831 5219 a
852 5165 1127 5235 fratribus
1163 5179 1263 5234 per
1287 5179 1517 5218 murum
1543 5161 1760 5232 (domus
1791 5161 1935 5216 enim

343 5253 398 5308 in
431 5269 538 5325 qua
586 5252 977 5324 hospitabatur,
1029 5251 1271 5306 harebat
1312 5255 1511 5320 muro),
1562 5253 1618 5304 et
1656 5252 1735 5304 sic
1767 5249 1937 5320 effugi

344 5360 551 5398 manus
581 5344 702 5413 ejus
748 5339 1022 5411 praepositi
1053 5340 1196 5407 (Act.
1230 5354 1310 5407 ιχ,
1344 5341 1457 5407 25).
1489 5339 1611 5392 Non
1641 5337 1830 5408 effugit
1875 5343 1936 5391 ut

339 5431 716 5486 reformidaret
756 5428 864 5500 pati
909 5442 1006 5499 pro
1055 5427 1274 5482 nomine
1318 5426 1550 5494 Christi;
1603 5426 1702 5481 sed
1744 5433 1803 5480 ut
1831 5424 1933 5480 im-

337 5518 578 5590 pleretur
607 5517 756 5591 quod
785 5500 889 5574 vox
917 5515 1100 5574 divina
1125 5514 1335 5574 dixerat
1369 5515 1438 5574 de
1459 5529 1563 5573 eo:
1598 5535 1621 5568 ι
1656 5514 1767 5572 Vas
1788 5513 1932 5574 elec-

2047 4471 2069 4501 α
2109 4454 2359 4510 cumveni
2389 4470 2485 4511 vos
2505 4455 2532 4508 Ὺ
2553 4455 2762 4528 Rogavi
2790 4456 2988 4522 Titum,
3021 4463 3075 4511 et
3101 4454 3224 4510 misi
3254 4470 3378 4510 cum
3407 4455 3500 4511 illo
3515 4454 3636 4510 fra-

2048 4561 2071 4586 n
2103 4546 2258 4596 trem.
2316 4543 2571 4614 Nunquid
2620 4544 2770 4598 Titus
2827 4559 2926 4598 vos
2982 4543 3387 4600 circumvenit?
3439 4545 3635 4600 Nonne

2046 4647 2069 4676 ι
2105 4628 2298 4683 eodem
2329 4630 2518 4700 spiritu
2547 4630 2963 4697 ambulavimus,
2997 4647 3178 4686 nonne
3215 4630 3424 4686 eisdem
3467 4631 3636 4687 vesti-

2047 4735 2069 4765 ι
2101 4715 2210 4788 giis
2225 4717 2252 4770 ?
2286 4717 2428 4773 Olim
2457 4719 2654 4789 putatis
2685 4719 2831 4791 quod
2863 4735 3184 4775 excusemus
3204 4734 3304 4774 nos
3324 4721 3472 4790 apud
3487 4734 3584 4776 vos
3604 4720 3634 4775 ‘t

2045 4827 2067 4856 α
2095 4806 2288 4862 Coram
2310 4807 2426 4862 Deo
2447 4806 2502 4861 in
2523 4807 2740 4863 Christo
2761 4807 3048 4880 loquimur.
3074 4806 3268 4863 Omnia
3289 4817 3489 4874 autem,
3509 4809 3636 4865 cha-

2045 4917 2067 4947 α
2101 4894 2332 4961 rissimi,
2382 4903 2607 4966 propter
2661 4895 3073 4952 aediﬁcationem
3128 4904 3384 4952 vestram.
3442 4897 3630 4953 Timeo

2043 5006 2065 5035 ι
2101 4985 2242 5040 enim
2272 4999 2341 5038 ne
2370 4983 2525 5049 forte,
2559 4999 2680 5040 cum
2710 5001 2929 5053 venero,
2964 5001 3071 5041 non
3095 4985 3283 5056 quales
3315 4985 3438 5041 volo
3469 4985 3630 5042 inve-

2039 5096 2058 5119 ι.
2085 5073 2228 5127 niam
2247 5087 2366 5138 vos,
2390 5080 2442 5126 et
2459 5088 2562 5142 ego
2581 5071 2823 5127 inveniar
2842 5088 2874 5127 a
2894 5073 3068 5139 vobis,
3087 5073 3302 5145 qualem
3323 5089 3430 5128 non
3444 5073 3627 5141 vultis,

2039 5182 2060 5212 ε
2095 5177 2165 5217 ne
2203 5160 2338 5216 forte
2367 5160 2758 5230 contentiones,
2792 5161 3182 5227 aemulationes,
3229 5161 3623 5232 animositates,

2036 5273 2057 5298 «
2096 5249 2487 5316 dissensiones,
2520 5249 2915 5319 detractiones,
2951 5250 3367 5314 susurrationes,
3397 5249 3628 5306 inﬂatio-

2036 5361 2057 5386 α
2094 5355 2212 5410 nes,
2245 5338 2559 5404 seditiones,
2593 5338 2698 5393 sint
2727 5337 2868 5394 inter
2894 5354 3012 5405 vos,
3033 5355 3102 5394 ne
3131 5338 3346 5408 iterum,
3377 5355 3498 5394 cum
3523 5353 3624 5394 ve-

2035 5447 2058 5478 (
2090 5442 2244 5495 nero,
2269 5426 2516 5482 humiliet
2534 5443 2622 5482 me
2644 5427 2792 5482 Deus
2812 5427 2956 5498 apud
2974 5442 3092 5494 vos,
3117 5434 3171 5482 et
3191 5426 3408 5500 lugeam
3424 5426 3625 5484 multos

2034 5535 2058 5568 ι
2093 5531 2159 5574 ex
2185 5515 2271 5573 his
2300 5515 2389 5585 qui
2416 5522 2540 5573 ante
2560 5523 2946 5588 peccaverunt,
2977 5522 3032 5575 et
3058 5530 3170 5574 non
3189 5524 3422 5590 egerunt
3437 5514 3623 5591 poeni-
