  <div class='ocr_page' id='page_1' title='image "/cluster/home/n/w/nwhite01/storage/ocr_20150623/153/hvd.32044054760111/142.png"; bbox 0 0 3960 6050; ppageno 0'>
   <div class='ocr_carea' id='block_1_1' title="bbox 308 139 414 196">
    <p class='ocr_par' dir='ltr' id='par_1_1' title="bbox 308 139 414 196">
     <span class='ocr_line' id='line_1_1' title="bbox 308 139 414 196; baseline -0.019 -1"><span class='ocrx_word' id='word_1_1' title='bbox 308 139 414 196; x_wconf 72' lang='grc'>2⁵73</span> 
     </span>
    </p>
   </div>
   <div class='ocr_carea' id='block_1_2' title="bbox 937 136 2984 203">
    <p class='ocr_par' dir='ltr' id='par_1_2' title="bbox 937 136 2984 203">
     <span class='ocr_line' id='line_1_2' title="bbox 937 136 2984 203; baseline 0.003 -8"><span class='ocrx_word' id='word_1_2' title='bbox 937 136 1320 195; x_wconf 86' lang='lat' dir='ltr'>EXPOSITIO</span> <span class='ocrx_word' id='word_1_3' title='bbox 1359 140 1433 196; x_wconf 92' lang='lat' dir='ltr'>IN</span> <span class='ocrx_word' id='word_1_4' title='bbox 1469 137 1851 196; x_wconf 78' lang='lat' dir='ltr'>EPISTOLAS</span> <span class='ocrx_word' id='word_1_5' title='bbox 1889 138 2111 199; x_wconf 79' lang='lat' dir='ltr'>PAULI.</span> <span class='ocrx_word' id='word_1_6' title='bbox 2144 173 2213 184; x_wconf 89' lang='lat'>—</span> <span class='ocrx_word' id='word_1_7' title='bbox 2244 144 2319 200; x_wconf 89' lang='lat' dir='ltr'><strong>IN</strong></span> <span class='ocrx_word' id='word_1_8' title='bbox 2345 143 2562 200; x_wconf 90' lang='lat' dir='ltr'>EPIST.</span> <span class='ocrx_word' id='word_1_9' title='bbox 2597 145 2644 200; x_wconf 89' lang='lat' dir='ltr'>Il</span> <span class='ocrx_word' id='word_1_10' title='bbox 2682 145 2777 201; x_wconf 86' lang='lat' dir='ltr'>AD</span> <span class='ocrx_word' id='word_1_11' title='bbox 2824 145 2984 203; x_wconf 83' lang='lat' dir='ltr'>COR.</span> 
     </span>
    </p>
   </div>
   <div class='ocr_carea' id='block_1_3' title="bbox 3510 150 3617 207">
    <p class='ocr_par' dir='ltr' id='par_1_3' title="bbox 3510 150 3617 207">
     <span class='ocr_line' id='line_1_3' title="bbox 3510 150 3617 207; baseline -0.019 0"><span class='ocrx_word' id='word_1_12' title='bbox 3510 150 3617 207; x_wconf 71' lang='grc'>274</span> 
     </span>
    </p>
   </div>
   <div class='ocr_carea' id='block_1_4' title="bbox 317 262 3615 343">
    <p class='ocr_par' dir='ltr' id='par_1_4' title="bbox 317 262 3615 343">
     <span class='ocr_line' id='line_1_4' title="bbox 317 262 3615 343; baseline 0.004 -29"><span class='ocrx_word' id='word_1_13' title='bbox 317 283 341 314; x_wconf 75' lang='grc' dir='ltr'><strong>α</strong></span> <span class='ocrx_word' id='word_1_14' title='bbox 375 262 599 319; x_wconf 79' lang='lat' dir='ltr'>tentiam</span> <span class='ocrx_word' id='word_1_15' title='bbox 628 278 791 335; x_wconf 90' lang='lat' dir='ltr'>super</span> <span class='ocrx_word' id='word_1_16' title='bbox 809 262 1146 320; x_wconf 88' lang='lat' dir='ltr'>immunditia</span> <span class='ocrx_word' id='word_1_17' title='bbox 1175 272 1228 321; x_wconf 90' lang='lat' dir='ltr'>et</span> <span class='ocrx_word' id='word_1_18' title='bbox 1283 264 1652 332; x_wconf 76' lang='lat' dir='ltr'>fornicatione,</span> <span class='ocrx_word' id='word_1_19' title='bbox 1713 271 1764 320; x_wconf 94' lang='lat' dir='ltr'>et</span> <span class='ocrx_word' id='word_1_20' title='bbox 1799 262 1905 318; x_wconf 90' lang='lat' dir='ltr'>im-</span> <span class='ocrx_word' id='word_1_21' title='bbox 1926 268 1981 327; x_wconf 82' lang='lat' dir='ltr'><strong>A</strong></span> <span class='ocrx_word' id='word_1_22' title='bbox 2014 266 2302 323; x_wconf 87' lang='lat' dir='ltr'>Cherubim</span> <span class='ocrx_word' id='word_1_23' title='bbox 2333 277 2387 324; x_wconf 90' lang='lat' dir='ltr'>et</span> <span class='ocrx_word' id='word_1_24' title='bbox 2408 270 2710 343; x_wconf 90' lang='lat' dir='ltr'>Seraphim,</span> <span class='ocrx_word' id='word_1_25' title='bbox 2747 271 2934 327; x_wconf 91' lang='lat' dir='ltr'>dicens</span> <span class='ocrx_word' id='word_1_26' title='bbox 2965 271 3208 328; x_wconf 90' lang='lat' dir='ltr'>ordinem</span> <span class='ocrx_word' id='word_1_27' title='bbox 3240 271 3487 328; x_wconf 91' lang='lat' dir='ltr'>certium.</span> <span class='ocrx_word' id='word_1_28' title='bbox 3546 273 3615 328; x_wconf 91' lang='lat' dir='ltr'>Et</span> 
     </span>
    </p>
   </div>
   <div class='ocr_carea' id='block_1_5' title="bbox 320 351 1233 427">
    <p class='ocr_par' dir='ltr' id='par_1_5' title="bbox 320 351 1233 427">
     <span class='ocr_line' id='line_1_5' title="bbox 320 351 1233 427; baseline 0.007 -24"><span class='ocrx_word' id='word_1_29' title='bbox 320 372 342 403; x_wconf 75' lang='grc' dir='ltr'>ι</span> <span class='ocrx_word' id='word_1_30' title='bbox 375 351 635 425; x_wconf 80' lang='lat' dir='ltr'>pudicitia</span> <span class='ocrx_word' id='word_1_31' title='bbox 667 368 829 426; x_wconf 89' lang='lat' dir='ltr'>quam</span> <span class='ocrx_word' id='word_1_32' title='bbox 860 362 1168 427; x_wconf 87' lang='lat' dir='ltr'>gesserunt.</span> <span class='ocrx_word' id='word_1_33' title='bbox 1211 377 1233 402; x_wconf 76' lang='grc' dir='ltr'>ι»</span> 
     </span>
    </p>
   </div>
   <div class='ocr_carea' id='block_1_6' title="bbox 958 570 1275 613">
    <p class='ocr_par' dir='ltr' id='par_1_6' title="bbox 958 570 1275 613">
     <span class='ocr_line' id='line_1_6' title="bbox 958 570 1275 613; baseline -0.006 0"><span class='ocrx_word' id='word_1_34' title='bbox 958 570 1254 613; x_wconf 71' lang='grc' dir='ltr'>Εχροειτιο</span> <span class='ocrx_word' id='word_1_35' title='bbox 1263 599 1275 611; x_wconf 94' lang='grc'><strong>.</strong></span> 
     </span>
    </p>
   </div>
   <div class='ocr_carea' id='block_1_7' title="bbox 389 715 1918 788">
    <p class='ocr_par' dir='ltr' id='par_1_7' title="bbox 389 715 1918 788">
     <span class='ocr_line' id='line_1_7' title="bbox 389 715 1918 788; baseline 0.001 -15"><span class='ocrx_word' id='word_1_36' title='bbox 389 716 667 773; x_wconf 91' lang='lat' dir='ltr'>Gloriatus</span> <span class='ocrx_word' id='word_1_37' title='bbox 697 733 816 772; x_wconf 91' lang='lat' dir='ltr'>sum</span> <span class='ocrx_word' id='word_1_38' title='bbox 849 716 1102 788; x_wconf 85' lang='lat' dir='ltr'>superius</span> <span class='ocrx_word' id='word_1_39' title='bbox 1133 716 1202 771; x_wconf 89' lang='lat' dir='ltr'>de</span> <span class='ocrx_word' id='word_1_40' title='bbox 1230 715 1366 772; x_wconf 89' lang='lat' dir='ltr'>meis</span> <span class='ocrx_word' id='word_1_41' title='bbox 1396 715 1819 772; x_wconf 87' lang='lat' dir='ltr'>inﬁrmitatibus.</span> <span class='ocrx_word' id='word_1_42' title='bbox 1856 718 1918 774; x_wconf 88' lang='lat' dir='ltr'>Si</span> 
     </span>
    </p>
   </div>
   <div class='ocr_carea' id='block_1_8' title="bbox 315 804 1918 877">
    <p class='ocr_par' dir='ltr' id='par_1_8' title="bbox 315 804 1918 877">
     <span class='ocr_line' id='line_1_8' title="bbox 315 804 1918 877; baseline 0 -16"><span class='ocrx_word' id='word_1_43' title='bbox 315 806 515 861; x_wconf 86' lang='lat' dir='ltr'>iterum</span> <span class='ocrx_word' id='word_1_44' title='bbox 542 806 777 877; x_wconf 87' lang='lat' dir='ltr'>gloriari</span> <span class='ocrx_word' id='word_1_45' title='bbox 805 808 1024 877; x_wconf 84' lang='lat' dir='ltr'>oportet</span> <span class='ocrx_word' id='word_1_46' title='bbox 1056 804 1215 874; x_wconf 81' lang='lat' dir='ltr'>(sicut</span> <span class='ocrx_word' id='word_1_47' title='bbox 1244 804 1427 875; x_wconf 87' lang='lat' dir='ltr'>utique</span> <span class='ocrx_word' id='word_1_48' title='bbox 1457 813 1681 876; x_wconf 85' lang='lat' dir='ltr'>prepter</span> <span class='ocrx_word' id='word_1_49' title='bbox 1709 805 1918 876; x_wconf 90' lang='lat' dir='ltr'>pseudo</span> 
     </span>
    </p>
   </div>
   <div class='ocr_carea' id='block_1_9' title="bbox 317 892 1918 965">
    <p class='ocr_par' dir='ltr' id='par_1_9' title="bbox 317 892 1918 965">
     <span class='ocr_line' id='line_1_9' title="bbox 317 892 1918 965; baseline 0 -15"><span class='ocrx_word' id='word_1_50' title='bbox 317 901 686 965; x_wconf 87' lang='lat' dir='ltr'>opportunum</span> <span class='ocrx_word' id='word_1_51' title='bbox 716 900 817 948; x_wconf 91' lang='lat' dir='ltr'>est.</span> <span class='ocrx_word' id='word_1_52' title='bbox 848 892 1236 963; x_wconf 89' lang='lat' dir='ltr'>Interpositio),</span> <span class='ocrx_word' id='word_1_53' title='bbox 1260 892 1306 945; x_wconf 91' lang='lat' dir='ltr'>si</span> <span class='ocrx_word' id='word_1_54' title='bbox 1336 901 1570 963; x_wconf 86' lang='lat' dir='ltr'>oportet,</span> <span class='ocrx_word' id='word_1_55' title='bbox 1603 909 1719 949; x_wconf 91' lang='lat' dir='ltr'>non</span> <span class='ocrx_word' id='word_1_56' title='bbox 1750 910 1918 965; x_wconf 88' lang='lat' dir='ltr'>expe-</span> 
     </span>
    </p>
   </div>
   <div class='ocr_carea' id='block_1_10' title="bbox 318 980 1920 1055">
    <p class='ocr_par' dir='ltr' id='par_1_10' title="bbox 318 980 1920 1055">
     <span class='ocr_line' id='line_1_10' title="bbox 318 980 1920 1055; baseline 0.001 -18"><span class='ocrx_word' id='word_1_57' title='bbox 318 984 407 1037; x_wconf 86' lang='lat' dir='ltr'>dit</span> <span class='ocrx_word' id='word_1_58' title='bbox 436 982 677 1055; x_wconf 79' lang='lat' dir='ltr'>quidem,</span> <span class='ocrx_word' id='word_1_59' title='bbox 709 982 763 1036; x_wconf 88' lang='lat' dir='ltr'>id</span> <span class='ocrx_word' id='word_1_60' title='bbox 794 989 877 1037; x_wconf 83' lang='lat' dir='ltr'>est</span> <span class='ocrx_word' id='word_1_61' title='bbox 906 997 993 1036; x_wconf 92' lang='lat' dir='ltr'>me</span> <span class='ocrx_word' id='word_1_62' title='bbox 1024 981 1079 1035; x_wconf 92' lang='lat' dir='ltr'>in</span> <span class='ocrx_word' id='word_1_63' title='bbox 1108 980 1256 1035; x_wconf 92' lang='lat' dir='ltr'>nullo</span> <span class='ocrx_word' id='word_1_64' title='bbox 1288 980 1415 1036; x_wconf 87' lang='lat' dir='ltr'>facit</span> <span class='ocrx_word' id='word_1_65' title='bbox 1443 981 1755 1052; x_wconf 89' lang='lat' dir='ltr'>expeditum</span> <span class='ocrx_word' id='word_1_66' title='bbox 1803 982 1920 1039; x_wconf 76' lang='lat' dir='ltr'>haec</span> 
     </span>
    </p>
   </div>
   <div class='ocr_carea' id='block_1_11' title="bbox 316 1070 1913 1143">
    <p class='ocr_par' dir='ltr' id='par_1_11' title="bbox 316 1070 1913 1143">
     <span class='ocr_line' id='line_1_11' title="bbox 316 1070 1913 1143; baseline 0 -19"><span class='ocrx_word' id='word_1_67' title='bbox 316 1070 515 1143; x_wconf 84' lang='lat' dir='ltr'>gloria.</span> <span class='ocrx_word' id='word_1_68' title='bbox 536 1070 612 1139; x_wconf 91' lang='lat' dir='ltr'>Si,</span> <span class='ocrx_word' id='word_1_69' title='bbox 631 1070 873 1141; x_wconf 88' lang='lat' dir='ltr'>inquam,</span> <span class='ocrx_word' id='word_1_70' title='bbox 895 1071 1371 1140; x_wconf 89' lang='lat' dir='ltr'>oportet,venia-m</span> <span class='ocrx_word' id='word_1_71' title='bbox 1401 1070 1473 1124; x_wconf 90' lang='lat' dir='ltr'>ad</span> <span class='ocrx_word' id='word_1_72' title='bbox 1495 1071 1758 1141; x_wconf 73' lang='lat' dir='ltr'>visiones,</span> <span class='ocrx_word' id='word_1_73' title='bbox 1784 1078 1913 1136; x_wconf 89' lang='lat' dir='ltr'>etc.;</span> 
     </span>
    </p>
   </div>
   <div class='ocr_carea' id='block_1_12' title="bbox 320 1157 1918 1229">
    <p class='ocr_par' dir='ltr' id='par_1_12' title="bbox 320 1157 1918 1229">
     <span class='ocr_line' id='line_1_12' title="bbox 320 1157 1918 1229; baseline 0 -16"><span class='ocrx_word' id='word_1_74' title='bbox 320 1166 416 1213; x_wconf 88' lang='lat' dir='ltr'>aut</span> <span class='ocrx_word' id='word_1_75' title='bbox 439 1158 688 1229; x_wconf 78' lang='lat' dir='ltr'>jungitur</span> <span class='ocrx_word' id='word_1_76' title='bbox 718 1158 791 1211; x_wconf 88' lang='lat' dir='ltr'>ibi</span> <span class='ocrx_word' id='word_1_77' title='bbox 829 1174 840 1211; x_wconf 90' lang='lat'><strong>:</strong></span> <span class='ocrx_word' id='word_1_78' title='bbox 874 1157 999 1213; x_wconf 90' lang='lat' dir='ltr'>Lice</span> <span class='ocrx_word' id='word_1_79' title='bbox 1030 1164 1289 1229; x_wconf 87' lang='lat' dir='ltr'>quantum</span> <span class='ocrx_word' id='word_1_80' title='bbox 1339 1158 1408 1212; x_wconf 90' lang='lat' dir='ltr'>ad</span> <span class='ocrx_word' id='word_1_81' title='bbox 1459 1174 1546 1212; x_wconf 85' lang='lat' dir='ltr'>me</span> <span class='ocrx_word' id='word_1_82' title='bbox 1594 1173 1701 1213; x_wconf 90' lang='lat' dir='ltr'>non</span> <span class='ocrx_word' id='word_1_83' title='bbox 1748 1174 1918 1229; x_wconf 90' lang='lat' dir='ltr'>expe-</span> 
     </span>
    </p>
   </div>
   <div class='ocr_carea' id='block_1_13' title="bbox 320 1246 1919 1316">
    <p class='ocr_par' dir='ltr' id='par_1_13' title="bbox 320 1246 1919 1316">
     <span class='ocr_line' id='line_1_13' title="bbox 320 1246 1919 1316; baseline 0.001 -15"><span class='ocrx_word' id='word_1_84' title='bbox 320 1247 455 1316; x_wconf 88' lang='lat' dir='ltr'>diat,</span> <span class='ocrx_word' id='word_1_85' title='bbox 488 1254 670 1301; x_wconf 88' lang='lat' dir='ltr'>tamen</span> <span class='ocrx_word' id='word_1_86' title='bbox 698 1246 911 1301; x_wconf 85' lang='lat' dir='ltr'>veniam</span> <span class='ocrx_word' id='word_1_87' title='bbox 941 1246 1010 1300; x_wconf 91' lang='lat' dir='ltr'>ad</span> <span class='ocrx_word' id='word_1_88' title='bbox 1066 1246 1307 1301; x_wconf 87' lang='lat' dir='ltr'>visiones</span> <span class='ocrx_word' id='word_1_89' title='bbox 1338 1253 1387 1301; x_wconf 91' lang='lat' dir='ltr'>et</span> <span class='ocrx_word' id='word_1_90' title='bbox 1418 1246 1780 1301; x_wconf 85' lang='lat' dir='ltr'>revelationes</span> <span class='ocrx_word' id='word_1_91' title='bbox 1810 1248 1919 1303; x_wconf 89' lang='lat' dir='ltr'>Do-</span> 
     </span>
    </p>
   </div>
   <div class='ocr_carea' id='block_1_14' title="bbox 316 1333 1919 1407">
    <p class='ocr_par' dir='ltr' id='par_1_14' title="bbox 316 1333 1919 1407">
     <span class='ocr_line' id='line_1_14' title="bbox 316 1333 1919 1407; baseline -0.001 -18"><span class='ocrx_word' id='word_1_92' title='bbox 316 1336 486 1401; x_wconf 89' lang='lat' dir='ltr'>mini,</span> <span class='ocrx_word' id='word_1_93' title='bbox 523 1344 575 1390; x_wconf 90' lang='lat' dir='ltr'>et</span> <span class='ocrx_word' id='word_1_94' title='bbox 603 1335 658 1388; x_wconf 92' lang='lat' dir='ltr'>in</span> <span class='ocrx_word' id='word_1_95' title='bbox 687 1335 796 1389; x_wconf 92' lang='lat' dir='ltr'>illis</span> <span class='ocrx_word' id='word_1_96' title='bbox 828 1334 1128 1407; x_wconf 82' lang='lat' dir='ltr'>gloriabor.</span> <span class='ocrx_word' id='word_1_97' title='bbox 1164 1334 1415 1388; x_wconf 88' lang='lat' dir='ltr'>Visiones</span> <span class='ocrx_word' id='word_1_98' title='bbox 1444 1333 1572 1390; x_wconf 90' lang='lat' dir='ltr'>dicit</span> <span class='ocrx_word' id='word_1_99' title='bbox 1603 1342 1655 1389; x_wconf 88' lang='lat' dir='ltr'>et</span> <span class='ocrx_word' id='word_1_100' title='bbox 1700 1334 1919 1389; x_wconf 89' lang='lat' dir='ltr'>revela-</span> 
     </span>
    </p>
   </div>
   <div class='ocr_carea' id='block_1_15' title="bbox 318 1421 1919 1495">
    <p class='ocr_par' dir='ltr' id='par_1_15' title="bbox 318 1421 1919 1495">
     <span class='ocr_line' id='line_1_15' title="bbox 318 1421 1919 1495; baseline -0.001 -18"><span class='ocrx_word' id='word_1_101' title='bbox 318 1424 517 1493; x_wconf 88' lang='lat' dir='ltr'>tiones,</span> <span class='ocrx_word' id='word_1_102' title='bbox 553 1422 677 1494; x_wconf 90' lang='lat' dir='ltr'>quia</span> <span class='ocrx_word' id='word_1_103' title='bbox 707 1423 1014 1494; x_wconf 78' lang='lat' dir='ltr'>quod‘vidit</span> <span class='ocrx_word' id='word_1_104' title='bbox 1063 1421 1361 1477; x_wconf 88' lang='lat' dir='ltr'>revelatum</span> <span class='ocrx_word' id='word_1_105' title='bbox 1415 1430 1498 1477; x_wconf 91' lang='lat' dir='ltr'>est</span> <span class='ocrx_word' id='word_1_106' title='bbox 1554 1422 1669 1491; x_wconf 90' lang='lat' dir='ltr'>ejus</span> <span class='ocrx_word' id='word_1_107' title='bbox 1724 1422 1919 1495; x_wconf 85' lang='lat' dir='ltr'>cogni-</span> 
     </span>
    </p>
   </div>
   <div class='ocr_carea' id='block_1_16' title="bbox 318 1506 1921 1581">
    <p class='ocr_par' dir='ltr' id='par_1_16' title="bbox 318 1506 1921 1581">
     <span class='ocr_line' id='line_1_16' title="bbox 318 1506 1921 1581; baseline 0 -15"><span class='ocrx_word' id='word_1_108' title='bbox 318 1512 491 1576; x_wconf 90' lang='lat' dir='ltr'>tioni;</span> <span class='ocrx_word' id='word_1_109' title='bbox 527 1512 623 1566; x_wconf 91' lang='lat' dir='ltr'>sed</span> <span class='ocrx_word' id='word_1_110' title='bbox 676 1511 892 1581; x_wconf 90' lang='lat' dir='ltr'>quidam</span> <span class='ocrx_word' id='word_1_111' title='bbox 954 1506 1256 1565; x_wconf 88' lang='lat' dir='ltr'>habuerunt</span> <span class='ocrx_word' id='word_1_112' title='bbox 1299 1510 1559 1580; x_wconf 83' lang='lat' dir='ltr'>visiones,</span> <span class='ocrx_word' id='word_1_113' title='bbox 1611 1518 1668 1565; x_wconf 92' lang='lat' dir='ltr'>ut</span> <span class='ocrx_word' id='word_1_114' title='bbox 1716 1512 1921 1567; x_wconf 87' lang='lat' dir='ltr'>Pharao</span> 
     </span>
    </p>
   </div>
   <div class='ocr_carea' id='block_1_17' title="bbox 2018 355 3617 429">
    <p class='ocr_par' dir='ltr' id='par_1_17' title="bbox 2018 355 3617 429">
     <span class='ocr_line' id='line_1_17' title="bbox 2018 355 3617 429; baseline 0.004 -20"><span class='ocrx_word' id='word_1_115' title='bbox 2018 355 2072 409; x_wconf 89' lang='lat' dir='ltr'>in</span> <span class='ocrx_word' id='word_1_116' title='bbox 2130 365 2328 428; x_wconf 88' lang='lat' dir='ltr'>quanta</span> <span class='ocrx_word' id='word_1_117' title='bbox 2386 359 2717 429; x_wconf 86' lang='lat' dir='ltr'>perfectione</span> <span class='ocrx_word' id='word_1_118' title='bbox 2775 361 2861 415; x_wconf 90' lang='lat' dir='ltr'>hic</span> <span class='ocrx_word' id='word_1_119' title='bbox 2914 360 3104 415; x_wconf 88' lang='lat' dir='ltr'>tertius</span> <span class='ocrx_word' id='word_1_120' title='bbox 3174 361 3309 416; x_wconf 90' lang='lat' dir='ltr'>ordo</span> <span class='ocrx_word' id='word_1_121' title='bbox 3380 361 3617 416; x_wconf 88' lang='lat' dir='ltr'>intuetur</span> 
     </span>
    </p>
   </div>
   <div class='ocr_carea' id='block_1_18' title="bbox 2020 444 3619 522">
    <p class='ocr_par' dir='ltr' id='par_1_18' title="bbox 2020 444 3619 522">
     <span class='ocr_line' id='line_1_18' title="bbox 2020 444 3619 522; baseline 0.004 -24"><span class='ocrx_word' id='word_1_122' title='bbox 2020 444 2211 509; x_wconf 90' lang='lat' dir='ltr'>Deum,</span> <span class='ocrx_word' id='word_1_123' title='bbox 2244 453 2349 499; x_wconf 88' lang='lat' dir='ltr'>tam</span> <span class='ocrx_word' id='word_1_124' title='bbox 2378 447 2615 517; x_wconf 85' lang='lat' dir='ltr'>perfecte</span> <span class='ocrx_word' id='word_1_125' title='bbox 2648 449 2842 502; x_wconf 88' lang='lat' dir='ltr'>Paulus</span> <span class='ocrx_word' id='word_1_126' title='bbox 2873 448 3005 504; x_wconf 88' lang='lat' dir='ltr'>vidit</span> <span class='ocrx_word' id='word_1_127' title='bbox 3034 457 3087 504; x_wconf 90' lang='lat' dir='ltr'>et</span> <span class='ocrx_word' id='word_1_128' title='bbox 3116 450 3370 522; x_wconf 83' lang='lat' dir='ltr'>cognovit</span> <span class='ocrx_word' id='word_1_129' title='bbox 3418 464 3619 504; x_wconf 88' lang='lat' dir='ltr'>arcana</span> 
     </span>
    </p>
   </div>
   <div class='ocr_carea' id='block_1_19' title="bbox 2020 533 3617 609">
    <p class='ocr_par' dir='ltr' id='par_1_19' title="bbox 2020 533 3617 609">
     <span class='ocr_line' id='line_1_19' title="bbox 2020 533 3617 609; baseline 0.003 -22"><span class='ocrx_word' id='word_1_130' title='bbox 2020 533 2140 588; x_wconf 85' lang='lat' dir='ltr'>Dei.</span> <span class='ocrx_word' id='word_1_131' title='bbox 2164 535 2259 589; x_wconf 85' lang='lat' dir='ltr'>Vel</span> <span class='ocrx_word' id='word_1_132' title='bbox 2290 535 2447 591; x_wconf 88' lang='lat' dir='ltr'>aliter</span> <span class='ocrx_word' id='word_1_133' title='bbox 2481 552 2492 589; x_wconf 87' lang='lat'><strong>:</strong></span> <span class='ocrx_word' id='word_1_134' title='bbox 2526 538 2596 592; x_wconf 89' lang='lat' dir='ltr'>Ut</span> <span class='ocrx_word' id='word_1_135' title='bbox 2627 537 2872 592; x_wconf 87' lang='lat' dir='ltr'>dicamus</span> <span class='ocrx_word' id='word_1_136' title='bbox 2889 537 3123 609; x_wconf 90' lang='lat' dir='ltr'>primum</span> <span class='ocrx_word' id='word_1_137' title='bbox 3154 538 3388 593; x_wconf 77' lang='lat'>198</span> <span class='ocrx_word' id='word_1_138' title='bbox 3419 538 3617 593; x_wconf 70' lang='lat' dir='ltr'>cmlum</span> 
     </span>
    </p>
   </div>
   <div class='ocr_carea' id='block_1_20' title="bbox 2020 624 3616 693">
    <p class='ocr_par' dir='ltr' id='par_1_20' title="bbox 2020 624 3616 693">
     <span class='ocr_line' id='line_1_20' title="bbox 2020 624 3616 693; baseline 0.003 -17"><span class='ocrx_word' id='word_1_139' title='bbox 2020 636 2315 692; x_wconf 86' lang='lat' dir='ltr'>corporeas</span> <span class='ocrx_word' id='word_1_140' title='bbox 2372 624 2495 679; x_wconf 86' lang='lat' dir='ltr'>coeli</span> <span class='ocrx_word' id='word_1_141' title='bbox 2543 633 2842 691; x_wconf 85' lang='lat' dir='ltr'>creaturas,</span> <span class='ocrx_word' id='word_1_142' title='bbox 2876 626 3068 693; x_wconf 90' lang='lat' dir='ltr'>solem,</span> <span class='ocrx_word' id='word_1_143' title='bbox 3119 627 3324 692; x_wconf 91' lang='lat' dir='ltr'>lunam,</span> <span class='ocrx_word' id='word_1_144' title='bbox 3360 634 3487 692; x_wconf 89' lang='lat' dir='ltr'>etc.;</span> <span class='ocrx_word' id='word_1_145' title='bbox 3523 643 3616 681; x_wconf 92' lang='lat' dir='ltr'>se-</span> 
     </span>
    </p>
   </div>
   <div class='ocr_carea' id='block_1_21' title="bbox 2021 710 3620 786">
    <p class='ocr_par' dir='ltr' id='par_1_21' title="bbox 2021 710 3620 786">
     <span class='ocr_line' id='line_1_21' title="bbox 2021 710 3620 786; baseline 0.003 -22"><span class='ocrx_word' id='word_1_146' title='bbox 2021 710 2258 765; x_wconf 88' lang='lat' dir='ltr'>cundum</span> <span class='ocrx_word' id='word_1_147' title='bbox 2290 712 2506 780; x_wconf 79' lang='lat' dir='ltr'>ccnlum,</span> <span class='ocrx_word' id='word_1_148' title='bbox 2540 713 2915 785; x_wconf 89' lang='lat' dir='ltr'>incorporeas,</span> <span class='ocrx_word' id='word_1_149' title='bbox 2950 724 3007 769; x_wconf 92' lang='lat' dir='ltr'>ut</span> <span class='ocrx_word' id='word_1_150' title='bbox 3064 714 3289 786; x_wconf 81' lang='lat' dir='ltr'>angelos</span> <span class='ocrx_word' id='word_1_151' title='bbox 3324 732 3338 782; x_wconf 88' lang='lat'>;</span> <span class='ocrx_word' id='word_1_152' title='bbox 3399 715 3620 769; x_wconf 91' lang='lat' dir='ltr'>tertium</span> 
     </span>
    </p>
   </div>
   <div class='ocr_carea' id='block_1_22' title="bbox 2020 800 3619 876">
    <p class='ocr_par' dir='ltr' id='par_1_22' title="bbox 2020 800 3619 876">
     <span class='ocr_line' id='line_1_22' title="bbox 2020 800 3619 876; baseline 0.003 -22"><span class='ocrx_word' id='word_1_153' title='bbox 2020 800 2238 867; x_wconf 79' lang='lat' dir='ltr'>ccelum,</span> <span class='ocrx_word' id='word_1_154' title='bbox 2283 801 2521 856; x_wconf 90' lang='lat' dir='ltr'>divinam</span> <span class='ocrx_word' id='word_1_155' title='bbox 2568 802 2881 869; x_wconf 87' lang='lat' dir='ltr'>essentiam,</span> <span class='ocrx_word' id='word_1_156' title='bbox 2935 803 3003 857; x_wconf 92' lang='lat' dir='ltr'>ad</span> <span class='ocrx_word' id='word_1_157' title='bbox 3050 804 3204 872; x_wconf 88' lang='lat' dir='ltr'>cujus</span> <span class='ocrx_word' id='word_1_158' title='bbox 3253 804 3619 876; x_wconf 82' lang='lat' dir='ltr'>cognitionem</span> 
     </span>
    </p>
   </div>
   <div class='ocr_carea' id='block_1_23' title="bbox 2021 890 3617 961">
    <p class='ocr_par' dir='ltr' id='par_1_23' title="bbox 2021 890 3617 961">
     <span class='ocr_line' id='line_1_23' title="bbox 2021 890 3617 961; baseline 0.003 -20"><span class='ocrx_word' id='word_1_159' title='bbox 2021 896 2207 958; x_wconf 90' lang='lat' dir='ltr'>raptus</span> <span class='ocrx_word' id='word_1_160' title='bbox 2238 896 2319 943; x_wconf 88' lang='lat' dir='ltr'>est</span> <span class='ocrx_word' id='word_1_161' title='bbox 2351 890 2568 945; x_wconf 87' lang='lat' dir='ltr'>Paulus.</span> <span class='ocrx_word' id='word_1_162' title='bbox 2605 891 2728 947; x_wconf 91' lang='lat' dir='ltr'>Scio</span> <span class='ocrx_word' id='word_1_163' title='bbox 2757 891 2917 946; x_wconf 90' lang='lat' dir='ltr'>etiam</span> <span class='ocrx_word' id='word_1_164' title='bbox 2965 893 3240 947; x_wconf 89' lang='lat' dir='ltr'>hominem</span> <span class='ocrx_word' id='word_1_165' title='bbox 3286 892 3617 961; x_wconf 91' lang='lat' dir='ltr'>hujusmodi,</span> 
     </span>
    </p>
   </div>
   <div class='ocr_carea' id='block_1_24' title="bbox 2020 977 3618 1053">
    <p class='ocr_par' dir='ltr' id='par_1_24' title="bbox 2020 977 3618 1053">
     <span class='ocr_line' id='line_1_24' title="bbox 2020 977 3618 1053; baseline 0.003 -23"><span class='ocrx_word' id='word_1_166' title='bbox 2020 977 2132 1031; x_wconf 83' lang='lat' dir='ltr'>sive</span> <span class='ocrx_word' id='word_1_167' title='bbox 2160 978 2223 1032; x_wconf 89' lang='lat' dir='ltr'>in</span> <span class='ocrx_word' id='word_1_168' title='bbox 2254 994 2481 1050; x_wconf 84' lang='lat' dir='ltr'>corpore</span> <span class='ocrx_word' id='word_1_169' title='bbox 2501 981 2614 1035; x_wconf 92' lang='lat' dir='ltr'>sive</span> <span class='ocrx_word' id='word_1_170' title='bbox 2637 984 2803 1035; x_wconf 85' lang='lat' dir='ltr'>extra</span> <span class='ocrx_word' id='word_1_171' title='bbox 2823 997 3041 1053; x_wconf 87' lang='lat' dir='ltr'>corpus,</span> <span class='ocrx_word' id='word_1_172' title='bbox 3064 984 3271 1045; x_wconf 86' lang='lat' dir='ltr'>nescio,</span> <span class='ocrx_word' id='word_1_173' title='bbox 3305 982 3450 1036; x_wconf 82' lang='lat' dir='ltr'>Deus</span> <span class='ocrx_word' id='word_1_174' title='bbox 3471 982 3618 1049; x_wconf 86' lang='lat' dir='ltr'>scit;</span> 
     </span>
    </p>
   </div>
   <div class='ocr_carea' id='block_1_25' title="bbox 2017 1064 3621 1142">
    <p class='ocr_par' dir='ltr' id='par_1_25' title="bbox 2017 1064 3621 1142">
     <span class='ocr_line' id='line_1_25' title="bbox 2017 1064 3621 1142; baseline 0.004 -25"><span class='ocrx_word' id='word_1_175' title='bbox 2017 1064 2120 1119; x_wconf 92' lang='lat' dir='ltr'>hoc</span> <span class='ocrx_word' id='word_1_176' title='bbox 2152 1066 2266 1121; x_wconf 90' lang='lat' dir='ltr'>scio</span> <span class='ocrx_word' id='word_1_177' title='bbox 2299 1069 2585 1138; x_wconf 87' lang='lat' dir='ltr'>quoniam,</span> <span class='ocrx_word' id='word_1_178' title='bbox 2618 1067 2673 1122; x_wconf 92' lang='lat' dir='ltr'>id</span> <span class='ocrx_word' id='word_1_179' title='bbox 2704 1076 2784 1123; x_wconf 90' lang='lat' dir='ltr'>est</span> <span class='ocrx_word' id='word_1_180' title='bbox 2815 1069 2980 1139; x_wconf 90' lang='lat' dir='ltr'>quod,</span> <span class='ocrx_word' id='word_1_181' title='bbox 3002 1069 3202 1141; x_wconf 71' lang='lat' dir='ltr'>raptus</span> <span class='ocrx_word' id='word_1_182' title='bbox 3223 1071 3382 1125; x_wconf 85' lang='lat' dir='ltr'>estin</span> <span class='ocrx_word' id='word_1_183' title='bbox 3396 1070 3621 1142; x_wconf 86' lang='lat' dir='ltr'>paradi-</span> 
     </span>
    </p>
   </div>
   <div class='ocr_carea' id='block_1_26' title="bbox 2016 1154 3623 1228">
    <p class='ocr_par' dir='ltr' id='par_1_26' title="bbox 2016 1154 3623 1228">
     <span class='ocr_line' id='line_1_26' title="bbox 2016 1154 3623 1228; baseline 0.003 -21"><span class='ocrx_word' id='word_1_184' title='bbox 2016 1170 2163 1219; x_wconf 86' lang='lat' dir='ltr'>sum,</span> <span class='ocrx_word' id='word_1_185' title='bbox 2196 1154 2249 1207; x_wconf 92' lang='lat' dir='ltr'>id</span> <span class='ocrx_word' id='word_1_186' title='bbox 2282 1162 2364 1208; x_wconf 92' lang='lat' dir='ltr'>est</span> <span class='ocrx_word' id='word_1_187' title='bbox 2397 1154 2451 1208; x_wconf 91' lang='lat' dir='ltr'>in</span> <span class='ocrx_word' id='word_1_188' title='bbox 2484 1163 2593 1209; x_wconf 88' lang='lat' dir='ltr'>tam</span> <span class='ocrx_word' id='word_1_189' title='bbox 2643 1155 2961 1211; x_wconf 88' lang='lat' dir='ltr'>deliciosam</span> <span class='ocrx_word' id='word_1_190' title='bbox 3019 1157 3253 1228; x_wconf 88' lang='lat' dir='ltr'>quietem</span> <span class='ocrx_word' id='word_1_191' title='bbox 3314 1158 3510 1212; x_wconf 89' lang='lat' dir='ltr'>mentis</span> <span class='ocrx_word' id='word_1_192' title='bbox 3566 1165 3623 1212; x_wconf 88' lang='lat' dir='ltr'>ut</span> 
     </span>
    </p>
   </div>
   <div class='ocr_carea' id='block_1_27' title="bbox 2020 1241 3623 1301">
    <p class='ocr_par' dir='ltr' id='par_1_27' title="bbox 2020 1241 3623 1301">
     <span class='ocr_line' id='line_1_27' title="bbox 2020 1241 3623 1301; baseline 0.002 -6"><span class='ocrx_word' id='word_1_193' title='bbox 2020 1241 2154 1295; x_wconf 88' lang='lat' dir='ltr'>nihil</span> <span class='ocrx_word' id='word_1_194' title='bbox 2181 1242 2408 1297; x_wconf 87' lang='lat' dir='ltr'>sentiret</span> <span class='ocrx_word' id='word_1_195' title='bbox 2435 1259 2649 1297; x_wconf 64' lang='lat' dir='ltr'>carnea:</span> <span class='ocrx_word' id='word_1_196' title='bbox 2678 1244 2857 1298; x_wconf 89' lang='lat' dir='ltr'>molis.</span> <span class='ocrx_word' id='word_1_197' title='bbox 2892 1245 3187 1300; x_wconf 88' lang='lat' dir='ltr'>Paradisus</span> <span class='ocrx_word' id='word_1_198' title='bbox 3234 1246 3377 1301; x_wconf 91' lang='lat' dir='ltr'>enim</span> <span class='ocrx_word' id='word_1_199' title='bbox 3427 1246 3623 1301; x_wconf 90' lang='lat' dir='ltr'>dicitur</span> 
     </span>
    </p>
   </div>
   <div class='ocr_carea' id='block_1_28' title="bbox 2020 1328 3621 1404">
    <p class='ocr_par' dir='ltr' id='par_1_28' title="bbox 2020 1328 3621 1404">
     <span class='ocr_line' id='line_1_28' title="bbox 2020 1328 3621 1404; baseline 0.004 -21"><span class='ocrx_word' id='word_1_200' title='bbox 2020 1330 2211 1384; x_wconf 88' lang='lat' dir='ltr'>hortus</span> <span class='ocrx_word' id='word_1_201' title='bbox 2243 1330 2586 1386; x_wconf 87' lang='lat' dir='ltr'>deliciarum.</span> <span class='ocrx_word' id='word_1_202' title='bbox 2620 1333 2689 1387; x_wconf 91' lang='lat' dir='ltr'>Et</span> <span class='ocrx_word' id='word_1_203' title='bbox 2720 1328 2807 1388; x_wconf 79' lang='lat' dir='ltr'>hic</span> <span class='ocrx_word' id='word_1_204' title='bbox 2836 1334 3017 1399; x_wconf 92' lang='lat' dir='ltr'>homo,</span> <span class='ocrx_word' id='word_1_205' title='bbox 3044 1333 3117 1388; x_wconf 89' lang='lat' dir='ltr'>ita</span> <span class='ocrx_word' id='word_1_206' title='bbox 3146 1343 3354 1404; x_wconf 89' lang='lat' dir='ltr'>raptus,</span> <span class='ocrx_word' id='word_1_207' title='bbox 3403 1335 3621 1389; x_wconf 83' lang='lat' dir='ltr'>audivit</span> 
     </span>
    </p>
   </div>
   <div class='ocr_carea' id='block_1_29' title="bbox 2020 1421 3615 1495">
    <p class='ocr_par' dir='ltr' id='par_1_29' title="bbox 2020 1421 3615 1495">
     <span class='ocr_line' id='line_1_29' title="bbox 2020 1421 3615 1495; baseline 0.003 -22"><span class='ocrx_word' id='word_1_208' title='bbox 2020 1435 2234 1474; x_wconf 86' lang='lat' dir='ltr'>arcana</span> <span class='ocrx_word' id='word_1_209' title='bbox 2256 1421 2418 1474; x_wconf 86' lang='lat' dir='ltr'>verba</span> <span class='ocrx_word' id='word_1_210' title='bbox 2440 1437 2560 1492; x_wconf 71' lang='lat' dir='ltr'>quae</span> <span class='ocrx_word' id='word_1_211' title='bbox 2582 1438 2695 1477; x_wconf 89' lang='lat' dir='ltr'>non</span> <span class='ocrx_word' id='word_1_212' title='bbox 2721 1423 2851 1476; x_wconf 87' lang='lat' dir='ltr'>licet</span> <span class='ocrx_word' id='word_1_213' title='bbox 2875 1421 3089 1477; x_wconf 82' lang='lat' dir='ltr'>homini</span> <span class='ocrx_word' id='word_1_214' title='bbox 3116 1423 3280 1495; x_wconf 86' lang='lat' dir='ltr'>loqui,</span> <span class='ocrx_word' id='word_1_215' title='bbox 3302 1422 3356 1476; x_wconf 91' lang='lat' dir='ltr'>id</span> <span class='ocrx_word' id='word_1_216' title='bbox 3372 1431 3453 1477; x_wconf 91' lang='lat' dir='ltr'>est</span> <span class='ocrx_word' id='word_1_217' title='bbox 3475 1439 3615 1494; x_wconf 75' lang='lat' dir='ltr'>quae,</span> 
     </span>
    </p>
   </div>
   <div class='ocr_carea' id='block_1_30' title="bbox 2015 1507 3622 1582">
    <p class='ocr_par' dir='ltr' id='par_1_30' title="bbox 2015 1507 3622 1582">
     <span class='ocr_line' id='line_1_30' title="bbox 2015 1507 3622 1582; baseline 0.003 -22"><span class='ocrx_word' id='word_1_218' title='bbox 2015 1507 2168 1576; x_wconf 86' lang='lat' dir='ltr'>juxta</span> <span class='ocrx_word' id='word_1_219' title='bbox 2200 1508 2342 1578; x_wconf 91' lang='lat' dir='ltr'>quod</span> <span class='ocrx_word' id='word_1_220' title='bbox 2376 1508 2537 1563; x_wconf 91' lang='lat' dir='ltr'>homo</span> <span class='ocrx_word' id='word_1_221' title='bbox 2568 1517 2668 1576; x_wconf 90' lang='lat' dir='ltr'>est,</span> <span class='ocrx_word' id='word_1_222' title='bbox 2705 1526 2865 1565; x_wconf 90' lang='lat' dir='ltr'>nemo</span> <span class='ocrx_word' id='word_1_223' title='bbox 2897 1510 3204 1582; x_wconf 84' lang='lat' dir='ltr'>intelligere</span> <span class='ocrx_word' id='word_1_224' title='bbox 3236 1510 3449 1566; x_wconf 76' lang='lat' dir='ltr'>sufficit.</span> <span class='ocrx_word' id='word_1_225' title='bbox 3482 1510 3622 1565; x_wconf 91' lang='lat' dir='ltr'>Dicit</span> 
     </span>
    </p>
   </div>
   <div class='ocr_carea' id='block_1_31' title="bbox 318 1596 3615 1680">
    <p class='ocr_par' dir='ltr' id='par_1_31' title="bbox 318 1596 3615 1680">
     <span class='ocr_line' id='line_1_31' title="bbox 318 1596 3615 1680; baseline -0.001 -24"><span class='ocrx_word' id='word_1_226' title='bbox 318 1608 372 1656; x_wconf 86' lang='lat' dir='ltr'>et</span> <span class='ocrx_word' id='word_1_227' title='bbox 400 1600 933 1667; x_wconf 87' lang='lat' dir='ltr'>Nabuchodonosor,</span> <span class='ocrx_word' id='word_1_228' title='bbox 969 1615 1068 1654; x_wconf 92' lang='lat' dir='ltr'>nec</span> <span class='ocrx_word' id='word_1_229' title='bbox 1100 1606 1277 1654; x_wconf 90' lang='lat' dir='ltr'>tamen</span> <span class='ocrx_word' id='word_1_230' title='bbox 1307 1598 1577 1653; x_wconf 87' lang='lat' dir='ltr'>visionum</span> <span class='ocrx_word' id='word_1_231' title='bbox 1627 1600 1918 1655; x_wconf 88' lang='lat' dir='ltr'>revelatio-</span> <span class='ocrx_word' id='word_1_232' title='bbox 1942 1621 1993 1680; x_wconf 79' lang='grc' dir='ltr'>Β</span> <span class='ocrx_word' id='word_1_233' title='bbox 2022 1596 2211 1650; x_wconf 87' lang='lat' dir='ltr'>beatus</span> <span class='ocrx_word' id='word_1_234' title='bbox 2239 1597 2573 1668; x_wconf 81' lang='lat' dir='ltr'>Augustinus</span> <span class='ocrx_word' id='word_1_235' title='bbox 2608 1599 2724 1653; x_wconf 55' lang='lat' dir='ltr'>hac</span> <span class='ocrx_word' id='word_1_236' title='bbox 2752 1614 2951 1653; x_wconf 87' lang='lat' dir='ltr'>arcana</span> <span class='ocrx_word' id='word_1_237' title='bbox 2982 1615 3103 1653; x_wconf 90' lang='lat' dir='ltr'>esse</span> <span class='ocrx_word' id='word_1_238' title='bbox 3138 1600 3282 1670; x_wconf 91' lang='lat' dir='ltr'>quod</span> <span class='ocrx_word' id='word_1_239' title='bbox 3324 1599 3453 1654; x_wconf 90' lang='lat' dir='ltr'>vidit</span> <span class='ocrx_word' id='word_1_240' title='bbox 3482 1614 3615 1671; x_wconf 87' lang='lat' dir='ltr'>quo-</span> 
     </span>
    </p>
   </div>
   <div class='ocr_carea' id='block_1_32' title="bbox 317 1687 1916 1758">
    <p class='ocr_par' dir='ltr' id='par_1_32' title="bbox 317 1687 1916 1758">
     <span class='ocr_line' id='line_1_32' title="bbox 317 1687 1916 1758; baseline -0.001 -14"><span class='ocrx_word' id='word_1_241' title='bbox 317 1705 439 1744; x_wconf 89' lang='lat' dir='ltr'>nes.</span> <span class='ocrx_word' id='word_1_242' title='bbox 468 1689 625 1744; x_wconf 83' lang='lat' dir='ltr'>Nunc</span> <span class='ocrx_word' id='word_1_243' title='bbox 652 1688 720 1743; x_wconf 90' lang='lat' dir='ltr'>de</span> <span class='ocrx_word' id='word_1_244' title='bbox 753 1704 810 1743; x_wconf 92' lang='lat' dir='ltr'>se</span> <span class='ocrx_word' id='word_1_245' title='bbox 854 1687 1129 1758; x_wconf 88' lang='lat' dir='ltr'>loquendo</span> <span class='ocrx_word' id='word_1_246' title='bbox 1184 1704 1283 1758; x_wconf 89' lang='lat' dir='ltr'>per</span> <span class='ocrx_word' id='word_1_247' title='bbox 1339 1688 1553 1742; x_wconf 88' lang='lat' dir='ltr'>tertiam</span> <span class='ocrx_word' id='word_1_248' title='bbox 1611 1703 1916 1758; x_wconf 89' lang='lat' dir='ltr'>personam,</span> 
     </span>
    </p>
   </div>
   <div class='ocr_carea' id='block_1_33' title="bbox 315 1775 1919 1844">
    <p class='ocr_par' dir='ltr' id='par_1_33' title="bbox 315 1775 1919 1844">
     <span class='ocr_line' id='line_1_33' title="bbox 315 1775 1919 1844; baseline -0.001 -12"><span class='ocrx_word' id='word_1_249' title='bbox 315 1777 560 1832; x_wconf 88' lang='lat' dir='ltr'>visiones</span> <span class='ocrx_word' id='word_1_250' title='bbox 592 1784 830 1841; x_wconf 81' lang='lat' dir='ltr'>enarrat,</span> <span class='ocrx_word' id='word_1_251' title='bbox 864 1775 1053 1831; x_wconf 88' lang='lat' dir='ltr'>dicens</span> <span class='ocrx_word' id='word_1_252' title='bbox 1089 1794 1101 1829; x_wconf 91' lang='lat'><strong>:</strong></span> <span class='ocrx_word' id='word_1_253' title='bbox 1135 1776 1256 1832; x_wconf 85' lang='lat' dir='ltr'>Scio</span> <span class='ocrx_word' id='word_1_254' title='bbox 1284 1776 1567 1832; x_wconf 86' lang='lat' dir='ltr'>hominem</span> <span class='ocrx_word' id='word_1_255' title='bbox 1619 1778 1727 1844; x_wconf 91' lang='lat' dir='ltr'>(me</span> <span class='ocrx_word' id='word_1_256' title='bbox 1770 1776 1919 1832; x_wconf 91' lang='lat' dir='ltr'>scili-</span> 
     </span>
    </p>
   </div>
   <div class='ocr_carea' id='block_1_34' title="bbox 315 1864 1920 1936">
    <p class='ocr_par' dir='ltr' id='par_1_34' title="bbox 315 1864 1920 1936">
     <span class='ocr_line' id='line_1_34' title="bbox 315 1864 1920 1936; baseline -0.002 -14"><span class='ocrx_word' id='word_1_257' title='bbox 315 1866 425 1933; x_wconf 85' lang='lat' dir='ltr'>cet)</span> <span class='ocrx_word' id='word_1_258' title='bbox 453 1866 689 1936; x_wconf 87' lang='lat' dir='ltr'>positum</span> <span class='ocrx_word' id='word_1_259' title='bbox 705 1867 765 1920; x_wconf 87' lang='lat' dir='ltr'>in</span> <span class='ocrx_word' id='word_1_260' title='bbox 799 1865 1039 1929; x_wconf 83' lang='lat' dir='ltr'>Christo,</span> <span class='ocrx_word' id='word_1_261' title='bbox 1072 1868 1322 1935; x_wconf 86' lang='lat' dir='ltr'>raptum,</span> <span class='ocrx_word' id='word_1_262' title='bbox 1359 1872 1489 1931; x_wconf 90' lang='lat' dir='ltr'>etc.;</span> <span class='ocrx_word' id='word_1_263' title='bbox 1514 1872 1566 1918; x_wconf 91' lang='lat' dir='ltr'>et</span> <span class='ocrx_word' id='word_1_264' title='bbox 1595 1865 1698 1920; x_wconf 91' lang='lat' dir='ltr'>hoc</span> <span class='ocrx_word' id='word_1_265' title='bbox 1722 1864 1920 1921; x_wconf 85' lang='lat' dir='ltr'>factum</span> 
     </span>
    </p>
   </div>
   <div class='ocr_carea' id='block_1_35' title="bbox 316 1952 1918 2025">
    <p class='ocr_par' dir='ltr' id='par_1_35' title="bbox 316 1952 1918 2025">
     <span class='ocr_line' id='line_1_35' title="bbox 316 1952 1918 2025; baseline 0 -17"><span class='ocrx_word' id='word_1_266' title='bbox 316 1962 402 2009; x_wconf 88' lang='lat' dir='ltr'>est</span> <span class='ocrx_word' id='word_1_267' title='bbox 422 1958 559 2009; x_wconf 86' lang='lat' dir='ltr'>ante</span> <span class='ocrx_word' id='word_1_268' title='bbox 579 1970 759 2008; x_wconf 88' lang='lat' dir='ltr'>annos</span> <span class='ocrx_word' id='word_1_269' title='bbox 782 1953 1225 2025; x_wconf 87' lang='lat' dir='ltr'>quatuordecim,</span> <span class='ocrx_word' id='word_1_270' title='bbox 1252 1968 1393 2008; x_wconf 91' lang='lat' dir='ltr'>nunc</span> <span class='ocrx_word' id='word_1_271' title='bbox 1414 1960 1742 2008; x_wconf 88' lang='lat' dir='ltr'>transactos.</span> <span class='ocrx_word' id='word_1_272' title='bbox 1761 1952 1918 2022; x_wconf 86' lang='lat' dir='ltr'>Quod</span> 
     </span>
    </p>
   </div>
   <div class='ocr_carea' id='block_1_36' title="bbox 311 2040 1919 2112">
    <p class='ocr_par' dir='ltr' id='par_1_36' title="bbox 311 2040 1919 2112">
     <span class='ocr_line' id='line_1_36' title="bbox 311 2040 1919 2112; baseline -0.001 -15"><span class='ocrx_word' id='word_1_273' title='bbox 311 2050 393 2097; x_wconf 93' lang='lat' dir='ltr'>tot</span> <span class='ocrx_word' id='word_1_274' title='bbox 422 2040 578 2097; x_wconf 89' lang='lat' dir='ltr'>annis</span> <span class='ocrx_word' id='word_1_275' title='bbox 608 2041 839 2109; x_wconf 88' lang='lat' dir='ltr'>reticuit,</span> <span class='ocrx_word' id='word_1_276' title='bbox 872 2041 1112 2095; x_wconf 89' lang='lat' dir='ltr'>nondum</span> <span class='ocrx_word' id='word_1_277' title='bbox 1137 2041 1393 2111; x_wconf 87' lang='lat' dir='ltr'>aperiret,</span> <span class='ocrx_word' id='word_1_278' title='bbox 1442 2041 1544 2095; x_wconf 91' lang='lat' dir='ltr'>nisi</span> <span class='ocrx_word' id='word_1_279' title='bbox 1576 2049 1919 2112; x_wconf 89' lang='lat' dir='ltr'>contemptus</span> 
     </span>
    </p>
   </div>
   <div class='ocr_carea' id='block_1_37' title="bbox 314 2130 1913 2201">
    <p class='ocr_par' dir='ltr' id='par_1_37' title="bbox 314 2130 1913 2201">
     <span class='ocr_line' id='line_1_37' title="bbox 314 2130 1913 2201; baseline -0.001 -15"><span class='ocrx_word' id='word_1_280' title='bbox 314 2131 399 2186; x_wconf 89' lang='lat' dir='ltr'>sui</span> <span class='ocrx_word' id='word_1_281' title='bbox 426 2130 708 2185; x_wconf 88' lang='lat' dir='ltr'>ministerii</span> <span class='ocrx_word' id='word_1_282' title='bbox 767 2146 891 2185; x_wconf 89' lang='lat' dir='ltr'>eum</span> <span class='ocrx_word' id='word_1_283' title='bbox 944 2130 1297 2184; x_wconf 83' lang='lat' dir='ltr'>vehementer</span> <span class='ocrx_word' id='word_1_284' title='bbox 1347 2137 1587 2200; x_wconf 90' lang='lat' dir='ltr'>urgeret.</span> <span class='ocrx_word' id='word_1_285' title='bbox 1649 2132 1913 2201; x_wconf 84' lang='lat' dir='ltr'>Raptum,</span> 
     </span>
    </p>
   </div>
   <div class='ocr_carea' id='block_1_38' title="bbox 312 2219 1912 2291">
    <p class='ocr_par' dir='ltr' id='par_1_38' title="bbox 312 2219 1912 2291">
     <span class='ocr_line' id='line_1_38' title="bbox 312 2219 1912 2291; baseline -0.001 -18"><span class='ocrx_word' id='word_1_286' title='bbox 312 2222 430 2274; x_wconf 81' lang='lat' dir='ltr'>sive</span> <span class='ocrx_word' id='word_1_287' title='bbox 458 2220 523 2273; x_wconf 89' lang='lat' dir='ltr'>in</span> <span class='ocrx_word' id='word_1_288' title='bbox 553 2234 779 2291; x_wconf 85' lang='lat' dir='ltr'>corpore</span> <span class='ocrx_word' id='word_1_289' title='bbox 812 2220 1017 2283; x_wconf 87' lang='lat' dir='ltr'>nescio,</span> <span class='ocrx_word' id='word_1_290' title='bbox 1046 2219 1160 2273; x_wconf 88' lang='lat' dir='ltr'>sive</span> <span class='ocrx_word' id='word_1_291' title='bbox 1189 2222 1361 2273; x_wconf 87' lang='lat' dir='ltr'>extra</span> <span class='ocrx_word' id='word_1_292' title='bbox 1417 2234 1618 2290; x_wconf 79' lang='lat' dir='ltr'>corpus</span> <span class='ocrx_word' id='word_1_293' title='bbox 1675 2226 1912 2288; x_wconf 89' lang='lat' dir='ltr'>raptum,</span> 
     </span>
    </p>
   </div>
   <div class='ocr_carea' id='block_1_39' title="bbox 308 2305 1915 2378">
    <p class='ocr_par' dir='ltr' id='par_1_39' title="bbox 308 2305 1915 2378">
     <span class='ocr_line' id='line_1_39' title="bbox 308 2305 1915 2378; baseline -0.001 -15"><span class='ocrx_word' id='word_1_294' title='bbox 308 2309 521 2372; x_wconf 80' lang='lat' dir='ltr'>nescio,</span> <span class='ocrx_word' id='word_1_295' title='bbox 558 2309 701 2362; x_wconf 85' lang='lat' dir='ltr'>Deus</span> <span class='ocrx_word' id='word_1_296' title='bbox 729 2309 858 2362; x_wconf 85' lang='lat' dir='ltr'>scit.</span> <span class='ocrx_word' id='word_1_297' title='bbox 893 2306 950 2361; x_wconf 92' lang='lat' dir='ltr'>Si</span> <span class='ocrx_word' id='word_1_298' title='bbox 982 2306 1178 2360; x_wconf 89' lang='lat' dir='ltr'>Paulus</span> <span class='ocrx_word' id='word_1_299' title='bbox 1209 2305 1261 2359; x_wconf 90' lang='lat' dir='ltr'>in</span> <span class='ocrx_word' id='word_1_300' title='bbox 1285 2321 1510 2376; x_wconf 91' lang='lat' dir='ltr'>corpore</span> <span class='ocrx_word' id='word_1_301' title='bbox 1528 2315 1717 2378; x_wconf 89' lang='lat' dir='ltr'>raptus</span> <span class='ocrx_word' id='word_1_302' title='bbox 1746 2308 1915 2362; x_wconf 88' lang='lat' dir='ltr'>estad</span> 
     </span>
    </p>
   </div>
   <div class='ocr_carea' id='block_1_40' title="bbox 310 2393 1915 2464">
    <p class='ocr_par' dir='ltr' id='par_1_40' title="bbox 310 2393 1915 2464">
     <span class='ocr_line' id='line_1_40' title="bbox 310 2393 1915 2464; baseline 0 -14"><span class='ocrx_word' id='word_1_303' title='bbox 310 2396 457 2451; x_wconf 89' lang='lat' dir='ltr'>hanc</span> <span class='ocrx_word' id='word_1_304' title='bbox 485 2394 769 2461; x_wconf 87' lang='lat' dir='ltr'>visionem,</span> <span class='ocrx_word' id='word_1_305' title='bbox 804 2409 1005 2464; x_wconf 90' lang='lat' dir='ltr'>corpus</span> <span class='ocrx_word' id='word_1_306' title='bbox 1045 2394 1265 2464; x_wconf 92' lang='lat' dir='ltr'>quidem</span> <span class='ocrx_word' id='word_1_307' title='bbox 1294 2393 1541 2449; x_wconf 85' lang='lat' dir='ltr'>localiter</span> <span class='ocrx_word' id='word_1_308' title='bbox 1568 2403 1775 2450; x_wconf 90' lang='lat' dir='ltr'>motum</span> <span class='ocrx_word' id='word_1_309' title='bbox 1804 2411 1915 2450; x_wconf 91' lang='lat' dir='ltr'>non</span> 
     </span>
    </p>
   </div>
   <div class='ocr_carea' id='block_1_41' title="bbox 314 2482 1914 2554">
    <p class='ocr_par' dir='ltr' id='par_1_41' title="bbox 314 2482 1914 2554">
     <span class='ocr_line' id='line_1_41' title="bbox 314 2482 1914 2554; baseline -0.001 -15"><span class='ocrx_word' id='word_1_310' title='bbox 314 2493 399 2539; x_wconf 90' lang='lat' dir='ltr'>est</span> <span class='ocrx_word' id='word_1_311' title='bbox 428 2502 443 2551; x_wconf 91' lang='lat'>;</span> <span class='ocrx_word' id='word_1_312' title='bbox 475 2485 574 2539; x_wconf 91' lang='lat' dir='ltr'>sed</span> <span class='ocrx_word' id='word_1_313' title='bbox 603 2484 804 2549; x_wconf 89' lang='lat' dir='ltr'>anima,</span> <span class='ocrx_word' id='word_1_314' title='bbox 839 2498 959 2554; x_wconf 84' lang='lat' dir='ltr'>quae</span> <span class='ocrx_word' id='word_1_315' title='bbox 987 2482 1042 2535; x_wconf 90' lang='lat' dir='ltr'>in</span> <span class='ocrx_word' id='word_1_316' title='bbox 1071 2497 1237 2537; x_wconf 91' lang='lat' dir='ltr'>carne</span> <span class='ocrx_word' id='word_1_317' title='bbox 1269 2482 1547 2553; x_wconf 83' lang='lat' dir='ltr'>premitur,</span> <span class='ocrx_word' id='word_1_318' title='bbox 1580 2483 1914 2539; x_wconf 89' lang='lat' dir='ltr'>incarcerata</span> 
     </span>
    </p>
   </div>
   <div class='ocr_carea' id='block_1_42' title="bbox 310 2570 1912 2643">
    <p class='ocr_par' dir='ltr' id='par_1_42' title="bbox 310 2570 1912 2643">
     <span class='ocr_line' id='line_1_42' title="bbox 310 2570 1912 2643; baseline -0.001 -14"><span class='ocrx_word' id='word_1_319' title='bbox 310 2572 460 2629; x_wconf 88' lang='lat' dir='ltr'>mole</span> <span class='ocrx_word' id='word_1_320' title='bbox 490 2572 686 2638; x_wconf 88' lang='lat' dir='ltr'>carnis,</span> <span class='ocrx_word' id='word_1_321' title='bbox 742 2572 817 2626; x_wconf 90' lang='lat' dir='ltr'>ita</span> <span class='ocrx_word' id='word_1_322' title='bbox 847 2579 903 2625; x_wconf 92' lang='lat' dir='ltr'>ut</span> <span class='ocrx_word' id='word_1_323' title='bbox 932 2570 1063 2625; x_wconf 88' lang='lat' dir='ltr'>nihil</span> <span class='ocrx_word' id='word_1_324' title='bbox 1110 2570 1320 2636; x_wconf 89' lang='lat' dir='ltr'>sentiat,</span> <span class='ocrx_word' id='word_1_325' title='bbox 1375 2571 1479 2626; x_wconf 89' lang='lat' dir='ltr'>nisi</span> <span class='ocrx_word' id='word_1_326' title='bbox 1530 2571 1682 2642; x_wconf 89' lang='lat' dir='ltr'>prius</span> <span class='ocrx_word' id='word_1_327' title='bbox 1728 2571 1912 2643; x_wconf 91' lang='lat' dir='ltr'>aliquo</span> 
     </span>
    </p>
   </div>
   <div class='ocr_carea' id='block_1_43' title="bbox 309 2658 1912 2731">
    <p class='ocr_par' dir='ltr' id='par_1_43' title="bbox 309 2658 1912 2731">
     <span class='ocr_line' id='line_1_43' title="bbox 309 2658 1912 2731; baseline 0 -16"><span class='ocrx_word' id='word_1_328' title='bbox 309 2677 480 2716; x_wconf 89' lang='lat' dir='ltr'>sensu</span> <span class='ocrx_word' id='word_1_329' title='bbox 526 2676 792 2731; x_wconf 87' lang='lat' dir='ltr'>corporeo</span> <span class='ocrx_word' id='word_1_330' title='bbox 840 2659 1093 2725; x_wconf 87' lang='lat' dir='ltr'>excitata,</span> <span class='ocrx_word' id='word_1_331' title='bbox 1143 2658 1323 2713; x_wconf 88' lang='lat' dir='ltr'>anima</span> <span class='ocrx_word' id='word_1_332' title='bbox 1370 2659 1588 2731; x_wconf 89' lang='lat' dir='ltr'>quidem</span> <span class='ocrx_word' id='word_1_333' title='bbox 1634 2660 1792 2728; x_wconf 85' lang='lat' dir='ltr'>hujus</span> <span class='ocrx_word' id='word_1_334' title='bbox 1840 2661 1912 2715; x_wconf 88' lang='lat' dir='ltr'>ita</span> 
     </span>
    </p>
   </div>
   <div class='ocr_carea' id='block_1_44' title="bbox 307 2747 1910 2820">
    <p class='ocr_par' dir='ltr' id='par_1_44' title="bbox 307 2747 1910 2820">
     <span class='ocr_line' id='line_1_44' title="bbox 307 2747 1910 2820; baseline -0.001 -16"><span class='ocrx_word' id='word_1_335' title='bbox 307 2749 561 2820; x_wconf 84' lang='lat' dir='ltr'>expedita</span> <span class='ocrx_word' id='word_1_336' title='bbox 589 2748 688 2803; x_wconf 86' lang='lat' dir='ltr'>fuit</span> <span class='ocrx_word' id='word_1_337' title='bbox 716 2748 769 2802; x_wconf 89' lang='lat' dir='ltr'>in</span> <span class='ocrx_word' id='word_1_338' title='bbox 796 2756 1044 2819; x_wconf 89' lang='lat' dir='ltr'>tempore</span> <span class='ocrx_word' id='word_1_339' title='bbox 1093 2747 1206 2816; x_wconf 89' lang='lat' dir='ltr'>ejus</span> <span class='ocrx_word' id='word_1_340' title='bbox 1264 2747 1612 2802; x_wconf 89' lang='lat' dir='ltr'>revelationis</span> <span class='ocrx_word' id='word_1_341' title='bbox 1667 2755 1724 2803; x_wconf 91' lang='lat' dir='ltr'>ut</span> <span class='ocrx_word' id='word_1_342' title='bbox 1778 2748 1910 2803; x_wconf 90' lang='lat' dir='ltr'>nihil</span> 
     </span>
    </p>
   </div>
   <div class='ocr_carea' id='block_1_45' title="bbox 312 2836 1907 2907">
    <p class='ocr_par' dir='ltr' id='par_1_45' title="bbox 312 2836 1907 2907">
     <span class='ocr_line' id='line_1_45' title="bbox 312 2836 1907 2907; baseline 0 -15"><span class='ocrx_word' id='word_1_343' title='bbox 312 2838 542 2893; x_wconf 90' lang='lat' dir='ltr'>sentiret</span> <span class='ocrx_word' id='word_1_344' title='bbox 574 2852 783 2893; x_wconf 74' lang='lat' dir='ltr'>carnea:</span> <span class='ocrx_word' id='word_1_345' title='bbox 813 2836 973 2891; x_wconf 89' lang='lat' dir='ltr'>molis</span> <span class='ocrx_word' id='word_1_346' title='bbox 998 2855 1011 2903; x_wconf 90' lang='lat'>;</span> <span class='ocrx_word' id='word_1_347' title='bbox 1043 2836 1220 2907; x_wconf 87' lang='lat' dir='ltr'>ipsum</span> <span class='ocrx_word' id='word_1_348' title='bbox 1250 2844 1427 2890; x_wconf 91' lang='lat' dir='ltr'>autem</span> <span class='ocrx_word' id='word_1_349' title='bbox 1454 2852 1654 2907; x_wconf 91' lang='lat' dir='ltr'>corpus</span> <span class='ocrx_word' id='word_1_350' title='bbox 1681 2837 1757 2891; x_wconf 93' lang='lat' dir='ltr'>ita</span> <span class='ocrx_word' id='word_1_351' title='bbox 1786 2853 1907 2893; x_wconf 90' lang='lat' dir='ltr'>cre-</span> 
     </span>
    </p>
   </div>
   <div class='ocr_carea' id='block_1_46' title="bbox 307 2923 1906 2996">
    <p class='ocr_par' dir='ltr' id='par_1_46' title="bbox 307 2923 1906 2996">
     <span class='ocr_line' id='line_1_46' title="bbox 307 2923 1906 2996; baseline -0.002 -14"><span class='ocrx_word' id='word_1_352' title='bbox 307 2926 458 2982; x_wconf 89' lang='lat' dir='ltr'>ditur</span> <span class='ocrx_word' id='word_1_353' title='bbox 513 2933 874 2996; x_wconf 89' lang='lat' dir='ltr'>temperatum</span> <span class='ocrx_word' id='word_1_354' title='bbox 936 2932 994 2978; x_wconf 89' lang='lat' dir='ltr'>ut</span> <span class='ocrx_word' id='word_1_355' title='bbox 1049 2923 1195 2978; x_wconf 91' lang='lat' dir='ltr'>nullo</span> <span class='ocrx_word' id='word_1_356' title='bbox 1224 2924 1469 2995; x_wconf 90' lang='lat' dir='ltr'>pondere</span> <span class='ocrx_word' id='word_1_357' title='bbox 1498 2924 1582 2979; x_wconf 90' lang='lat' dir='ltr'>sui</span> <span class='ocrx_word' id='word_1_358' title='bbox 1612 2924 1906 2995; x_wconf 84' lang='lat' dir='ltr'>agilitatem</span> 
     </span>
    </p>
   </div>
   <div class='ocr_carea' id='block_1_47' title="bbox 2022 1684 3616 1755">
    <p class='ocr_par' dir='ltr' id='par_1_47' title="bbox 2022 1684 3616 1755">
     <span class='ocr_line' id='line_1_47' title="bbox 2022 1684 3616 1755; baseline 0.003 -17"><span class='ocrx_word' id='word_1_359' title='bbox 2022 1685 2184 1739; x_wconf 91' lang='lat' dir='ltr'>modo</span> <span class='ocrx_word' id='word_1_360' title='bbox 2213 1684 2444 1738; x_wconf 85' lang='lat' dir='ltr'>Trinitas</span> <span class='ocrx_word' id='word_1_361' title='bbox 2475 1686 2527 1738; x_wconf 89' lang='lat' dir='ltr'>in</span> <span class='ocrx_word' id='word_1_362' title='bbox 2559 1686 2794 1755; x_wconf 90' lang='lat' dir='ltr'>Unitate,</span> <span class='ocrx_word' id='word_1_363' title='bbox 2829 1687 3017 1742; x_wconf 88' lang='lat' dir='ltr'>Unitas</span> <span class='ocrx_word' id='word_1_364' title='bbox 3051 1696 3196 1741; x_wconf 90' lang='lat' dir='ltr'>esset</span> <span class='ocrx_word' id='word_1_365' title='bbox 3239 1688 3291 1741; x_wconf 89' lang='lat' dir='ltr'>in</span> <span class='ocrx_word' id='word_1_366' title='bbox 3340 1688 3616 1743; x_wconf 88' lang='lat' dir='ltr'>Trinitate.</span> 
     </span>
    </p>
   </div>
   <div class='ocr_carea' id='block_1_48' title="bbox 2022 1774 3616 1848">
    <p class='ocr_par' dir='ltr' id='par_1_48' title="bbox 2022 1774 3616 1848">
     <span class='ocr_line' id='line_1_48' title="bbox 2022 1774 3616 1848; baseline 0.003 -21"><span class='ocrx_word' id='word_1_367' title='bbox 2022 1774 2087 1827; x_wconf 84' lang='lat' dir='ltr'>Et</span> <span class='ocrx_word' id='word_1_368' title='bbox 2114 1789 2214 1844; x_wconf 87' lang='lat' dir='ltr'>pro</span> <span class='ocrx_word' id='word_1_369' title='bbox 2248 1774 2525 1843; x_wconf 85' lang='lat' dir='ltr'>ejusmodi</span> <span class='ocrx_word' id='word_1_370' title='bbox 2555 1775 2772 1830; x_wconf 89' lang='lat' dir='ltr'>homine</span> <span class='ocrx_word' id='word_1_371' title='bbox 2804 1776 2894 1848; x_wconf 90' lang='lat' dir='ltr'>qui</span> <span class='ocrx_word' id='word_1_372' title='bbox 2920 1777 2998 1831; x_wconf 89' lang='lat' dir='ltr'>sic</span> <span class='ocrx_word' id='word_1_373' title='bbox 3029 1784 3215 1846; x_wconf 89' lang='lat' dir='ltr'>raptus</span> <span class='ocrx_word' id='word_1_374' title='bbox 3272 1776 3461 1831; x_wconf 91' lang='lat' dir='ltr'>audire</span> <span class='ocrx_word' id='word_1_375' title='bbox 3502 1793 3616 1831; x_wconf 89' lang='lat' dir='ltr'>me-</span> 
     </span>
    </p>
   </div>
   <div class='ocr_carea' id='block_1_49' title="bbox 2021 1862 3621 1933">
    <p class='ocr_par' dir='ltr' id='par_1_49' title="bbox 2021 1862 3621 1933">
     <span class='ocr_line' id='line_1_49' title="bbox 2021 1862 3621 1933; baseline 0.003 -18"><span class='ocrx_word' id='word_1_376' title='bbox 2021 1862 2127 1915; x_wconf 90' lang='lat' dir='ltr'>ruit</span> <span class='ocrx_word' id='word_1_377' title='bbox 2157 1863 2457 1933; x_wconf 83' lang='lat' dir='ltr'>gloriabor,</span> <span class='ocrx_word' id='word_1_378' title='bbox 2492 1864 2584 1918; x_wconf 87' lang='lat' dir='ltr'>sed</span> <span class='ocrx_word' id='word_1_379' title='bbox 2610 1880 2714 1933; x_wconf 84' lang='lat' dir='ltr'>pro</span> <span class='ocrx_word' id='word_1_380' title='bbox 2754 1880 2862 1931; x_wconf 91' lang='lat' dir='ltr'>me,</span> <span class='ocrx_word' id='word_1_381' title='bbox 2897 1864 2951 1918; x_wconf 92' lang='lat' dir='ltr'>id</span> <span class='ocrx_word' id='word_1_382' title='bbox 3007 1872 3088 1919; x_wconf 90' lang='lat' dir='ltr'>est</span> <span class='ocrx_word' id='word_1_383' title='bbox 3119 1865 3419 1919; x_wconf 90' lang='lat' dir='ltr'>secundum</span> <span class='ocrx_word' id='word_1_384' title='bbox 3474 1865 3621 1920; x_wconf 88' lang='lat' dir='ltr'>vires</span> 
     </span>
    </p>
   </div>
   <div class='ocr_carea' id='block_1_50' title="bbox 2022 1951 3623 2022">
    <p class='ocr_par' dir='ltr' id='par_1_50' title="bbox 2022 1951 3623 2022">
     <span class='ocr_line' id='line_1_50' title="bbox 2022 1951 3623 2022; baseline 0.002 -18"><span class='ocrx_word' id='word_1_385' title='bbox 2022 1966 2176 2005; x_wconf 90' lang='lat' dir='ltr'>meas</span> <span class='ocrx_word' id='word_1_386' title='bbox 2208 1951 2357 2005; x_wconf 86' lang='lat' dir='ltr'>nihil</span> <span class='ocrx_word' id='word_1_387' title='bbox 2388 1967 2625 2021; x_wconf 90' lang='lat' dir='ltr'>unquam</span> <span class='ocrx_word' id='word_1_388' title='bbox 2648 1952 2942 2022; x_wconf 86' lang='lat' dir='ltr'>gloriabor,</span> <span class='ocrx_word' id='word_1_389' title='bbox 2976 1954 3091 2007; x_wconf 86' lang='lat' dir='ltr'>nisi</span> <span class='ocrx_word' id='word_1_390' title='bbox 3120 1954 3179 2007; x_wconf 86' lang='lat' dir='ltr'>in</span> <span class='ocrx_word' id='word_1_391' title='bbox 3209 1955 3348 2007; x_wconf 87' lang='lat' dir='ltr'>meis</span> <span class='ocrx_word' id='word_1_392' title='bbox 3378 1953 3623 2021; x_wconf 81' lang='lat' dir='ltr'>inﬁrmi-</span> 
     </span>
    </p>
   </div>
   <div class='ocr_carea' id='block_1_51' title="bbox 2025 2038 3620 2111">
    <p class='ocr_par' dir='ltr' id='par_1_51' title="bbox 2025 2038 3620 2111">
     <span class='ocr_line' id='line_1_51' title="bbox 2025 2038 3620 2111; baseline 0.003 -18"><span class='ocrx_word' id='word_1_393' title='bbox 2025 2040 2256 2094; x_wconf 84' lang='lat' dir='ltr'>tatibus.</span> <span class='ocrx_word' id='word_1_394' title='bbox 2290 2038 2420 2094; x_wconf 93' lang='lat' dir='ltr'>Ideo</span> <span class='ocrx_word' id='word_1_395' title='bbox 2452 2040 2575 2094; x_wconf 92' lang='lat' dir='ltr'>dico</span> <span class='ocrx_word' id='word_1_396' title='bbox 2606 2041 2904 2111; x_wconf 85' lang='lat' dir='ltr'>gloriabor.</span> <span class='ocrx_word' id='word_1_397' title='bbox 2941 2042 3084 2098; x_wconf 87' lang='lat' dir='ltr'>Nam</span> <span class='ocrx_word' id='word_1_398' title='bbox 3115 2042 3231 2111; x_wconf 70' lang='lat' dir='ltr'>etsi</span> <span class='ocrx_word' id='word_1_399' title='bbox 3256 2043 3475 2096; x_wconf 89' lang='lat' dir='ltr'>voluero</span> <span class='ocrx_word' id='word_1_400' title='bbox 3505 2043 3620 2111; x_wconf 86' lang='lat' dir='ltr'>glo-</span> 
     </span>
    </p>
   </div>
   <div class='ocr_carea' id='block_1_52' title="bbox 2023 2128 3619 2197">
    <p class='ocr_par' dir='ltr' id='par_1_52' title="bbox 2023 2128 3619 2197">
     <span class='ocr_line' id='line_1_52' title="bbox 2023 2128 3619 2197; baseline 0.001 -15"><span class='ocrx_word' id='word_1_401' title='bbox 2023 2128 2184 2197; x_wconf 85' lang='lat' dir='ltr'>riari,</span> <span class='ocrx_word' id='word_1_402' title='bbox 2218 2128 2331 2183; x_wconf 89' lang='lat' dir='ltr'>sive</span> <span class='ocrx_word' id='word_1_403' title='bbox 2361 2128 2413 2182; x_wconf 89' lang='lat' dir='ltr'>in</span> <span class='ocrx_word' id='word_1_404' title='bbox 2449 2128 2863 2183; x_wconf 87' lang='lat' dir='ltr'>revelationibus</span> <span class='ocrx_word' id='word_1_405' title='bbox 2894 2128 3034 2197; x_wconf 92' lang='lat' dir='ltr'>allis,</span> <span class='ocrx_word' id='word_1_406' title='bbox 3070 2131 3183 2185; x_wconf 85' lang='lat' dir='ltr'>sive</span> <span class='ocrx_word' id='word_1_407' title='bbox 3222 2130 3277 2183; x_wconf 92' lang='lat' dir='ltr'>in</span> <span class='ocrx_word' id='word_1_408' title='bbox 3333 2128 3619 2184; x_wconf 85' lang='lat' dir='ltr'>inﬁrmita-</span> 
     </span>
    </p>
   </div>
   <div class='ocr_carea' id='block_1_53' title="bbox 2020 2217 3619 2291">
    <p class='ocr_par' dir='ltr' id='par_1_53' title="bbox 2020 2217 3619 2291">
     <span class='ocr_line' id='line_1_53' title="bbox 2020 2217 3619 2291; baseline 0.002 -20"><span class='ocrx_word' id='word_1_409' title='bbox 2020 2218 2165 2271; x_wconf 88' lang='lat' dir='ltr'>tibus</span> <span class='ocrx_word' id='word_1_410' title='bbox 2192 2217 2349 2283; x_wconf 91' lang='lat' dir='ltr'>meis,</span> <span class='ocrx_word' id='word_1_411' title='bbox 2384 2234 2501 2273; x_wconf 89' lang='lat' dir='ltr'>non</span> <span class='ocrx_word' id='word_1_412' title='bbox 2533 2234 2626 2273; x_wconf 86' lang='lat' dir='ltr'>ero</span> <span class='ocrx_word' id='word_1_413' title='bbox 2655 2219 2955 2290; x_wconf 80' lang='lat' dir='ltr'>insipiens.</span> <span class='ocrx_word' id='word_1_414' title='bbox 2987 2219 3114 2273; x_wconf 92' lang='lat' dir='ltr'>Ideo</span> <span class='ocrx_word' id='word_1_415' title='bbox 3163 2220 3293 2291; x_wconf 88' lang='lat' dir='ltr'>quia</span> <span class='ocrx_word' id='word_1_416' title='bbox 3322 2220 3619 2274; x_wconf 84' lang='lat' dir='ltr'>veritatem</span> 
     </span>
    </p>
   </div>
   <div class='ocr_carea' id='block_1_54' title="bbox 2018 2304 3620 2378">
    <p class='ocr_par' dir='ltr' id='par_1_54' title="bbox 2018 2304 3620 2378">
     <span class='ocr_line' id='line_1_54' title="bbox 2018 2304 3620 2378; baseline 0.001 -19"><span class='ocrx_word' id='word_1_417' title='bbox 2018 2304 2074 2359; x_wconf 89' lang='lat' dir='ltr'>in</span> <span class='ocrx_word' id='word_1_418' title='bbox 2105 2306 2354 2361; x_wconf 85' lang='lat' dir='ltr'>omnibus</span> <span class='ocrx_word' id='word_1_419' title='bbox 2384 2307 2608 2374; x_wconf 83' lang='lat' dir='ltr'>dicam,-</span> <span class='ocrx_word' id='word_1_420' title='bbox 2640 2307 2737 2361; x_wconf 91' lang='lat' dir='ltr'>sed</span> <span class='ocrx_word' id='word_1_421' title='bbox 2766 2323 2940 2378; x_wconf 91' lang='lat' dir='ltr'>neque</span> <span class='ocrx_word' id='word_1_422' title='bbox 2971 2308 3073 2361; x_wconf 91' lang='lat' dir='ltr'>hoc</span> <span class='ocrx_word' id='word_1_423' title='bbox 3105 2307 3281 2362; x_wconf 89' lang='lat' dir='ltr'>adhuc</span> <span class='ocrx_word' id='word_1_424' title='bbox 3311 2305 3529 2374; x_wconf 73' lang='lat' dir='ltr'>sufﬁcit,</span> <span class='ocrx_word' id='word_1_425' title='bbox 3562 2314 3620 2361; x_wconf 90' lang='lat' dir='ltr'>ut</span> 
     </span>
    </p>
   </div>
   <div class='ocr_carea' id='block_1_55' title="bbox 2020 2394 3616 2468">
    <p class='ocr_par' dir='ltr' id='par_1_55' title="bbox 2020 2394 3616 2468">
     <span class='ocr_line' id='line_1_55' title="bbox 2020 2394 3616 2468; baseline 0.003 -21"><span class='ocrx_word' id='word_1_426' title='bbox 2020 2394 2087 2449; x_wconf 91' lang='lat' dir='ltr'>de</span> <span class='ocrx_word' id='word_1_427' title='bbox 2116 2394 2260 2448; x_wconf 92' lang='lat' dir='ltr'>omni</span> <span class='ocrx_word' id='word_1_428' title='bbox 2290 2394 2514 2448; x_wconf 85' lang='lat' dir='ltr'>veritate</span> <span class='ocrx_word' id='word_1_429' title='bbox 2544 2394 2704 2450; x_wconf 90' lang='lat' dir='ltr'>liceat</span> <span class='ocrx_word' id='word_1_430' title='bbox 2736 2395 2979 2466; x_wconf 91' lang='lat' dir='ltr'>gloriari,</span> <span class='ocrx_word' id='word_1_431' title='bbox 3013 2395 3321 2450; x_wconf 90' lang='lat' dir='ltr'>addendum</span> <span class='ocrx_word' id='word_1_432' title='bbox 3355 2404 3436 2450; x_wconf 90' lang='lat' dir='ltr'>est</span> <span class='ocrx_word' id='word_1_433' title='bbox 3488 2396 3616 2468; x_wconf 87' lang='lat' dir='ltr'>quia</span> 
     </span>
    </p>
   </div>
   <div class='ocr_carea' id='block_1_56' title="bbox 2022 2482 3620 2549">
    <p class='ocr_par' dir='ltr' id='par_1_56' title="bbox 2022 2482 3620 2549">
     <span class='ocr_line' id='line_1_56' title="bbox 2022 2482 3620 2549; baseline 0.003 -11"><span class='ocrx_word' id='word_1_434' title='bbox 2022 2490 2073 2538; x_wconf 87' lang='lat' dir='ltr'>et</span> <span class='ocrx_word' id='word_1_435' title='bbox 2105 2482 2382 2538; x_wconf 88' lang='lat' dir='ltr'>veritatem</span> <span class='ocrx_word' id='word_1_436' title='bbox 2418 2482 2618 2549; x_wconf 91' lang='lat' dir='ltr'>dicam,</span> <span class='ocrx_word' id='word_1_437' title='bbox 2663 2490 2715 2537; x_wconf 91' lang='lat' dir='ltr'>et</span> <span class='ocrx_word' id='word_1_438' title='bbox 2770 2484 2839 2537; x_wconf 88' lang='lat' dir='ltr'>ad</span> <span class='ocrx_word' id='word_1_439' title='bbox 2897 2482 3303 2538; x_wconf 78' lang='lat' dir='ltr'>aedificationem</span> <span class='ocrx_word' id='word_1_440' title='bbox 3357 2484 3620 2542; x_wconf 67' lang='lat' dir='ltr'>Ecclesiae</span> 
     </span>
    </p>
   </div>
   <div class='ocr_carea' id='block_1_57' title="bbox 2019 2569 3615 2643">
    <p class='ocr_par' dir='ltr' id='par_1_57' title="bbox 2019 2569 3615 2643">
     <span class='ocr_line' id='line_1_57' title="bbox 2019 2569 3615 2643; baseline 0.001 -17"><span class='ocrx_word' id='word_1_441' title='bbox 2019 2587 2120 2642; x_wconf 91' lang='lat' dir='ltr'>per</span> <span class='ocrx_word' id='word_1_442' title='bbox 2147 2572 2249 2625; x_wconf 93' lang='lat' dir='ltr'>hoc</span> <span class='ocrx_word' id='word_1_443' title='bbox 2270 2569 2572 2640; x_wconf 86' lang='lat' dir='ltr'>proficiam.</span> <span class='ocrx_word' id='word_1_444' title='bbox 2609 2569 2767 2639; x_wconf 88' lang='lat' dir='ltr'>Quod</span> <span class='ocrx_word' id='word_1_445' title='bbox 2795 2571 2937 2626; x_wconf 91' lang='lat' dir='ltr'>idem</span> <span class='ocrx_word' id='word_1_446' title='bbox 2967 2572 3023 2625; x_wconf 91' lang='lat' dir='ltr'>in</span> <span class='ocrx_word' id='word_1_447' title='bbox 3056 2572 3405 2643; x_wconf 90' lang='lat' dir='ltr'>sequentibus</span> <span class='ocrx_word' id='word_1_448' title='bbox 3434 2572 3615 2643; x_wconf 90' lang='lat' dir='ltr'>ponit:</span> 
     </span>
    </p>
   </div>
   <div class='ocr_carea' id='block_1_58' title="bbox 2019 2658 3614 2732">
    <p class='ocr_par' dir='ltr' id='par_1_58' title="bbox 2019 2658 3614 2732">
     <span class='ocr_line' id='line_1_58' title="bbox 2019 2658 3614 2732; baseline 0.003 -19"><span class='ocrx_word' id='word_1_449' title='bbox 2019 2660 2089 2713; x_wconf 87' lang='lat' dir='ltr'>Et</span> <span class='ocrx_word' id='word_1_450' title='bbox 2118 2658 2242 2714; x_wconf 91' lang='lat' dir='ltr'>licet</span> <span class='ocrx_word' id='word_1_451' title='bbox 2260 2659 2326 2713; x_wconf 88' lang='lat' dir='ltr'>ita</span> <span class='ocrx_word' id='word_1_452' title='bbox 2346 2659 2553 2729; x_wconf 89' lang='lat' dir='ltr'>possim</span> <span class='ocrx_word' id='word_1_453' title='bbox 2571 2659 2810 2732; x_wconf 87' lang='lat' dir='ltr'>gloriari,</span> <span class='ocrx_word' id='word_1_454' title='bbox 2838 2664 3030 2715; x_wconf 88' lang='lat' dir='ltr'>tamen</span> <span class='ocrx_word' id='word_1_455' title='bbox 3050 2676 3239 2732; x_wconf 88' lang='lat' dir='ltr'>parco,</span> <span class='ocrx_word' id='word_1_456' title='bbox 3265 2660 3317 2714; x_wconf 90' lang='lat' dir='ltr'>id</span> <span class='ocrx_word' id='word_1_457' title='bbox 3348 2669 3429 2715; x_wconf 91' lang='lat' dir='ltr'>est</span> <span class='ocrx_word' id='word_1_458' title='bbox 3449 2676 3614 2732; x_wconf 90' lang='lat' dir='ltr'>parce</span> 
     </span>
    </p>
   </div>
   <div class='ocr_carea' id='block_1_59' title="bbox 2020 2746 3616 2820">
    <p class='ocr_par' dir='ltr' id='par_1_59' title="bbox 2020 2746 3616 2820">
     <span class='ocr_line' id='line_1_59' title="bbox 2020 2746 3616 2820; baseline 0.002 -19"><span class='ocrx_word' id='word_1_459' title='bbox 2020 2748 2087 2803; x_wconf 91' lang='lat' dir='ltr'>de</span> <span class='ocrx_word' id='word_1_460' title='bbox 2119 2746 2291 2818; x_wconf 85' lang='lat' dir='ltr'>gloria</span> <span class='ocrx_word' id='word_1_461' title='bbox 2321 2747 2523 2815; x_wconf 86' lang='lat' dir='ltr'>refero,</span> <span class='ocrx_word' id='word_1_462' title='bbox 2556 2765 2627 2803; x_wconf 90' lang='lat' dir='ltr'>ne</span> <span class='ocrx_word' id='word_1_463' title='bbox 2655 2751 2803 2819; x_wconf 82' lang='lat' dir='ltr'>forte</span> <span class='ocrx_word' id='word_1_464' title='bbox 2834 2750 2956 2820; x_wconf 86' lang='lat' dir='ltr'>quis</span> <span class='ocrx_word' id='word_1_465' title='bbox 3001 2749 3297 2803; x_wconf 74' lang='lat' dir='ltr'>existimet</span> <span class='ocrx_word' id='word_1_466' title='bbox 3348 2766 3436 2803; x_wconf 89' lang='lat' dir='ltr'>me</span> <span class='ocrx_word' id='word_1_467' title='bbox 3493 2765 3616 2804; x_wconf 89' lang='lat' dir='ltr'>esse</span> 
     </span>
    </p>
   </div>
   <div class='ocr_carea' id='block_1_60' title="bbox 2018 2836 3613 2908">
    <p class='ocr_par' dir='ltr' id='par_1_60' title="bbox 2018 2836 3613 2908">
     <span class='ocr_line' id='line_1_60' title="bbox 2018 2836 3613 2908; baseline 0.001 -17"><span class='ocrx_word' id='word_1_468' title='bbox 2018 2853 2189 2908; x_wconf 84' lang='lat' dir='ltr'>supra</span> <span class='ocrx_word' id='word_1_469' title='bbox 2220 2836 2278 2891; x_wconf 90' lang='lat' dir='ltr'>id</span> <span class='ocrx_word' id='word_1_470' title='bbox 2306 2837 2447 2908; x_wconf 91' lang='lat' dir='ltr'>quod</span> <span class='ocrx_word' id='word_1_471' title='bbox 2473 2836 2623 2891; x_wconf 83' lang='lat' dir='ltr'>videt</span> <span class='ocrx_word' id='word_1_472' title='bbox 2649 2838 2711 2890; x_wconf 86' lang='lat' dir='ltr'>in</span> <span class='ocrx_word' id='word_1_473' title='bbox 2732 2853 2840 2891; x_wconf 89' lang='lat' dir='ltr'>me.</span> <span class='ocrx_word' id='word_1_474' title='bbox 2865 2836 3024 2891; x_wconf 88' lang='lat' dir='ltr'>Videt</span> <span class='ocrx_word' id='word_1_475' title='bbox 3054 2837 3197 2892; x_wconf 91' lang='lat' dir='ltr'>enim</span> <span class='ocrx_word' id='word_1_476' title='bbox 3227 2853 3312 2892; x_wconf 92' lang='lat' dir='ltr'>me</span> <span class='ocrx_word' id='word_1_477' title='bbox 3341 2837 3613 2893; x_wconf 89' lang='lat' dir='ltr'>hominem</span> 
     </span>
    </p>
   </div>
   <div class='ocr_carea' id='block_1_61' title="bbox 2020 2924 3616 2996">
    <p class='ocr_par' dir='ltr' id='par_1_61' title="bbox 2020 2924 3616 2996">
     <span class='ocr_line' id='line_1_61' title="bbox 2020 2924 3616 2996; baseline 0.001 -17"><span class='ocrx_word' id='word_1_478' title='bbox 2020 2924 2252 2979; x_wconf 88' lang='lat' dir='ltr'>miseriis</span> <span class='ocrx_word' id='word_1_479' title='bbox 2283 2941 2573 2995; x_wconf 88' lang='lat' dir='ltr'>pressum;</span> <span class='ocrx_word' id='word_1_480' title='bbox 2624 2924 2721 2980; x_wconf 91' lang='lat' dir='ltr'>sed</span> <span class='ocrx_word' id='word_1_481' title='bbox 2765 2925 2887 2996; x_wconf 89' lang='lat' dir='ltr'>quia</span> <span class='ocrx_word' id='word_1_482' title='bbox 2934 2942 2999 2979; x_wconf 90' lang='lat' dir='ltr'>ex</span> <span class='ocrx_word' id='word_1_483' title='bbox 3049 2926 3216 2980; x_wconf 89' lang='lat' dir='ltr'>altera</span> <span class='ocrx_word' id='word_1_484' title='bbox 3266 2934 3420 2996; x_wconf 88' lang='lat' dir='ltr'>parte</span> <span class='ocrx_word' id='word_1_485' title='bbox 3467 2926 3616 2981; x_wconf 86' lang='lat' dir='ltr'>videt</span> 
     </span>
    </p>
   </div>
   <div class='ocr_carea' id='block_1_62' title="bbox 305 2983 3609 3085">
    <p class='ocr_par' dir='ltr' id='par_1_62' title="bbox 305 2983 3609 3085">
     <span class='ocr_line' id='line_1_62' title="bbox 305 2983 3609 3085; baseline -0 -16"><span class='ocrx_word' id='word_1_486' title='bbox 305 3014 505 3069; x_wconf 64' lang='lat' dir='ltr'>animae</span> <span class='ocrx_word' id='word_1_487' title='bbox 559 3013 918 3084; x_wconf 85' lang='lat' dir='ltr'>perturbaret.</span> <span class='ocrx_word' id='word_1_488' title='bbox 982 3012 1037 3067; x_wconf 90' lang='lat' dir='ltr'>Si</span> <span class='ocrx_word' id='word_1_489' title='bbox 1084 3028 1217 3067; x_wconf 88' lang='lat' dir='ltr'>vero</span> <span class='ocrx_word' id='word_1_490' title='bbox 1272 3020 1421 3067; x_wconf 86' lang='lat' dir='ltr'>extra</span> <span class='ocrx_word' id='word_1_491' title='bbox 1477 3029 1672 3084; x_wconf 91' lang='lat' dir='ltr'>corpus</span> <span class='ocrx_word' id='word_1_492' title='bbox 1728 3013 1908 3068; x_wconf 86' lang='lat' dir='ltr'>anima</span> <span class='ocrx_word' id='word_1_493' title='bbox 1937 2983 1983 3043; x_wconf 74' lang='grc' dir='ltr'><strong>Ο</strong></span> <span class='ocrx_word' id='word_1_494' title='bbox 2012 3030 2112 3084; x_wconf 85' lang='lat' dir='ltr'>per</span> <span class='ocrx_word' id='word_1_495' title='bbox 2141 3029 2228 3069; x_wconf 91' lang='lat' dir='ltr'>me</span> <span class='ocrx_word' id='word_1_496' title='bbox 2259 3012 2376 3068; x_wconf 80' lang='lat' dir='ltr'>fieri</span> <span class='ocrx_word' id='word_1_497' title='bbox 2406 3013 2682 3082; x_wconf 86' lang='lat' dir='ltr'>miracula,</span> <span class='ocrx_word' id='word_1_498' title='bbox 2718 3022 2866 3085; x_wconf 90' lang='lat' dir='ltr'>putat</span> <span class='ocrx_word' id='word_1_499' title='bbox 2889 3015 2955 3069; x_wconf 92' lang='lat' dir='ltr'>de</span> <span class='ocrx_word' id='word_1_500' title='bbox 2986 3031 3074 3069; x_wconf 93' lang='lat' dir='ltr'>me</span> <span class='ocrx_word' id='word_1_501' title='bbox 3105 3031 3268 3085; x_wconf 89' lang='lat' dir='ltr'>supra</span> <span class='ocrx_word' id='word_1_502' title='bbox 3298 3014 3609 3069; x_wconf 89' lang='lat' dir='ltr'>humanita-</span> 
     </span>
    </p>
   </div>
   <div class='ocr_carea' id='block_1_63' title="bbox 311 3099 1901 3174">
    <p class='ocr_par' dir='ltr' id='par_1_63' title="bbox 311 3099 1901 3174">
     <span class='ocr_line' id='line_1_63' title="bbox 311 3099 1901 3174; baseline -0.001 -17"><span class='ocrx_word' id='word_1_503' title='bbox 311 3103 555 3174; x_wconf 89' lang='lat' dir='ltr'>quidem,</span> <span class='ocrx_word' id='word_1_504' title='bbox 616 3101 787 3156; x_wconf 88' lang='lat' dir='ltr'>libera</span> <span class='ocrx_word' id='word_1_505' title='bbox 816 3099 1057 3171; x_wconf 91' lang='lat' dir='ltr'>pondere</span> <span class='ocrx_word' id='word_1_506' title='bbox 1114 3100 1312 3165; x_wconf 90' lang='lat' dir='ltr'>carnis,</span> <span class='ocrx_word' id='word_1_507' title='bbox 1375 3117 1482 3172; x_wconf 92' lang='lat' dir='ltr'>quo</span> <span class='ocrx_word' id='word_1_508' title='bbox 1538 3102 1685 3155; x_wconf 90' lang='lat' dir='ltr'>Deus</span> <span class='ocrx_word' id='word_1_509' title='bbox 1715 3101 1901 3168; x_wconf 90' lang='lat' dir='ltr'>voluit,</span> 
     </span>
    </p>
   </div>
   <div class='ocr_carea' id='block_1_64' title="bbox 306 3189 1905 3264">
    <p class='ocr_par' dir='ltr' id='par_1_64' title="bbox 306 3189 1905 3264">
     <span class='ocr_line' id='line_1_64' title="bbox 306 3189 1905 3264; baseline -0.001 -19"><span class='ocrx_word' id='word_1_510' title='bbox 306 3191 484 3264; x_wconf 90' lang='lat' dir='ltr'>potuit</span> <span class='ocrx_word' id='word_1_511' title='bbox 532 3190 677 3257; x_wconf 90' lang='lat' dir='ltr'>duci,</span> <span class='ocrx_word' id='word_1_512' title='bbox 736 3189 832 3244; x_wconf 90' lang='lat' dir='ltr'>sed</span> <span class='ocrx_word' id='word_1_513' title='bbox 891 3189 1005 3243; x_wconf 88' lang='lat' dir='ltr'>sive</span> <span class='ocrx_word' id='word_1_514' title='bbox 1060 3189 1162 3243; x_wconf 89' lang='lat' dir='ltr'>alio</span> <span class='ocrx_word' id='word_1_515' title='bbox 1221 3189 1382 3244; x_wconf 85' lang='lat' dir='ltr'>ducta</span> <span class='ocrx_word' id='word_1_516' title='bbox 1440 3189 1527 3255; x_wconf 90' lang='lat' dir='ltr'>sit,</span> <span class='ocrx_word' id='word_1_517' title='bbox 1561 3189 1674 3244; x_wconf 91' lang='lat' dir='ltr'>sive</span> <span class='ocrx_word' id='word_1_518' title='bbox 1702 3189 1905 3245; x_wconf 90' lang='lat' dir='ltr'>ibidem</span> 
     </span>
    </p>
   </div>
   <div class='ocr_carea' id='block_1_65' title="bbox 306 3276 1906 3349">
    <p class='ocr_par' dir='ltr' id='par_1_65' title="bbox 306 3276 1906 3349">
     <span class='ocr_line' id='line_1_65' title="bbox 306 3276 1906 3349; baseline -0.001 -14"><span class='ocrx_word' id='word_1_519' title='bbox 306 3279 632 3343; x_wconf 88' lang='lat' dir='ltr'>subsisterit,</span> <span class='ocrx_word' id='word_1_520' title='bbox 668 3277 800 3332; x_wconf 90' lang='lat' dir='ltr'>nihil</span> <span class='ocrx_word' id='word_1_521' title='bbox 831 3276 1074 3348; x_wconf 89' lang='lat' dir='ltr'>impedit,</span> <span class='ocrx_word' id='word_1_522' title='bbox 1110 3277 1233 3348; x_wconf 91' lang='lat' dir='ltr'>quia</span> <span class='ocrx_word' id='word_1_523' title='bbox 1264 3286 1557 3349; x_wconf 88' lang='lat' dir='ltr'>postquam</span> <span class='ocrx_word' id='word_1_524' title='bbox 1601 3293 1711 3332; x_wconf 92' lang='lat' dir='ltr'>non</span> <span class='ocrx_word' id='word_1_525' title='bbox 1737 3278 1906 3333; x_wconf 90' lang='lat' dir='ltr'>sensit</span> 
     </span>
    </p>
   </div>
   <div class='ocr_carea' id='block_1_66' title="bbox 305 3365 1905 3437">
    <p class='ocr_par' dir='ltr' id='par_1_66' title="bbox 305 3365 1905 3437">
     <span class='ocr_line' id='line_1_66' title="bbox 305 3365 1905 3437; baseline -0.003 -12"><span class='ocrx_word' id='word_1_526' title='bbox 305 3369 511 3425; x_wconf 90' lang='lat' dir='ltr'>molem</span> <span class='ocrx_word' id='word_1_527' title='bbox 542 3366 721 3423; x_wconf 85' lang='lat' dir='ltr'>carnis</span> <span class='ocrx_word' id='word_1_528' title='bbox 751 3383 816 3421; x_wconf 85' lang='lat' dir='ltr'>ex</span> <span class='ocrx_word' id='word_1_529' title='bbox 844 3365 1119 3421; x_wconf 88' lang='lat' dir='ltr'>voluntate</span> <span class='ocrx_word' id='word_1_530' title='bbox 1168 3366 1287 3435; x_wconf 90' lang='lat' dir='ltr'>Dei,</span> <span class='ocrx_word' id='word_1_531' title='bbox 1348 3366 1532 3422; x_wconf 91' lang='lat' dir='ltr'>videre</span> <span class='ocrx_word' id='word_1_532' title='bbox 1579 3366 1751 3437; x_wconf 85' lang='lat' dir='ltr'>potuit</span> <span class='ocrx_word' id='word_1_533' title='bbox 1780 3383 1905 3423; x_wconf 91' lang='lat' dir='ltr'>eum</span> 
     </span>
    </p>
   </div>
   <div class='ocr_carea' id='block_1_67' title="bbox 308 3454 1904 3530">
    <p class='ocr_par' dir='ltr' id='par_1_67' title="bbox 308 3454 1904 3530">
     <span class='ocr_line' id='line_1_67' title="bbox 308 3454 1904 3530; baseline -0.001 -17"><span class='ocrx_word' id='word_1_534' title='bbox 308 3474 475 3530; x_wconf 87' lang='lat' dir='ltr'>quem</span> <span class='ocrx_word' id='word_1_535' title='bbox 505 3457 559 3510; x_wconf 91' lang='lat' dir='ltr'>in</span> <span class='ocrx_word' id='word_1_536' title='bbox 592 3455 769 3511; x_wconf 87' lang='lat' dir='ltr'>futuro</span> <span class='ocrx_word' id='word_1_537' title='bbox 800 3454 1004 3510; x_wconf 89' lang='lat' dir='ltr'>videbit</span> <span class='ocrx_word' id='word_1_538' title='bbox 1034 3454 1190 3509; x_wconf 90' lang='lat' dir='ltr'>sicuti</span> <span class='ocrx_word' id='word_1_539' title='bbox 1221 3462 1322 3509; x_wconf 92' lang='lat' dir='ltr'>est.</span> <span class='ocrx_word' id='word_1_540' title='bbox 1382 3456 1670 3510; x_wconf 82' lang='lat' dir='ltr'>Ilo-minem</span> <span class='ocrx_word' id='word_1_541' title='bbox 1703 3456 1904 3527; x_wconf 86' lang='lat' dir='ltr'>hujus-</span> 
     </span>
    </p>
   </div>
   <div class='ocr_carea' id='block_1_68' title="bbox 305 3543 1904 3616">
    <p class='ocr_par' dir='ltr' id='par_1_68' title="bbox 305 3543 1904 3616">
     <span class='ocr_line' id='line_1_68' title="bbox 305 3543 1904 3616; baseline -0.001 -15"><span class='ocrx_word' id='word_1_542' title='bbox 305 3546 463 3602; x_wconf 85' lang='lat' dir='ltr'>modi</span> <span class='ocrx_word' id='word_1_543' title='bbox 491 3545 605 3602; x_wconf 91' lang='lat' dir='ltr'>scio</span> <span class='ocrx_word' id='word_1_544' title='bbox 632 3548 866 3616; x_wconf 85' lang='lat' dir='ltr'>raptum</span> <span class='ocrx_word' id='word_1_545' title='bbox 896 3559 1069 3614; x_wconf 89' lang='lat' dir='ltr'>usque</span> <span class='ocrx_word' id='word_1_546' title='bbox 1101 3544 1173 3598; x_wconf 87' lang='lat' dir='ltr'>ad</span> <span class='ocrx_word' id='word_1_547' title='bbox 1204 3545 1441 3598; x_wconf 86' lang='lat' dir='ltr'>tertium</span> <span class='ocrx_word' id='word_1_548' title='bbox 1472 3545 1692 3612; x_wconf 70' lang='lat' dir='ltr'>caelum,</span> <span class='ocrx_word' id='word_1_549' title='bbox 1736 3543 1791 3598; x_wconf 92' lang='lat' dir='ltr'>id</span> <span class='ocrx_word' id='word_1_550' title='bbox 1822 3553 1904 3599; x_wconf 85' lang='lat' dir='ltr'>est</span> 
     </span>
    </p>
   </div>
   <div class='ocr_carea' id='block_1_69' title="bbox 306 3630 1904 3706">
    <p class='ocr_par' dir='ltr' id='par_1_69' title="bbox 306 3630 1904 3706">
     <span class='ocr_line' id='line_1_69' title="bbox 306 3630 1904 3706; baseline -0.001 -17"><span class='ocrx_word' id='word_1_551' title='bbox 306 3651 483 3706; x_wconf 91' lang='lat' dir='ltr'>usque</span> <span class='ocrx_word' id='word_1_552' title='bbox 513 3635 581 3688; x_wconf 90' lang='lat' dir='ltr'>ad</span> <span class='ocrx_word' id='word_1_553' title='bbox 610 3632 747 3688; x_wconf 91' lang='lat' dir='ltr'>tertii</span> <span class='ocrx_word' id='word_1_554' title='bbox 776 3631 984 3686; x_wconf 87' lang='lat' dir='ltr'>ordinis</span> <span class='ocrx_word' id='word_1_555' title='bbox 1015 3630 1299 3687; x_wconf 91' lang='lat' dir='ltr'>visionem.</span> <span class='ocrx_word' id='word_1_556' title='bbox 1334 3631 1485 3687; x_wconf 87' lang='lat' dir='ltr'>Visio</span> <span class='ocrx_word' id='word_1_557' title='bbox 1524 3632 1722 3687; x_wconf 74' lang='lat' dir='ltr'>ccelum</span> <span class='ocrx_word' id='word_1_558' title='bbox 1770 3632 1904 3688; x_wconf 88' lang='lat' dir='ltr'>dici-</span> 
     </span>
    </p>
   </div>
   <div class='ocr_carea' id='block_1_70' title="bbox 304 3719 1904 3793">
    <p class='ocr_par' dir='ltr' id='par_1_70' title="bbox 304 3719 1904 3793">
     <span class='ocr_line' id='line_1_70' title="bbox 304 3719 1904 3793; baseline -0.002 -16"><span class='ocrx_word' id='word_1_559' title='bbox 304 3731 415 3787; x_wconf 88' lang='lat' dir='ltr'>tur,</span> <span class='ocrx_word' id='word_1_560' title='bbox 453 3722 579 3793; x_wconf 90' lang='lat' dir='ltr'>quia</span> <span class='ocrx_word' id='word_1_561' title='bbox 608 3721 848 3792; x_wconf 88' lang='lat' dir='ltr'>pluribus</span> <span class='ocrx_word' id='word_1_562' title='bbox 880 3719 1103 3785; x_wconf 88' lang='lat' dir='ltr'>celatur,</span> <span class='ocrx_word' id='word_1_563' title='bbox 1146 3720 1331 3791; x_wconf 89' lang='lat' dir='ltr'>paucis</span> <span class='ocrx_word' id='word_1_564' title='bbox 1363 3720 1626 3791; x_wconf 88' lang='lat' dir='ltr'>aperitur.</span> <span class='ocrx_word' id='word_1_565' title='bbox 1664 3720 1904 3775; x_wconf 91' lang='lat' dir='ltr'>Primum</span> 
     </span>
    </p>
   </div>
   <div class='ocr_carea' id='block_1_71' title="bbox 305 3808 1903 3879">
    <p class='ocr_par' dir='ltr' id='par_1_71' title="bbox 305 3808 1903 3879">
     <span class='ocr_line' id='line_1_71' title="bbox 305 3808 1903 3879; baseline -0.001 -13"><span class='ocrx_word' id='word_1_566' title='bbox 305 3810 528 3876; x_wconf 75' lang='lat' dir='ltr'>coelum,</span> <span class='ocrx_word' id='word_1_567' title='bbox 562 3810 617 3864; x_wconf 94' lang='lat' dir='ltr'>in</span> <span class='ocrx_word' id='word_1_568' title='bbox 646 3817 728 3864; x_wconf 91' lang='lat' dir='ltr'>est</span> <span class='ocrx_word' id='word_1_569' title='bbox 756 3809 934 3879; x_wconf 91' lang='lat' dir='ltr'>prima</span> <span class='ocrx_word' id='word_1_570' title='bbox 962 3808 1098 3863; x_wconf 90' lang='lat' dir='ltr'>visio</span> <span class='ocrx_word' id='word_1_571' title='bbox 1129 3808 1339 3874; x_wconf 89' lang='lat' dir='ltr'>dicitur,</span> <span class='ocrx_word' id='word_1_572' title='bbox 1376 3825 1479 3879; x_wconf 92' lang='lat' dir='ltr'>qua</span> <span class='ocrx_word' id='word_1_573' title='bbox 1508 3810 1655 3864; x_wconf 91' lang='lat' dir='ltr'>Deus</span> <span class='ocrx_word' id='word_1_574' title='bbox 1708 3824 1903 3879; x_wconf 83' lang='lat' dir='ltr'>corpo-</span> 
     </span>
    </p>
   </div>
   <div class='ocr_carea' id='block_1_72' title="bbox 303 3897 1903 3967">
    <p class='ocr_par' dir='ltr' id='par_1_72' title="bbox 303 3897 1903 3967">
     <span class='ocr_line' id='line_1_72' title="bbox 303 3897 1903 3967; baseline -0.001 -13"><span class='ocrx_word' id='word_1_575' title='bbox 303 3898 491 3954; x_wconf 85' lang='lat' dir='ltr'>raliter</span> <span class='ocrx_word' id='word_1_576' title='bbox 520 3898 753 3954; x_wconf 91' lang='lat' dir='ltr'>ostendit</span> <span class='ocrx_word' id='word_1_577' title='bbox 782 3897 965 3967; x_wconf 84' lang='lat' dir='ltr'>aliqua</span> <span class='ocrx_word' id='word_1_578' title='bbox 996 3905 1209 3951; x_wconf 90' lang='lat' dir='ltr'>secreta</span> <span class='ocrx_word' id='word_1_579' title='bbox 1243 3916 1256 3961; x_wconf 91' lang='lat'>;</span> <span class='ocrx_word' id='word_1_580' title='bbox 1290 3904 1347 3950; x_wconf 91' lang='lat' dir='ltr'>ut</span> <span class='ocrx_word' id='word_1_581' title='bbox 1378 3897 1624 3952; x_wconf 90' lang='lat' dir='ltr'>Gedeoni</span> <span class='ocrx_word' id='word_1_582' title='bbox 1671 3897 1725 3950; x_wconf 91' lang='lat' dir='ltr'>in</span> <span class='ocrx_word' id='word_1_583' title='bbox 1756 3897 1903 3953; x_wconf 92' lang='lat' dir='ltr'>sicco</span> 
     </span>
    </p>
   </div>
   <div class='ocr_carea' id='block_1_73' title="bbox 301 3985 1903 4056">
    <p class='ocr_par' dir='ltr' id='par_1_73' title="bbox 301 3985 1903 4056">
     <span class='ocr_line' id='line_1_73' title="bbox 301 3985 1903 4056; baseline -0.002 -13"><span class='ocrx_word' id='word_1_584' title='bbox 301 3987 511 4043; x_wconf 84' lang='lat' dir='ltr'>vellere</span> <span class='ocrx_word' id='word_1_585' title='bbox 542 3995 595 4041; x_wconf 91' lang='lat' dir='ltr'>et</span> <span class='ocrx_word' id='word_1_586' title='bbox 622 3985 841 4040; x_wconf 90' lang='lat' dir='ltr'>madida</span> <span class='ocrx_word' id='word_1_587' title='bbox 881 4000 1005 4040; x_wconf 88' lang='lat' dir='ltr'>area</span> <span class='ocrx_word' id='word_1_588' title='bbox 1036 3985 1185 4054; x_wconf 79' lang='lat' dir='ltr'>(Iud.</span> <span class='ocrx_word' id='word_1_589' title='bbox 1219 4001 1295 4051; x_wconf 82' lang='lat' dir='ltr'>v1,</span> <span class='ocrx_word' id='word_1_590' title='bbox 1329 3986 1439 4056; x_wconf 88' lang='lat'>38),</span> <span class='ocrx_word' id='word_1_591' title='bbox 1475 3992 1527 4040; x_wconf 90' lang='lat' dir='ltr'>et</span> <span class='ocrx_word' id='word_1_592' title='bbox 1582 3986 1903 4041; x_wconf 75' lang='lat' dir='ltr'>Machabaeis</span> 
     </span>
    </p>
   </div>
   <div class='ocr_carea' id='block_1_74' title="bbox 302 4072 1905 4147">
    <p class='ocr_par' dir='ltr' id='par_1_74' title="bbox 302 4072 1905 4147">
     <span class='ocr_line' id='line_1_74' title="bbox 302 4072 1905 4147; baseline -0.001 -18"><span class='ocrx_word' id='word_1_593' title='bbox 302 4076 398 4147; x_wconf 90' lang='lat' dir='ltr'>qui</span> <span class='ocrx_word' id='word_1_594' title='bbox 430 4074 680 4131; x_wconf 89' lang='lat' dir='ltr'>viderunt</span> <span class='ocrx_word' id='word_1_595' title='bbox 727 4074 927 4144; x_wconf 86' lang='lat' dir='ltr'>ignitas</span> <span class='ocrx_word' id='word_1_596' title='bbox 975 4074 1121 4128; x_wconf 89' lang='lat' dir='ltr'>acies</span> <span class='ocrx_word' id='word_1_597' title='bbox 1178 4072 1232 4126; x_wconf 91' lang='lat' dir='ltr'>in</span> <span class='ocrx_word' id='word_1_598' title='bbox 1289 4089 1432 4137; x_wconf 88' lang='lat' dir='ltr'>aere,</span> <span class='ocrx_word' id='word_1_599' title='bbox 1490 4073 1905 4146; x_wconf 71' lang='lat' dir='ltr'>praefigurantes</span> 
     </span>
    </p>
   </div>
   <div class='ocr_carea' id='block_1_75' title="bbox 299 4161 1904 4231">
    <p class='ocr_par' dir='ltr' id='par_1_75' title="bbox 299 4161 1904 4231">
     <span class='ocr_line' id='line_1_75' title="bbox 299 4161 1904 4231; baseline -0.001 -13"><span class='ocrx_word' id='word_1_600' title='bbox 299 4163 505 4218; x_wconf 89' lang='lat' dir='ltr'>bellum</span> <span class='ocrx_word' id='word_1_601' title='bbox 537 4163 608 4230; x_wconf 95' lang='lat' dir='ltr'>(II</span> <span class='ocrx_word' id='word_1_602' title='bbox 635 4162 830 4228; x_wconf 84' lang='lat' dir='ltr'>Mach.,</span> <span class='ocrx_word' id='word_1_603' title='bbox 874 4178 930 4227; x_wconf 91' lang='lat' dir='ltr'>v,</span> <span class='ocrx_word' id='word_1_604' title='bbox 991 4163 1067 4231; x_wconf 76' lang='lat'>2).</span> <span class='ocrx_word' id='word_1_605' title='bbox 1133 4161 1439 4216; x_wconf 88' lang='lat' dir='ltr'>Secundum</span> <span class='ocrx_word' id='word_1_606' title='bbox 1488 4161 1707 4228; x_wconf 86' lang='lat' dir='ltr'>coelum,</span> <span class='ocrx_word' id='word_1_607' title='bbox 1739 4162 1788 4215; x_wconf 88' lang='lat' dir='ltr'>id</span> <span class='ocrx_word' id='word_1_608' title='bbox 1824 4170 1904 4216; x_wconf 93' lang='lat' dir='ltr'>est</span> 
     </span>
    </p>
   </div>
   <div class='ocr_carea' id='block_1_76' title="bbox 301 4249 1899 4321">
    <p class='ocr_par' dir='ltr' id='par_1_76' title="bbox 301 4249 1899 4321">
     <span class='ocr_line' id='line_1_76' title="bbox 301 4249 1899 4321; baseline -0.003 -14"><span class='ocrx_word' id='word_1_609' title='bbox 301 4251 545 4307; x_wconf 88' lang='lat' dir='ltr'>secunda</span> <span class='ocrx_word' id='word_1_610' title='bbox 572 4249 712 4305; x_wconf 87' lang='lat' dir='ltr'>visio</span> <span class='ocrx_word' id='word_1_611' title='bbox 735 4258 818 4305; x_wconf 90' lang='lat' dir='ltr'>est</span> <span class='ocrx_word' id='word_1_612' title='bbox 849 4250 1089 4321; x_wconf 91' lang='lat' dir='ltr'>quando,</span> <span class='ocrx_word' id='word_1_613' title='bbox 1123 4264 1230 4303; x_wconf 92' lang='lat' dir='ltr'>non</span> <span class='ocrx_word' id='word_1_614' title='bbox 1267 4266 1366 4319; x_wconf 89' lang='lat' dir='ltr'>per</span> <span class='ocrx_word' id='word_1_615' title='bbox 1394 4265 1507 4304; x_wconf 90' lang='lat' dir='ltr'>rem</span> <span class='ocrx_word' id='word_1_616' title='bbox 1559 4265 1899 4320; x_wconf 90' lang='lat' dir='ltr'>corpoream,</span> 
     </span>
    </p>
   </div>
   <div class='ocr_carea' id='block_1_77' title="bbox 2016 3101 3611 3174">
    <p class='ocr_par' dir='ltr' id='par_1_77' title="bbox 2016 3101 3611 3174">
     <span class='ocr_line' id='line_1_77' title="bbox 2016 3101 3611 3174; baseline 0.001 -19"><span class='ocrx_word' id='word_1_617' title='bbox 2016 3110 2124 3155; x_wconf 91' lang='lat' dir='ltr'>tem</span> <span class='ocrx_word' id='word_1_618' title='bbox 2162 3118 2320 3173; x_wconf 89' lang='lat' dir='ltr'>quam</span> <span class='ocrx_word' id='word_1_619' title='bbox 2351 3101 2499 3157; x_wconf 90' lang='lat' dir='ltr'>videt</span> <span class='ocrx_word' id='word_1_620' title='bbox 2529 3102 2583 3155; x_wconf 88' lang='lat' dir='ltr'>in</span> <span class='ocrx_word' id='word_1_621' title='bbox 2640 3118 2746 3169; x_wconf 91' lang='lat' dir='ltr'>me,</span> <span class='ocrx_word' id='word_1_622' title='bbox 2809 3110 2866 3157; x_wconf 91' lang='lat' dir='ltr'>ut</span> <span class='ocrx_word' id='word_1_623' title='bbox 2922 3103 2998 3157; x_wconf 90' lang='lat' dir='ltr'>illi</span> <span class='ocrx_word' id='word_1_624' title='bbox 3046 3102 3136 3174; x_wconf 87' lang='lat' dir='ltr'>qui</span> <span class='ocrx_word' id='word_1_625' title='bbox 3195 3102 3479 3157; x_wconf 91' lang='lat' dir='ltr'>voluerunt</span> <span class='ocrx_word' id='word_1_626' title='bbox 3533 3102 3611 3157; x_wconf 92' lang='lat' dir='ltr'>illi</span> 
     </span>
    </p>
   </div>
   <div class='ocr_carea' id='block_1_78' title="bbox 2014 3190 3612 3262">
    <p class='ocr_par' dir='ltr' id='par_1_78' title="bbox 2014 3190 3612 3262">
     <span class='ocr_line' id='line_1_78' title="bbox 2014 3190 3612 3262; baseline 0 -16"><span class='ocrx_word' id='word_1_627' title='bbox 2014 3198 2338 3247; x_wconf 88' lang='lat' dir='ltr'>construere</span> <span class='ocrx_word' id='word_1_628' title='bbox 2371 3206 2495 3246; x_wconf 85' lang='lat' dir='ltr'>aras</span> <span class='ocrx_word' id='word_1_629' title='bbox 2526 3190 2670 3261; x_wconf 87' lang='lat' dir='ltr'>(Act.</span> <span class='ocrx_word' id='word_1_630' title='bbox 2703 3206 2820 3257; x_wconf 70' lang='lat' dir='ltr'>xxv,</span> <span class='ocrx_word' id='word_1_631' title='bbox 2861 3194 2969 3262; x_wconf 72' lang='grc'>12).</span> <span class='ocrx_word' id='word_1_632' title='bbox 3014 3193 3101 3248; x_wconf 83' lang='lat' dir='ltr'>Vel</span> <span class='ocrx_word' id='word_1_633' title='bbox 3132 3190 3399 3246; x_wconf 83' lang='lat' dir='ltr'>existimet</span> <span class='ocrx_word' id='word_1_634' title='bbox 3429 3191 3495 3246; x_wconf 91' lang='lat' dir='ltr'>de</span> <span class='ocrx_word' id='word_1_635' title='bbox 3524 3208 3612 3246; x_wconf 92' lang='lat' dir='ltr'>me</span> 
     </span>
    </p>
   </div>
   <div class='ocr_carea' id='block_1_79' title="bbox 2014 3279 3605 3352">
    <p class='ocr_par' dir='ltr' id='par_1_79' title="bbox 2014 3279 3605 3352">
     <span class='ocr_line' id='line_1_79' title="bbox 2014 3279 3605 3352; baseline 0.001 -20"><span class='ocrx_word' id='word_1_636' title='bbox 2014 3294 2175 3350; x_wconf 87' lang='lat' dir='ltr'>supra</span> <span class='ocrx_word' id='word_1_637' title='bbox 2205 3279 2258 3332; x_wconf 91' lang='lat' dir='ltr'>id</span> <span class='ocrx_word' id='word_1_638' title='bbox 2290 3279 2431 3351; x_wconf 89' lang='lat' dir='ltr'>quod</span> <span class='ocrx_word' id='word_1_639' title='bbox 2460 3279 2624 3333; x_wconf 87' lang='lat' dir='ltr'>audit</span> <span class='ocrx_word' id='word_1_640' title='bbox 2652 3296 2726 3334; x_wconf 89' lang='lat' dir='ltr'>ex</span> <span class='ocrx_word' id='word_1_641' title='bbox 2742 3295 2850 3344; x_wconf 92' lang='lat' dir='ltr'>me,</span> <span class='ocrx_word' id='word_1_642' title='bbox 2870 3296 3029 3349; x_wconf 91' lang='lat' dir='ltr'>quem</span> <span class='ocrx_word' id='word_1_643' title='bbox 3047 3280 3194 3333; x_wconf 89' lang='lat' dir='ltr'>audit</span> <span class='ocrx_word' id='word_1_644' title='bbox 3210 3280 3378 3347; x_wconf 90' lang='lat' dir='ltr'>sitire,</span> <span class='ocrx_word' id='word_1_645' title='bbox 3400 3279 3605 3352; x_wconf 88' lang='lat' dir='ltr'>algere,</span> 
     </span>
    </p>
   </div>
   <div class='ocr_carea' id='block_1_80' title="bbox 2011 3367 3604 3439">
    <p class='ocr_par' dir='ltr' id='par_1_80' title="bbox 2011 3367 3604 3439">
     <span class='ocr_line' id='line_1_80' title="bbox 2011 3367 3604 3439; baseline 0 -17"><span class='ocrx_word' id='word_1_646' title='bbox 2011 3367 2221 3422; x_wconf 80' lang='lat' dir='ltr'>caeteris</span> <span class='ocrx_word' id='word_1_647' title='bbox 2270 3367 2505 3421; x_wconf 89' lang='lat' dir='ltr'>miseriis</span> <span class='ocrx_word' id='word_1_648' title='bbox 2553 3367 2940 3435; x_wconf 90' lang='lat' dir='ltr'>subjacentem.</span> <span class='ocrx_word' id='word_1_649' title='bbox 2992 3369 3162 3422; x_wconf 89' lang='lat' dir='ltr'>Pareo</span> <span class='ocrx_word' id='word_1_650' title='bbox 3211 3368 3429 3439; x_wconf 89' lang='lat' dir='ltr'>quidem</span> <span class='ocrx_word' id='word_1_651' title='bbox 3478 3369 3604 3439; x_wconf 88' lang='lat' dir='ltr'>glo-</span> 
     </span>
    </p>
   </div>
   <div class='ocr_carea' id='block_1_81' title="bbox 2010 3450 3609 3526">
    <p class='ocr_par' dir='ltr' id='par_1_81' title="bbox 2010 3450 3609 3526">
     <span class='ocr_line' id='line_1_81' title="bbox 2010 3450 3609 3526; baseline 0.001 -17"><span class='ocrx_word' id='word_1_652' title='bbox 2010 3456 2159 3520; x_wconf 89' lang='lat' dir='ltr'>riari,</span> <span class='ocrx_word' id='word_1_653' title='bbox 2195 3462 2247 3509; x_wconf 93' lang='lat' dir='ltr'>et</span> <span class='ocrx_word' id='word_1_654' title='bbox 2265 3456 2404 3509; x_wconf 88' lang='lat' dir='ltr'>bene</span> <span class='ocrx_word' id='word_1_655' title='bbox 2420 3454 2582 3521; x_wconf 89' lang='lat' dir='ltr'>facio,</span> <span class='ocrx_word' id='word_1_656' title='bbox 2609 3454 2734 3526; x_wconf 88' lang='lat' dir='ltr'>quia</span> <span class='ocrx_word' id='word_1_657' title='bbox 2754 3472 2826 3511; x_wconf 89' lang='lat' dir='ltr'>ne</span> <span class='ocrx_word' id='word_1_658' title='bbox 2846 3450 3176 3525; x_wconf 70' lang='lat' dir='ltr'>magnitudo</span> <span class='ocrx_word' id='word_1_659' title='bbox 3199 3458 3609 3511; x_wconf 86' lang='lat' dir='ltr'>revelationum</span> 
     </span>
    </p>
   </div>
   <div class='ocr_carea' id='block_1_82' title="bbox 2009 3542 3606 3613">
    <p class='ocr_par' dir='ltr' id='par_1_82' title="bbox 2009 3542 3606 3613">
     <span class='ocr_line' id='line_1_82' title="bbox 2009 3542 3606 3613; baseline 0 -13"><span class='ocrx_word' id='word_1_660' title='bbox 2009 3546 2254 3600; x_wconf 83' lang='lat' dir='ltr'>extollat</span> <span class='ocrx_word' id='word_1_661' title='bbox 2284 3560 2371 3599; x_wconf 90' lang='lat' dir='ltr'>me</span> <span class='ocrx_word' id='word_1_662' title='bbox 2402 3543 2454 3597; x_wconf 92' lang='lat' dir='ltr'>in</span> <span class='ocrx_word' id='word_1_663' title='bbox 2486 3542 2818 3613; x_wconf 87' lang='lat' dir='ltr'>superbiam,</span> <span class='ocrx_word' id='word_1_664' title='bbox 2854 3545 3021 3600; x_wconf 87' lang='lat' dir='ltr'>datus</span> <span class='ocrx_word' id='word_1_665' title='bbox 3051 3548 3134 3599; x_wconf 90' lang='lat' dir='ltr'>est</span> <span class='ocrx_word' id='word_1_666' title='bbox 3164 3545 3307 3599; x_wconf 85' lang='lat' dir='ltr'>mihi</span> <span class='ocrx_word' id='word_1_667' title='bbox 3336 3546 3606 3600; x_wconf 81' lang='lat' dir='ltr'>stimulus</span> 
     </span>
    </p>
   </div>
   <div class='ocr_carea' id='block_1_83' title="bbox 2008 3631 3604 3703">
    <p class='ocr_par' dir='ltr' id='par_1_83' title="bbox 2008 3631 3604 3703">
     <span class='ocr_line' id='line_1_83' title="bbox 2008 3631 3604 3703; baseline -0.001 -15"><span class='ocrx_word' id='word_1_668' title='bbox 2008 3635 2199 3688; x_wconf 86' lang='lat' dir='ltr'>carnis</span> <span class='ocrx_word' id='word_1_669' title='bbox 2229 3649 2385 3697; x_wconf 72' lang='lat' dir='ltr'>mete,</span> <span class='ocrx_word' id='word_1_670' title='bbox 2421 3631 2625 3687; x_wconf 88' lang='lat' dir='ltr'>scilicet</span> <span class='ocrx_word' id='word_1_671' title='bbox 2654 3633 2909 3702; x_wconf 81' lang='lat' dir='ltr'>angelus,</span> <span class='ocrx_word' id='word_1_672' title='bbox 2936 3632 2989 3687; x_wconf 91' lang='lat' dir='ltr'>id</span> <span class='ocrx_word' id='word_1_673' title='bbox 3011 3640 3091 3687; x_wconf 91' lang='lat' dir='ltr'>est</span> <span class='ocrx_word' id='word_1_674' title='bbox 3110 3633 3323 3703; x_wconf 87' lang='lat' dir='ltr'>legatus</span> <span class='ocrx_word' id='word_1_675' title='bbox 3356 3634 3604 3700; x_wconf 58' lang='lat' dir='ltr'>Satanae,</span> 
     </span>
    </p>
   </div>
   <div class='ocr_carea' id='block_1_84' title="bbox 2005 3720 3606 3792">
    <p class='ocr_par' dir='ltr' id='par_1_84' title="bbox 2005 3720 3606 3792">
     <span class='ocr_line' id='line_1_84' title="bbox 2005 3720 3606 3792; baseline 0.001 -18"><span class='ocrx_word' id='word_1_676' title='bbox 2005 3720 2262 3791; x_wconf 90' lang='lat' dir='ltr'>principis</span> <span class='ocrx_word' id='word_1_677' title='bbox 2292 3720 2685 3775; x_wconf 74' lang='lat' dir='ltr'>daemoniorum</span> <span class='ocrx_word' id='word_1_678' title='bbox 2717 3739 2731 3787; x_wconf 88' lang='lat'>;</span> <span class='ocrx_word' id='word_1_679' title='bbox 2766 3737 2928 3792; x_wconf 91' lang='lat' dir='ltr'>quem</span> <span class='ocrx_word' id='word_1_680' title='bbox 2960 3721 3181 3775; x_wconf 90' lang='lat' dir='ltr'>immisit</span> <span class='ocrx_word' id='word_1_681' title='bbox 3212 3725 3276 3775; x_wconf 88' lang='lat' dir='ltr'>ut</span> <span class='ocrx_word' id='word_1_682' title='bbox 3308 3736 3397 3775; x_wconf 87' lang='lat' dir='ltr'>me</span> <span class='ocrx_word' id='word_1_683' title='bbox 3454 3722 3606 3775; x_wconf 80' lang='lat' dir='ltr'>cola-</span> 
     </span>
    </p>
   </div>
   <div class='ocr_carea' id='block_1_85' title="bbox 2003 3808 3603 3881">
    <p class='ocr_par' dir='ltr' id='par_1_85' title="bbox 2003 3808 3603 3881">
     <span class='ocr_line' id='line_1_85' title="bbox 2003 3808 3603 3881; baseline -0.001 -18"><span class='ocrx_word' id='word_1_684' title='bbox 2003 3809 2214 3881; x_wconf 65' lang='lat' dir='ltr'>phizet,</span> <span class='ocrx_word' id='word_1_685' title='bbox 2249 3810 2301 3863; x_wconf 90' lang='lat' dir='ltr'>id</span> <span class='ocrx_word' id='word_1_686' title='bbox 2332 3817 2412 3863; x_wconf 88' lang='lat' dir='ltr'>est</span> <span class='ocrx_word' id='word_1_687' title='bbox 2444 3818 2518 3875; x_wconf 91' lang='lat' dir='ltr'>ut,</span> <span class='ocrx_word' id='word_1_688' title='bbox 2554 3809 2605 3863; x_wconf 91' lang='lat' dir='ltr'>si</span> <span class='ocrx_word' id='word_1_689' title='bbox 2663 3826 2729 3864; x_wconf 88' lang='lat' dir='ltr'>ex</span> <span class='ocrx_word' id='word_1_690' title='bbox 2783 3810 3155 3881; x_wconf 86' lang='lat' dir='ltr'>magnitudine</span> <span class='ocrx_word' id='word_1_691' title='bbox 3213 3808 3603 3864; x_wconf 88' lang='lat' dir='ltr'>revelationum</span> 
     </span>
    </p>
   </div>
   <div class='ocr_carea' id='block_1_86' title="bbox 2001 3898 3602 3970">
    <p class='ocr_par' dir='ltr' id='par_1_86' title="bbox 2001 3898 3602 3970">
     <span class='ocr_line' id='line_1_86' title="bbox 2001 3898 3602 3970; baseline 0.001 -19"><span class='ocrx_word' id='word_1_692' title='bbox 2001 3899 2215 3970; x_wconf 90' lang='lat' dir='ltr'>erigere</span> <span class='ocrx_word' id='word_1_693' title='bbox 2246 3898 2521 3953; x_wconf 90' lang='lat' dir='ltr'>cervicem</span> <span class='ocrx_word' id='word_1_694' title='bbox 2554 3898 2702 3965; x_wconf 92' lang='lat' dir='ltr'>volo,</span> <span class='ocrx_word' id='word_1_695' title='bbox 2736 3898 3026 3969; x_wconf 90' lang='lat' dir='ltr'>colaphum</span> <span class='ocrx_word' id='word_1_696' title='bbox 3072 3898 3294 3954; x_wconf 87' lang='lat' dir='ltr'>incutiat</span> <span class='ocrx_word' id='word_1_697' title='bbox 3340 3898 3602 3964; x_wconf 91' lang='lat' dir='ltr'>tentatio;</span> 
     </span>
    </p>
   </div>
   <div class='ocr_carea' id='block_1_87' title="bbox 2001 3986 3607 4057">
    <p class='ocr_par' dir='ltr' id='par_1_87' title="bbox 2001 3986 3607 4057">
     <span class='ocr_line' id='line_1_87' title="bbox 2001 3986 3607 4057; baseline -0.001 -17"><span class='ocrx_word' id='word_1_698' title='bbox 2001 3994 2051 4040; x_wconf 91' lang='lat' dir='ltr'>et</span> <span class='ocrx_word' id='word_1_699' title='bbox 2082 3987 2160 4040; x_wconf 92' lang='lat' dir='ltr'>sic</span> <span class='ocrx_word' id='word_1_700' title='bbox 2213 3987 2360 4057; x_wconf 91' lang='lat' dir='ltr'>quod</span> <span class='ocrx_word' id='word_1_701' title='bbox 2422 3987 2659 4040; x_wconf 88' lang='lat' dir='ltr'>Satanas</span> <span class='ocrx_word' id='word_1_702' title='bbox 2706 3986 2955 4057; x_wconf 88' lang='lat' dir='ltr'>intelligit</span> <span class='ocrx_word' id='word_1_703' title='bbox 2985 3987 3054 4040; x_wconf 90' lang='lat' dir='ltr'>ad</span> <span class='ocrx_word' id='word_1_704' title='bbox 3093 4002 3331 4057; x_wconf 88' lang='lat' dir='ltr'>poenam,</span> <span class='ocrx_word' id='word_1_705' title='bbox 3367 3986 3607 4057; x_wconf 88' lang='lat' dir='ltr'>disponit</span> 
     </span>
    </p>
   </div>
   <div class='ocr_carea' id='block_1_88' title="bbox 2003 4074 2848 4144">
    <p class='ocr_par' dir='ltr' id='par_1_88' title="bbox 2003 4074 2848 4144">
     <span class='ocr_line' id='line_1_88' title="bbox 2003 4074 2848 4144; baseline 0.001 -16"><span class='ocrx_word' id='word_1_706' title='bbox 2003 4074 2134 4128; x_wconf 89' lang='lat' dir='ltr'>mihi</span> <span class='ocrx_word' id='word_1_707' title='bbox 2163 4076 2307 4128; x_wconf 90' lang='lat' dir='ltr'>Deus</span> <span class='ocrx_word' id='word_1_708' title='bbox 2339 4074 2406 4128; x_wconf 88' lang='lat' dir='ltr'>ad</span> <span class='ocrx_word' id='word_1_709' title='bbox 2436 4074 2848 4144; x_wconf 89' lang='lat' dir='ltr'>perfectionem.</span> 
     </span>
    </p>
   </div>
   <div class='ocr_carea' id='block_1_89' title="bbox 2075 4162 3605 4233">
    <p class='ocr_par' dir='ltr' id='par_1_89' title="bbox 2075 4162 3605 4233">
     <span class='ocr_line' id='line_1_89' title="bbox 2075 4162 3605 4233; baseline 0.001 -18"><span class='ocrx_word' id='word_1_710' title='bbox 2075 4162 2305 4230; x_wconf 87' lang='lat' dir='ltr'>Quidam</span> <span class='ocrx_word' id='word_1_711' title='bbox 2335 4162 2519 4217; x_wconf 89' lang='lat' dir='ltr'>dicunt</span> <span class='ocrx_word' id='word_1_712' title='bbox 2550 4178 2649 4233; x_wconf 87' lang='lat' dir='ltr'>per</span> <span class='ocrx_word' id='word_1_713' title='bbox 2680 4162 2950 4216; x_wconf 90' lang='lat' dir='ltr'>stimulum</span> <span class='ocrx_word' id='word_1_714' title='bbox 2999 4162 3199 4231; x_wconf 87' lang='lat' dir='ltr'>carnis,</span> <span class='ocrx_word' id='word_1_715' title='bbox 3248 4177 3605 4233; x_wconf 87' lang='lat' dir='ltr'>quascunque</span> 
     </span>
    </p>
   </div>
   <div class='ocr_carea' id='block_1_90' title="bbox 2002 4249 3603 4320">
    <p class='ocr_par' dir='ltr' id='par_1_90' title="bbox 2002 4249 3603 4320">
     <span class='ocr_line' id='line_1_90' title="bbox 2002 4249 3603 4320; baseline 0.001 -17"><span class='ocrx_word' id='word_1_716' title='bbox 2002 4251 2330 4304; x_wconf 89' lang='lat' dir='ltr'>tentationes</span> <span class='ocrx_word' id='word_1_717' title='bbox 2378 4249 2641 4320; x_wconf 89' lang='lat' dir='ltr'>intelligi;</span> <span class='ocrx_word' id='word_1_718' title='bbox 2693 4250 2781 4303; x_wconf 89' lang='lat' dir='ltr'>alii</span> <span class='ocrx_word' id='word_1_719' title='bbox 2839 4250 3011 4305; x_wconf 91' lang='lat' dir='ltr'>solum</span> <span class='ocrx_word' id='word_1_720' title='bbox 3074 4250 3423 4304; x_wconf 90' lang='lat' dir='ltr'>tentationem</span> <span class='ocrx_word' id='word_1_721' title='bbox 3475 4250 3603 4304; x_wconf 86' lang='lat' dir='ltr'>libi-</span> 
     </span>
    </p>
   </div>
   <div class='ocr_carea' id='block_1_91' title="bbox 301 4337 3605 4411">
    <p class='ocr_par' dir='ltr' id='par_1_91' title="bbox 301 4337 3605 4411">
     <span class='ocr_line' id='line_1_91' title="bbox 301 4337 3605 4411; baseline -0.001 -16"><span class='ocrx_word' id='word_1_722' title='bbox 301 4340 403 4395; x_wconf 89' lang='lat' dir='ltr'>sed</span> <span class='ocrx_word' id='word_1_723' title='bbox 433 4355 533 4410; x_wconf 90' lang='lat' dir='ltr'>per</span> <span class='ocrx_word' id='word_1_724' title='bbox 560 4338 852 4409; x_wconf 87' lang='lat' dir='ltr'>imaginem</span> <span class='ocrx_word' id='word_1_725' title='bbox 880 4337 1081 4409; x_wconf 89' lang='lat' dir='ltr'>aliquid</span> <span class='ocrx_word' id='word_1_726' title='bbox 1112 4337 1432 4403; x_wconf 89' lang='lat' dir='ltr'>ostenditur,</span> <span class='ocrx_word' id='word_1_727' title='bbox 1468 4345 1523 4391; x_wconf 93' lang='lat' dir='ltr'>ut</span> <span class='ocrx_word' id='word_1_728' title='bbox 1554 4338 1715 4393; x_wconf 89' lang='lat' dir='ltr'>beato</span> <span class='ocrx_word' id='word_1_729' title='bbox 1744 4339 1905 4394; x_wconf 89' lang='lat' dir='ltr'>Petro</span> <span class='ocrx_word' id='word_1_730' title='bbox 1924 4338 1977 4396; x_wconf 95' lang='lat' dir='ltr'>D</span> <span class='ocrx_word' id='word_1_731' title='bbox 2007 4339 2174 4393; x_wconf 86' lang='lat' dir='ltr'>diuis.</span> <span class='ocrx_word' id='word_1_732' title='bbox 2216 4341 2455 4411; x_wconf 88' lang='lat' dir='ltr'>Pr0pter</span> <span class='ocrx_word' id='word_1_733' title='bbox 2486 4338 2627 4411; x_wconf 87' lang='lat' dir='ltr'>quod</span> <span class='ocrx_word' id='word_1_734' title='bbox 2637 4381 2649 4403; x_wconf 92' lang='lat'>,</span> <span class='ocrx_word' id='word_1_735' title='bbox 2681 4338 2735 4392; x_wconf 93' lang='lat' dir='ltr'>id</span> <span class='ocrx_word' id='word_1_736' title='bbox 2767 4346 2847 4392; x_wconf 90' lang='lat' dir='ltr'>est</span> <span class='ocrx_word' id='word_1_737' title='bbox 2882 4338 3005 4408; x_wconf 89' lang='lat' dir='ltr'>quia</span> <span class='ocrx_word' id='word_1_738' title='bbox 3037 4340 3264 4393; x_wconf 89' lang='lat' dir='ltr'>Satanas</span> <span class='ocrx_word' id='word_1_739' title='bbox 3302 4338 3605 4409; x_wconf 91' lang='lat' dir='ltr'>colaphizat</span> 
     </span>
    </p>
   </div>
   <div class='ocr_carea' id='block_1_92' title="bbox 298 4425 1903 4498">
    <p class='ocr_par' dir='ltr' id='par_1_92' title="bbox 298 4425 1903 4498">
     <span class='ocr_line' id='line_1_92' title="bbox 298 4425 1903 4498; baseline -0.001 -15"><span class='ocrx_word' id='word_1_740' title='bbox 298 4428 571 4498; x_wconf 85' lang='lat' dir='ltr'>imagines</span> <span class='ocrx_word' id='word_1_741' title='bbox 602 4426 841 4483; x_wconf 87' lang='lat' dir='ltr'>omnium</span> <span class='ocrx_word' id='word_1_742' title='bbox 874 4425 1140 4496; x_wconf 90' lang='lat' dir='ltr'>reptilium</span> <span class='ocrx_word' id='word_1_743' title='bbox 1188 4433 1422 4480; x_wconf 69' lang='lat' dir='ltr'>ostensa:</span> <span class='ocrx_word' id='word_1_744' title='bbox 1483 4434 1623 4495; x_wconf 90' lang='lat' dir='ltr'>sunt,</span> <span class='ocrx_word' id='word_1_745' title='bbox 1687 4427 1903 4497; x_wconf 90' lang='lat' dir='ltr'>quando</span> 
     </span>
    </p>
   </div>
   <div class='ocr_carea' id='block_1_93' title="bbox 297 4513 1898 4585">
    <p class='ocr_par' dir='ltr' id='par_1_93' title="bbox 297 4513 1898 4585">
     <span class='ocr_line' id='line_1_93' title="bbox 297 4513 1898 4585; baseline -0.005 -14"><span class='ocrx_word' id='word_1_746' title='bbox 297 4516 503 4572; x_wconf 90' lang='lat' dir='ltr'>dictum</span> <span class='ocrx_word' id='word_1_747' title='bbox 536 4524 619 4570; x_wconf 88' lang='lat' dir='ltr'>est</span> <span class='ocrx_word' id='word_1_748' title='bbox 651 4516 699 4569; x_wconf 91' lang='lat' dir='ltr'>ei</span> <span class='ocrx_word' id='word_1_749' title='bbox 736 4530 747 4568; x_wconf 88' lang='lat'>:</span> <span class='ocrx_word' id='word_1_750' title='bbox 786 4537 806 4561; x_wconf 78' lang='grc' dir='ltr'>ιι</span> <span class='ocrx_word' id='word_1_751' title='bbox 857 4515 1031 4569; x_wconf 85' lang='lat' dir='ltr'>Macta</span> <span class='ocrx_word' id='word_1_752' title='bbox 1060 4521 1113 4568; x_wconf 90' lang='lat' dir='ltr'>et</span> <span class='ocrx_word' id='word_1_753' title='bbox 1143 4514 1410 4569; x_wconf 89' lang='lat' dir='ltr'>manduca</span> <span class='ocrx_word' id='word_1_754' title='bbox 1440 4513 1586 4584; x_wconf 83' lang='lat' dir='ltr'>(Act.</span> <span class='ocrx_word' id='word_1_755' title='bbox 1620 4529 1679 4580; x_wconf 82' lang='lat' dir='ltr'>x,</span> <span class='ocrx_word' id='word_1_756' title='bbox 1713 4517 1839 4585; x_wconf 75' lang='lat' dir='ltr'>it);</span> <span class='ocrx_word' id='word_1_757' title='bbox 1877 4536 1898 4563; x_wconf 73' lang='grc' dir='ltr'><strong>ι</strong></span> 
     </span>
    </p>
   </div>
   <div class='ocr_carea' id='block_1_94' title="bbox 300 4602 1903 4676">
    <p class='ocr_par' dir='ltr' id='par_1_94' title="bbox 300 4602 1903 4676">
     <span class='ocr_line' id='line_1_94' title="bbox 300 4602 1903 4676; baseline -0.001 -18"><span class='ocrx_word' id='word_1_758' title='bbox 300 4620 535 4676; x_wconf 89' lang='lat' dir='ltr'>quarum</span> <span class='ocrx_word' id='word_1_759' title='bbox 594 4603 894 4674; x_wconf 87' lang='lat' dir='ltr'>imaginum</span> <span class='ocrx_word' id='word_1_760' title='bbox 943 4618 1034 4657; x_wconf 91' lang='lat' dir='ltr'>res</span> <span class='ocrx_word' id='word_1_761' title='bbox 1091 4602 1165 4655; x_wconf 92' lang='lat' dir='ltr'>ibi</span> <span class='ocrx_word' id='word_1_762' title='bbox 1240 4618 1349 4656; x_wconf 92' lang='lat' dir='ltr'>non</span> <span class='ocrx_word' id='word_1_763' title='bbox 1419 4609 1598 4657; x_wconf 88' lang='lat' dir='ltr'>erant.</span> <span class='ocrx_word' id='word_1_764' title='bbox 1663 4603 1903 4658; x_wconf 87' lang='lat' dir='ltr'>Tertium</span> 
     </span>
    </p>
   </div>
   <div class='ocr_carea' id='block_1_95' title="bbox 299 4690 1902 4758">
    <p class='ocr_par' dir='ltr' id='par_1_95' title="bbox 299 4690 1902 4758">
     <span class='ocr_line' id='line_1_95' title="bbox 299 4690 1902 4758; baseline -0.002 -9"><span class='ocrx_word' id='word_1_765' title='bbox 299 4692 521 4758; x_wconf 66' lang='lat' dir='ltr'>coelum,</span> <span class='ocrx_word' id='word_1_766' title='bbox 564 4691 620 4745; x_wconf 90' lang='lat' dir='ltr'>id</span> <span class='ocrx_word' id='word_1_767' title='bbox 651 4700 735 4747; x_wconf 90' lang='lat' dir='ltr'>est</span> <span class='ocrx_word' id='word_1_768' title='bbox 789 4691 947 4745; x_wconf 86' lang='lat' dir='ltr'>tertia</span> <span class='ocrx_word' id='word_1_769' title='bbox 1001 4690 1138 4745; x_wconf 87' lang='lat' dir='ltr'>visio</span> <span class='ocrx_word' id='word_1_770' title='bbox 1195 4690 1386 4745; x_wconf 91' lang='lat' dir='ltr'>dicitur</span> <span class='ocrx_word' id='word_1_771' title='bbox 1444 4690 1555 4757; x_wconf 89' lang='lat' dir='ltr'>illa,</span> <span class='ocrx_word' id='word_1_772' title='bbox 1617 4707 1647 4745; x_wconf 88' lang='lat' dir='ltr'>a</span> <span class='ocrx_word' id='word_1_773' title='bbox 1697 4691 1902 4745; x_wconf 88' lang='lat' dir='ltr'>duabus</span> 
     </span>
    </p>
   </div>
   <div class='ocr_carea' id='block_1_96' title="bbox 298 4779 1901 4851">
    <p class='ocr_par' dir='ltr' id='par_1_96' title="bbox 298 4779 1901 4851">
     <span class='ocr_line' id='line_1_96' title="bbox 298 4779 1901 4851; baseline -0.001 -16"><span class='ocrx_word' id='word_1_774' title='bbox 298 4780 573 4851; x_wconf 66' lang='lat' dir='ltr'>praedictis</span> <span class='ocrx_word' id='word_1_775' title='bbox 608 4779 847 4845; x_wconf 88' lang='lat' dir='ltr'>diversa,</span> <span class='ocrx_word' id='word_1_776' title='bbox 908 4779 1125 4849; x_wconf 90' lang='lat' dir='ltr'>quando</span> <span class='ocrx_word' id='word_1_777' title='bbox 1173 4794 1350 4849; x_wconf 89' lang='lat' dir='ltr'>neque</span> <span class='ocrx_word' id='word_1_778' title='bbox 1402 4795 1500 4848; x_wconf 91' lang='lat' dir='ltr'>per</span> <span class='ocrx_word' id='word_1_779' title='bbox 1544 4794 1679 4845; x_wconf 91' lang='lat' dir='ltr'>rem,</span> <span class='ocrx_word' id='word_1_780' title='bbox 1724 4795 1901 4850; x_wconf 91' lang='lat' dir='ltr'>neque</span> 
     </span>
    </p>
   </div>
   <div class='ocr_carea' id='block_1_97' title="bbox 294 4866 1900 4940">
    <p class='ocr_par' dir='ltr' id='par_1_97' title="bbox 294 4866 1900 4940">
     <span class='ocr_line' id='line_1_97' title="bbox 294 4866 1900 4940; baseline -0.001 -18"><span class='ocrx_word' id='word_1_781' title='bbox 294 4885 398 4940; x_wconf 89' lang='lat' dir='ltr'>per</span> <span class='ocrx_word' id='word_1_782' title='bbox 426 4868 721 4939; x_wconf 87' lang='lat' dir='ltr'>imaginem</span> <span class='ocrx_word' id='word_1_783' title='bbox 752 4867 830 4922; x_wconf 90' lang='lat' dir='ltr'>rei</span> <span class='ocrx_word' id='word_1_784' title='bbox 860 4867 1164 4922; x_wconf 88' lang='lat' dir='ltr'>ostenditur</span> <span class='ocrx_word' id='word_1_785' title='bbox 1196 4886 1209 4932; x_wconf 85' lang='lat'>;</span> <span class='ocrx_word' id='word_1_786' title='bbox 1250 4867 1350 4921; x_wconf 92' lang='lat' dir='ltr'>sed</span> <span class='ocrx_word' id='word_1_787' title='bbox 1388 4866 1545 4922; x_wconf 89' lang='lat' dir='ltr'>sicuti</span> <span class='ocrx_word' id='word_1_788' title='bbox 1592 4867 1900 4937; x_wconf 88' lang='lat' dir='ltr'>proprietas</span> 
     </span>
    </p>
   </div>
   <div class='ocr_carea' id='block_1_98' title="bbox 298 4955 1900 5026">
    <p class='ocr_par' dir='ltr' id='par_1_98' title="bbox 298 4955 1900 5026">
     <span class='ocr_line' id='line_1_98' title="bbox 298 4955 1900 5026; baseline -0.001 -15"><span class='ocrx_word' id='word_1_789' title='bbox 298 4958 380 5012; x_wconf 86' lang='lat' dir='ltr'>rei</span> <span class='ocrx_word' id='word_1_790' title='bbox 409 4965 511 5025; x_wconf 89' lang='lat' dir='ltr'>est,</span> <span class='ocrx_word' id='word_1_791' title='bbox 546 4955 780 5026; x_wconf 89' lang='lat' dir='ltr'>simplici</span> <span class='ocrx_word' id='word_1_792' title='bbox 811 4955 1036 5011; x_wconf 88' lang='lat' dir='ltr'>veritate</span> <span class='ocrx_word' id='word_1_793' title='bbox 1064 4955 1323 5025; x_wconf 86' lang='lat' dir='ltr'>aperitur.</span> <span class='ocrx_word' id='word_1_794' title='bbox 1358 4955 1426 5009; x_wconf 88' lang='lat' dir='ltr'>Et</span> <span class='ocrx_word' id='word_1_795' title='bbox 1456 4955 1560 5010; x_wconf 91' lang='lat' dir='ltr'>hoc</span> <span class='ocrx_word' id='word_1_796' title='bbox 1588 4956 1748 5011; x_wconf 85' lang='lat' dir='ltr'>tertio</span> <span class='ocrx_word' id='word_1_797' title='bbox 1778 4971 1900 5011; x_wconf 88' lang='lat' dir='ltr'>mo-</span> 
     </span>
    </p>
   </div>
   <div class='ocr_carea' id='block_1_99' title="bbox 296 5038 1896 5110">
    <p class='ocr_par' dir='ltr' id='par_1_99' title="bbox 296 5038 1896 5110">
     <span class='ocr_line' id='line_1_99' title="bbox 296 5038 1896 5110; baseline -0.001 -15"><span class='ocrx_word' id='word_1_798' title='bbox 296 5042 369 5095; x_wconf 94' lang='lat' dir='ltr'>do</span> <span class='ocrx_word' id='word_1_799' title='bbox 399 5039 685 5095; x_wconf 87' lang='lat' dir='ltr'>manifesta</span> <span class='ocrx_word' id='word_1_800' title='bbox 716 5046 841 5093; x_wconf 89' lang='lat' dir='ltr'>sunt</span> <span class='ocrx_word' id='word_1_801' title='bbox 870 5039 1037 5094; x_wconf 89' lang='lat' dir='ltr'>Paulo</span> <span class='ocrx_word' id='word_1_802' title='bbox 1068 5053 1272 5094; x_wconf 88' lang='lat' dir='ltr'>arcana</span> <span class='ocrx_word' id='word_1_803' title='bbox 1301 5038 1422 5108; x_wconf 89' lang='lat' dir='ltr'>Dei,</span> <span class='ocrx_word' id='word_1_804' title='bbox 1472 5054 1581 5095; x_wconf 92' lang='lat' dir='ltr'>non</span> <span class='ocrx_word' id='word_1_805' title='bbox 1608 5055 1705 5110; x_wconf 90' lang='lat' dir='ltr'>per</span> <span class='ocrx_word' id='word_1_806' title='bbox 1764 5056 1896 5108; x_wconf 90' lang='lat' dir='ltr'>rem,</span> 
     </span>
    </p>
   </div>
   <div class='ocr_carea' id='block_1_100' title="bbox 294 5127 949 5200">
    <p class='ocr_par' dir='ltr' id='par_1_100' title="bbox 294 5127 949 5200">
     <span class='ocr_line' id='line_1_100' title="bbox 294 5127 949 5200; baseline -0.006 -16"><span class='ocrx_word' id='word_1_807' title='bbox 294 5145 473 5200; x_wconf 90' lang='lat' dir='ltr'>neque</span> <span class='ocrx_word' id='word_1_808' title='bbox 502 5144 604 5198; x_wconf 88' lang='lat' dir='ltr'>per</span> <span class='ocrx_word' id='word_1_809' title='bbox 633 5127 949 5199; x_wconf 85' lang='lat' dir='ltr'>imaginem.</span> 
     </span>
    </p>
   </div>
   <div class='ocr_carea' id='block_1_101' title="bbox 366 5214 1900 5287">
    <p class='ocr_par' dir='ltr' id='par_1_101' title="bbox 366 5214 1900 5287">
     <span class='ocr_line' id='line_1_101' title="bbox 366 5214 1900 5287; baseline -0.001 -16"><span class='ocrx_word' id='word_1_810' title='bbox 366 5216 469 5271; x_wconf 90' lang='lat' dir='ltr'>Vel</span> <span class='ocrx_word' id='word_1_811' title='bbox 496 5216 652 5271; x_wconf 89' lang='lat' dir='ltr'>aliter</span> <span class='ocrx_word' id='word_1_812' title='bbox 687 5232 697 5269; x_wconf 97' lang='lat'>:</span> <span class='ocrx_word' id='word_1_813' title='bbox 735 5216 884 5270; x_wconf 91' lang='lat' dir='ltr'>Sicut</span> <span class='ocrx_word' id='word_1_814' title='bbox 912 5214 1207 5285; x_wconf 85' lang='lat' dir='ltr'>Dionysius</span> <span class='ocrx_word' id='word_1_815' title='bbox 1233 5215 1566 5287; x_wconf 85' lang='lat' dir='ltr'>Areopagita</span> <span class='ocrx_word' id='word_1_816' title='bbox 1594 5231 1791 5271; x_wconf 91' lang='lat' dir='ltr'>novem</span> <span class='ocrx_word' id='word_1_817' title='bbox 1820 5232 1900 5270; x_wconf 92' lang='lat' dir='ltr'>or-</span> 
     </span>
    </p>
   </div>
   <div class='ocr_carea' id='block_1_102' title="bbox 293 5302 1902 5377">
    <p class='ocr_par' dir='ltr' id='par_1_102' title="bbox 293 5302 1902 5377">
     <span class='ocr_line' id='line_1_102' title="bbox 293 5302 1902 5377; baseline -0.001 -17"><span class='ocrx_word' id='word_1_818' title='bbox 293 5306 452 5361; x_wconf 89' lang='lat' dir='ltr'>dines</span> <span class='ocrx_word' id='word_1_819' title='bbox 486 5305 810 5375; x_wconf 88' lang='lat' dir='ltr'>angelorum</span> <span class='ocrx_word' id='word_1_820' title='bbox 842 5303 895 5356; x_wconf 88' lang='lat' dir='ltr'>in</span> <span class='ocrx_word' id='word_1_821' title='bbox 927 5312 1038 5357; x_wconf 90' lang='lat' dir='ltr'>tres</span> <span class='ocrx_word' id='word_1_822' title='bbox 1070 5302 1291 5375; x_wconf 88' lang='lat' dir='ltr'>redigit,</span> <span class='ocrx_word' id='word_1_823' title='bbox 1326 5304 1575 5375; x_wconf 88' lang='lat' dir='ltr'>angelos,</span> <span class='ocrx_word' id='word_1_824' title='bbox 1610 5305 1902 5377; x_wconf 87' lang='lat' dir='ltr'>archange-</span> 
     </span>
    </p>
   </div>
   <div class='ocr_carea' id='block_1_103' title="bbox 290 5392 1898 5463">
    <p class='ocr_par' dir='ltr' id='par_1_103' title="bbox 290 5392 1898 5463">
     <span class='ocr_line' id='line_1_103' title="bbox 290 5392 1898 5463; baseline 0 -15"><span class='ocrx_word' id='word_1_825' title='bbox 290 5396 396 5460; x_wconf 91' lang='lat' dir='ltr'>los,</span> <span class='ocrx_word' id='word_1_826' title='bbox 429 5394 655 5448; x_wconf 87' lang='lat' dir='ltr'>virtutes</span> <span class='ocrx_word' id='word_1_827' title='bbox 686 5393 875 5448; x_wconf 80' lang='lat' dir='ltr'>dicens</span> <span class='ocrx_word' id='word_1_828' title='bbox 908 5392 1142 5463; x_wconf 90' lang='lat' dir='ltr'>primum</span> <span class='ocrx_word' id='word_1_829' title='bbox 1174 5408 1296 5447; x_wconf 89' lang='lat' dir='ltr'>esse</span> <span class='ocrx_word' id='word_1_830' title='bbox 1351 5392 1632 5459; x_wconf 87' lang='lat' dir='ltr'>ordinem;</span> <span class='ocrx_word' id='word_1_831' title='bbox 1692 5393 1898 5463; x_wconf 89' lang='lat' dir='ltr'>princi-</span> 
     </span>
    </p>
   </div>
   <div class='ocr_carea' id='block_1_104' title="bbox 289 5480 1889 5554">
    <p class='ocr_par' dir='ltr' id='par_1_104' title="bbox 289 5480 1889 5554">
     <span class='ocr_line' id='line_1_104' title="bbox 289 5480 1889 5554; baseline 0 -18"><span class='ocrx_word' id='word_1_832' title='bbox 289 5490 470 5554; x_wconf 88' lang='lat' dir='ltr'>patus,</span> <span class='ocrx_word' id='word_1_833' title='bbox 501 5490 814 5554; x_wconf 85' lang='lat' dir='ltr'>potestates,</span> <span class='ocrx_word' id='word_1_834' title='bbox 848 5480 1250 5537; x_wconf 87' lang='lat' dir='ltr'>dominationes</span> <span class='ocrx_word' id='word_1_835' title='bbox 1277 5481 1610 5548; x_wconf 88' lang='lat' dir='ltr'>secundum;</span> <span class='ocrx_word' id='word_1_836' title='bbox 1643 5481 1889 5547; x_wconf 84' lang='lat' dir='ltr'>thronos,</span> 
     </span>
    </p>
   </div>
   <div class='ocr_carea' id='block_1_105' title="bbox 2002 4425 3606 4498">
    <p class='ocr_par' dir='ltr' id='par_1_105' title="bbox 2002 4425 3606 4498">
     <span class='ocr_line' id='line_1_105' title="bbox 2002 4425 3606 4498; baseline 0 -17"><span class='ocrx_word' id='word_1_837' title='bbox 2002 4443 2108 4494; x_wconf 91' lang='lat' dir='ltr'>me,</span> <span class='ocrx_word' id='word_1_838' title='bbox 2142 4428 2331 4498; x_wconf 85' lang='lat' dir='ltr'>rogavi</span> <span class='ocrx_word' id='word_1_839' title='bbox 2354 4428 2659 4482; x_wconf 88' lang='lat' dir='ltr'>Dominum</span> <span class='ocrx_word' id='word_1_840' title='bbox 2693 4431 2779 4481; x_wconf 89' lang='lat' dir='ltr'>ter</span> <span class='ocrx_word' id='word_1_841' title='bbox 2802 4426 3031 4495; x_wconf 83' lang='lat' dir='ltr'>(finitum</span> <span class='ocrx_word' id='word_1_842' title='bbox 3065 4443 3165 4497; x_wconf 92' lang='lat' dir='ltr'>pro</span> <span class='ocrx_word' id='word_1_843' title='bbox 3195 4425 3424 4497; x_wconf 86' lang='lat' dir='ltr'>infinito)</span> <span class='ocrx_word' id='word_1_844' title='bbox 3444 4427 3498 4480; x_wconf 94' lang='lat' dir='ltr'>id</span> <span class='ocrx_word' id='word_1_845' title='bbox 3520 4434 3606 4481; x_wconf 86' lang='lat' dir='ltr'>est</span> 
     </span>
    </p>
   </div>
   <div class='ocr_carea' id='block_1_106' title="bbox 2001 4514 3602 4586">
    <p class='ocr_par' dir='ltr' id='par_1_106' title="bbox 2001 4514 3602 4586">
     <span class='ocr_line' id='line_1_106' title="bbox 2001 4514 3602 4586; baseline 0.001 -18"><span class='ocrx_word' id='word_1_846' title='bbox 2001 4514 2387 4586; x_wconf 88' lang='lat' dir='ltr'>multipliciter,</span> <span class='ocrx_word' id='word_1_847' title='bbox 2425 4517 2489 4569; x_wconf 88' lang='lat' dir='ltr'>ut</span> <span class='ocrx_word' id='word_1_848' title='bbox 2524 4514 2611 4569; x_wconf 92' lang='lat' dir='ltr'>hic</span> <span class='ocrx_word' id='word_1_849' title='bbox 2643 4515 2872 4585; x_wconf 89' lang='lat' dir='ltr'>angelus</span> <span class='ocrx_word' id='word_1_850' title='bbox 2890 4515 3196 4571; x_wconf 86' lang='lat' dir='ltr'>discederet</span> <span class='ocrx_word' id='word_1_851' title='bbox 3219 4533 3252 4570; x_wconf 91' lang='lat' dir='ltr'>a</span> <span class='ocrx_word' id='word_1_852' title='bbox 3275 4532 3394 4581; x_wconf 89' lang='lat' dir='ltr'>me;</span> <span class='ocrx_word' id='word_1_853' title='bbox 3416 4520 3473 4571; x_wconf 91' lang='lat' dir='ltr'>et</span> <span class='ocrx_word' id='word_1_854' title='bbox 3490 4517 3602 4570; x_wconf 89' lang='lat' dir='ltr'>Do-</span> 
     </span>
    </p>
   </div>
   <div class='ocr_carea' id='block_1_107' title="bbox 1999 4602 3597 4675">
    <p class='ocr_par' dir='ltr' id='par_1_107' title="bbox 1999 4602 3597 4675">
     <span class='ocr_line' id='line_1_107' title="bbox 1999 4602 3597 4675; baseline 0.001 -19"><span class='ocrx_word' id='word_1_855' title='bbox 1999 4603 2179 4657; x_wconf 89' lang='lat' dir='ltr'>minus</span> <span class='ocrx_word' id='word_1_856' title='bbox 2211 4604 2361 4658; x_wconf 89' lang='lat' dir='ltr'>dixit</span> <span class='ocrx_word' id='word_1_857' title='bbox 2394 4603 2535 4657; x_wconf 85' lang='lat' dir='ltr'>mihi</span> <span class='ocrx_word' id='word_1_858' title='bbox 2564 4603 2775 4675; x_wconf 87' lang='lat' dir='ltr'>roganti</span> <span class='ocrx_word' id='word_1_859' title='bbox 2801 4621 2813 4656; x_wconf 92' lang='lat'>:</span> <span class='ocrx_word' id='word_1_860' title='bbox 2839 4602 2979 4670; x_wconf 89' lang='lat' dir='ltr'>Quia</span> <span class='ocrx_word' id='word_1_861' title='bbox 3022 4604 3096 4657; x_wconf 87' lang='lat' dir='ltr'>ita</span> <span class='ocrx_word' id='word_1_862' title='bbox 3137 4604 3378 4669; x_wconf 89' lang='lat' dir='ltr'>tentaris,</span> <span class='ocrx_word' id='word_1_863' title='bbox 3412 4603 3597 4672; x_wconf 90' lang='lat' dir='ltr'>Paule,</span> 
     </span>
    </p>
   </div>
   <div class='ocr_carea' id='block_1_108' title="bbox 2000 4691 3603 4763">
    <p class='ocr_par' dir='ltr' id='par_1_108' title="bbox 2000 4691 3603 4763">
     <span class='ocr_line' id='line_1_108' title="bbox 2000 4691 3603 4763; baseline 0.001 -18"><span class='ocrx_word' id='word_1_864' title='bbox 2000 4692 2103 4747; x_wconf 90' lang='lat' dir='ltr'>hoc</span> <span class='ocrx_word' id='word_1_865' title='bbox 2132 4699 2214 4746; x_wconf 91' lang='lat' dir='ltr'>est</span> <span class='ocrx_word' id='word_1_866' title='bbox 2242 4691 2420 4762; x_wconf 87' lang='lat' dir='ltr'>gratia</span> <span class='ocrx_word' id='word_1_867' title='bbox 2446 4707 2606 4757; x_wconf 83' lang='lat' dir='ltr'>mea;</span> <span class='ocrx_word' id='word_1_868' title='bbox 2626 4700 2678 4746; x_wconf 89' lang='lat' dir='ltr'>et</span> <span class='ocrx_word' id='word_1_869' title='bbox 2700 4692 2818 4746; x_wconf 66' lang='lat' dir='ltr'>haec</span> <span class='ocrx_word' id='word_1_870' title='bbox 2838 4692 3026 4763; x_wconf 89' lang='lat' dir='ltr'>gratia</span> <span class='ocrx_word' id='word_1_871' title='bbox 3050 4692 3269 4762; x_wconf 83' lang='lat' dir='ltr'>sufﬁcit</span> <span class='ocrx_word' id='word_1_872' title='bbox 3296 4692 3416 4759; x_wconf 88' lang='lat' dir='ltr'>tibi,</span> <span class='ocrx_word' id='word_1_873' title='bbox 3441 4691 3495 4745; x_wconf 91' lang='lat' dir='ltr'>id</span> <span class='ocrx_word' id='word_1_874' title='bbox 3518 4699 3603 4747; x_wconf 87' lang='lat' dir='ltr'>est</span> 
     </span>
    </p>
   </div>
   <div class='ocr_carea' id='block_1_109' title="bbox 2001 4779 3598 4851">
    <p class='ocr_par' dir='ltr' id='par_1_109' title="bbox 2001 4779 3598 4851">
     <span class='ocr_line' id='line_1_109' title="bbox 2001 4779 3598 4851; baseline 0 -16"><span class='ocrx_word' id='word_1_875' title='bbox 2001 4788 2082 4835; x_wconf 88' lang='lat' dir='ltr'>est</span> <span class='ocrx_word' id='word_1_876' title='bbox 2115 4780 2208 4833; x_wconf 90' lang='lat' dir='ltr'>tibi</span> <span class='ocrx_word' id='word_1_877' title='bbox 2258 4779 2528 4835; x_wconf 74' lang='lat' dir='ltr'>sufficiens</span> <span class='ocrx_word' id='word_1_878' title='bbox 2574 4780 2644 4834; x_wconf 89' lang='lat' dir='ltr'>ad</span> <span class='ocrx_word' id='word_1_879' title='bbox 2692 4779 2948 4847; x_wconf 86' lang='lat' dir='ltr'>salutem;</span> <span class='ocrx_word' id='word_1_880' title='bbox 3001 4780 3047 4833; x_wconf 92' lang='lat' dir='ltr'>si</span> <span class='ocrx_word' id='word_1_881' title='bbox 3077 4780 3216 4834; x_wconf 91' lang='lat' dir='ltr'>enim</span> <span class='ocrx_word' id='word_1_882' title='bbox 3250 4781 3368 4835; x_wconf 67' lang='lat' dir='ltr'>haec</span> <span class='ocrx_word' id='word_1_883' title='bbox 3397 4780 3598 4851; x_wconf 86' lang='lat' dir='ltr'>gratia,</span> 
     </span>
    </p>
   </div>
   <div class='ocr_carea' id='block_1_110' title="bbox 2002 4868 3600 4935">
    <p class='ocr_par' dir='ltr' id='par_1_110' title="bbox 2002 4868 3600 4935">
     <span class='ocr_line' id='line_1_110' title="bbox 2002 4868 3600 4935; baseline 0.001 -13"><span class='ocrx_word' id='word_1_884' title='bbox 2002 4868 2206 4923; x_wconf 90' lang='lat' dir='ltr'>scilicet</span> <span class='ocrx_word' id='word_1_885' title='bbox 2263 4868 2507 4922; x_wconf 88' lang='lat' dir='ltr'>custodia</span> <span class='ocrx_word' id='word_1_886' title='bbox 2560 4868 2911 4935; x_wconf 90' lang='lat' dir='ltr'>humilitatis,</span> <span class='ocrx_word' id='word_1_887' title='bbox 2967 4868 3062 4921; x_wconf 90' lang='lat' dir='ltr'>tibi</span> <span class='ocrx_word' id='word_1_888' title='bbox 3111 4868 3362 4934; x_wconf 90' lang='lat' dir='ltr'>deesset,</span> <span class='ocrx_word' id='word_1_889' title='bbox 3424 4868 3600 4923; x_wconf 91' lang='lat' dir='ltr'>omnis</span> 
     </span>
    </p>
   </div>
   <div class='ocr_carea' id='block_1_111' title="bbox 2000 4954 3605 5028">
    <p class='ocr_par' dir='ltr' id='par_1_111' title="bbox 2000 4954 3605 5028">
     <span class='ocr_line' id='line_1_111' title="bbox 2000 4954 3605 5028; baseline 0.002 -19"><span class='ocrx_word' id='word_1_890' title='bbox 2000 4956 2176 5028; x_wconf 87' lang='lat' dir='ltr'>gratia</span> <span class='ocrx_word' id='word_1_891' title='bbox 2208 4956 2301 5009; x_wconf 91' lang='lat' dir='ltr'>tibi</span> <span class='ocrx_word' id='word_1_892' title='bbox 2333 4955 2531 5010; x_wconf 89' lang='lat' dir='ltr'>collata</span> <span class='ocrx_word' id='word_1_893' title='bbox 2573 4954 2720 5009; x_wconf 87' lang='lat' dir='ltr'>irrita</span> <span class='ocrx_word' id='word_1_894' title='bbox 2749 4955 2902 5010; x_wconf 86' lang='lat' dir='ltr'>foret.</span> <span class='ocrx_word' id='word_1_895' title='bbox 2951 4956 3100 5022; x_wconf 66' lang='lat' dir='ltr'>Hanc,</span> <span class='ocrx_word' id='word_1_896' title='bbox 3135 4956 3378 5026; x_wconf 84' lang='lat' dir='ltr'>inquam,</span> <span class='ocrx_word' id='word_1_897' title='bbox 3430 4956 3605 5028; x_wconf 86' lang='lat' dir='ltr'>gratia</span> 
     </span>
    </p>
   </div>
   <div class='ocr_carea' id='block_1_112' title="bbox 2002 5044 3590 5116">
    <p class='ocr_par' dir='ltr' id='par_1_112' title="bbox 2002 5044 3590 5116">
     <span class='ocr_line' id='line_1_112' title="bbox 2002 5044 3590 5116; baseline 0.002 -18"><span class='ocrx_word' id='word_1_898' title='bbox 2002 5044 2214 5099; x_wconf 69' lang='lat' dir='ltr'>suﬂ‘icit.</span> <span class='ocrx_word' id='word_1_899' title='bbox 2243 5046 2384 5099; x_wconf 86' lang='lat' dir='ltr'>Nam</span> <span class='ocrx_word' id='word_1_900' title='bbox 2414 5044 2591 5099; x_wconf 90' lang='lat' dir='ltr'>omnis</span> <span class='ocrx_word' id='word_1_901' title='bbox 2622 5047 2802 5100; x_wconf 87' lang='lat' dir='ltr'>virtus</span> <span class='ocrx_word' id='word_1_902' title='bbox 2825 5045 3123 5116; x_wconf 80' lang='lat' dir='ltr'>perﬁcitur</span> <span class='ocrx_word' id='word_1_903' title='bbox 3143 5047 3206 5100; x_wconf 88' lang='lat' dir='ltr'>in</span> <span class='ocrx_word' id='word_1_904' title='bbox 3227 5046 3590 5114; x_wconf 80' lang='lat' dir='ltr'>inﬁrmitate,</span> 
     </span>
    </p>
   </div>
   <div class='ocr_carea' id='block_1_113' title="bbox 2000 5132 3601 5204">
    <p class='ocr_par' dir='ltr' id='par_1_113' title="bbox 2000 5132 3601 5204">
     <span class='ocr_line' id='line_1_113' title="bbox 2000 5132 3601 5204; baseline 0.001 -18"><span class='ocrx_word' id='word_1_905' title='bbox 2000 5133 2139 5187; x_wconf 88' lang='lat' dir='ltr'>bene</span> <span class='ocrx_word' id='word_1_906' title='bbox 2188 5133 2435 5188; x_wconf 89' lang='lat' dir='ltr'>tolerata.</span> <span class='ocrx_word' id='word_1_907' title='bbox 2501 5132 2684 5187; x_wconf 84' lang='lat' dir='ltr'>Virtus</span> <span class='ocrx_word' id='word_1_908' title='bbox 2715 5133 2858 5188; x_wconf 90' lang='lat' dir='ltr'>enim</span> <span class='ocrx_word' id='word_1_909' title='bbox 2892 5149 3011 5204; x_wconf 78' lang='lat' dir='ltr'>quae</span> <span class='ocrx_word' id='word_1_910' title='bbox 3040 5134 3206 5187; x_wconf 88' lang='lat' dir='ltr'>habet</span> <span class='ocrx_word' id='word_1_911' title='bbox 3237 5134 3601 5188; x_wconf 83' lang='lat' dir='ltr'>inﬁrmitatem</span> 
     </span>
    </p>
   </div>
   <div class='ocr_carea' id='block_1_114' title="bbox 2000 5221 3599 5294">
    <p class='ocr_par' dir='ltr' id='par_1_114' title="bbox 2000 5221 3599 5294">
     <span class='ocr_line' id='line_1_114' title="bbox 2000 5221 3599 5294; baseline -0.001 -16"><span class='ocrx_word' id='word_1_912' title='bbox 2000 5222 2341 5286; x_wconf 88' lang='lat' dir='ltr'>contrariam,</span> <span class='ocrx_word' id='word_1_913' title='bbox 2368 5236 2491 5276; x_wconf 92' lang='lat' dir='ltr'>cum</span> <span class='ocrx_word' id='word_1_914' title='bbox 2528 5238 2632 5293; x_wconf 89' lang='lat' dir='ltr'>qua</span> <span class='ocrx_word' id='word_1_915' title='bbox 2665 5221 2907 5293; x_wconf 88' lang='lat' dir='ltr'>legitime</span> <span class='ocrx_word' id='word_1_916' title='bbox 2948 5229 3119 5277; x_wconf 89' lang='lat' dir='ltr'>certet</span> <span class='ocrx_word' id='word_1_917' title='bbox 3140 5231 3195 5276; x_wconf 89' lang='lat' dir='ltr'>ut</span> <span class='ocrx_word' id='word_1_918' title='bbox 3215 5231 3405 5294; x_wconf 86' lang='lat' dir='ltr'>postea</span> <span class='ocrx_word' id='word_1_919' title='bbox 3436 5236 3599 5277; x_wconf 88' lang='lat' dir='ltr'>coro-</span> 
     </span>
    </p>
   </div>
   <div class='ocr_carea' id='block_1_115' title="bbox 2001 5310 3599 5381">
    <p class='ocr_par' dir='ltr' id='par_1_115' title="bbox 2001 5310 3599 5381">
     <span class='ocr_line' id='line_1_115' title="bbox 2001 5310 3599 5381; baseline 0.001 -16"><span class='ocrx_word' id='word_1_920' title='bbox 2001 5319 2181 5375; x_wconf 89' lang='lat' dir='ltr'>netur,</span> <span class='ocrx_word' id='word_1_921' title='bbox 2230 5310 2473 5380; x_wconf 87' lang='lat' dir='ltr'>perfecta</span> <span class='ocrx_word' id='word_1_922' title='bbox 2503 5320 2604 5365; x_wconf 90' lang='lat' dir='ltr'>est.</span> <span class='ocrx_word' id='word_1_923' title='bbox 2640 5311 2929 5381; x_wconf 69' lang='lat' dir='ltr'>[lucusque</span> <span class='ocrx_word' id='word_1_924' title='bbox 2962 5312 3132 5365; x_wconf 88' lang='lat' dir='ltr'>verba</span> <span class='ocrx_word' id='word_1_925' title='bbox 3166 5311 3400 5379; x_wconf 90' lang='lat' dir='ltr'>Domini,</span> <span class='ocrx_word' id='word_1_926' title='bbox 3454 5325 3599 5366; x_wconf 89' lang='lat' dir='ltr'>nunc</span> 
     </span>
    </p>
   </div>
   <div class='ocr_carea' id='block_1_116' title="bbox 2002 5398 3600 5470">
    <p class='ocr_par' dir='ltr' id='par_1_116' title="bbox 2002 5398 3600 5470">
     <span class='ocr_line' id='line_1_116' title="bbox 2002 5398 3600 5470; baseline 0.001 -18"><span class='ocrx_word' id='word_1_927' title='bbox 2002 5399 2152 5453; x_wconf 89' lang='lat' dir='ltr'>Pauli</span> <span class='ocrx_word' id='word_1_928' title='bbox 2186 5417 2198 5452; x_wconf 90' lang='lat'>:</span> <span class='ocrx_word' id='word_1_929' title='bbox 2235 5398 2372 5467; x_wconf 89' lang='lat' dir='ltr'>Quia</span> <span class='ocrx_word' id='word_1_930' title='bbox 2404 5400 2573 5453; x_wconf 90' lang='lat' dir='ltr'>virtus</span> <span class='ocrx_word' id='word_1_931' title='bbox 2618 5398 2897 5470; x_wconf 82' lang='lat' dir='ltr'>perﬁcitur</span> <span class='ocrx_word' id='word_1_932' title='bbox 2945 5400 2998 5452; x_wconf 91' lang='lat' dir='ltr'>in</span> <span class='ocrx_word' id='word_1_933' title='bbox 3045 5399 3386 5465; x_wconf 82' lang='lat' dir='ltr'>infirmitate,</span> <span class='ocrx_word' id='word_1_934' title='bbox 3420 5400 3600 5470; x_wconf 84' lang='lat' dir='ltr'>igitur</span> 
     </span>
    </p>
   </div>
   <div class='ocr_carea' id='block_1_117' title="bbox 2005 5488 3596 5560">
    <p class='ocr_par' dir='ltr' id='par_1_117' title="bbox 2005 5488 3596 5560">
     <span class='ocr_line' id='line_1_117' title="bbox 2005 5488 3596 5560; baseline 0 -17"><span class='ocrx_word' id='word_1_935' title='bbox 2005 5488 2245 5545; x_wconf 84' lang='lat' dir='ltr'>libenter</span> <span class='ocrx_word' id='word_1_936' title='bbox 2272 5488 2470 5542; x_wconf 90' lang='lat' dir='ltr'>amodo</span> <span class='ocrx_word' id='word_1_937' title='bbox 2498 5489 2778 5560; x_wconf 85' lang='lat' dir='ltr'>gloriabor</span> <span class='ocrx_word' id='word_1_938' title='bbox 2806 5490 2867 5544; x_wconf 88' lang='lat' dir='ltr'>in</span> <span class='ocrx_word' id='word_1_939' title='bbox 2888 5489 3319 5557; x_wconf 85' lang='lat' dir='ltr'>inﬁrmitatibus</span> <span class='ocrx_word' id='word_1_940' title='bbox 3350 5490 3507 5554; x_wconf 87' lang='lat' dir='ltr'>meis,</span> <span class='ocrx_word' id='word_1_941' title='bbox 3531 5492 3596 5543; x_wconf 88' lang='lat' dir='ltr'>ut</span> 
     </span>
    </p>
   </div>
  </div>
