3960 6050
404 233 512 289 275

969 234 1025 289 8.
1060 232 1412 291 BRUNONIS
1451 233 2098 291 CARTHUSIANORUM
2136 233 2616 292 INSTITUTORIS
2655 235 2807 293 OPP.
2850 235 3024 294 PARS
3062 237 3131 293 II.
3597 240 3702 294 276

405 354 601 410 merito
630 354 769 410 bene
799 356 1044 412 toleratae
1087 355 1432 423 inﬁrmitatis,
1492 356 1774 412 inhabitet
1803 358 1866 412 in
1915 358 2075 418 meA
2102 355 2220 426 pria
2248 372 2529 427 persona;
2592 359 2690 414 sed
2745 358 2939 415 dicetis
2969 360 3074 415 hoc
3122 358 3287 431 quod,
3347 374 3477 414 cum
3525 375 3704 415 essem

407 443 589 497 virtus
622 442 853 511 Christi,
888 460 1052 517 quam
1098 453 1310 517 Oportet
1354 445 1411 498 in
1447 442 1759 500 inﬁrmitate
1798 445 2003 517 perfici.

407 532 645 604 Propter
664 534 825 604 quod,
855 533 983 605 quia
1012 550 1109 605 per
1137 534 1240 589 hoc
1268 532 1584 587 inhabitabit
1613 534 1668 587 in
1704 550 1793 589 me
1837 533 2007 589 virtus

406 617 623 685 Christi,
659 621 855 677 amodo
876 622 1015 677 bene
1042 624 1235 694 placeo
1265 621 1408 677 mihi
1453 623 1517 676 in
1572 621 2007 691 inﬁrmitatibus

405 707 563 775 meis,
598 707 824 776 scilicet,
860 712 922 765 in
952 711 1334 776 contumeliis,
1367 725 1501 781 quas
1531 710 1699 766 verbo
1744 718 1796 764 et
1838 724 2004 780 opere

403 810 502 866 pro
534 795 750 851 Christo
780 797 996 870 gaudeo
1025 798 1153 868 pati,
1186 805 1239 853 et
1268 801 1331 854 in
1370 798 1802 855 necessitatibus
1830 798 2003 853 victus

404 890 458 938 et
486 883 812 951 vestimenti,
838 893 890 941 et
911 888 972 942 in
995 886 1479 959 persecutionibus
1499 887 1566 942 de
1588 887 1709 942 loco
1732 886 1801 941 ad
1821 885 2003 941 locum

402 970 643 1044 fugatus,
703 981 756 1027 et
810 974 874 1029 in
929 976 1209 1044 angustiis
1264 975 1452 1042 animi,
1509 975 1593 1029 his
1622 974 1871 1031 omnibus
1903 991 2000 1045 pro

403 1059 614 1115 Christo
643 1060 903 1116 toleratis.
935 1062 1063 1117 Ideo
1092 1062 1147 1117 in
1178 1062 1577 1117 inﬁrmitatibus
1606 1063 1798 1133 placeo
1845 1062 1995 1129 mihi,

400 1149 553 1219 quia,
586 1164 716 1204 cum
744 1150 1007 1219 inﬁrmor
1032 1150 1086 1204 in
1117 1166 1365 1221 corpore,
1402 1156 1539 1208 tunc
1589 1151 1809 1218 merito,
1840 1149 1998 1204 inﬁr-

398 1235 581 1290 mitate
602 1236 803 1303 carnis,
824 1243 1025 1311 potens
1054 1255 1179 1293 sum
1196 1239 1406 1309 spiritu.
1430 1240 1587 1294 Nunc
1608 1239 1792 1293 multis
1819 1238 1997 1293 modis

395 1323 661 1394 gloriatus
692 1341 809 1381 sum
841 1344 855 1392 ;
890 1334 942 1381 et
970 1326 1045 1381 ita
1061 1343 1148 1381 me
1178 1327 1611 1382 commendando
1642 1330 1833 1398 factus
1868 1343 1996 1383 sum

396 1414 696 1485 insipiens,
760 1414 897 1470 sicut
949 1430 1095 1485 sape
1154 1415 1355 1471 dictum
1402 1423 1502 1483 est,
1562 1432 1650 1471 me
1705 1414 1991 1482 extollens,

395 1500 561 1554 alium
594 1501 908 1572 deprimens
941 1520 955 1569 ;
989 1503 1087 1558 sed
1114 1520 1208 1558 vos
1238 1505 1497 1576 coegistis
1518 1519 1607 1559 me
1645 1504 1713 1557 ad
1742 1505 1882 1559 hanc
1912 1503 1997 1557 in-

397 1588 723 1659 sipientiam.
757 1592 867 1645 Vos
898 1590 1081 1662 utique
1112 1607 1198 1646 me
1226 1591 1483 1664 coegistis
1514 1600 1569 1645 ut
1596 1608 1684 1646 me
1715 1607 1992 1646 commen-

391 1676 596 1769 darem.
631 1678 781 1769 Nam
801 1694 896 1769 ego
918 1679 1081 1734 debui
1102 1679 1486 1769 commendari
1516 1697 1549 1734 α
1576 1681 1740 1769 rvobis
1822 1679 1988 1751 quod,
2012 1709 2065 1769 B

390 1764 515 1835 quia
544 1780 654 1819 non
684 1764 906 1831 fecistis,
939 1767 1275 1837 oportuitme
1299 1766 1697 1839 facere.Utique
1714 1782 1992 1824 commen-

390 1852 513 1908 dari
542 1852 856 1909 debuissem
894 1853 1130 1911 199
1163 1871 1196 1910 a
1225 1855 1398 1921 vobis,
1433 1857 1565 1927 quia
1594 1856 1743 1911 nihil
1797 1856 1991 1913 minus

391 1941 534 2013 fecit
564 1957 664 2012 per
694 1943 838 2013 quod
896 1950 1176 2014 separatus
1226 1943 1329 1998 sim
1358 1945 1424 1999 ab
1455 1945 1541 1999 his
1571 1943 1661 2015 qui
1692 1944 1990 2000 secundum

393 2044 492 2083 vos
523 2033 661 2085 sunt
690 2032 935 2102 apostoli
962 2048 1135 2101 supra
1163 2031 1392 2088 modum
1421 2047 1623 2087 meum.
1658 2031 1741 2087 Illi
1787 2048 1989 2088 secun-

382 2116 514 2172 dum
544 2132 640 2173 vos
663 2135 823 2189 supra
850 2135 937 2174 me
959 2127 1121 2186 sunt;
1151 2121 1248 2175 sed
1278 2119 1402 2175 licet
1440 2120 1573 2175 nihil
1605 2120 1705 2175 sim
1765 2128 1988 2191 reputa-

384 2204 529 2260 tione
560 2213 765 2273 vestra,
801 2211 991 2263 tamen
1040 2209 1205 2278 signa
1261 2210 1610 2280 apostolatus
1660 2209 1773 2265 mei
1829 2210 1988 2280 facta

382 2296 519 2348 sunt
548 2308 719 2366 super
745 2311 857 2364 vos,
890 2311 989 2366 per
1018 2312 1139 2368 quae
1163 2311 1355 2352 revera
1376 2297 1656 2368 apostolus
1685 2311 1807 2351 esse
1837 2312 1985 2353 com-

381 2380 606 2453 probor.

453 2470 621 2526 Facta
643 2470 766 2528 dico
796 2474 859 2528 in
887 2474 1045 2529 omni
1069 2474 1358 2546 patientia
1390 2474 1531 2543 apud
1564 2488 1662 2529 vos
1692 2474 1895 2541 habita,
1928 2480 1986 2530 et

380 2559 443 2613 in
463 2560 658 2631 signis,
692 2560 936 2616 curando
968 2561 1210 2628 claudos,
1244 2560 1598 2617 illuminando
1660 2578 1874 2629 caecos;
1934 2570 1986 2618 et

379 2645 437 2701 in
463 2648 757 2719 prodigiis,
778 2650 1088 2706 suscitando
1114 2658 1364 2705 mortuos
1390 2668 1403 2716 ;
1438 2658 1491 2705 et
1518 2650 1573 2704 in
1603 2652 1908 2706 virtutibus
1927 2659 1985 2706 ut

378 2734 436 2788 in
466 2736 833 2792 curationibus
862 2738 1091 2793 febrium
1124 2746 1177 2793 et
1235 2738 1569 2807 hujusmodi.
1628 2738 1747 2804 Vel,
1782 2739 1837 2793 in
1866 2740 1982 2794 vir-

380 2822 601 2890 tutibus,
634 2825 951 2891 humilitate,
988 2826 1279 2882 sobrietate
1312 2834 1363 2881 et
1386 2826 1619 2882 caeteris.
1671 2828 1814 2883 Vere
1850 2827 1984 2882 nihil

376 2910 559 2965 minus
597 2911 704 2968 illis
734 2912 858 2981 feci,
893 2916 1025 2987 quia
1045 2915 1178 2987 quid
1201 2919 1288 2970 est
1341 2915 1447 2971 hoc
1503 2914 1646 2988 quod
1706 2915 1982 2971 habuistis

378 3000 572 3056 minus
593 3004 811 3081 caeteris
835 3004 1119 3066 Eeclesiis.
1142 3019 1240 3074 per
1257 3003 1401 3073 quod
1422 3002 1527 3057 illa:
1544 3002 1652 3057 sint
1666 3019 1781 3073 prae
1802 3004 1974 3071 vobis,

375 3089 492 3144 nisi
521 3088 625 3144 hoc
653 3090 798 3161 quod
830 3108 923 3163 ego
943 3092 1060 3163 ipse
1090 3091 1180 3162 qui
1212 3091 1543 3161 debuissem,
1591 3107 1707 3146 non
1752 3094 1979 3163 gravavi

379 3193 491 3246 vos,
524 3176 727 3249 ahquid
754 3194 788 3234 a
818 3178 975 3235 vobis
1018 3179 1335 3250 accipiendo
1365 3181 1392 3235 ‘l
1448 3179 1655 3235 Ironice
1690 3195 1701 3233 :
1763 3181 1980 3236 Donate

378 3265 525 3324 mihi
569 3266 715 3323 hanc
766 3268 1064 3338 injuriam,
1101 3267 1225 3339 quia
1280 3267 1510 3337 injurius
1567 3267 1641 3322 fui
1669 3268 1794 3322 dum
1826 3268 1980 3324 vobis

377 3354 601 3423 indulsi,
633 3357 689 3411 in
719 3371 826 3428 quo
858 3372 1020 3411 nemo
1050 3355 1188 3411 alius
1219 3356 1331 3411 suis
1386 3356 1608 3412 indulsit
1664 3356 1975 3413 Eccclesiis.

380 3447 447 3501 Et
478 3446 618 3503 sicut
648 3445 703 3500 in
733 3443 1008 3516 praeterito
1038 3460 1149 3500 non
1176 3446 1406 3517 gravavi
1433 3462 1530 3502 vos
1564 3465 1577 3512 ;
1611 3446 1686 3501 ita
1716 3446 1783 3500 de
1813 3454 1978 3501 caete-

380 3550 442 3591 ro
471 3550 582 3591 non
611 3549 704 3589 ero
736 3533 918 3607 gravis
952 3532 1131 3600 vobis,
1183 3549 1287 3607 ego
1320 3534 1413 3605 qui
1452 3538 1691 3605 paratus
1720 3551 1846 3590 sum
1878 3550 1971 3591 vc-v

376 3623 501 3679 nire
529 3624 602 3679 ad
622 3638 739 3679 vos.
771 3623 909 3679 Ecce
931 3622 1031 3678 hoc
1062 3624 1234 3678 tertio
1259 3629 1513 3693 apparatu
1538 3641 1551 3688 ;
1584 3622 1707 3677 ideo
1737 3638 1852 3678 non
1884 3639 1976 3679 ero

376 3713 561 3782 gravis
590 3712 757 3777 vobis,
794 3710 915 3782 quia
944 3727 1059 3766 non
1088 3727 1272 3782 quaero
1303 3727 1424 3783 quia
1456 3714 1651 3766 vestra:
1688 3715 1847 3776 sunt,
1880 3711 1977 3766 sed

376 3816 468 3857 vos
498 3799 667 3869 ipsos.
699 3800 767 3854 Et
791 3798 935 3867 juste
965 3805 1151 3853 vestra
1178 3813 1285 3853 non
1307 3799 1543 3869 requiro,
1569 3799 1699 3868 quia
1719 3799 1827 3867 ﬁlii
1855 3814 1975 3854 car-

377 3886 533 3942 nales
552 3902 667 3942 non
684 3886 884 3942 debent
902 3886 1289 3941 thesaurizare
1298 3902 1474 3958 paren
1486 3887 1632 3942 tibus
1651 3886 1973 3956 carnalibus,

378 3975 474 4031 sed
490 3977 759 4046 parentes
783 3973 939 4042 ﬁliis.
975 3973 1121 4029 Licet
1151 3972 1246 4027 filii
1276 3973 1579 4045 spirituales
1608 3974 1714 4030 hoc
1744 3975 1977 4030 debeant

373 4061 688 4134 parentibus
746 4060 1140 4131 spiritualibus,
1192 4061 1291 4116 sed
1349 4077 1453 4134 ego
1511 4077 1620 4117 non
1652 4062 1826 4117 solum
1856 4080 1976 4134 quae

376 4149 671 4222 spiritualis
700 4156 854 4220 pater
883 4149 1045 4204 debet
1075 4149 1200 4203 filiis
1224 4169 1238 4217 ;
1273 4150 1369 4205 sed
1400 4149 1559 4206 etiam
1589 4166 1803 4206 omnem
1856 4150 1975 4206 dul-

374 4238 625 4295 cedinem
654 4237 890 4293 carnalis
938 4237 1108 4308 patris
1132 4238 1364 4294 exhibeo
1404 4239 1585 4294 vobis.
1625 4240 1749 4294 Non
1788 4255 1974 4311 quaero

376 4342 498 4398 quae
523 4333 704 4382 vestra
733 4332 876 4391 sunt,
904 4325 1001 4380 sed
1029 4340 1133 4396 ego
1157 4326 1522 4382 libentissime
1552 4328 1873 4399 impendam
1894 4344 1975 4383 vo-

2107 448 2335 501 astutus
2365 454 2418 501 et
2447 463 2511 501 ex
2542 448 2740 502 astutia
2768 448 2884 518 ipse
2915 447 3114 502 nollem
3146 446 3427 517 accipere,
3464 447 3585 505 dolo
3611 464 3702 505 vos

2107 535 2248 604 cepi,
2282 532 2337 588 id
2367 543 2449 589 est
2480 535 2668 591 dolose
2698 536 2887 607 decepi
2918 551 3035 604 vos,
3070 535 3213 607 quod
3244 552 3345 606 per
3391 552 3479 591 me
3531 536 3699 604 nolui,

2104 636 2203 691 per
2233 620 2369 676 alios
2400 639 2433 677 a
2462 624 2617 679 vobis
2648 624 3040 696 extorquendo.

2176 708 2275 767 Vel
2306 709 2464 765 aliter
2494 719 2552 766 ut
2578 719 2686 767 tota
2715 712 2887 767 littera
2920 712 3065 769 dicat
3093 714 3198 770 hoc
3227 713 3405 768 solum
3434 711 3507 767 ita
3538 728 3551 767 :
3582 713 3703 783 Ego

2104 801 2323 874 quidem
2354 800 2514 872 (sicut
2543 808 2823 855 ostensum
2853 801 2955 871 est)
2988 817 3095 857 non
3144 801 3370 876 gravavi
3426 816 3560 868 vos;
3600 800 3697 855 sed

2103 899 2239 956 esto,
2273 890 2328 945 id
2357 896 2439 945 est
2470 889 2613 943 istud
2643 888 2954 945 concedetis
2994 891 3138 962 quod
3185 905 3392 962 negare
3436 888 3696 960 nequitis,

2103 979 2309 1035 scilicet
2332 977 2476 1049 quod
2507 992 2609 1048 ego
2640 992 2747 1032 non
2805 978 3025 1048 gravavi
3080 994 3177 1034 vos
3208 979 3263 1033 in
3320 977 3533 1050 propria
3563 992 3698 1048 per-

2102 1082 2257 1122 sona.
2289 1066 2397 1122 Sed
2427 1074 2607 1120 tamen
2639 1064 2910 1134 objicietis
2967 1066 3106 1121 istud
3139 1068 3302 1139 quod,
3353 1082 3477 1123 cum
3517 1080 3696 1120 essem

2100 1162 2325 1221 astutus,
2358 1154 2486 1210 dolo
2544 1168 2643 1210 vos
2682 1153 2821 1224 cepi.
2855 1154 2944 1211 Sic
2974 1155 3173 1211 dictum
3204 1163 3286 1211 est
3316 1174 3328 1210 :
3358 1156 3482 1210 Non
3510 1153 3695 1225 utique

2099 1243 2288 1314 decepi
2318 1258 2435 1308 vos,
2471 1242 2617 1313 quia,
2651 1242 2696 1296 si
2726 1243 2831 1297 hoc
2862 1241 3115 1311 facerem,
3149 1260 3249 1314 per
3303 1243 3535 1315 aliquem
3594 1257 3693 1297 eo-

2098 1348 2218 1386 rum
2253 1347 2388 1403 quos
2418 1330 2561 1399 misi,
2594 1346 2691 1386 vos
2724 1330 3050 1402 deciperem,
3110 1332 3207 1387 sed
3263 1348 3361 1403 per
3419 1335 3693 1392 neminem

2098 1435 2285 1475 eorum
2316 1418 2507 1490 decepi
2537 1433 2654 1474 vos.
2690 1417 2850 1487 Quod
2896 1418 2973 1474 sic
3003 1419 3077 1474 ait
3112 1437 3125 1475 :
3159 1421 3423 1493 Nunquid
3446 1440 3550 1496 per
3578 1426 3692 1480 ali-

2096 1525 2260 1579 quem
2291 1524 2485 1564 eorum
2513 1523 2644 1579 quos
2660 1508 2793 1562 misi
2813 1507 2885 1562 ad
2904 1523 3014 1574 vos,
3047 1508 3395 1566 circumveni
3425 1526 3515 1567 vos
3540 1516 3562 1568 2’
3586 1512 3691 1567 Mi-

2095 1596 2259 1651 nime.
2295 1594 2740 1661 Circumveniret,
2797 1594 2842 1649 si
2897 1595 3178 1667 discipulis
3217 1597 3329 1651 suis
3383 1598 3694 1672 injungeret

2095 1691 2153 1739 ut
2181 1682 2615 1739 commendando
2645 1699 2724 1749 se,
2758 1699 3093 1755 quacunque
3113 1693 3341 1756 possent
3366 1686 3469 1741 sibi
3498 1687 3691 1744 callide

2095 1779 2517 1845 congregarent.
2553 1772 2690 1827 Vere
2720 1787 2821 1842 per
2849 1772 3122 1828 neminem
3153 1788 3342 1828 eorum
3376 1790 3513 1846 quos
3543 1776 3687 1843 misi,

2093 1859 2427 1918 circumveni
2455 1875 2574 1915 vos.
2608 1860 2745 1914 Nam
2771 1875 2951 1932 neque
2981 1877 3081 1931 per
3111 1861 3309 1929 Titum,
3364 1879 3543 1936 neque
3590 1882 3691 1936 per

2091 1950 2274 2005 alium.
2311 1948 2416 2016 Qui
2445 1947 2524 2003 sic
2553 1947 2661 2002 ait:
2704 1948 2823 2019 Ego
2876 1948 3096 2021 quidem
3124 1952 3314 2020 rogavi
3377 1952 3579 2020 Titum,
3632 1960 3690 2008 ut

2090 2038 2193 2093 iret
2223 2038 2291 2092 ad
2321 2052 2438 2101 vos,
2472 2040 2677 2092 etcum
2697 2037 2797 2093 illo
2818 2038 2953 2093 misi
2977 2041 3238 2109 fratrem.
3262 2039 3360 2095 Hic
3382 2038 3547 2096 frater
3568 2057 3688 2097 cre-

2090 2126 2235 2181 ditur
2262 2125 2432 2181 fuisse
2462 2124 2759 2192 Barnabas,
2795 2126 2885 2197 qui
2938 2124 3104 2180 frater
3161 2134 3213 2181 et
3260 2127 3541 2197 coadjutor
3571 2137 3689 2185 erat

2089 2212 2517 2285 praedicationis.
2555 2213 2721 2267 Paulo
2740 2213 2961 2268 enimet
2977 2214 3244 2270 Barnabas
3273 2215 3522 2287 leguntur
3552 2233 3688 2287 apo-

2089 2302 2213 2358 stoli
2269 2302 2489 2358 dedisse
2547 2303 2769 2358 dextras
2826 2301 3097 2357 societatis
3154 2303 3300 2373 (Gal.
3350 2320 3408 2373 ii,
3464 2306 3539 2374 9).
3593 2306 3687 2359 Ti-

2086 2398 2197 2445 tum
2228 2391 2413 2463 utique
2444 2392 2567 2447 misi
2599 2407 2611 2445 :
2647 2391 2762 2459 sed,
2820 2391 3079 2463 nunquid
3126 2392 3281 2447 Titus
3311 2392 3685 2449 circumvenit

2086 2496 2178 2535 vos
2212 2483 2236 2536 ?
2265 2480 2504 2535 Minime.
2537 2481 2733 2536 Nonne
2764 2494 2869 2551 ego
2915 2485 2967 2533 et
2996 2478 3146 2533 Titus
3175 2480 3585 2536 ambulavimus
3630 2481 3686 2537 in

2085 2568 2254 2624 verbo
2284 2568 2501 2623 Domini
2531 2569 2720 2625 eodem
2740 2566 3030 2638 spiritu,id
3053 2574 3136 2622 est
3165 2568 3355 2623 eadem
3384 2568 3679 2636 voluntate,

2084 2656 2171 2711 vel
2192 2656 2383 2711 eodem
2416 2656 2617 2728 Spiritu
2638 2662 2828 2711 sancto
2850 2654 3044 2725 repleti
3072 2654 3100 2709 ?
3127 2657 3200 2711 Et
3224 2672 3413 2713 nonne
3443 2657 3684 2712 ambula-

2084 2744 2259 2799 vimus
2286 2744 2486 2801 iisdem
2514 2745 2779 2816 vestigiis,
2812 2743 2867 2797 id
2884 2751 2963 2797 est
2993 2742 3188 2798 iisdem
3218 2744 3507 2814 Operibus;
3532 2747 3679 2817 quod

2082 2833 2136 2887 id
2166 2841 2218 2888 et
2249 2849 2357 2888 non
2388 2833 2535 2889 aliud
2567 2848 2730 2905 quam
2764 2847 2867 2904 ego
2896 2830 3044 2886 Titus
3069 2840 3327 2902 Operatus
3367 2841 3447 2889 est
3476 2834 3503 2887 ?
3533 2834 3680 2891 Sicut

2083 2921 2225 2977 enim
2274 2921 2505 2993 vestigia
2554 2921 2751 2977 indicia
2781 2928 2904 2974 sunt
2946 2920 3345 2987 ambulationis,
3383 2922 3461 2978 sic
3507 2938 3677 2993 opera

2082 3009 2392 3065 voluntatis.
2428 3009 2589 3078 Quod
2616 3010 2739 3066 dico
2768 3024 2857 3063 me
2885 3007 3019 3062 nihil
3064 3009 3343 3081 accepisse
3373 3025 3405 3064 a
3448 3011 3601 3066 vobis
3628 3019 3682 3067 et

2080 3107 2276 3155 caatera
2332 3098 2618 3170 praamissa
2661 3100 2817 3167 olim,
2874 3097 2930 3151 id
2985 3104 3066 3152 est
3113 3112 3179 3152 ex
3210 3114 3317 3169 quo
3364 3098 3560 3169 incmpi
3591 3116 3677 3155 me

2080 3188 2485 3256 commendare,
2514 3189 2734 3261 putatis
2765 3185 2909 3258 quod
2940 3201 3036 3256 per
3064 3186 3203 3242 hanc
3245 3187 3674 3243 commendatio-

2079 3292 2204 3332 nem
2236 3276 2392 3349 quasi
2421 3276 2497 3331 rei
2525 3276 2581 3329 in
2609 3275 2791 3346 aliquo
2813 3290 3077 3330 excusem
3106 3292 3206 3330 nos
3234 3275 3361 3331 inde
3390 3276 3540 3348 apud
3561 3292 3669 3341 vos,

2078 3364 2133 3419 id
2163 3372 2245 3420 est
2276 3364 2423 3436 quod
2450 3365 2567 3419 haec
2598 3379 2707 3419 non
2736 3362 3022 3433 loquamur
3042 3363 3342 3419 secundum
3369 3364 3671 3431 veritatem,

2078 3453 2163 3509 vel
2213 3452 2283 3507 ad
2328 3451 2740 3509 instructionem
2790 3452 2996 3517 vestri;
3049 3451 3145 3505 sed
3194 3458 3249 3505 ut
3300 3452 3376 3507 sic
3423 3460 3673 3525 tegemus

2076 3540 2289 3612 culpam
2318 3549 2581 3596 nostram.
2618 3539 2860 3595 200
2892 3539 3091 3594 Scitote
3122 3547 3298 3595 autem
3331 3540 3473 3611 quod
3508 3540 3672 3612 quid-

2078 3629 2205 3701 quid
2227 3629 2518 3700 loquimur,
2551 3644 2742 3686 coram
2773 3626 2973 3695 Περ,ἱά
2998 3634 3079 3681 est
3109 3626 3263 3697 quasi
3295 3627 3349 3680 in
3380 3629 3673 3698 praesentia

2076 3717 2177 3772 Dei
2196 3706 2490 3791 loquimur
2520 3716 2605 3783 ;si
2637 3716 2782 3772 enim
2812 3715 2928 3786 ipse
2966 3715 3113 3770 Deus
3142 3715 3378 3782 adesset,
3410 3715 3544 3770 nihil
3572 3732 3671 3771 eo-

2075 3822 2196 3861 rum
2252 3822 2372 3878 quae
2431 3806 2553 3861 dico
2610 3805 2802 3860 timore
2855 3802 3104 3858 falsitatis
3134 3812 3341 3859 mutare
3372 3812 3667 3874 oporteret.

2074 3895 2366 3966 Loquimur
2394 3909 2578 3950 coram
2607 3895 2723 3949 Deo
2753 3908 2851 3948 nos
2882 3892 3045 3963 positi
3098 3894 3161 3947 in
3208 3892 3397 3949 Chisto
3425 3914 3442 3959 ;
3488 3892 3669 3964 loqui-

2073 3995 2195 4033 mur
2247 3981 2365 4034 haec
2415 3995 2524 4033 non
2584 3977 2761 4033 solum
2819 3977 2946 4048 quia
2998 3992 3123 4032 vera
3178 3984 3301 4031 sunt
3334 3996 3348 4045 ;
3381 3977 3478 4031 sed
3509 3976 3670 4032 etiam

2070 4070 2310 4140 propter
2328 4071 2573 4122 vestram
2596 4066 3049 4134 aediﬁcationem,
3065 4072 3122 4119 ut
3151 4081 3250 4121 vos
3280 4082 3380 4137 per
3407 4066 3522 4121 haec
3539 4065 3669 4121 aedi-

2073 4153 2215 4209 ficati
2244 4170 2276 4209 a
2297 4155 2506 4226 pseudo
2536 4170 2645 4209 non
2678 4153 3035 4209 seducamini.
3070 4153 3116 4208 0
3169 4155 3512 4222 charissimi,
3546 4153 3669 4209 ideo

2072 4244 2187 4299 huic
2241 4236 2421 4298 omnia
2476 4241 2769 4315 loquimur.
2831 4241 2930 4297 Hic
2960 4242 3099 4297 bene
3140 4240 3410 4311 supplevit
3438 4242 3669 4313 dicendo

2069 4336 2300 4404 propter
2344 4335 2589 4386 vestram
2623 4329 3072 4399 aediﬁcationem,
3126 4330 3272 4400 quod
3324 4346 3488 4400 supra
3533 4330 3667 4383 dee-

380 4416 463 4470 bis
493 4420 546 4469 et
574 4413 877 4484 spiritualia
911 4431 924 4467 :
959 4421 1009 4469 et
1039 4414 1085 4467 si
1115 4430 1219 4485 qua
1258 4415 1498 4470 habuero
1557 4416 1793 4471 carnalia
1849 4432 1969 4487 quae
1989 4415 2040 4473 D
2071 4428 2171 4485 rat,
2204 4418 2298 4473 ubi
2327 4418 2397 4472 ait
2430 4436 2443 4472 :
2475 4418 2623 4474 Licet
2660 4418 2898 4489 gloriari,
2950 4417 3229 4473 veritatem
3277 4417 3421 4472 enim
3465 4417 3663 4473 dicam.

376 4501 554 4558 velitis
574 4520 587 4567 ;
609 4506 661 4558 et
674 4518 841 4573 super
856 4502 962 4557 hoc
981 4504 1157 4557 etiam
1174 4502 1318 4573 quod
1340 4503 1685 4573 impendam,
1720 4503 1837 4573 ipse
1864 4519 1968 4576 ego

374 4588 662 4662 impendar
690 4607 788 4663 pro
817 4591 1114 4646 animabus
1153 4593 1375 4657 vestris,
1408 4590 1462 4644 id
1494 4599 1575 4644 est
1605 4598 1819 4661 paratus
1850 4607 1970 4645 sum

372 4680 513 4736 mori
540 4694 641 4750 pro
671 4678 826 4735 vobis
857 4677 1149 4743 salvandis,
1203 4679 1334 4733 licet
1392 4693 1495 4748 ego
1540 4679 1671 4750 plus
1727 4679 1967 4749 diligens

374 4784 491 4828 vos.
526 4768 651 4840 quia
681 4767 944 4839 spirituali
973 4774 1026 4822 et
1079 4766 1278 4821 carnali
1306 4766 1429 4836 lege
1474 4766 1666 4821 minus
1698 4767 1903 4837 diligar
1933 4784 1968 4821 a

378 4856 695 4912 vobis.Licet
721 4855 843 4926 plus
874 4855 1109 4926 diligens
1140 4869 1256 4918 vos,
1292 4853 1470 4908 minus
1502 4853 1701 4925 diligar
1729 4870 1760 4908 a
1786 4854 1961 4922 vobis,

2070 4508 2199 4561 Ideo
2243 4514 2421 4562 autem
2477 4504 2819 4561 asdificationi
2875 4513 3071 4560 vestrae
3127 4512 3237 4559 tam
3289 4505 3528 4560 studiose
3576 4506 3665 4561 in-

2066 4595 2280 4659 cumbo,
2314 4597 2445 4667 quia
2506 4596 2676 4650 timeo
2697 4610 2768 4650 ne
2798 4598 2947 4665 forte
2966 4594 3131 4665 (quod
3162 4593 3323 4649 facile
3345 4594 3664 4667 contingere

2068 4687 2266 4754 potest)
2283 4684 2674 4740 inveniamvos
2710 4699 2825 4738 non
2852 4684 3042 4755 quales
3065 4682 3204 4748 volo,
3239 4681 3293 4736 id
3324 4690 3405 4736 est
3426 4682 3664 4738 incorre-

2068 4778 2204 4838 ctos,
2224 4788 2354 4827 cum
2380 4786 2605 4838 venero,-
2646 4774 2701 4826 et
2732 4778 2858 4825 tunc
2885 4787 2986 4840 ego
3014 4771 3277 4825 inveniar
3306 4787 3339 4825 a
3372 4769 3667 4842 vobisqua-

2070 4861 2179 4915 lem
2207 4876 2295 4915 me
2329 4857 2570 4915 invenire
2596 4876 2710 4915 non
2740 4859 2934 4924 vultis,
2985 4857 3040 4911 id
3088 4866 3171 4912 est
3217 4874 3284 4912 ex
3329 4857 3665 4914 districtione

377 4948 571 4999 tamen
599 4948 738 5008 esto,
796 4942 850 4997 id
900 4949 982 4997 est
1029 4941 1358 4997 concedatur
1414 4941 1595 5009 istud;
1655 4957 1764 4998 non
1822 4943 1965 4999 enim
2059 4946 2281 5017 justitiae
2310 4946 2496 5017 culpas
2528 4954 2736 5002 vestras
2782 4944 3115 5016 punientem.
3169 4946 3297 5000 Haec
3344 4945 3452 5000 duo
3510 4945 3662 5001 scili-

370 5046 501 5087 curo
530 5037 753 5101 propter
782 5031 887 5085 hoc
913 5029 1127 5100 insequi
1157 5045 1255 5085 vos
1284 5028 1467 5085 modo.

447 5117 725 5187 Objicietis
778 5117 972 5183 iterum
1026 5117 1177 5183 mihi,
1240 5117 1385 5188 quod
1431 5116 1624 5173 callide
1654 5134 1723 5174 ne
1752 5118 1881 5191 quid
1908 5119 1962 5174 in

374 5206 594 5280 propria
622 5221 861 5277 persona
890 5222 920 5259 a
964 5205 1120 5260 vobis
1151 5205 1455 5277 acciperem
1487 5222 1575 5261 me
1604 5206 1863 5273 continui,
1906 5214 1963 5261 ut

372 5312 473 5362 per
502 5296 915 5369 legatosfmeos
966 5293 1215 5350 callidius
1244 5301 1297 5350 et
1351 5295 1583 5366 amplius
1633 5295 1954 5365 acciperem.

376 5384 537 5453 Quod
591 5384 669 5440 sic
725 5384 795 5438 ait
829 5402 841 5437 :
876 5385 983 5455 Ego
1014 5382 1235 5455 quidem
1283 5398 1398 5439 non
1426 5385 1651 5456 gravavi
1680 5400 1771 5438 vos
1803 5383 1961 5451 (sicut

371 5473 660 5543 probatum
699 5474 801 5544 est)
828 5470 1143 5544 accipiendo
1173 5471 1465 5544 quidquam
1495 5487 1527 5527 a
1557 5470 1711 5528 vobis
1741 5471 1794 5525 in
1824 5486 1958 5542 pro-

2065 5043 2170 5101 cet,
2200 5051 2268 5090 ne
2296 5034 2569 5090 inveniam
2600 5050 2698 5090 vos
2728 5050 2838 5089 non
2864 5034 3053 5105 quales
3084 5033 3229 5101 volo,
3278 5032 3513 5104 primum
3558 5050 3659 5090 ex-

2065 5123 2350 5195 sequitur;
2382 5122 2577 5178 deinde
2607 5122 2758 5191 illud,
2792 5138 2859 5176 ne
2889 5121 3133 5177 inveniar
3162 5137 3195 5176 a
3241 5122 3394 5177 vobis
3439 5122 3660 5193 qualem

2062 5227 2172 5266 non
2204 5210 2382 5280 vultis,
2417 5211 2603 5266 dicens
2638 5225 2649 5265 :
2686 5210 2876 5265 Videte
2904 5226 2972 5265 ne
3000 5209 3275 5265 inveniam
3318 5225 3416 5265 vos
3469 5210 3658 5280 quales

2062 5315 2173 5354 non
2203 5300 2347 5365 volo,
2381 5299 2586 5355 scilicet
2616 5315 2687 5354 ne
2717 5301 2862 5370 forte
2896 5298 2987 5368 (ad
3020 5314 3155 5369 quas
3186 5297 3381 5353 leviter
3407 5298 3656 5353 declina-

2061 5384 2151 5453 tis)
2174 5385 2290 5439 sint
2320 5386 2476 5439 inter
2504 5399 2594 5439 vos
2622 5384 3036 5450 contentiones,
3071 5381 3215 5453 quod
3238 5383 3306 5437 de
3328 5381 3657 5455 benignitate

2060 5471 2437 5544 baptizantium
2469 5470 2753 5545 litigabant
2782 5470 3041 5527 vicissim.
3065 5470 3147 5526 Ne
3161 5469 3318 5527 etiam
3343 5470 3448 5526 sint
3478 5486 3659 5526 (ωηα-
