3960 6050
286 154 398 209 2’77

822 150 1204 210 EXPOSITIO
1259 151 1337 208 IN
1390 149 1772 209 EPISTOLAS
1828 148 2050 208 PAULI.
2102 180 2173 193 —
2219 150 2295 206 IN
2346 150 2569 207 EPIST.
2635 152 2683 207 II
2719 151 2813 206 AD
2867 150 3033 208 COR.

3476 150 3583 208 278

289 267 559 343 lationes,
588 276 643 332 id
674 284 756 333 est
802 276 1019 333 invidias
1051 276 1220 349 (quod
1256 275 1394 332 alter
1448 276 1606 332 alteri
1635 275 1884 345 invidet),
1906 278 1963 337 Α
1996 297 2017 326 α
2054 277 2128 342 ni,
2164 277 2403 347 idipsum
2433 277 2627 347 sapite.
2663 277 2861 332 Pacem
2903 276 3114 344 habete,
3150 282 3203 331 et
3229 276 3377 331 Deus
3432 272 3585 346 pacis

289 367 360 421 de
390 366 584 421 merito
614 366 996 437 baptizatoris;
1029 382 1168 421 neve
1199 366 1306 420 sint
1339 366 1480 421 inter
1498 381 1596 421 vos
1626 365 1891 421 animosi-

293 459 473 523 tates,
505 455 651 526 quod
680 455 818 509 alter
867 455 1099 510 alterum
1158 455 1392 526 cogebat
1447 470 1617 526 agere
1668 469 1891 509 causam

292 557 480 598 coram
508 542 814 599 inﬁdelibus
839 543 1112 612 judicibus
1138 562 1151 608 ;
1194 559 1330 598 neve
1362 543 1485 597 ideo
1517 542 1623 597 sint
1666 542 1890 597 dissen-

292 633 521 699 siones;
554 639 848 703 propterea
877 632 1021 687 enim
1066 630 1338 687 discordia
1394 638 1514 685 erat
1542 630 1680 685 inter
1710 646 1806 685 eos
1838 637 1891 685 et

290 718 516 786 odium;
548 735 685 775 neve
719 719 825 773 sint
870 720 1279 785 detractiones,
1314 718 1459 790 quod
1490 718 1630 774 bona
1657 718 1891 789 proximi

290 824 416 879 qua:
446 815 570 862 sunt
598 808 953 877 detrahendo,
985 808 1134 862 mala
1163 824 1283 879 qua
1315 822 1424 862 non
1480 814 1607 861 sunt
1640 806 1890 878 impona-

296 896 366 950 tis
393 916 407 963 ;
435 912 572 952 neve
592 896 696 951 sint
716 897 1164 961 susurrationes,
1188 895 1244 949 id
1264 904 1347 951 est
1367 895 1592 952 occultae
1615 894 1891 965 proximo-

291 1001 417 1039 rum
444 985 903 1055 depravationes;
937 1001 1075 1039 neve
1114 984 1221 1039 sint
1253 985 1600 1053 inﬂationes,
1635 982 1691 1038 id
1712 990 1792 1038 est
1822 998 1891 1037 ne

290 1072 384 1129 hic
414 1073 507 1145 qui
535 1074 726 1129 oculus
756 1080 839 1128 est
867 1073 922 1127 in
952 1072 1197 1129 Ecclesia
1218 1117 1230 1137 ,
1266 1080 1487 1144 spernat
1516 1088 1637 1127 eum
1672 1071 1762 1143 qui
1792 1087 1891 1141 pes

294 1168 399 1226 est,
433 1178 503 1217 ne
533 1161 668 1217 forte
705 1177 808 1232 pro
835 1162 939 1217 hac
983 1161 1256 1216 inﬂatione
1290 1161 1397 1215 sint
1422 1160 1564 1215 inter
1620 1177 1718 1216 vos
1748 1161 1892 1215 sedi-

293 1250 501 1313 tiones,
534 1257 591 1303 ut
622 1249 758 1304 alter
786 1249 1016 1305 alterum
1047 1249 1372 1305 verberibus
1427 1255 1722 1318 praesumat
1752 1247 1891 1302 aﬁli-

294 1352 453 1407 gere.
488 1337 686 1392 Cavete
711 1338 829 1393 haec
883 1352 992 1391 non
1050 1336 1157 1390 sint
1192 1336 1344 1391 .inter
1398 1352 1532 1403 vos;
1578 1353 1649 1392 ne
1680 1338 1893 1391 iterum

292 1440 429 1479 cum
460 1440 677 1490 venero,
707 1424 905 1479 iterum
920 1424 1277 1490 humitiet,id
1299 1432 1381 1479 est
1404 1423 1606 1496 aﬂligat
1628 1440 1716 1479 me
1749 1426 1892 1478 Deus

292 1513 450 1583 apud
478 1530 589 1579 vos,
624 1512 669 1567 si
724 1513 1066 1570 incorrectos
1120 1513 1397 1567 invenero.
1459 1511 1691 1580 Quando
1717 1512 1895 1583 prima

292 1601 418 1656 vice
477 1601 624 1655 venit
656 1616 668 1655 :
699 1617 997 1674 omnesque
1054 1600 1301 1656 inﬁdeles
1351 1601 1593 1671 reperit;
1637 1600 1963 1686 humilia-B

290 1696 384 1743 tus
411 1689 629 1759 quidem
667 1698 749 1744 est
769 1691 912 1760 apud
943 1706 1071 1755 eos,
1099 1697 1148 1744 et
1182 1688 1404 1744 afflictus
1456 1689 1688 1744 diversis
1717 1704 1891 1744 vexa-

292 1776 577 1837 tionibus;
609 1779 707 1833 sed
752 1794 899 1833 nunc
946 1777 1182 1833 deterius
1227 1777 1622 1845 humiliabitur,
1651 1777 1696 1830 si
1756 1792 1893 1847 quos

296 1863 495 1919 fideles
550 1865 693 1933 fecit,
728 1874 1098 1937 apostatantes
1147 1865 1325 1920 adhuc
1381 1865 1664 1937 repererit.
1697 1865 1892 1919 Humi-

292 1951 390 2007 liet
439 1969 525 2008 me
555 1956 721 2023 Deus,
754 1959 810 2009 et
834 1957 1055 2026 lugeam
1084 1956 1336 2021 multos;
1367 1954 1411 2008 si
1443 1954 1586 2008 enim
1610 1961 1721 2008 tres
1745 1961 1889 2020 sunt,

294 2041 453 2096 multi
486 2042 755 2097 videntur.
806 2043 1000 2098 Multos
1032 2043 1174 2110 dico,
1207 2060 1281 2098 ex
1312 2042 1397 2100 his
1428 2044 1523 2115 qui
1579 2046 1715 2097 ante
1745 2042 1895 2112 prius

296 2130 527 2185 missam
576 2130 881 2201 Epistolam
909 2173 921 2196 ,
1004 2135 1427 2202 peccaverunt;
1506 2135 1561 2185 et
1634 2130 1895 2185 admoniti

301 2235 408 2288 per
462 2218 765 2289 Epistolam
804 2261 818 2287 ,
896 2236 1011 2275 non
1072 2222 1307 2289 egerunt
1373 2221 1769 2291 pmnitentiam
1828 2219 1895 2273 de

294 2306 575 2378 praedictis
607 2307 787 2361 malis.
812 2306 987 2361 Etiam
1013 2322 1195 2377 super,
1216 2307 1271 2360 id
1301 2315 1381 2361 est
1408 2308 1473 2362 de
1500 2308 1889 2372 immunditia,

295 2411 426 2451 cum
456 2411 614 2450 omne
645 2394 829 2451 carnis
860 2402 1147 2465 peccatum
1179 2394 1523 2448 immunditia
1552 2394 1658 2450 dici
1687 2394 1892 2464 possit;

295 2483 437 2537 illud
468 2483 727 2550 libidinis,
767 2483 911 2555 quod
942 2491 1025 2538 est
1060 2490 1248 2538 contra
1269 2490 1534 2549 naturam,
1571 2490 1894 2537 antonoma-

297 2572 437 2627 stice
492 2580 647 2627 vocat
675 2571 1090 2626 immunditiam.
1121 2572 1235 2626 Nec
1265 2572 1332 2625 de
1362 2572 1760 2642 fornicatione,
1793 2586 1896 2627 nec

298 2660 683 2731 impudicitia,
708 2677 877 2733 quam
907 2664 1223 2730 gesserunt,
1250 2659 1302 2713 id
1336 2666 1417 2714 est
1438 2675 1599 2730 quam
1626 2658 1683 2712 in
1712 2666 1892 2730 gestu,

296 2755 354 2803 et
381 2748 604 2803 assiduo
624 2765 726 2802 usu
746 2748 1074 2814 habuerunt,
1100 2748 1471 2818 paenitentiam
1496 2754 1743 2820 egerunt.
1766 2748 1895 2802 For-

296 2836 625 2892 nicationem
657 2844 817 2892 vocat
846 2852 955 2891 non
984 2836 1107 2908 lege
1136 2835 1409 2907 conjugali
1456 2843 1677 2907 tangere
1713 2835 1899 2890 mulie-

299 2942 443 2981 rem.
477 2925 872 2996 Impudicitiam
917 2932 1073 2980 vocat
1114 2924 1442 2995 impudicum
1465 2924 1727 2979 habitum.
1763 2924 1894 2978 Cum

300 3029 475 3069 uxore
507 3013 651 3068 enim
681 3013 773 3085 qui
805 3030 864 3068 se
893 3013 1321 3084 intemperanter
1373 3013 1556 3080 habet,
1590 3012 1894 3085 impudicus
1919 2985 1965 3045 Ο

302 3110 408 3158 est.

876 3172 1099 3228 CAPUT
1150 3171 1300 3226 XIII.

380 3300 403 3330 ι
440 3279 584 3335 Ecce
617 3278 776 3334 tertio
805 3279 909 3333 hoc
939 3282 1099 3334 venio
1128 3277 1196 3331 ad
1226 3293 1344 3347 vos,
1380 3284 1434 3332 et
1465 3299 1486 3324 α
1525 3276 1581 3331 in
1609 3292 1705 3332 ore
1753 3277 1894 3332 duo-

313 3392 337 3415 α
374 3384 492 3422 rum
525 3368 611 3422 vel
641 3366 799 3421 trium
829 3366 1045 3421 testium
1070 3366 1230 3420 stabit
1259 3381 1419 3421 omne
1448 3365 1675 3421 verbum
1707 3366 1891 3435 (Deut.

315 3474 339 3506 ι
368 3470 491 3521 χιχ,
526 3455 641 3526 15).
687 3475 709 3505 ι
743 3454 968 3509 Praedixi
997 3454 1141 3509 enim
1166 3462 1218 3509 et
1245 3454 1505 3525 praedico,
1537 3461 1596 3508 ut
1653 3470 1896 3523 praesens

311 3567 335 3591 ιι
372 3543 549 3612 vobis,
584 3552 636 3599 et
663 3559 807 3598 nunc
837 3543 1057 3607 absens,
1088 3542 1173 3597 his
1194 3542 1286 3614 qui
1308 3550 1432 3597 ante
1459 3550 1823 3613 peccaverunt
1845 3549 1897 3596 et

312 3654 337 3679 α
374 3632 586 3688 caeteris
626 3632 898 3698 omnibus,
933 3631 1185 3702 quoniam
1216 3630 1261 3685 si
1308 3646 1511 3686 venero
1540 3630 1755 3699 iterum,
1788 3645 1897 3684 non

313 3741 337 3772 ι
373 3736 614 3791 parcam.
666 3722 751 3774 An
802 3719 1234 3789 experimentum
1276 3719 1513 3791 quaeritis
1554 3718 1690 3787 ejus,
1724 3718 1897 3789 quiin

314 3832 337 3855 α
375 3825 463 3863 me
492 3807 733 3879 loquitur
762 3808 1049 3863 Christus?
1084 3806 1186 3876 Qui
1225 3806 1279 3860 in
1318 3807 1473 3861 vobis
1503 3823 1612 3862 non
1658 3805 1897 3860 inﬁrma-

312 3920 336 3944 α
377 3906 481 3962 tur,
515 3897 613 3951 sed
641 3905 833 3967 potens
864 3903 948 3951 est
976 3896 1029 3950 in
1075 3895 1247 3950 vobis.
1281 3896 1421 3950 Nam
1451 3895 1552 3951 etsi
1606 3893 1897 3951 cruciﬁxus

313 4008 338 4031 α
377 3992 459 4040 est
512 4001 579 4039 ex
636 3984 967 4051 inﬁrmitate,
1020 3983 1116 4039 sed
1171 3982 1302 4039 vivit
1356 3999 1421 4039 ex
1507 3982 1704 4039 virtute
1763 3982 1888 4037 Dei.

314 4093 339 4123 ι
374 4075 517 4127 Nam
546 4080 599 4127 et
628 4088 727 4129 nos
754 4071 953 4127 infirmi
1001 4088 1187 4127 sumus
1241 4072 1295 4125 in
1354 4072 1466 4138 illo,
1509 4071 1607 4126 sed
1657 4072 1898 4127 vivemus

316 4186 339 4208 α
376 4176 502 4216 cum
533 4177 598 4216 eo
646 4177 712 4216 ex
739 4160 936 4216 virtute
965 4161 1064 4215 Dei
1095 4161 1151 4214 in
1180 4160 1356 4215 vobis.
1385 4160 1758 4230 Vosmetipsos
1790 4167 1901 4213 ten-

316 4270 340 4300 ι
376 4257 482 4304 tate
505 4249 552 4302 si
587 4249 718 4304 estis
748 4250 804 4303 in
834 4248 975 4314 ﬁde;
1007 4248 1110 4320 ipsi
1140 4263 1238 4302 vos
1267 4248 1513 4318 probate.
1561 4250 1643 4301 An
1674 4261 1782 4302 nou
1807 4262 1899 4302 co-

1996 387 2017 411 «
2056 373 2107 420 et
2139 365 2444 421 dilectionis
2484 366 2585 421 erit
2615 365 2917 421 vobiscum.
2979 365 3217 419 Salutate
3263 363 3497 419 invicem
3528 362 3585 416 in

1996 475 2017 500 α
2055 454 2240 507 osculo
2271 462 2479 509 sancto.
2516 454 2759 509 Salutant
2797 470 2895 509 vos
2950 469 3140 510 omnes
3170 452 3343 507 sancti
3399 451 3583 506 Gratia

2000 541 2275 595 «Domini
2338 542 2508 596 nostri
2564 544 2695 597 Jesu
2746 542 2967 609 Christi,
3002 550 3053 597 et
3096 541 3331 597 charitas
3379 539 3498 604 Dei,
3533 547 3587 593 et

1996 653 2017 677 κ
2057 630 2474 685 communicatio
2516 630 2686 687 sancti
2738 631 2970 701 Spiritus
3026 631 3094 685 sit
3150 646 3273 685 cum
3331 627 3584 685 omnibus

1999 742 2020 766 α
2056 719 2211 774 vobis
2242 721 2435 774 Amen.
2461 743 2482 767 η

2579 926 2895 966 EXPOSITIO.

2065 1070 2315 1126 Ostendit
2331 1070 2816 1142 quidintelligeret,
2839 1071 3027 1126 dicens
3055 1086 3065 1125 :
3090 1087 3206 1127 non
3228 1072 3419 1144 quales
3440 1073 3581 1127 volo.

1991 1160 2150 1214 Nunc
2181 1159 2418 1214 ostendit
2448 1160 2592 1230 quod
2622 1159 2835 1214 dicebat
2865 1177 2878 1212 :
2913 1160 3176 1215 Inveniar
3205 1177 3239 1214 a
3268 1160 3414 1216 vobis
3443 1177 3585 1232 qua-

1996 1248 2106 1302 lem
2135 1264 2250 1303 non
2282 1249 2477 1302 vultis.
2512 1247 2711 1302 Littera
2740 1255 2921 1302 tamen
2950 1247 3025 1301 ibi
3049 1247 3315 1319 jungitur.
3348 1249 3424 1304 Ne
3454 1265 3584 1303 cum

1993 1352 2212 1401 venero,
2250 1344 2352 1390 etc.
2377 1335 2633 1390 Dicerent
2654 1335 2729 1389 illi
2765 1350 2777 1388 :
2811 1337 2889 1390 Tu
2910 1352 2977 1390 ne
3000 1344 3257 1391 venturus
3288 1351 3347 1390 es
3370 1337 3398 1391 Ἰ
3425 1337 3582 1402 Ecce,

1993 1424 2067 1479 ait
2101 1424 2313 1489 Paulus,
2349 1425 2541 1489 tertio,
2576 1424 2680 1479 hoc
2709 1432 2975 1494 apparatu
3025 1440 3135 1479 non
3184 1424 3305 1480 dico
3333 1424 3584 1492 veniam;

1996 1513 2093 1567 sed
2119 1513 2233 1581 jam
2266 1514 2430 1568 venio
2462 1513 2533 1567 ad
2564 1529 2673 1568 vos.
2705 1513 2822 1568 Nec
2851 1529 2974 1569 cum
3005 1529 3226 1580 venero,
3258 1512 3428 1583 patiar
3456 1528 3583 1580 vos;

1994 1601 2092 1655 sed
2122 1601 2317 1667 stabit,
2342 1600 2397 1655 id
2426 1609 2508 1655 est
2541 1608 2684 1655 stare
2708 1602 3001 1670 oportebit,
3028 1618 3190 1657 omne
3218 1602 3466 1671 verbum,
3490 1618 3588 1657 seu

1993 1703 2180 1743 eorum
2214 1689 2306 1759 qui
2352 1696 2628 1754 accusant,
2665 1704 2762 1743 seu
2792 1689 2882 1760 qui
2914 1689 3231 1744 defendunt.
3280 1690 3433 1745 Stare
3461 1707 3587 1745 ver-

1994 1778 2121 1831 bum
2152 1777 2365 1846 dicitur,
2402 1792 2525 1832 cum
2555 1793 2743 1832 verum
2778 1793 2899 1831 esse
2928 1778 3215 1847 probatur.
3247 1778 3421 1833 Stabit
3440 1778 3582 1847 dico,

1994 1867 2056 1921 in
2085 1881 2179 1921 ore
2209 1866 2559 1937 quorumgvel
2593 1866 2789 1935 trium,
2813 1882 2914 1920 nec
2937 1866 3299 1937 quarumlibet
3325 1881 3588 1937 persona-

1993 1970 2130 2018 rum,
2166 1954 2263 2008 sed
2298 1955 2549 2018 testium,
2590 1954 2643 2007 id
2674 1962 2756 2009 est
2787 1969 2976 2009 eorum
3020 1953 3111 2025 qui
3157 1954 3338 2009 idonei
3369 1962 3491 2008 sunt
3520 1955 3589 2009 ad

1994 2040 2411 2096 testiﬁcandum.
2459 2042 2713 2096 Dicerent
2746 2041 2822 2095 illi
2856 2059 2868 2095 :
2904 2042 3169 2096 Minitaris
3197 2050 3247 2097 te
3277 2051 3585 2109 venturum,

1996 2131 2090 2185 sed
2124 2146 2245 2186 cum
2276 2130 2511 2195 veneris,
2548 2129 2677 2201 quid
2734 2129 2948 2185 facies?
2979 2132 3180 2186 Contra
3207 2131 3310 2185 hoc
3340 2130 3538 2185 Paulus
3572 2149 3585 2185 :

1995 2218 2220 2273 Veniam
2249 2219 2436 2290 utique
2471 2226 2523 2272 et
2554 2234 2663 2273 non
2697 2234 2937 2289 parcam,
2972 2220 3104 2291 quia
3143 2219 3389 2291 praedixi
3418 2220 3585 2285 vobis,

1995 2322 2119 2362 cum
2150 2323 2327 2362 essem
2363 2323 2634 2378 prwsens,
2671 2324 2760 2362 me
2791 2322 2897 2362 non
2958 2307 3291 2377 parciturum
3336 2307 3584 2374 ulterius,

1995 2403 2047 2450 et
2077 2395 2221 2450 idem
2280 2411 2423 2451 nunc
2469 2396 2670 2450 absens
2713 2395 2958 2468 praedico
3005 2412 3106 2466 per
3152 2396 3469 2466 Epistolam,
3523 2399 3589 2452 ut

1994 2500 2262 2556 praesens,
2297 2484 2352 2538 id
2383 2492 2465 2539 est
2494 2491 2641 2538 tanta
2671 2483 2864 2538 virtute
2887 2492 3084 2555 quanta
3104 2500 3347 2555 praesens
3398 2484 3587 2540 vobis-

1996 2587 2115 2626 cum
2147 2572 2399 2643 agebam.
2436 2571 2698 2639 Praedico,
2742 2572 2986 2643 inquam,
3021 2573 3110 2627 his
3138 2573 3234 2644 qui
3268 2576 3403 2627 ante
3435 2572 3587 2643 prius

1995 2660 2221 2713 missam
2252 2660 2552 2730 Epistolam
2592 2663 3000 2732 peccaverunt,
3025 2676 3126 2717 nec
3155 2660 3329 2716 adhuc
3357 2660 3589 2716 correcti

1997 2756 2140 2816 sunt,
2175 2756 2227 2803 et
2258 2749 2467 2804 caeteris
2499 2749 2753 2803 omnibus
2785 2748 3090 2821 quicunque
3120 2749 3175 2802 in
3202 2757 3484 2820 peccatum
3511 2748 3590 2803 la-

1994 2836 2216 2901 buntur,
2248 2837 2354 2892 hoc
2386 2837 2573 2908 utique
2621 2836 2859 2907 prmdico
2890 2838 3190 2909 quoniam,
3224 2837 3278 2892 id
3334 2845 3415 2892 est
3444 2837 3590 2910 quod

1995 2926 2043 2979 si
2073 2942 2273 2981 venero
2290 2927 2501 2980 iterum
2525 2925 2688 2995 (sicut
2707 2925 3087 2996 dispono)non
3102 2942 3339 2996 parcam
3367 2926 3584 2991 iterum,

1996 3013 2133 3068 sicut
2160 3013 2309 3083 prius
2340 3013 2578 3084 peperci,
2612 3030 2733 3068 cum
2764 3029 2830 3068 ex
2878 3013 3185 3085 ignorantia
3239 3013 3588 3084 peccavisse-

1995 3101 2082 3155 tis.
2130 3101 2385 3156 Dicerent
2416 3105 2607 3156 iterum
2663 3102 2738 3156 illi
2774 3100 3089 3173 :Quidquid
3137 3101 3299 3156 modo
3328 3102 3583 3172 minetur,

1996 3197 2194 3254 tamen,
2230 3205 2353 3244 cum
2387 3190 2631 3259 venerit,
2661 3189 2853 3245 leviter
2880 3189 3071 3261 poterit
3099 3189 3323 3260 placari.
3374 3190 3457 3245 Ad
3485 3191 3590 3246 hoc

1996 3278 2196 3332 Paulus
2230 3294 2242 3331 :
2276 3276 2435 3345 Quod
2467 3293 2575 3332 non
2610 3293 2861 3347 parcam,
2900 3278 3031 3332 satis
3058 3293 3167 3333 non
3198 3278 3456 3345 creditis;
3490 3278 3589 3333 sed

1996 3382 2072 3421 an
2103 3366 2357 3437 quwritis
2388 3381 2485 3419 vos
2515 3367 2975 3438 experimentum
3005 3368 3126 3436 ejus
3160 3367 3387 3433 Christi,
3421 3367 3476 3421 id
3508 3374 3591 3422 est

1996 3462 2054 3509 ut
2084 3453 2206 3508 ideo
2246 3454 2514 3508 maneatis
2562 3453 2882 3521 incorrecti,
2918 3462 2975 3507 ut
3029 3455 3326 3524 potentiam
3370 3455 3589 3510 ultionis

1998 3542 2193 3597 Christi
2224 3542 2611 3613 experiamini,
2647 3544 2743 3615 qui
2771 3542 3016 3598 Christus
3052 3543 3303 3615 loquitur
3346 3544 3410 3598 in
3459 3547 3588 3600 me?

1996 3630 2118 3685 Non
2144 3630 2289 3691 enim
2319 3631 2435 3685 haec
2457 3646 2575 3701 quae
2597 3630 2793 3700 loquor
2822 3646 2855 3685 a
2884 3646 2972 3685 me
3003 3638 3146 3697 sunt,
3179 3631 3278 3685 sed
3300 3645 3333 3684 a
3353 3630 3585 3686 Christo.

1998 3718 2283 3773 Salubrius
2314 3727 2413 3786 est,
2448 3728 2506 3773 ut
2538 3735 2636 3774 vos
2665 3719 2951 3791 corrigatis
2996 3734 3176 3790 quam,
3227 3718 3590 3791 dedignantes

2001 3806 2237 3879 corrigi,
2279 3807 2511 3863 validam
2542 3824 2763 3862 manum
2812 3807 3029 3863 Domini
3082 3806 3451 3878 experiamini.
3488 3807 3594 3874 Qui

2000 3895 2247 3950 Christus
2277 3913 2392 3953 non
2425 3897 2761 3965 infirmatur
2787 3898 2943 3952 inter
2970 3912 3080 3961 vos,
3114 3895 3169 3950 id
3198 3903 3280 3951 est
3307 3912 3417 3950 non
3446 3893 3593 3950 inﬁr-

1998 3998 2120 4037 mus
2150 3984 2394 4053 apparuit
2450 3984 2623 4051 vobis,
2677 4000 2786 4039 non
2818 3984 3098 4054 operando
3156 3983 3446 4051 miracula;
3497 3984 3591 4040 sed

1996 4075 2200 4143 potens
2229 4076 2311 4127 est
2343 4073 2405 4126 in
2438 4073 2585 4128 vobis
2604 4116 2616 4138 ,
2653 4073 2706 4127 id
2738 4072 3079 4143 estpotentia
3109 4072 3222 4140 ejus
3252 4072 3592 4127 manifestata

2000 4167 2083 4213 est
2125 4160 2281 4214 vobis
2323 4176 2420 4230 per
2467 4160 2727 4215 miracula
2774 4176 2894 4232 quae
2932 4160 3175 4214 Christus
3223 4167 3480 4231 operatus
3509 4166 3594 4215 est

2000 4263 2100 4316 per
2131 4263 2231 4302 nos
2264 4248 2319 4301 in
2347 4248 2528 4303 medio
2561 4248 2747 4303 vestri.
2783 4250 2920 4303 Vere
2970 4248 3217 4303 Christus
3265 4255 3456 4318 potens
3486 4255 3587 4303 est.

316 4357 336 4389 ι
376 4337 641 4409 gnoscitis
679 4337 1040 4406 vosmetipsos
1083 4336 1209 4407 quia
1234 4336 1480 4391 Christus
1526 4336 1684 4390 Jesus
1715 4335 1766 4389 in
1797 4350 1898 4390 vo-
1920 4340 1971 4398 D
2003 4335 2141 4391 Nam
2185 4339 2241 4390 et
2272 4336 2320 4390 si
2351 4336 2584 4404 objicitis
2614 4336 2745 4390 mihi
2777 4352 2899 4391 eum
2930 4336 2984 4390 in
3035 4352 3198 4392 cruce
3255 4336 3587 4403 damnatum,

314 4447 338 4476 ι
376 4425 462 4480 bis
492 4425 621 4480 est?
639 4425 757 4480 Nisi
782 4424 921 4480 forte
945 4424 1163 4495 reprobi
1198 4425 1349 4479 estis.
1371 4423 1542 4494 Spero
1558 4431 1737 4478 autem
1756 4422 1899 4494 quod

313 4533 337 4563 ι
374 4512 705 4584 cognoscitis
736 4513 862 4584 quia
892 4528 992 4567 nos
1021 4528 1131 4567 non
1167 4528 1355 4567 sumus
1394 4512 1631 4582 reprobi.
1667 4511 1901 4566 Oramus

318 4624 343 4653 ι
378 4609 563 4657 autem
606 4603 780 4657 Deum
819 4609 874 4656 ut
902 4600 1036 4655 nihil
1102 4601 1233 4655 mali
1290 4599 1541 4666 faciatis;
1575 4616 1682 4655 non
1712 4608 1768 4654 ut
1802 4616 1901 4654 nos

319 4711 343 4739 ι
376 4690 591 4761 probati
622 4705 931 4760 parcamus,
966 4690 1065 4744 sed
1095 4696 1149 4742 ut
1172 4704 1269 4744 vos
1299 4689 1443 4760 quod
1465 4689 1667 4742 bonum
1698 4696 1798 4755 est,
1824 4687 1903 4742 fa-

316 4801 337 4824 ι-
377 4778 548 4833 ciatis.
596 4768 731 4832 Nos'
756 4786 935 4832 autem
993 4786 1050 4831 ut
1091 4776 1310 4847 reprobi
1376 4777 1565 4830 simus.
1615 4778 1729 4830 Nos
1760 4776 1902 4830 enim

320 4890 343 4914 ιι
382 4882 673 4938 possumus
703 4866 909 4938 aliquid
931 4866 1197 4921 adversus
1225 4865 1529 4931 veritatem,
1565 4865 1661 4919 sed
1682 4881 1782 4934 pro
1812 4881 1905 4919 ve-

322 4976 347 5005 ι
381 4955 560 5009 ritate.
594 4954 909 5010 Gaudemus
955 4954 1099 5009 enim
1149 4953 1401 5025 quoniam
1430 4969 1532 5008 nos
1574 4951 1775 5007 inﬁrmi
1807 4970 1903 5007 su-

323 5063 347 5091 ι
382 5058 523 5107 mus,
555 5057 654 5097 vos
690 5048 871 5096 autem
926 5049 1176 5112 potentes
1204 5041 1354 5096 estis.
1419 5042 1534 5096 Hoc
1584 5049 1635 5096 et
1689 5056 1908 5096 oramus

319 5151 343 5180 ι
382 5139 621 5186 vestram
652 5130 1196 5186 consummationem.
1230 5130 1358 5184 Ideo
1389 5128 1532 5184 enim
1561 5131 1677 5185 haec
1708 5130 1907 5183 absens

312 5240 335 5268 ι
378 5218 558 5274 scribo
580 5226 637 5273 ut
659 5234 767 5273 non
786 5234 1025 5289 presens
1046 5218 1234 5273 durius
1256 5217 1489 5273 20:1
1521 5233 1684 5289 agam
1714 5232 1907 5271 secun-

318 5328 341 5356 ι
380 5307 511 5360 dum
567 5313 923 5376 potestatem,
976 5321 1141 5377 quam
1197 5305 1459 5360 Dominus
1506 5305 1655 5360 dedit
1712 5304 1823 5379 nihi
1855 5304 1909 5358 in

324 5420 345 5441 α
382 5393 791 5451 aediﬁcationem
815 5438 827 5462 ,
862 5403 913 5449 et
943 5411 1051 5450 non
1082 5395 1138 5449 in
1166 5394 1607 5449 destructionem.
1643 5394 1723 5447 De
1744 5401 1909 5448 caete-

316 5504 340 5535 ι
376 5498 462 5551 ro,
496 5483 714 5551 fratres,
764 5483 1021 5558 gaudete.
1057 5482 1288 5540 Perfecti
1319 5489 1512 5540 estote.
1571 5481 1913 5538 Exhortami—

2000 4422 2356 4493 impotentem
2376 4424 2715 4494 apparuisse,
2742 4425 2914 4480 fateor
2927 4424 3144 4495 quidem
3159 4426 3471 4494 cruciﬁxus
3486 4428 3589 4491 est,

1968 4530 1971 4531 ν
2002 4512 2101 4565 sed
2131 4527 2207 4567 ex
2263 4514 2627 4582 inﬁrmitate,
2661 4513 2716 4567 id
2747 4521 2827 4569 est
2871 4514 3172 4568 secundum
3228 4511 3592 4567 inﬁrmitatem

2002 4600 2347 4656 mortalitatis
2407 4609 2459 4656 et
2506 4601 2876 4672 passibilitatis
2919 4618 3078 4673 quam
3105 4601 3162 4655 in
3216 4616 3383 4657 carne
3412 4608 3593 4655 nostra

2003 4690 2341 4759 assumpsit;
2375 4691 2473 4745 sed
2504 4689 2625 4745 licet
2656 4690 2728 4744 ita
2760 4688 3042 4745 cruciﬁxus
3089 4690 3175 4757 sit,
3214 4694 3406 4744 tamen
3434 4690 3592 4757 vivit,

2003 4776 2059 4829 id
2090 4786 2172 4831 est
2200 4778 2564 4846 potentialiter
2595 4778 2707 4848 agit
2735 4794 2809 4833 ex
2840 4780 3051 4833 virtute
3072 4778 3187 4845 Dei,
3213 4777 3267 4832 id
3289 4784 3371 4831 est
3392 4792 3594 4832 secun-

2003 4864 2133 4917 dum
2181 4865 2456 4932 deitatem,
2490 4867 2640 4935 cujus
2686 4867 2857 4920 virtus
2900 4866 2966 4919 ab
2999 4881 3064 4920 eo
3123 4881 3230 4920 non
3261 4865 3506 4931 recessit,
3539 4872 3594 4920 et

2004 4952 2060 5005 in
2090 4968 2197 5023 quo
2238 4954 2414 5009 omnis
2445 4954 2703 5009 divinitas
2732 4954 3083 5025 corporaliter
3102 4954 3380 5008 habitavit.

2084 5041 2227 5096 Vere
2252 5043 2498 5098 Christus
2529 5043 2658 5097 vivit
2689 5059 2753 5097 ex
2775 5043 2967 5097 virtute
2990 5042 3089 5097 Dei
3114 5061 3127 5107 ;
3152 5059 3289 5098 nam
3310 5059 3411 5099 nos
3430 5042 3596 5112 longe

2007 5133 2295 5190 inferiores
2326 5131 2419 5186 illo
2450 5130 2696 5186 vivemus
2727 5147 2791 5185 ex
2821 5131 3014 5185 virtute
3041 5131 3158 5187 Dei.
3196 5131 3355 5200 Quod
3384 5131 3462 5187 sic
3501 5131 3593 5185 ait.

2008 5224 2121 5278 Nos
2151 5220 2367 5291 quidem
2396 5220 2615 5288 inﬁrmi
2644 5235 2839 5274 sumus
2884 5220 2947 5273 in
2977 5221 3095 5284 illo,
3119 5219 3174 5273 id
3204 5227 3285 5274 est
3320 5219 3373 5272 in
3417 5216 3602 5271 simili-

2010 5310 2196 5366 tudine
2227 5308 2399 5374 illius,
2432 5315 2490 5361 ut
2538 5307 2999 5379 quemadmodum
3043 5307 3133 5363 ille
3180 5322 3278 5377 pro
3308 5306 3485 5370 nobis,
3520 5305 3601 5361 sic

2012 5406 2064 5454 et
2093 5414 2195 5452 nos
2226 5413 2325 5468 pro
2348 5412 2413 5451 eo
2441 5396 2722 5467 patiamur.
2767 5396 2856 5451 Sic
2885 5395 3104 5467 quidem
3132 5394 3333 5449 inﬁrmi
3364 5410 3553 5448 sumus
3580 5412 3596 5461 ;

2014 5487 2109 5543 sed
2131 5487 2397 5554 vivemus,
2418 5484 2472 5538 id
2519 5492 2599 5540 est
2620 5484 2985 5561 potentialiter
3005 5499 3234 5556 agemus
3264 5482 3318 5537 in
3348 5482 3503 5539 vobis
3524 5499 3598 5540 ex
