3960 6050
385 100 489 155 279

940 98 996 154 S.
1037 96 1392 156 BRUNONIS
1428 97 2081 158 CARTHUSIANORUM
2118 100 2603 160 INSTITUTORIS
2641 103 2796 162 OPP.
2836 105 3015 164 PARS
3052 107 3122 163 II.

3575 113 3681 167 280

391 222 628 291 virtute,
654 220 709 277 id
738 229 818 279 est
845 238 947 294 per
984 225 1235 278 virtutem
1262 224 1380 289 Dei,
1415 240 1575 295 quam
1604 224 1869 280 habemus
1897 224 1984 279 fa-
2005 223 2062 284 Α
2092 228 2293 293 tentes,
2326 242 2517 297 puram
2547 229 2806 285 habentes
2854 230 3262 299 conscientiam,
3297 239 3351 287 et
3379 230 3503 288 ideo
3529 233 3683 301 judi-

389 309 661 365 miliarem
692 312 756 365 in
787 327 864 376 eo,
901 310 1112 366 scilicet
1143 311 1375 366 Christo.
1410 313 1492 367 Ne
1538 319 1717 368 autem
1754 329 1855 367 nos
1901 312 1987 367 vi—

392 406 583 454 ventes
614 415 679 453 ex
713 399 913 455 virtute
942 400 1043 454 Dei
1093 400 1393 455 districtius
1423 416 1652 472 agamus
1698 402 1753 456 in
1808 402 1985 468 vobis,

393 490 612 541 tentate
643 488 1019 558 vosmetipsos,
1055 487 1109 541 id
1142 496 1223 542 est
1242 488 1426 542 subtili
1446 490 1883 546 consideratione
1898 490 1987 544 in-

393 575 662 647 vestigate
692 592 810 630 vos.
846 577 1068 631 Tentate
1113 575 1256 644 dico,
1293 579 1341 631 si
1388 578 1572 633 adhuc
1621 580 1757 633 estis
1789 580 1851 633 in
1880 579 1988 647 ﬁde

392 679 553 733 quam
582 663 871 734 accepistis
893 680 990 734 per
1016 680 1123 719 me.
1149 664 1205 718 Si
1234 664 1377 718 enim
1395 664 1448 718 in
1472 665 1678 720 meritis
1702 666 1986 737 baptizan-

392 751 524 804 tium
554 750 851 817 conﬁdunt,
886 752 931 805 si
962 760 1149 807 vetera
1172 752 1462 819 reducunt,
1491 752 1545 806 in
1562 752 1669 809 ﬁde
1699 770 1807 809 non
1840 763 1982 823 sunt,

390 838 515 911 quia
543 840 736 910 gratiae
766 840 866 895 Dei
896 840 1203 895 detrahunt.
1239 842 1462 895 Tentate
1493 841 1539 895 si
1570 842 1703 896 estis
1755 842 1810 895 in
1844 842 1984 908 ﬁde;

390 934 443 982 et
473 943 572 983 vos
597 928 651 981 in
682 925 789 982 ﬁde
820 928 1022 982 inventi
1058 928 1162 998 ipsi
1193 929 1424 999 probate
1450 945 1548 985 vos
1575 971 1588 998 ,
1623 930 1678 984 id
1708 938 1791 986 est
1828 930 1989 986 bonis

390 1016 644 1086 operibus
670 1015 983 1086 probabiles
1013 1015 1160 1082 facti,
1196 1014 1360 1072 ﬁdem
1416 1025 1657 1073 vestram
1711 1019 1986 1075 decorate.

390 1102 549 1170 Quod
580 1103 624 1157 si
654 1104 709 1157 in
739 1102 846 1159 ﬁde
876 1119 985 1159 non
1015 1105 1167 1171 estis,
1202 1121 1299 1159 vos
1328 1104 1432 1160 soli
1454 1106 1805 1162 damnamini.
1838 1106 1989 1163 Nihil

390 1206 424 1246 a
453 1206 540 1245 me
568 1191 882 1263 requiritur,
916 1192 1043 1263 quia
1070 1210 1147 1247 an
1168 1209 1283 1247 non
1315 1196 1652 1264 cognoscitis
1674 1200 1883 1251 vosmet
1901 1197 1990 1268 ip-

393 1294 481 1334 sos
509 1277 565 1333 in
596 1295 661 1334 eo
691 1280 835 1352 quod
867 1281 1125 1336 Christus
1161 1281 1337 1346 Jesus,
1371 1282 1425 1335 id
1482 1291 1563 1337 est
1596 1281 1732 1338 ﬁdes
1787 1283 1988 1338 Christi

390 1366 539 1432 Jesu,
576 1368 639 1422 in
672 1369 821 1423 vobis
851 1368 1025 1438 posita
1084 1376 1168 1423 est
1220 1385 1318 1439 per
1374 1370 1736 1426 ministerium
1782 1388 1982 1440 meum,

389 1455 505 1510 nisi
533 1459 702 1527 forte,
733 1456 878 1528 quod
897 1456 1090 1511 leviter
1120 1472 1242 1512 esse
1271 1465 1467 1527 potest,
1491 1474 1590 1513 vos
1612 1460 1719 1514 esti
1746 1460 1984 1532 reprobi,

2088 314 2231 369 cium
2256 324 2499 370 nostrum
2539 332 2647 372 non
2679 317 3052 374 formidantes.
3082 321 3205 375 Non
3254 320 3429 375 solum
3462 322 3677 391 gaude-

2086 417 2227 467 mus,
2258 404 2354 458 sed
2383 406 2557 460 etiam
2588 422 2814 462 oramus
2856 408 2980 473 hoc,
3011 416 3068 461 ut
3111 423 3210 463 vos
3253 417 3503 478 potentes
3534 409 3671 474 sitis,

2086 486 2294 541 scilicet
2328 492 2575 543 vestram
2604 494 3171 557 consummationem,
3206 492 3261 546 id
3311 501 3394 547 est
3450 493 3671 561 justitiaa

2086 581 2284 629 vestrae
2316 574 2729 645 perfectionem.
2764 580 2831 632 Et
2858 580 2980 635 ideo
3013 580 3139 650 quia
3160 581 3463 650 gaudemus
3484 589 3537 636 et
3556 596 3683 636 ora-

2086 678 2205 716 mus
2236 663 2360 729 hoc,
2393 680 2497 735 ego
2555 666 2752 720 absens
2808 668 2985 723 scribo
3036 667 3152 722 haec
3180 669 3363 736 vobis;
3393 678 3684 740 propterea

2086 755 2152 807 ut
2182 766 2303 806 cum
2336 751 2489 807 fuero
2519 771 2768 825 praesens
2793 772 2911 810 non
2931 773 3095 827 agam
3126 757 3345 827 durius,
3369 759 3680 814 secundum

2081 842 2422 910 potestatem
2450 842 2784 911 apostolatus
2813 844 2942 899 mei.
2973 845 3089 900 Nec
3121 844 3307 916 utique
3340 846 3387 899 si
3408 862 3473 901 ex
3492 854 3679 917 potes-

2085 930 2193 978 tate
2222 940 2463 994 agerem,
2498 941 2669 998 grave
2697 927 2851 982 vobis
2885 943 3007 984 esse
3053 929 3311 995 deberet,
3353 930 3482 1001 quia
3529 933 3676 986 hanc

2086 1019 2410 1081 potestatem
2443 1014 2596 1069 dedit
2624 1014 2769 1070 mihi
2808 1016 3078 1072 Dominus
3117 1019 3180 1072 in
3240 1019 3678 1087 aedificationem

2086 1106 2341 1164 vestram,
2380 1108 2435 1156 et
2473 1118 2588 1157 non
2608 1104 2671 1157 in
2701 1102 3161 1160 destructionem.

2158 1188 2451 1259 Postquam
2481 1189 2550 1244 de
2579 1190 2662 1244 his
2692 1208 2814 1262 quae
2840 1191 3076 1247 fecerant
3108 1193 3238 1247 satis
3268 1208 3364 1248 eos
3384 1194 3666 1266 corripuit,

2086 1275 2277 1329 transit
2307 1284 2364 1330 ut
2391 1277 2446 1331 in
2477 1277 2559 1332 his
2592 1295 2711 1350 quae
2740 1280 2807 1334 de
2852 1279 3033 1336 futuro
3093 1282 3371 1337 restabant
3420 1283 3678 1355 corripiat

2084 1362 2226 1429 illos,
2260 1364 2449 1420 dicens
2483 1382 2496 1419 :
2530 1366 2592 1419 In
2622 1367 2707 1421 his
2736 1368 3033 1437 prmmissis
3054 1368 3132 1425 sic
3161 1385 3259 1425 vos
3280 1370 3477 1426 habete
3498 1379 3555 1425 ut
3575 1372 3679 1428 do-

2087 1466 2184 1506 ceo
2215 1459 2267 1507 et
2290 1453 2357 1508 de
2385 1457 2607 1520 ccetero,
2642 1454 2697 1509 id
2729 1463 2811 1510 est
2837 1456 2891 1510 in
2926 1456 3125 1523 futuro,
3159 1460 3394 1529 fratres,
3418 1460 3678 1531 gaudete,

385 1541 441 1597 id
463 1544 727 1599 estaDeo
746 1545 1039 1615 reprobati,
1078 1546 1208 1599 dum
1240 1561 1338 1600 vos
1378 1546 1631 1617 indignos
1670 1547 1987 1603 exhibuistis
2005 1574 2058 1635 B
2087 1538 2142 1593 id
2163 1540 2345 1595 estsic
2375 1541 2521 1613 agite
2553 1550 2608 1597 ul
2638 1543 2706 1597 de
2737 1559 2904 1614 opere
2933 1553 3116 1601 vestro
3147 1546 3405 1618 gaudium
3455 1562 3675 1619 semper

385 1640 852 1686 sacramentorum
878 1630 1023 1687 ﬁdei.
1050 1632 1306 1687 Dicerent
1327 1633 1433 1687 illi:
1454 1635 1571 1689 Nec
1594 1634 1793 1689 mirum
1820 1636 1866 1689 si
1888 1651 1987 1691 vos

386 1720 756 1789 reprobi,cum
771 1720 887 1790 ipse
901 1721 1164 1790 reprobus
1184 1721 1278 1775 sis.
1296 1721 1379 1775 Ad
1391 1722 1495 1777 hoc
1512 1722 1752 1779 202
1766 1723 1981 1778 Paulus.

386 1806 662 1878 Quidquid
690 1823 787 1863 vos
809 1807 1098 1878 opponatis
1122 1827 1134 1874 ;
1163 1817 1341 1863 tamen
1372 1825 1530 1881 spero
1564 1812 1709 1881 quod
1733 1812 1872 1867 bene
1903 1828 1986 1868 co-

381 1895 651 1966 gnoscitis
672 1896 775 1951 hoc
797 1895 866 1950 de
886 1896 1044 1951 nobis
1082 1897 1225 1968 quod
1246 1913 1347 1953 nos
1381 1899 1443 1952 in
1484 1898 1645 1954 nullo
1672 1916 1867 1955 sumus
1890 1916 1985 1955 re-

380 1984 573 2055 probi;
598 1991 647 2038 et
678 1984 800 2039 licet
821 1984 876 2038 in
906 1984 1054 2039 nullo
1084 1985 1321 2055 reprobi,
1357 1985 1452 2040 sed
1476 1984 1533 2039 in
1554 1987 1807 2042 omnibus
1827 1988 1984 2043 inve-

384 2072 599 2126 niamur
645 2072 876 2141 probati,
912 2080 1096 2127 tamen
1151 2072 1401 2128 nolumus
1457 2090 1555 2129 vos
1614 2091 1738 2130 esse
1786 2076 1981 2146 malos,

383 2167 439 2215 ut
462 2159 681 2231 quidam
700 2159 930 2230 praelati,
979 2160 1071 2230 qui
1100 2168 1159 2214 ut
1200 2160 1447 2216 videatur
1504 2162 1750 2233 probitas
1795 2180 1985 2219 eorum

385 2247 692 2303 exercendo
704 2247 1075 2318 praelationem
1090 2263 1263 2313 suam,
1287 2250 1529 2321 gaudent
1541 2251 1715 2323 culpis
1739 2252 1985 2308 subdito-

389 2352 533 2391 rum.
582 2337 696 2392 Nos
727 2344 908 2392 autem
940 2352 1050 2392 non
1093 2337 1190 2405 sic,
1216 2338 1309 2393 sed
1342 2354 1571 2396 oramus
1604 2343 1782 2397 Deum
1801 2346 1868 2398 ut
1886 2357 1984 2397 vos

384 2425 536 2481 nihil
555 2426 696 2481 mali
716 2426 979 2497 faciatis;
998 2433 1050 2481 et
1066 2443 1181 2483 non
1211 2441 1436 2481 oramus
1467 2428 1573 2484 hoc
1594 2434 1660 2484 ut
1682 2445 1781 2485 nos
1801 2445 1983 2503 appa-

382 2529 613 2569 reamus
646 2514 886 2585 probati.
913 2513 969 2569 Si
1000 2529 1065 2568 ex
1113 2513 1429 2570 auctoritate
1489 2516 1819 2587 pmlationis
1857 2518 1983 2573 vin-

385 2601 591 2657 dicaret
657 2601 872 2671 culpam
930 2601 1169 2668 subditi,
1222 2610 1350 2659 tunc
1382 2604 1646 2674 probatus
1676 2614 1978 2676 appareret.

385 2690 502 2745 Hoc
522 2704 632 2744 non
661 2704 903 2757 oramus,
943 2690 1038 2746 sed
1063 2694 1130 2745 ut
1186 2707 1278 2746 vos
1318 2694 1551 2761 faciatis
1588 2693 1730 2764 quod
1777 2694 1983 2749 bonum

384 2782 501 2846 est;
530 2794 632 2835 nos
662 2792 793 2833 vero
826 2778 959 2832 nihil
988 2778 1215 2849 dignum
1236 2779 1793 2836 ultioneinvenientes
1814 2781 1870 2834 in
1886 2796 1982 2837 vo-

383 2866 469 2921 bis
498 2871 564 2922 ut
590 2868 788 2931 simus,
814 2866 868 2920 id
890 2874 971 2921 est
998 2882 1379 2937 appareamus,
1408 2868 1645 2939 reprobi.
1664 2869 1814 2924 Tunc
1842 2884 1980 2939 prm-

384 2953 523 3010 latus
553 2970 663 3011 non
692 2962 777 3010 est
806 2954 1046 3026 quidem,
1073 2955 1167 3010 sed
1201 2962 1424 3025 apparet
1444 2956 1731 3026 reprobus,
1760 2957 1979 3027 quando

386 3059 498 3100 non
528 3043 734 3098 invenit
762 3042 817 3096 in
848 3059 956 3114 quo
981 3051 1234 3099 exerceat
1251 3050 1574 3113 potestatem
1592 3044 1869 3099 commissi
1893 3046 1980 3113 ju-

391 3131 537 3187 dicii.
575 3132 779 3186 Iterum
801 3139 926 3185 sunt
978 3131 1197 3202 quidam
1229 3130 1457 3202 praelati,
1502 3132 1592 3202 qui
1628 3132 1750 3189 licet
1777 3132 1980 3188 subditi

390 3235 579 3276 eorum
608 3219 737 3274 boni
768 3218 894 3286 sint,
926 3227 1124 3274 vexant
1152 3227 1335 3274 tamen
1374 3234 1470 3275 eos
1506 3235 1573 3275 ex
1602 3220 1827 3291 imperio
1853 3238 1978 3276 sus-

388 3315 561 3379 cepta:
588 3307 891 3379 potestatis.
925 3308 1124 3363 Contra
1170 3309 1270 3363 hos
1302 3308 1502 3363 Paulus
1536 3326 1550 3362 :
1583 3308 1712 3364 Ideo
1761 3325 1978 3365 oramus

382 3404 441 3452 ut
468 3412 579 3452 non
602 3396 773 3451 simus
811 3396 1050 3467 reprobi,
1077 3396 1230 3453 vobis
1269 3396 1591 3452 facientibus
1613 3397 1760 3469 quod
1780 3398 1980 3453 bonum

382 3494 487 3552 est,
517 3487 649 3558 quia
679 3501 780 3541 nos
804 3503 920 3543 non
948 3502 1240 3558 possumus
1272 3486 1489 3557 aliquid
1534 3486 1799 3541 adversus
1827 3488 1978 3542 veri-

384 3578 580 3639 tatem,
613 3574 668 3628 id
696 3581 796 3640 est,
831 3574 921 3628 ubi
953 3590 1080 3629 vera
1100 3574 1310 3642 justitia
1357 3580 1460 3639 est,
1496 3588 1620 3628 eam
1652 3574 1977 3645 impugnare

382 3677 495 3717 non
513 3662 677 3729 licet;
708 3663 803 3717 sed
833 3677 1122 3731 possumus
1153 3679 1254 3733 pro
1271 3662 1515 3717 veritate
1544 3662 1763 3730 tuenda,
1787 3662 1832 3715 si
1855 3663 1976 3732 quis

383 3765 501 3805 eam
524 3749 665 3804 male
687 3749 773 3805 vel
796 3749 1012 3820 agendo
1030 3749 1118 3804 vel
1141 3748 1374 3804 dicendo
1397 3748 1694 3819 impugnat.
1714 3749 1840 3804 Ideo
1861 3765 1980 3804 ora-

384 3854 507 3892 mus
528 3845 584 3891 ut
601 3852 699 3892 vos
718 3836 929 3891 faciatis
953 3837 1098 3907 quod
1113 3837 1317 3890 bonum
1362 3845 1464 3902 est,
1503 3839 1637 3909 quia
1673 3838 1981 3908 gaudemus

387 3924 611 3999 quando
639 3941 740 3981 nos
756 3925 974 3993 inﬁrmi
993 3941 1207 3991 sumus,
1234 3932 1287 3978 et
1312 3932 1558 3995 potestas
1581 3933 1767 3981 nostra
1794 3925 1975 3981 locum

385 4029 496 4069 non
524 4013 690 4069 habet
717 4012 975 4085 perfectis
1005 4012 1277 4069 omnibus.
1321 4014 1415 4069 Vos
1473 4017 1666 4070 autem
1695 4015 1831 4070 estis
1875 4031 1979 4087 po-

2085 1628 2430 1697 exspectetis,
2464 1637 2516 1684 et
2547 1638 2603 1684 ut
2652 1647 2781 1685 vere
2828 1633 3152 1702 gaudeatis;
3183 1636 3426 1705 perfecti
3479 1640 3675 1701 estote,

2085 1724 2137 1771 et
2160 1731 2257 1770 vos
2278 1716 2503 1786 perfecti
2536 1719 2928 1775 exhortamini
2982 1720 3332 1792 imperfectos
3363 1723 3432 1778 ad
3460 1724 3677 1793 perfec-

2087 1803 2312 1859 tionem.
2338 1804 2448 1860 Vos
2472 1807 2912 1877 veroimperfecti
2932 1809 3081 1864 idem
3100 1812 3282 1881 sapite
3304 1828 3434 1867 cum
3453 1812 3671 1881 perfec-

2084 1891 2151 1945 tis
2173 1893 2582 1948 exhortantibus
2600 1910 2715 1961 vos,
2736 1904 2788 1950 et
2809 1896 3003 1952 habete
3015 1914 3213 1969 pacem
3233 1914 3359 1954 cum
3375 1898 3500 1964 illis,
3522 1899 3576 1953 id
3598 1908 3681 1954 est

2084 1996 2153 2035 ne
2184 1981 2482 2036 abutamini
2503 1983 2841 2039 correctione
2861 2000 3048 2040 eorum
3073 2004 3086 2051 ;
3120 1987 3217 2040 sed
3239 2001 3363 2041 cum
3383 1987 3529 2041 omni
3551 2003 3676 2042 mo-

2085 2068 2256 2123 destia
2277 2070 2664 2140 amplectimini
2676 2072 2830 2140 jussa
2861 2088 3073 2142 eorum,
3098 2073 3227 2144 quia
3269 2074 3315 2128 si
3351 2075 3498 2129 idem
3526 2075 3676 2146 sapi-

2084 2156 2153 2211 tis
2184 2165 2236 2212 et
2264 2173 2455 2228 pacem
2486 2159 2720 2226 habetis,
2757 2160 2837 2215 sic
2870 2163 2981 2216 erit
3006 2160 3282 2219 vobiscum
3317 2164 3462 2219 Deus
3499 2165 3676 2235 pacis,

2083 2244 2174 2316 qui
2204 2245 2482 2302 discordes
2511 2247 3037 2317 abjicit,concordes
3067 2250 3239 2322 eligit.
3264 2251 3333 2305 Et
3362 2252 3507 2306 idem
3527 2253 3678 2307 Deus

2084 2332 2387 2389 dilectionis
2416 2335 2519 2390 erit
2575 2334 2876 2404 vobiscum,
2909 2336 3033 2407 quia
3084 2353 3195 2392 non
3246 2338 3441 2395 suﬁicit
3486 2355 3677 2410 pacem

2084 2422 2307 2488 habere,
2342 2423 2447 2477 nisi
2477 2425 2780 2480 secundum
2808 2426 2985 2481 Deum
3030 2434 3290 2497 sequatur
3318 2428 3571 2500 diligere.
3603 2429 3674 2484 Et

2082 2518 2140 2565 ut
2168 2525 2271 2581 pax
2302 2518 2354 2566 et
2381 2511 2601 2568 dilectio
2658 2513 2760 2569 Dei
2818 2512 2889 2567 sit
2942 2514 3241 2583 vobiscum,
3274 2518 3523 2573 salutate
3572 2533 3674 2575 vos

2080 2600 2325 2655 invicem
2346 2600 2408 2655 in
2438 2602 2646 2669 osculo,
2695 2601 2751 2655 id
2789 2608 2872 2657 est
2902 2602 3043 2658 alter
3092 2603 3368 2660 osculetur
3426 2605 3671 2675 alterum,

2079 2687 2406 2744 mortiﬁcata
2448 2688 2597 2743 omni
2650 2689 2998 2746 contentione
3028 2691 3167 2746 inter
3226 2708 3344 2748 vos.
3380 2694 3439 2747 In
3488 2695 3681 2750 osculo

2080 2776 2204 2831 dico
2228 2792 2336 2831 non
2369 2778 2514 2848 quod
2544 2792 2639 2832 ore
2672 2785 2879 2833 tantum
2899 2778 3009 2848 ﬁat,
3044 2788 3096 2836 et
3127 2795 3235 2835 non
3269 2781 3456 2849 corde,
3490 2783 3589 2837 sed
3621 2783 3676 2837 in

2081 2865 2267 2919 osculo
2314 2868 2533 2929 sancto,
2569 2866 2715 2935 quod
2771 2866 2914 2921 nulla
2960 2867 3057 2922 ira:
3114 2868 3343 2923 scintilla
3371 2870 3425 2923 in
3456 2870 3672 2927 occulto

2081 2953 2259 3009 cordis
2287 2953 2470 3008 lateat.
2505 2954 2572 3007 Et
2602 2953 2680 3009 sic
2709 2954 2921 3010 debetis
2979 2972 3076 3011 vos
3123 2956 3357 3013 invicem
3411 2958 3668 3026 salutare,

2082 3042 2208 3112 quia
2228 3043 2491 3097 salutant
2521 3058 2615 3097 vos
2645 3058 2838 3098 omnes
2856 3044 3066 3109 sancti,
3100 3046 3545 3101 commendantes
3578 3063 3676 3103 vo-

2081 3130 2165 3183 bis
2193 3129 2543 3185 dilectionem
2569 3130 2819 3200 exemplo
2836 3132 2939 3186 sui.
2968 3132 3225 3187 Salutatio
3262 3134 3483 3204 pr0pria
3523 3135 3679 3191 Pauli

2082 3218 2340 3289 sequitur.
2373 3219 2569 3275 Gratia
2588 3220 2813 3274 Domini
2845 3221 3027 3275 nostri
3068 3222 3200 3277 Jesu
3234 3221 3464 3288 Christi,
3502 3222 3556 3277 id
3594 3231 3679 3278 est

2080 3306 2343 3362 Dominus
2360 3306 2548 3362 n‘oster
2560 3308 2587 3361 J
2593 3322 2689 3361 esu
2710 3306 2956 3363 Christus
2976 3308 3113 3363 dans
3133 3310 3383 3381 gratiam,
3410 3327 3516 3381 qua
3540 3327 3677 3382 pec-

2080 3403 2201 3451 cata
2221 3394 2459 3449 dimittit.
2483 3397 2555 3450 Et
2572 3396 2824 3450 charitas
2846 3398 2965 3462 Dei,
2990 3396 3047 3451 id
3071 3406 3150 3451 est
3170 3398 3315 3452 Deus
3338 3398 3495 3454 Pater
3514 3400 3672 3468 cujus

2082 3484 2316 3539 charitas
2337 3498 2434 3554 pro
2452 3483 2620 3538 salute
2642 3483 2940 3552 hominum,
2964 3483 3158 3539 Filium
3181 3484 3346 3539 voluit
3376 3486 3671 3541 incarnari.

2082 3572 2150 3625 Et
2195 3572 2636 3627 communicatio
2680 3573 2869 3627 sancti
2916 3572 3182 3643 Spiritus,
3213 3571 3269 3625 id
3299 3580 3379 3626 est
3435 3573 3675 3643 Spiritus

2084 3658 2445 3715 communiter
2472 3659 2778 3728 procedens
2807 3674 2839 3712 a
2870 3658 3027 3735 Patre
3050 3667 3103 3714 et
3122 3658 3277 3714 Filio.
3304 3659 3403 3715 Vel
3424 3675 3675 3716 commu-

2080 3746 2282 3803 nicatio
2312 3746 2483 3802 sancti
2514 3746 2764 3816 Spiritus,
2798 3746 2853 3800 id
2882 3754 2966 3801 est
3008 3747 3242 3818 Spiritus
3271 3756 3491 3804 sanctus
3515 3765 3673 3804 com-

2081 3836 2360 3891 municans
2388 3835 2543 3890 vobis
2564 3834 2770 3904 gratias
2799 3850 2948 3901 suas,
2971 3836 3047 3890 sit
3070 3852 3200 3892 cum
3223 3836 3485 3891 omnibus
3507 3837 3673 3903 vobis,

2080 3942 2267 3990 amen,
2295 3931 2349 3979 et
2378 3931 2433 3979 ut
2461 3922 2538 3977 ita
2570 3921 2661 3977 fiat
2692 3938 2790 3978 vos
2817 3923 3080 3991 laborate,
3112 3931 3164 3979 et
3202 3925 3349 3982 Deus
3377 3925 3657 3982 concedat.

1114 4348 1354 4408 203
1396 4348 1889 4405 ARGUMENTUM
1926 4349 2000 4404 IN
2035 4346 2432 4405 EPISTOTAM
2469 4346 2564 4402 AD
2605 4345 2945 4402 GALATAS.

453 4499 666 4573 Galatas
692 4506 817 4573 sunt
847 4499 1043 4573 Graeci.
1075 4501 1141 4555 Hi
1167 4501 1397 4573 verbum
1425 4502 1661 4557 veritatis
1692 4502 1927 4573 primum
1955 4501 2023 4555 ab
2054 4501 2298 4571 apostolo
2331 4507 2693 4573 acceperunt;
2730 4498 2828 4573 sed
2866 4504 2990 4568 post
3019 4496 3322 4573 discessum
3353 4498 3467 4567 ejus
3488 4499 3675 4573 tentati

380 4579 505 4644 sunt
535 4588 565 4625 a
599 4571 749 4644 falsis
779 4572 1056 4644 apostolis,
1087 4581 1143 4627 ut
1175 4573 1229 4626 in
1260 4572 1438 4644 legem
1468 4582 1521 4628 et
1550 4569 2020 4630 circumcisionem
2050 4569 2407 4627 verterentur.
2445 4571 2557 4625 Hos
2578 4569 2868 4640 Apostolus
2892 4577 3113 4625 revocat
3133 4570 3201 4624 ad
3224 4571 3384 4627 ﬁdem
3408 4571 3671 4639 veritatis,

360 4643 630 4705 scribens
657 4643 738 4699 eis
766 4641 835 4697 ab
864 4643 1104 4714 Epheso.

1286 4964 1658 5023 PROLOGUS
1695 4965 1899 5020 ΒΕΑΤΙ
1942 4962 2296 5022 BRUNONIS
2335 4961 2407 5016 IN
2443 4959 2766 5016 EAMDEM.

464 5115 677 5171 Galatia
697 5115 849 5171 locus
878 5116 1097 5187 quidem
1129 5123 1211 5170 est
1239 5116 1293 5170 in
1325 5116 1552 5181 Grmcia,
1586 5124 1638 5170 et
1666 5115 1719 5169 in
1751 5131 1813 5169 ea
1844 5116 1982 5169 Pau-
2001 5116 2053 5175 D
2078 5127 2320 5178 reverso,
2365 5111 2830 5181 pseudodoctores
2861 5109 3117 5180 (quorum
3156 5107 3308 5163 labor
3335 5117 3447 5164 erat
3478 5125 3672 5180 perse-

387 5203 473 5259 lus
500 5220 599 5275 per
626 5204 848 5276 aliquod
877 5212 1091 5274 tempus
1132 5212 1485 5259 conversatus
1544 5204 1739 5267 fuerat,
1778 5203 1981 5272 praedi-

386 5309 517 5349 cans
548 5293 758 5348 Galatis
778 5293 1006 5348 verbum
1046 5292 1165 5357 Dei,
1194 5308 1328 5362 quos
1359 5293 1522 5346 etiam
1554 5292 1607 5345 in
1641 5290 1747 5346 ﬁde
1785 5291 1982 5344 funda-

387 5388 558 5438 verat.
594 5383 657 5436 Et
705 5380 944 5452 quandiu
977 5380 1173 5433 Paulus
1217 5381 1361 5449 apud
1391 5396 1485 5435 eos
1541 5386 1849 5434 remoratus
1879 5388 1979 5447 est,

389 5470 523 5526 satis
555 5471 784 5525 honeste
814 5485 873 5525 se
903 5467 1205 5523 habuerunt
1246 5468 1300 5523 in
1347 5467 1453 5525 ﬁde
1479 5485 1494 5535 ;
1528 5468 1625 5524 sed
1650 5466 1815 5524 Paulo
1858 5466 1985 5523 inde

2085 5201 2177 5273 qui
2232 5200 2535 5255 Ecclesiam
2592 5198 2812 5265 Christi)
2861 5196 3185 5252 introierunt
3232 5197 3303 5251 ad
3362 5214 3457 5253 eos
3512 5198 3674 5269 impie

2084 5290 2413 5344 destruendo
2443 5288 2586 5359 quod
2622 5287 2815 5341 Paulus
2853 5285 3112 5357 religiose
3167 5285 3550 5354 aadiﬁcaverat,
3587 5286 3673 5340 di-

2085 5386 2270 5433 centes
2305 5376 2469 5431 Paulo
2500 5392 2607 5430 non
2638 5391 2761 5430 esse
2791 5374 3150 5439 credendum,
3176 5390 3353 5445 neque
3374 5374 3677 5430 doctrinam

2085 5467 2202 5534 ejus
2256 5464 2567 5535 tenendam,
2623 5463 2751 5535 quia
2791 5477 2894 5519 nec
2935 5477 3060 5518 cum
3107 5462 3320 5518 Christo
3351 5472 3675 5520 conversatu
