3960 6050
229 210 332 266 28!

881 203 1259 264 uxrosmo
1298 204 1372 261 IN
1405 172 1785 261 Eplsrous
1831 198 2058 259 PAULI.
2094 232 2161 245 —
2190 203 2264 261 [Ν
2308 202 2527 261 EPIST.
2578 206 2673 261 AD
2728 206 2886 263 GAL.

3428 208 3537 265 282

233 332 435 401 fuerat,
468 331 523 387 in
551 330 727 398 terris,
779 346 880 387 nec
910 331 975 385 ab
1002 346 1069 386 eo
1100 330 1323 387 edoctus
1352 329 1440 385 vel
1470 329 1695 393 electus,
1728 342 1831 384 nec
1858 330 1913 389 Α
1933 327 2119 384 docuit
2139 329 2440 385 secundum
2488 330 2853 387 inﬁrmitatem
2901 331 3135 389 carnalis
3182 331 3529 400 intellectus;
3592 381 3611 389 -

232 422 426 476 saltem
458 436 491 475 a
521 422 699 485 Petro,
734 420 820 475 vel
850 421 917 474 ab
948 419 1031 473 his
1063 419 1155 491 qui
1188 434 1311 475 cum
1344 418 1560 473 Christo
1590 433 1828 473 conver-

232 510 338 565 sati
368 509 576 564 fuerant
606 516 724 563 erat
751 509 1067 563 instructus.
1101 508 1166 561 Hi
1199 508 1359 562 etiam
1388 507 1599 577 pseudo
1640 504 1829 578 gratia:

232 598 335 654 Dei
364 597 657 669 plurimum
701 597 1052 668 derogabant,
1102 596 1346 651 dicentes
1388 611 1507 649 eam
1538 610 1648 649 non
1679 593 1829 647 suﬂi-

234 702 361 742 cere
390 687 461 741 ad
492 686 718 740 salutem
739 686 869 740 'nisi
917 684 1278 752 circumcisio,
1321 692 1372 738 et
1403 691 1603 739 catera
1632 682 1830 737 veteris

233 775 374 846 legis
404 782 734 830 tenerentur.
770 775 831 827 In
876 789 984 845 quo
1026 773 1251 828 Paulum
1282 772 1423 827 male
1452 771 1706 828 docuisse
1735 787 1829 825 ar-

230 864 497 934 guebant,
530 878 652 919 cum
682 862 863 935 legem
912 862 1217 917 destrueret
1266 876 1428 933 quam
1459 860 1621 929 (sicut
1649 858 1828 913 omni-

230 953 338 1007 bus
359 960 544 1007 notum
566 953 670 1021 est)
692 953 839 1007 Deus
860 967 961 1023 per
984 953 1209 1021 Moysen
1230 950 1456 1005 dederat
1480 968 1493 1015 ;
1528 964 1691 1020 quam
1713 948 1830 1018 ipse

231 1041 500 1106 Christus,
534 1040 663 1094 dum
692 1040 834 1095 inter
864 1039 1113 1095 homines
1144 1039 1592 1103 conversabatur,
1630 1037 1824 1091 obser-

228 1136 476 1195 vaverat,
508 1136 561 1182 et
582 1129 685 1184 hoc
705 1128 948 1183 dicentes
965 1128 1109 1198 apud
1131 1142 1225 1182 eos
1245 1127 1337 1199 qui
1359 1126 1632 1197 simplices
1654 1132 1826 1190 erant,

228 1217 555 1273 videbantur
582 1216 840 1273 inducere
872 1231 1143 1288 congruas
1175 1215 1432 1270 rationes.
1486 1214 1693 1282 Quibus
1724 1213 1829 1267 fal-

225 1305 385 1361 laciis
406 1306 518 1374 jam
548 1305 687 1361 adeo
714 1304 927 1360 fuerant
957 1303 1168 1360 seducti
1199 1304 1365 1374 quod,
1398 1302 1503 1357 nisi
1526 1301 1829 1357 sollicitudo

225 1393 383 1448 Pauli
413 1394 518 1449 cito
548 1410 648 1464 per
670 1394 811 1449 hanc
833 1392 1131 1464 Epistolam
1156 1399 1483 1457 occurreret,
1503 1391 1616 1460 jam
1640 1406 1698 1445 se
1719 1389 1830 1443 dis-

222 1482 505 1552 ponebant
537 1482 606 1536 ad
659 1482 1157 1537 circumcidendum
1205 1488 1257 1535 et
1286 1480 1353 1534 ad
1384 1487 1580 1535 caetera
1608 1479 1826 1551 legalia.

223 1572 289 1625 In
319 1571 421 1625 hac
450 1578 630 1625 autem
657 1569 901 1640 Epistola
919 1570 1116 1624 Paulus
1140 1568 1251 1640 agit
1271 1569 1339 1623 de
1360 1568 1829 1624 commendatione

222 1674 482 1729 personae
513 1675 644 1726 suae,
686 1674 846 1730 quam
869 1659 1077 1729 pseudo
1098 1657 1495 1729 deprimebant.
1516 1656 1642 1728 Agit
1663 1656 1826 1711 etiam
1844 1684 1897 1744 Β

226 1747 299 1802 de
347 1747 715 1802 destructione
761 1747 959 1802 veteris
1007 1746 1166 1819 legis,
1215 1762 1323 1801 non
1369 1746 1514 1817 quod
1553 1744 1822 1815 improbet

226 1850 375 1905 eam,
412 1850 477 1890 eo
507 1834 651 1906 quod
682 1836 913 1890 tenenda
946 1834 1060 1889 fuit.
1097 1834 1221 1905 Agit
1252 1834 1410 1889 etiam
1442 1834 1509 1887 de
1539 1847 1823 1889 commen-

226 1923 447 1978 datione
477 1923 670 1994 gratiae
719 1923 935 1978 Christi.
980 1924 1108 1978 Haec
1139 1922 1243 1976 tria
1274 1930 1397 1976 sunt
1427 1921 1515 1976 hic
1544 1921 1774 1975 materia
1807 1939 1820 1974 :

227 2012 302 2067 Se
332 2012 388 2065 in
417 2012 559 2067 hunc
588 2012 812 2066 modum
847 2011 1193 2067 commendat
1223 2011 1387 2082 quod,
1420 2026 1544 2065 cum
1574 2009 1650 2063 illi
1682 2010 1823 2077 obji-

226 2100 378 2155 ciant
406 2100 456 2154 ei
486 2116 546 2154 se
574 2115 683 2154 non
713 2100 915 2154 vidisse
946 2099 1241 2163 Christum,
1266 2115 1366 2153 nec
1397 2099 1466 2151 ab
1496 2113 1562 2152 eo
1594 2097 1825 2152 electum

224 2187 321 2243 vel
351 2188 671 2243 instructum
700 2188 897 2258 probat
926 2187 1073 2258 quod
1103 2187 1266 2259 longe
1298 2186 1516 2258 dignius
1546 2186 1666 2239 aliis
1697 2200 1827 2255 apo-

229 2275 389 2330 stolis
434 2276 639 2331 electus
669 2275 796 2329 sita
844 2275 1060 2329 Christo
1099 2283 1152 2329 et
1199 2275 1461 2339 edoctus;
1496 2274 1617 2329 illos
1657 2273 1821 2338 enim,

225 2364 362 2419 dum
388 2364 636 2419 mortalis
665 2364 805 2419 inter
833 2363 1091 2419 mortales
1122 2370 1563 2428 conversaretur,
1589 2362 1752 2434 elegit
1773 2369 1827 2416 et

1928 417 2107 472 adhuc
2135 417 2279 472 enim
2311 420 2556 474 carnales
2587 427 2761 484 erant,
2796 435 2899 475 nec
2948 420 3207 491 mysteria
3236 419 3534 474 divinitatis

1929 519 2125 575 capere
2170 514 2436 577 poterant,
2504 507 2632 579 quia
2677 508 2803 564 licet
2869 510 3209 579 accepissent
3252 508 3530 579 Spiritum;

1928 593 2170 648 nondum
2200 602 2381 650 tamen
2409 596 2569 650 datus
2600 604 2729 663 erat,
2777 597 2881 651 nisi
2916 605 3119 652 tantum
3152 598 3219 651 ad
3251 597 3532 652 remissio-

1930 696 2074 736 nem.
2110 682 2266 749 Quod
2294 683 2438 738 idem
2460 685 2616 739 Jesus
2638 685 2799 755 plane
2820 685 3011 753 innuit,
3032 686 3125 740 ubi
3154 686 3228 739 ait
3260 703 3272 739 :
3311 708 3332 731 α
3366 685 3534 740 Multa

1929 769 2104 825 habeo
2133 770 2287 825 vobis
2318 772 2520 838 dicere,
2556 774 2653 828 sed
2685 789 2794 829 non
2840 773 3066 844 potestis
3096 781 3311 845 portare
3340 773 3525 828 modo.

1929 858 2063 913 Cum
2092 866 2270 914 autem
2302 860 2509 915 venerit
2539 861 2771 932 Spiritus
2803 862 2987 932 (Joan.
3032 878 3149 929 xvi,
3186 865 3293 932 l2),
3335 887 3355 909 ιι
3390 869 3520 927 etc.,

1927 945 2070 1009 illos,
2102 946 2340 1018 inquam,
2372 949 2548 1004 adhuc
2578 950 2826 1005 mortalis
2856 951 3010 1021 quasi
3039 951 3288 1007 carnales
3317 949 3520 1015 docuit,

1929 1034 2027 1089 sed
2056 1034 2253 1089 Paulus
2304 1036 2417 1104 jam
2475 1036 2645 1093 factus
2694 1038 3027 1106 immortalis,
3070 1040 3184 1107 jam
3228 1039 3427 1094 sedens
3476 1038 3532 1092 in

1929 1123 2152 1177 dextera
2183 1124 2374 1190 Patris,
2404 1124 2513 1193 jam
2563 1125 2691 1180 dato
2741 1126 2940 1196 Spiritu
2972 1135 3179 1195 sancto,
3207 1126 3388 1199 elegit,
3434 1141 3530 1181 vo-

1928 1211 2072 1267 cavit
2103 1218 2155 1266 et
2184 1211 2388 1280 docuit,
2424 1221 2476 1267 et
2507 1213 2586 1269 sic
2618 1222 2841 1284 apparet
2888 1215 3051 1286 quod,
3084 1214 3138 1269 in
3185 1230 3291 1287 quo
3334 1214 3529 1269 Paulus

1928 1299 2217 1355 videbatur
2246 1300 2487 1366 inferior,
2533 1301 2697 1374 longe
2743 1303 2955 1357 caeteris
2985 1311 3067 1358 est
3092 1302 3400 1374 gloriosior.
3434 1303 3531 1358 Ve-

1928 1395 2109 1443 terem
2137 1389 2319 1459 legem
2348 1389 2426 1445 sic
2456 1389 2751 1461 improbat,
2795 1391 3087 1445 ostendens
3119 1407 3239 1446 eam
3267 1392 3446 1445 datam
3475 1398 3532 1445 ut

1927 1484 2073 1532 esset
2100 1477 2155 1531 in
2176 1485 2440 1549 tempore,
2476 1486 2527 1533 et
2553 1478 2803 1534 veniente
2832 1480 3006 1550 gratia
3039 1479 3217 1533 statim
3247 1478 3408 1533 finem
3437 1480 3529 1533 ha-

1928 1565 2098 1630 beret,
2118 1565 2489 1633 velutumbra,
2512 1566 2761 1622 veniente
2783 1583 3048 1638 corpore;
3085 1583 3204 1639 qua;
3224 1567 3331 1639 lex,
3357 1582 3530 1638 quan-

1928 1653 2019 1708 diu
2042 1654 2279 1723 duravit,
2312 1654 2445 1708 nihil
2476 1654 2621 1709 aliud
2671 1671 2834 1727 quam
2883 1672 3049 1726 grave
3090 1656 3283 1727 jugum
3314 1663 3367 1710 et
3394 1670 3530 1711 onus

1925 1742 2270 1813 importabile
2309 1750 2361 1797 et
2406 1742 2592 1798 inutile
2624 1743 2739 1809 fuit,
2776 1743 2904 1815 quia
2932 1744 3204 1800 neminem
3230 1742 3530 1813 justiﬁcare

1925 1831 2114 1901 potuit.
2150 1832 2431 1885 Destructa
2470 1831 2593 1903 lege
2639 1832 2865 1903 gratiam
2913 1832 3113 1887 Christi
3163 1831 3521 1898 commendat,

1924 1927 1983 1973 ut
2013 1934 2133 1974 eam
2164 1935 2281 1990 quae
2313 1919 2426 1973 sola
2459 1918 2653 1975 sufﬁcit
2683 1920 2749 1974 ad
2773 1920 3020 1990 salutem,
3054 1927 3105 1974 et
3139 1920 3255 1975 sine
3292 1935 3395 1990 qua
3425 1934 3529 1975 nec

1926 2016 2050 2063 ante
2078 2008 2255 2061 datam
2286 2008 2521 2078 gratiam
2551 2024 2653 2063 nec
2684 2016 2825 2079 post,
2880 2008 3075 2079 aliquis
3105 2007 3276 2078 potuit
3307 2008 3523 2062 salvari.

1926 2098 2007 2151 De
2037 2095 2123 2149 his
2152 2096 2402 2150 omnibus
2450 2096 2528 2152 sic
2570 2096 2703 2168 agit,
2747 2113 2809 2151 ea
2853 2096 3147 2151 intentione
3194 2104 3253 2151 ut
3298 2096 3524 2151 Galatas

1926 2184 2169 2239 volentes
2224 2183 2500 2251 judaizare
2570 2185 2814 2239 retrahat
2859 2200 2928 2239 ne
2972 2184 3193 2251 faciant,
3242 2200 3345 2240 nec
3384 2184 3525 2239 ultra

1926 2272 2431 2344 pseudomagistros
2461 2272 2702 2327 audiant.

1184 2718 1742 2806 EPISTOLA
1807 2718 1954 2802 AD
2026 2715 2560 2811 GALATAS.

616 2940 858 2998 204
896 2940 1119 2998 CAPUT
1158 2941 1445 2998 PRIMUM.

312 3110 337 3132 ι
369 3082 571 3138 Paulus
618 3084 896 3154 apostolus
926 3099 1035 3138 non
1064 3084 1131 3137 ab
1160 3083 1496 3149 hominibus,
1530 3100 1705 3156 neque
1732 3100 1829 3154 per

226 3192 249 3221 ι
286 3171 592 3245 hominem,
628 3171 724 3226 sed
751 3188 852 3242 per
879 3173 1064 3226 Jesum
1095 3171 1397 3238 Christum,
1434 3180 1484 3227 et
1512 3173 1685 3227 Deum
1716 3173 1825 3228 Pa-

226 3280 250 3311 ‹
283 3268 448 3327 trem,
480 3260 573 3332 qui
622 3260 901 3316 suscitavit
931 3277 1055 3315 eum
1084 3277 1114 3314 a
1143 3261 1391 3326 mortuis,
1416 3269 1469 3315 et
1494 3261 1587 3333 qui
1611 3278 1825 3317 mecum

229 3370 251 3399 ι
294 3357 424 3403 sunt
456 3364 647 3403 omnes
694 3348 905 3414 fratres,
940 3348 1203 3405 Ecclesiis
1236 3348 1486 3415 Galatiae,
1515 3350 1693 3421 gratia
1722 3366 1824 3405 vo-

229 3458 251 3487 ι
289 3437 378 3491 bis
408 3444 461 3492 et
499 3452 606 3507 pax
637 3451 668 3491 a
696 3437 812 3491 Deo
860 3438 1019 3493 Patre
1067 3446 1273 3505 nostro,
1318 3446 1370 3492 et
1416 3438 1647 3493 Domino
1694 3439 1822 3495 Jesu

228 3548 250 3573 α
290 3525 531 3589 Christo,
582 3526 670 3597 qui
712 3525 859 3580 dedit
902 3526 1255 3597 semetipsum
1297 3542 1397 3597 pro
1444 3528 1681 3598 peccatis
1718 3544 1822 3585 no-

230 3636 253 3663 ι
294 3614 449 3682 stris,
473 3622 526 3668 ut
562 3614 791 3684 eriperet
821 3630 919 3669 nos
950 3616 1017 3669 de
1048 3616 1299 3685 praesenti
1330 3616 1531 3672 saeculo
1562 3633 1817 3689 nequam,

226 3724 247 3751 ι
286 3703 591 3757 secundum
623 3703 953 3757 voluntatem
988 3703 1086 3757 Dei
1118 3711 1172 3757 et
1204 3704 1373 3758 Patris
1403 3704 1594 3771 nostri,
1626 3706 1709 3760 cui
1739 3714 1822 3761 est

227 3813 249 3840 ε
286 3791 467 3862 gloria
492 3790 545 3844 in
576 3791 777 3846 sazcula
797 3791 1138 3847 saeculorum.
1165 3794 1355 3847 Amen.
1387 3794 1553 3848 Miror
1574 3794 1719 3865 quod
1740 3795 1820 3851 sic

230 3901 253 3929 ι
291 3887 404 3933 tam
436 3880 541 3933 cito
587 3879 975 3933 transferimini
1023 3887 1091 3934 ab
1130 3896 1196 3935 eo
1244 3882 1336 3952 qui
1382 3897 1479 3936 vos
1527 3884 1736 3938 vocavit
1766 3884 1819 3938 in

227 3990 249 4013 α
286 3967 520 4038 gratiam
551 3966 746 4021 Christi
775 3967 829 4021 in
861 3968 1009 4022 aliud
1030 3968 1408 4040 Evangelium,
1436 3972 1582 4042 quod
1605 3987 1713 4027 non
1739 3980 1817 4027 est

227 4079 249 4101 υ
287 4055 458 4120 aliud,
490 4055 593 4110 nisi
624 4063 749 4109 sunt
793 4055 957 4127 aliqui
991 4056 1082 4128 qui
1129 4074 1225 4111 vos
1256 4059 1600 4127 conturbant,
1636 4069 1688 4115 et
1718 4076 1819 4116 vo-

224 4164 247 4194 (
282 4144 403 4198 lunt
432 4151 751 4199 convertere
780 4145 1135 4216 Evangelium
1169 4145 1383 4201 Christi.
1410 4147 1515 4202 Sed
1539 4148 1663 4204 licet
1694 4166 1813 4215 nos,

1852 2904 1899 2964 Ο
1933 2924 1954 2949 ‹‹
1991 2916 2182 2957 narum
2212 2916 2459 2957 mearum
2504 2900 2875 2957 traditionum.
2924 2900 3059 2957 Cum
3099 2907 3276 2955 autem
3321 2899 3523 2971 placuit

1931 3010 1954 3040 α
1990 2990 2040 3045 ei
2072 2990 2163 3061 qui
2190 3006 2277 3045 me
2297 2990 2607 3062 segregavit
2641 3005 2706 3044 ex
2747 2997 2903 3046 utero
2930 2988 3116 3044 matris
3144 3005 3301 3054 meae,
3337 2996 3390 3044 et
3418 3003 3520 3044 vo-

1930 3101 1951 3126 «
1987 3079 2128 3134 cavit
2156 3095 2255 3150 per
2284 3078 2515 3151 gratiam
2547 3094 2721 3143 suam,
2754 3086 2811 3133 ut
2851 3078 3115 3133 revelaret
3141 3077 3333 3132 Filium
3364 3094 3522 3132 suum

1929 3190 1950 3214 α
1986 3166 2041 3221 in
2071 3183 2178 3233 me,
2211 3175 2269 3221 ut
2297 3166 2738 3237 evangelizarem
2770 3167 2921 3221 illum
2959 3166 3015 3220 in
3045 3166 3316 3239 gentibus,
3350 3166 3522 3222 conti-

1927 3278 1949 3302 α
1986 3271 2095 3310 nuo
2116 3270 2226 3310 non
2255 3254 2503 3325 acquievi
2542 3254 2695 3309 carni
2738 3262 2790 3309 et
2835 3255 3104 3327 sanguini.
3157 3255 3349 3326 Neque
3397 3254 3523 3311 veni

1927 3366 1949 3389 α
1986 3343 2419 3414 Hierosolymam
2440 3342 2507 3396 ad
2529 3351 2910 3398 antecessores
2924 3358 3076 3398 meos
3098 3343 3397 3414 apostolos,
3423 3342 3521 3397 sed

1928 3454 1949 3478 ιι
1984 3430 2092 3485 abii
2122 3431 2175 3485 in
2206 3431 2479 3496 Arabiam,
2516 3438 2567 3485 et
2597 3431 2791 3485 iterum
2840 3447 3094 3485 reversus
3143 3447 3264 3485 sum
3314 3432 3521 3485 Dama-

1927 3543 1947 3567 «
1986 3535 2154 3574 scum.
2201 3519 2412 3574 Deinde
2461 3527 2583 3589 post
2644 3533 2818 3573 annos
2866 3527 2979 3573 tres
3026 3520 3151 3573 veni
3200 3518 3520 3589 Hierosoly-

1926 3631 1946 3655 α
1982 3623 2126 3663 mam
2158 3607 2340 3662 videre
2370 3608 2608 3671 Petrum,
2655 3614 2708 3661 et
2753 3607 2926 3661 mansi
2973 3607 3116 3676 apud
3160 3623 3284 3662 eum
3326 3606 3519 3660 diebus

1925 3720 1946 3744 α
1983 3696 2311 3768 quindecim.
2370 3696 2551 3751 Alium
2582 3703 2761 3750 autem
2806 3695 3177 3766 apostolorum
3200 3694 3311 3749 vidi
3342 3693 3520 3749 nemi-

1924 3808 1945 3832 α
1980 3801 2126 3850 nem,
2160 3784 2263 3838 nisi
2290 3784 2553 3840 Jacobum
2598 3784 2815 3838 fratrem
2872 3783 3107 3840 Domini.
3159 3782 3294 3852 Quae
3338 3790 3519 3839 autem

1923 3896 1944 3920 α
1982 3873 2159 3929 scribo
2189 3873 2364 3939 vobis,
2390 3888 2515 3927 ecce
2553 3887 2740 3926 coram
2788 3872 2921 3938 Deo,
2957 3872 3078 3941 quia
3113 3887 3221 3925 non
3261 3871 3514 3927 mentior.

1923 3984 1944 4007 α
1979 3961 2189 4016 Deinde
2217 3960 2340 4015 veni
2370 3962 2425 4015 in
2457 3968 2635 4030 partes
2684 3960 2853 4030 Syriae
2885 3968 2935 4015 et
2966 3959 3187 4015 Ciliciae.
3222 3960 3384 4015 Eram
3416 3976 3520 4014 au-

1922 4072 1944 4096 u
1978 4057 2088 4104 tem
2121 4050 2339 4119 ignotus
2370 4047 2506 4103 facie
2548 4047 2817 4103 Ecclesiis
2873 4048 3092 4113 Judaeae,
3129 4064 3252 4120 quae
3282 4055 3435 4103 erant
3464 4048 3519 4102 in

1922 4160 1944 4185 α
1980 4137 2213 4192 Christo.
2247 4138 2476 4192 Tantum
2524 4144 2703 4191 autem
2752 4136 2988 4190 auditum
3034 4136 3328 4200 habebant,
3379 4151 3518 4207 quo-

228 4253 251 4281 ι
287 4238 379 4285 aut
424 4231 653 4302 angelus
700 4232 767 4286 de
827 4232 967 4289 ccelo
1015 4234 1350 4305 evangelizet
1399 4235 1552 4289 vobis
1593 4247 1817 4309 praeter-
1839 4255 1891 4314 D
1926 4246 1948 4275 ί
1984 4225 2129 4279 “iam
2163 4225 2255 4314 (Illi
2282 4224 2707 4314 persequebatur
2728 4240 2829 4279 n05
2845 4224 3150 4314 éliquandol
3187 4239 3331 4314 ΗΡΙΠο
3360 4239 3522 4314 θνθξι·

224 4344 246 4366 «ι
282 4336 447 4391 quam
478 4320 623 4391 quod
655 4320 1147 4392 evangelizavimus
1196 4322 1371 4390 vobis,
1406 4326 1698 4382 anathema
1730 4329 1817 4385 sit.

226 4433 250 4455 «ι
289 4409 443 4464 Sicut
485 4408 853 4479 praediximus,
906 4416 958 4464 et
987 4426 1132 4465 nunc
1178 4411 1370 4466 iterum
1411 4413 1533 4469 dico
1567 4433 1579 4468 ε
1614 4416 1670 4471 Si
1702 4419 1824 4488 quis

226 4519 249 4549 ι
287 4496 446 4551 vobis
477 4497 929 4567 evangelizaverit
977 4506 1172 4568 praeter
1219 4498 1271 4553 id
1319 4501 1461 4571 quod
1510 4505 1821 4576 accepistis,

230 4603 253 4631 ι
290 4582 576 4636 anathema
608 4581 693 4635 sit.
747 4582 906 4637 Modo
954 4582 1098 4637 enim
1132 4583 1440 4639 hominibus
1487 4588 1711 4657 suadeo,
1755 4607 1826 4646 an

229 4694 252 4718 ι
290 4672 409 4724 Deo
432 4670 460 4723 ?
490 4685 555 4723 an
572 4685 757 4740 quaero
773 4670 1081 4725 hominibus
1101 4671 1317 4741 placere
1331 4672 1358 4726 ?
1382 4674 1437 4728 Si
1459 4676 1635 4732 adhuc
1656 4678 1827 4734 homi-

230 4781 253 4805 α
288 4756 453 4812 nibus
481 4757 775 4827 placerem,
810 4759 1006 4813 Christi
1036 4776 1229 4815 servus
1259 4776 1367 4816 non
1394 4778 1591 4819 essem.
1625 4768 1824 4822 Notum

231 4870 252 4893 α
290 4845 436 4901 enim
466 4845 619 4901 vobis
648 4845 805 4911 facio,
833 4846 1044 4914 fratres,
1076 4848 1457 4921 Evangelium,
1485 4854 1629 4923 quod
1663 4872 1824 4910 evan-

230 4958 254 4980 α
290 4933 580 5007 gelizatum
607 4942 691 4989 est
720 4950 752 4988 a
780 4950 890 5003 me,
923 4936 1046 5005 quia
1076 4952 1185 4991 non
1216 4945 1297 4991 est
1323 4941 1621 4996 secundum
1652 4944 1826 4999 homi-

229 5045 251 5067 α
287 5038 436 5077 nem.
465 5022 656 5093 Neque
687 5022 829 5076 enim
861 5038 966 5094 ego
985 5023 1052 5076 ab
1084 5024 1303 5081 homine
1327 5028 1514 5098 accepi
1545 5029 1696 5097 illud,
1730 5049 1827 5088 ne-

229 5132 254 5161 ι
294 5126 404 5181 que
452 5109 651 5174 didici,
702 5110 800 5165 sed
850 5127 952 5181 per
999 5112 1382 5169 revelationem
1434 5118 1562 5172 Jesu
1606 5120 1822 5175 Christi.

229 5220 252 5249 α
290 5198 535 5253 Audistis
570 5198 711 5251 enim
736 5200 1201 5255 conversationem
1244 5218 1420 5257 meam
1450 5204 1741 5278 aliquando
1772 5209 1828 5263 in

227 5312 249 5334 α
284 5286 566 5341 Judaismo
601 5305 613 5340 :
649 5286 905 5356 quoniam
961 5304 1119 5357 supra
1176 5291 1394 5345 modum
1454 5297 1829 5366 persequebar

228 5401 249 5423 α
286 5374 593 5431 Ecclesiam
613 5376 729 5440 Dei,
748 5384 799 5429 et
821 5378 1197 5446 expugnabam
1222 5379 1386 5446 illam,
1413 5382 1827 5451 etproﬁciebam

227 5488 249 5510 ιι
287 5466 342 5518 in
374 5464 654 5519 Judaismo
682 5480 843 5534 supra
869 5465 1065 5519 multos
1114 5475 1418 5523 coaetaneos
1464 5487 1617 5526 meos
1647 5473 1700 5526 in
1733 5491 1827 5546 ge-

230 5576 251 5599 α
289 5568 421 5608 nere
450 5567 595 5618 meo,
627 5552 988 5608 abundantius
1036 5555 1314 5613 aemulator
1360 5558 1600 5617 existens
1638 5570 1826 5633 pater-

1927 4335 1949 4364 α
1986 4314 2181 4385 gelizat
2211 4312 2392 4380 ﬁdem,
2428 4328 2591 4383 quam
2621 4312 2913 4383 aliquando
2963 4312 3345 4385 expugnabat;
3380 4320 3433 4368 et
3460 4312 3517 4366 in

1927 4424 1949 4449 α
1978 4418 2066 4457 me
2093 4400 2456 4458 clarificabant
2479 4399 2897 4473 [gloriﬁcabant]
2944 4401 3137 4456 Deum.
3178 4425 3200 4449 η

2596 4570 2893 4611 ΕΧΡΟΒΙΤΙΟ

1996 4682 2232 4747 Paulus,
2268 4688 2371 4736 etc.
2401 4681 2459 4734 In
2490 4681 2593 4735 hoc
2621 4680 2889 4751 principio
2918 4680 3035 4735 hac
3064 4678 3187 4745 tria,
3226 4678 3374 4735 circa
3403 4695 3525 4751 quae

1923 4769 2159 4826 maxime
2189 4776 2456 4836 versatur,
2487 4768 2692 4825 scilicet
2714 4767 3237 4824 commendationem
3264 4766 3365 4833 sui,
3415 4767 3524 4821 im-

1923 4858 2301 4929 probationem
2349 4857 2508 4930 legis,
2557 4856 3004 4927 approbationem
3049 4855 3242 4927 gratiae
3290 4854 3525 4911 breviter

1925 4944 2147 5017 colligit,
2170 4946 2357 5000 dicens
2379 4960 2389 4998 :
2420 4947 2633 5000 Paulus
2654 4946 2944 5016 apostolus
2955 4959 3154 5000 nomen
3175 4960 3332 4999 suum
3354 4942 3525 5016 (quod

1925 5035 1981 5090 in
2010 5034 2158 5090 omni
2183 5034 2429 5090 Ecclesia
2456 5041 2641 5088 notum
2672 5033 2866 5105 fuerat)
2898 5033 2967 5088 ad
3015 5033 3390 5089 auctoritatem
3420 5048 3526 5104 po-

1924 5124 2021 5178 nit.
2054 5124 2287 5189 Paulus,
2308 5122 2547 5193 inquam,
2581 5124 2883 5195 apostolus,
2935 5138 3054 5178 non
3087 5123 3153 5179 ab
3183 5123 3522 5187 hominibus,

1926 5211 2253 5282 eligentibus
2270 5227 2413 5279 eum,
2448 5228 2626 5284 neque
2643 5228 2745 5283 per
2778 5211 3082 5277 hominem,
3105 5218 3522 5268 consecrantem

1926 5316 2067 5363 eum,
2102 5308 2159 5353 ut
2188 5300 2263 5354 illi
2295 5300 2557 5369 objiciunt
2584 5317 2681 5371 per
2706 5300 2989 5354 Ananiam.
3029 5300 3158 5355 Ideo
3188 5300 3277 5365 ait,
3310 5316 3419 5353 non
3456 5298 3523 5351 ab

1926 5389 2233 5443 hominibus
2263 5406 2440 5461 neque
2471 5406 2570 5460 per
2599 5388 2895 5443 hominem.
2951 5388 3187 5457 Quidam
3242 5388 3385 5442 enim
3417 5402 3526 5441 non

1926 5478 1995 5532 ab
2024 5478 2356 5543 hominibus,
2384 5479 2481 5533 sed
2512 5494 2543 5532 a
2574 5479 2689 5533 Deo
2712 5477 2904 5544 electi;
2930 5474 3029 5548 p'ér
3052 5477 3324 5532 hominem
3347 5483 3526 5529 tamen

1927 5574 2051 5621 sunt
2088 5566 2413 5634 consecrati,
2437 5574 2491 5623 et
2520 5583 2550 5623 e
2579 5582 2869 5623 converso.
2892 5565 2986 5622 Vel
2999 5566 3074 5622 ita
3107 5584 3119 5621 :
3153 5564 3350 5623 Paulus
3387 5578 3525 5636 apo-
