3960 6050
439 197 544 251 283

995 188 1057 243 S.
1104 181 1457 243 BRUNONIS
1494 175 2147 237 CARTHUSIANORUM
2184 171 2672 231 INSTITU'I‘ORIS
2711 171 2866 229 OPP.
2907 171 3086 229 PARS
3124 173 3191 229 Il.

3641 176 3750 232 284

444 317 615 373 stolus
643 330 753 373 non
782 315 851 370 ab
880 311 1191 369 hominibus
1216 306 1563 380 eligentibus,
1598 304 1684 360 vel
1713 302 2117 361 consecran-A
2147 314 2180 355 a
2210 298 2386 354 vobis.
2420 298 2601 364 Miror,
2620 298 2861 369 inquam,
2895 298 2965 353 de
2979 298 3085 353 hoc
3118 295 3265 369 quod
3302 299 3752 369 transferimini.

446 406 589 460 tibus
632 421 777 471 eum,
847 418 1024 475 neque
1075 416 1174 471 per
1214 396 1511 461 hominem,
1560 394 1615 449 id
1659 401 1741 448 est
1785 407 1894 446 non
1949 406 2050 462 per

448 494 719 549 Christum
749 491 1061 557 mortalem,
1099 497 1151 544 et
1179 488 1235 541 in
1264 485 1595 540 humanitate
1624 483 1918 547 viventem,
1955 480 2050 535 sed

447 601 550 658 per
578 586 768 639 Jesum
801 582 1086 638 Christum
1116 578 1454 634 suscitatum.
1489 576 1568 629 De
1599 589 1664 628 eo
1694 571 1850 658 quod
1870 567 2052 639 sequi-

450 656 561 734 tur,
592 667 908 731 suscitavit,
952 662 1341 719 convenienter
1385 658 1679 729 accipimus
1710 656 2047 712 suscitatam.

452 756 708 812 Dicerent
755 754 832 809 illi
874 770 885 809 :
938 752 1114 807 Etiam
1160 751 1205 804 si
1237 748 1480 804 Christus
1545 747 1726 819 legem
1788 745 2047 811 destruat,

463 860 575 900 non
602 843 899 911 credimus,
934 839 1056 912 quia
1085 838 1335 893 dissentit
1366 853 1395 891 a
1440 838 1575 900 Deo,
1610 834 1701 906 qui
1743 834 1923 903 legem
1951 832 2053 887 de-

452 932 553 987 dit.
588 932 716 986 ldeo
750 928 931 985 subdit
961 926 1251 998 Apostolus
1284 942 1383 996 per
1416 923 1691 979 Christum
1712 921 2050 985 suscitatum,

454 1026 511 1079 et
532 1036 632 1091 per
652 1021 827 1075 Deum
848 1020 1097 1083 Patrem,
1121 1017 1217 1085 qui
1253 1014 1550 1069 suscitavit
1579 1028 1709 1067 eum
1730 1028 1763 1065 a
1782 1009 2052 1073 mortuis;

460 1125 623 1182 quem
656 1108 848 1161 frustra
875 1104 1016 1159 mori
1046 1102 1224 1168 vellet,
1260 1101 1306 1156 si
1326 1100 1433 1156 alio
1453 1100 1618 1154 modo
1647 1114 1746 1169 per
1774 1098 1954 1169 legem
1969 1096 2056 1164 ju—

459 1196 694 1252 stiticare
724 1200 910 1265 posset
946 1192 1223 1247 hominem
1258 1209 1272 1256 ;
1307 1188 1406 1243 sed
1452 1188 1579 1258 quia
1622 1187 1803 1258 legem
1848 1184 2056 1238 irritam

455 1285 607 1349 vidit,
637 1284 817 1355 legem
847 1280 1092 1345 exclusit,
1121 1286 1178 1333 ut
1207 1294 1307 1348 per
1336 1275 1569 1348 gratiam
1592 1274 1791 1329 Christi
1820 1271 2056 1343 perfice-

456 1380 541 1429 ret
570 1372 624 1427 in
654 1386 760 1443 quo
789 1370 876 1424 lex
908 1367 1210 1423 deﬁciebat.
1246 1365 1467 1429 Paulus,
1500 1364 1744 1433 inquam,
1778 1366 1833 1417 et
1866 1376 2058 1415 omnes

457 1462 673 1530 fratres
694 1460 789 1531 qui
805 1472 1025 1512 mecum
1038 1458 1193 1519 sunt,
1212 1452 1502 1509 scribimus
1520 1451 1783 1507 Ecclesiis
1801 1449 2057 1505 Calatiae.

460 1549 591 1604 Ideo
613 1546 804 1601 fratres
822 1544 925 1599 sibi
946 1544 1001 1597 in
1025 1541 1345 1598 salutatione
1356 1540 1552 1612 jungit,
1578 1538 1707 1610 quia
1735 1536 2063 1607 objiciebant

462 1635 672 1707 pseudo
704 1633 927 1689 Paulum
960 1630 1199 1687 205
1247 1628 1424 1684 solum
1456 1642 1581 1682 esse
1614 1626 1667 1681 in
1694 1625 2060 1681 destructione
2080 1654 2133 1714 B

460 1725 619 1797 legis,
653 1739 812 1793 quam
842 1722 1035 1775 Petrus
1066 1726 1120 1774 et
1147 1718 1237 1773 alii
1280 1718 1336 1771 in
1385 1716 1497 1771 suis
1529 1723 1836 1786 paterentur
1862 1714 2061 1769 Eccle-

462 1812 578 1867 siis.
610 1810 713 1867 Ubi
742 1810 814 1863 ait
845 1824 905 1863 se
941 1822 1051 1862 non
1080 1806 1148 1861 ab
1182 1804 1419 1870 homine,
1458 1804 1555 1858 sed
1583 1820 1612 1857 a
1656 1803 1869 1858 Christo
1900 1801 2064 1857 susci-

463 1906 591 1968 tato,
625 1906 678 1954 et
706 1913 739 1952 a
771 1898 887 1952 Deo
918 1896 1078 1951 Patre
1117 1894 1316 1950 factum
1356 1892 1681 1962 apostolum,
1715 1891 1845 1945 satis
1876 1890 1932 1944 in
1960 1891 2064 1945 hoc

461 2005 523 2044 se
552 1984 978 2043 commendavit.
1018 1983 1186 2047 Vobis,
1221 1999 1254 2036 o
1298 1980 1525 2045 Galatae,
1559 1980 1626 2033 sit
1656 1980 1863 2050 gratia,
1897 1978 1952 2032 id
1982 1984 2065 2033 est

462 2076 549 2131 his
579 2074 669 2146 qui
697 2079 1085 2144 peccaverunt,
1119 2070 1187 2124 sit
1214 2068 1448 2124 secunda
1469 2066 1741 2121 remissio.
1776 2066 1870 2120 His
1900 2066 1990 2136 qui
2010 2065 2065 2119 in

456 2161 665 2233 justitia
692 2166 1132 2231 permanserunt,
1168 2157 1236 2211 sit
1265 2156 1677 2227 perseverantia
1724 2153 1937 2226 gratiae.
1986 2153 2067 2208 Sit

466 2247 630 2302 etiam
657 2245 811 2300 vobis
853 2262 993 2316 pax,
1035 2242 1089 2296 id
1134 2248 1213 2295 est
1257 2240 1615 2311 tranquillitas
1661 2238 1847 2303 animi,
1880 2255 1913 2293 a
1957 2239 2065 2293 Deo

468 2337 639 2390 Patre
663 2337 856 2389 nostro
877 2336 933 2387 et
964 2329 1197 2386 Domino
1218 2330 1350 2385 Jesu
1369 2328 1604 2397 Christo,
1648 2326 1740 2402 qui
1770 2333 1993 2397 uterque
2014 2332 2068 2379 et

464 2430 642 2495 potest
673 2429 725 2477 et
763 2420 898 2477 vult.

539 2510 702 2566 Modo
733 2506 1137 2565 commendabit
1159 2504 1388 2577 gratiam
1406 2503 1607 2559 Christi
1638 2518 1736 2574 per
1759 2500 2067 2573 oppositum

467 2596 830 2670 improbando
861 2596 1039 2667 legem
1077 2594 1301 2649 dicens:
1342 2594 1445 2662 Qui
1491 2591 1737 2646 Christus
1785 2591 1938 2646 dedit
1983 2605 2069 2644 se-

466 2689 770 2759 metipsum
800 2700 907 2739 non
951 2682 1095 2737 aliud
1140 2680 1486 2747 sacrificium,
1538 2679 1660 2751 quia
1691 2678 1823 2733 nihil
1872 2685 2071 2749 praeter

469 2791 592 2831 eum
620 2772 904 2828 suﬂiceret.
960 2771 1322 2840 Semetipsum
1371 2769 1512 2833 dico,
1569 2767 1662 2838 qui
1710 2773 1887 2820 tantus
1931 2773 2065 2820 erat.

469 2864 673 2931 Semet,
706 2860 773 2914 ad
805 2858 1210 2923 discretionem,
1230 2860 1412 2930 ipsum
1435 2856 1508 2910 ait
1528 2855 1597 2910 ad
1616 2854 2066 2925 magnitudinem.

471 2949 632 3006 Dedit
650 2947 1004 3019 semetipsum
1021 2962 1122 3018 pro
1141 2946 1387 3018 peccatis
1408 2944 1617 2999 nostris
1639 2942 1885 2997 delendis
1914 2960 1928 3009 ;
1950 2958 2069 3014 quae

2149 390 2219 445 Ut
2271 387 2493 460 gravius
2551 402 2647 441 eos
2703 387 2991 457 deprimat,
3064 386 3142 442 sic
3186 386 3279 440 ait.
3328 384 3754 441 Transferuntur

2149 477 2293 532 enim
2323 474 2680 540 insensibilia,
2712 483 2769 529 ut
2796 474 3027 545 lapides.
3076 475 3344 530 ducuntur
3392 473 3748 529 irrationalia.

2150 567 2399 639 Aguntur
2426 564 2636 619 ratione
2666 563 2913 618 homines
2938 582 2951 628 ;
2988 564 3086 618 sed
3115 563 3249 617 istos
3272 562 3479 631 judicat
3509 562 3753 617 insensi-

2150 654 2306 709 biles.
2338 652 2494 709 Unde
2520 652 2575 707 in
2606 651 2851 723 sequenti
2880 659 3037 707 vocat
3068 668 3162 707 eos
3206 652 3529 707 insensatos.
3584 651 3755 706 Miror

2152 742 2296 813 quod
2327 739 2714 796 transferimini
2744 742 2809 797 ab
2830 756 2911 808 eo,
2945 739 3154 796 scilicet
3182 741 3328 807 Deo,
3360 741 3454 813 qui
3482 740 3629 794 Deus
3660 756 3754 796 vo-

2152 830 2301 886 cavit
2333 845 2424 885 vos
2454 845 2564 884 non
2592 829 2787 884 merito
2817 828 2977 901 legis,
3003 829 3099 884 sed
3116 845 3215 900 per
3236 828 3487 901 gratiam.
3525 827 3754 883 Vocavit

2153 917 2277 973 dico
2306 925 2360 973 et
2390 916 2613 972 interius
2638 918 2950 988 aspirando,
2981 925 3034 971 et
3064 917 3452 987 praedicatores
3481 915 3751 971 adhiben-

2154 1006 2225 1062 do
2248 1007 2312 1061 in
2338 1008 2586 1077 gratiam
2615 1005 2830 1072 Christi,
2864 1005 2920 1059 id
2950 1013 3029 1060 est
3060 1005 3131 1060 ad
3159 1006 3263 1060 hoc
3291 1012 3349 1059 ut
3395 1004 3588 1060 essetis
3619 1019 3756 1075 par-

2155 1094 2347 1165 ticipes
2377 1094 2564 1167 gratiae
2595 1094 2809 1148 Christi.
2869 1092 3275 1148 Transferimini
3319 1093 3441 1149 dico
3490 1094 3553 1147 in
3594 1091 3757 1148 aliud

2157 1184 2543 1252 Evangelium.
2578 1182 2885 1237 Secundum
2916 1182 3058 1247 illos,
3092 1189 3337 1237 veterem
3383 1181 3562 1252 legem
3596 1187 3758 1235 vocat

2156 1270 2516 1341 Evangelium
2539 1289 2553 1336 ;
2587 1271 2727 1341 quod
2758 1278 2937 1324 tamen
2958 1270 3321 1341 Evangelium
3352 1285 3468 1324 non
3489 1273 3574 1324 est
3593 1268 3757 1325 aliud

2158 1374 2192 1412 a
2221 1366 2429 1424 nostro,
2463 1359 2578 1413 nisi
2605 1362 2741 1414 sunt
2771 1358 2849 1412 illi
2876 1358 3040 1429 aliqui
3059 1360 3156 1429 qui
3181 1375 3273 1413 vos
3302 1358 3666 1423 conturbant,
3702 1356 3755 1411 id

2160 1454 2242 1500 est
2270 1447 2501 1516 pseudo,
2534 1446 2626 1517 qui
2654 1454 2897 1501 veterem
2928 1447 3108 1518 legem
3156 1446 3447 1501 carnaliter
3476 1446 3756 1509 docentes,

2160 1534 2451 1590 dissentire
2488 1534 2688 1590 faciunt
2734 1535 2801 1588 ab
2852 1534 3155 1607 Evangelio
3204 1533 3442 1599 Christi;
3474 1549 3596 1589 cum
3648 1548 3758 1604 quo

2162 1622 2309 1677 idem
2341 1630 2422 1677 est
2450 1621 2784 1677 intellectum
2814 1620 3178 1692 spiritualiter.
3229 1621 3603 1686 Conturbant,
3636 1618 3760 1675 dic-

2162 1720 2274 1766 tum
2304 1718 2386 1766 est
2414 1727 2445 1764 a
2475 1709 2823 1765 similitudine
2872 1710 3098 1765 turbatae
3138 1726 3291 1781 aqua:
3316 1752 3329 1775 ,
3380 1708 3435 1763 in
3478 1724 3581 1780 qua
3626 1706 3761 1762 nihil

2162 1800 2310 1855 clare
2340 1798 2576 1854 discerni
2604 1806 2800 1869 potest.
2836 1799 2911 1851 Ita
2940 1797 3028 1851 isti
3072 1797 3399 1853 intellectum
3449 1796 3763 1852 Galatarum

2164 1889 2529 1955 turbaverant,
2565 1887 2708 1958 quod
2757 1887 2871 1955 jam
2917 1886 3121 1941 malum
3148 1902 3180 1939 a
3208 1886 3352 1941 bono
3397 1901 3504 1940 non
3552 1884 3761 1939 discer-

2162 1976 2386 2029 nebant.
2420 1975 2758 2030 Conturbant
2788 1990 2906 2043 vos,
2943 1979 2999 2030 et
3019 1976 3215 2031 volunt
3242 1977 3565 2030 convertere
3586 1974 3763 2027 Evan-

2162 2065 2375 2133 gelium
2434 2063 2660 2118 Christi.

2240 2153 2570 2207 Convertere
2600 2151 2807 2206 dictum
2837 2158 2938 2216 est,
2973 2166 3005 2205 a
3024 2150 3373 2205 similitudine
3400 2150 3627 2219 alicujus
3657 2150 3761 2205 iter

2166 2239 2397 2310 agentis,
2432 2239 2524 2310 qui
2554 2239 2624 2293 ab
2655 2239 2906 2293 obstante
2937 2239 3038 2293 sibi
3084 2246 3247 2304 retro,
3281 2238 3609 2294 convertitur
3636 2256 3651 2303 ;
3685 2238 3765 2294 sic

2166 2336 2220 2382 et
2250 2327 2338 2381 isti
2370 2326 2577 2382 Galatae
2597 2370 2609 2393 ,
2643 2335 2865 2397 accepta
2897 2327 3001 2381 fide
3033 2326 3231 2381 Christi
3279 2344 3379 2397 per
3407 2326 3763 2398 Evangelium

2165 2414 2335 2483 Pauli,
2363 2416 2477 2482 jam
2510 2415 2649 2469 bene
2680 2414 2869 2469 directi
2912 2414 3127 2469 fuerant
3155 2414 3209 2467 in
3252 2414 3444 2469 semita
3474 2413 3598 2468 boni
3627 2429 3763 2484 ope-

2168 2502 2266 2568 ris,
2301 2518 2330 2555 a
2362 2518 2469 2574 quo
2497 2503 2751 2557 volebant
2794 2518 2890 2557 eos
2933 2510 3250 2558 convertere
3279 2502 3355 2556 illi
3401 2502 3630 2573 pseudo.
3664 2500 3765 2557 Ubi

2170 2591 2247 2645 ait
2276 2592 2492 2657 volunt,
2526 2590 2696 2644 innuit
2727 2591 2950 2645 Galatas
2980 2591 3220 2645 nondum
3260 2606 3426 2661 opere
3455 2589 3765 2645 consensis-

2169 2696 2229 2734 se
2258 2678 2386 2745 illis,
2419 2679 2543 2734 licet
2572 2695 2816 2733 assensu.
2851 2679 2933 2733 Illi
2978 2678 3164 2733 volunt
3192 2686 3513 2733 convertere
3544 2678 3638 2734 sed
3686 2679 3761 2733 li-

2169 2772 2256 2822 cet
2277 2784 2397 2830 nos,
2430 2766 2486 2820 id
2515 2773 2595 2821 est
2628 2783 2732 2836 ego
2762 2766 2847 2821 vel
2880 2766 2995 2837 ipse
3021 2768 3228 2830 Petrus,
3262 2771 3364 2821 aut
3394 2768 3627 2837 angelus
3647 2780 3768 2820 ma-

2168 2856 2349 2926 lignus
2378 2854 2604 2909 veniens
2635 2855 2700 2909 de
2717 2856 2870 2923 casto,
2904 2855 2957 2908 id
2988 2862 3067 2909 est
3098 2854 3152 2907 in
3181 2854 3465 2924 splendida
3494 2853 3673 2926 figura
3709 2862 3768 2908 ut

2173 2943 2383 2998 facilius
2414 2944 2643 2998 suadere
2675 2943 2865 3012 possit.
2899 2943 2953 2998 Si
2988 2942 3133 2997 enim
3176 2959 3466 3015 emergens
3492 2942 3560 2997 de
3610 2950 3766 2997 tene-

471 3039 518 3094 si
546 3038 636 3093 lex
664 3038 946 3092 destruere
976 3042 1181 3105 posset,
1233 3040 1531 3087 monstrum
1582 3038 1898 3102 putaretur;
1946 3031 2069 3100 quia
2091 3004 2137 3063 0
2170 3031 2279 3084 bris
2308 3030 2505 3085 inferni
2544 3039 2757 3087 torvum
2786 3038 2838 3085 et
2891 3030 3175 3085 informem
3223 3048 3345 3086 sese
3375 3031 3647 3101 ingereret
3694 3030 3764 3083 ad

465 3127 578 3197 jam
606 3127 767 3181 Pater
797 3123 1071 3195 superﬂue
1102 3122 1156 3176 in
1186 3129 1416 3176 mortem
1441 3120 1675 3174 traderet
1704 3119 1921 3174 Filium.
1953 3120 2070 3174 Nec

473 3223 532 3271 ut
580 3221 805 3286 peccata
851 3210 1219 3284 praecedentia
1267 3208 1609 3264 solummodo
1649 3207 1879 3272 tolleret,
1930 3206 2070 3261 mori

473 3298 659 3366 voluit,
694 3297 790 3352 sed
820 3301 903 3363 ut,
956 3294 1247 3351 destructis
1290 3292 1547 3364 peccatis,
1596 3292 1838 3364 eriperet
1878 3308 1980 3347 nos
2004 3291 2070 3346 de

474 3388 747 3461 praesenti
775 3386 998 3451 saeculo,
1032 3386 1086 3438 in
1114 3399 1221 3455 quo
1241 3382 1373 3438 vidit
1394 3381 1663 3436 neminem
1686 3396 1848 3451 posse
1869 3378 2072 3435 morari

476 3476 592 3531 sine
621 3481 865 3545 peccato.
898 3474 958 3527 In
988 3488 1094 3545 quo
1124 3479 1339 3526 notatur
1389 3469 1624 3525 maxima
1653 3468 1822 3524 virtus
1852 3466 2068 3535 Christi,

476 3564 567 3636 qui
598 3563 653 3617 in
680 3562 898 3618 fornace
928 3569 1276 3631 peccatorum
1317 3574 1417 3613 nos
1464 3558 1657 3613 liberat
1705 3558 1774 3611 ab
1820 3556 2074 3611 incendio

472 3650 688 3723 peccati
719 3650 984 3723 [eriperet
1010 3648 1075 3704 de
1094 3648 1365 3720 praesenti
1393 3647 1599 3700 saeculo
1624 3661 1884 3717 nequam,
1916 3644 1969 3698 id
1992 3651 2078 3698 est

477 3740 546 3795 de
576 3738 956 3795 conformitate
1003 3734 1287 3805 praesentis
1335 3733 1559 3797 mundi,
1610 3732 1702 3802 qui
1749 3748 1855 3787 non
1887 3732 2072 3797 allicit,

478 3835 529 3882 et
560 3834 712 3881 tanto
741 3826 862 3896 plus
892 3824 1054 3893 capit,
1086 3830 1288 3893 quanto
1320 3830 1521 3875 aeterna
1562 3820 1740 3874 minus
1781 3818 2072 3891 videntur].

474 3914 749 3985 Eriperet,
817 3913 958 3979 dico,
1009 3910 1162 3980 quasi
1207 3909 1259 3963 vi
1322 3908 1753 3965 conversationis
1810 3908 1966 3963 bona:
2009 3908 2077 3962 de

478 4002 701 4067 saeculo,
725 4000 822 4055 sed
843 4015 1105 4071 nequam,
1133 3997 1187 4052 id
1209 4006 1291 4052 est
1313 3997 1610 4053 secundum
1631 3995 1923 4066 nequitiam
1943 4010 2078 4065 pec-

477 4091 605 4157 cati,
640 4088 882 4143 Christus
912 4104 941 4141 a
973 4086 1172 4141 saeculo
1213 4102 1341 4141 suos
1393 4084 1573 4155 eripit.
1626 4084 1785 4152 Quod
1834 4083 2079 4138 Christus

477 4179 533 4234 in
554 4185 787 4233 mortem
800 4193 858 4231 se
877 4174 1044 4241 dedit,
1061 4175 1165 4230 hoc
1178 4173 1371 4229 factum
1392 4181 1474 4229 est
1491 4174 1801 4229 secundum
1814 4173 1981 4228 volun
1992 4176 2079 4226 ta-

484 4272 597 4323 tem
628 4267 727 4322 Dei
756 4268 811 4321 et
841 4265 1029 4320 Patris
1076 4265 1279 4332 nostri,
1313 4262 1404 4333 qui
1447 4262 1572 4334 quia
1613 4261 1792 4334 legem
1839 4260 2081 4315 inutilem

2169 3118 2570 3188 decipiendum,
2604 3134 2714 3173 non
2745 3126 2852 3172 tam
2884 3117 3111 3173 idoneus
3173 3127 3337 3174 esset.
3385 3118 3503 3183 Vel,
3532 3116 3763 3187 angelus

2171 3207 2347 3261 bonus
2377 3206 2600 3261 veniens
2639 3206 2705 3260 de
2737 3206 2894 3274 coelo,
2930 3206 2976 3260 si
2996 3208 3343 3278 evangelizet
3364 3210 3762 3279 praeterquam,

2171 3295 2227 3349 id
2257 3302 2339 3350 est
2367 3302 2564 3364 praeter
2590 3295 2694 3348 hoc
2720 3295 2861 3366 quod
2896 3296 3403 3365 evangelicavimus
3446 3294 3607 3359 vobis,
3647 3292 3763 3348 sive

2173 3383 2241 3437 sit
2269 3383 2545 3454 apostolus
2590 3398 2684 3437 seu
2728 3382 2979 3454 angelus,
3031 3383 3180 3438 illum
3225 3401 3333 3439 non
3379 3384 3552 3439 solum
3593 3382 3768 3437 audeo

2174 3487 2428 3542 separare
2459 3487 2492 3525 a
2523 3486 2753 3541 corpore
2784 3470 3003 3536 Christi,
3038 3471 3135 3526 sed
3163 3472 3321 3526 etiam
3351 3473 3425 3526 sit
3458 3471 3769 3525 anathema

2173 3567 2229 3613 ut
2258 3560 2375 3630 ipse
2407 3567 2695 3629 separatus
2726 3558 2794 3613 sit
2837 3560 3104 3629 separatio
3151 3559 3383 3613 illorum.
3429 3559 3527 3612 Hic
3572 3557 3772 3613 callide

2175 3648 2472 3717 respondet
2494 3647 2619 3713 illis,
2647 3649 2738 3717 qui
2761 3647 3086 3716 objiciebant
3106 3646 3200 3712 illi,
3228 3645 3467 3702 206
3492 3646 3641 3716 quod
3669 3646 3770 3702 Ju-

2176 3736 2363 3791 daicos
2411 3734 2547 3789 ritus
2592 3751 2700 3789 non
2743 3743 3020 3805 pateretur
3062 3734 3115 3789 in
3166 3735 3431 3791 Ecclesiis
3476 3734 3607 3801 suis,
3661 3750 3771 3789 non

2176 3823 2542 3896 intelligentes
2574 3824 2791 3877 Petrum
2814 3823 2936 3877 ideo
2953 3823 3080 3893 pati,
3113 3838 3223 3877 non
3242 3823 3386 3894 quod
3408 3822 3540 3876 illud
3571 3838 3772 3893 appro-

2176 3912 2351 3979 baret,
2387 3911 2482 3966 sed
2508 3928 2576 3966 ne
2606 3911 2894 3965 ruditatem
2924 3909 3049 3965 fidei
3079 3926 3267 3966 eorum
3315 3910 3493 3981 potius
3521 3910 3605 3965 his
3635 3925 3772 3965 con-

2177 3999 2519 4055 cessionibus
2582 3999 2943 4064 nutriendum,
3028 4014 3192 4070 quam
3257 3998 3421 4053 nimia
3482 3996 3772 4068 asperitate

2179 4088 2565 4143 destruendam
2614 4095 2863 4142 terreret.
2912 4088 3028 4143 Hoc
3064 4094 3243 4142 autem
3292 4086 3423 4141 solis
3470 4086 3776 4156 patiebatur

2177 4177 2377 4231 Judaeis
2412 4193 2423 4231 :
2456 4178 2555 4232 sed
2592 4176 2787 4230 Paulus
2838 4176 2930 4247 qui
2976 4175 3228 4248 gentibus
3270 4174 3614 4245 prazdicabat,
3662 4190 3773 4229 non

2179 4266 2413 4320 habebat
2455 4266 2535 4320 eis
2582 4264 2862 4336 indulgere
2910 4264 2966 4317 in
3012 4264 3111 4317 his-
3143 4263 3198 4317 in
3264 4263 3459 4334 quibus
3500 4278 3775 4332 nunquam

479 4354 633 4423 vidit,
665 4362 721 4408 ut
750 4369 850 4408 nos
900 4352 1148 4418 salvaret,
1182 4368 1246 4406 ex
1293 4351 1494 4422 pietate
1524 4350 1717 4404 Filium
1748 4349 1801 4404 in
1842 4356 2146 4415 mortemD
2177 4354 2407 4409 fuerant.
2456 4352 2611 4421 Quod
2657 4352 2817 4406 etiam
2862 4351 3230 4423 postmodum,
3276 4358 3334 4405 ut
3382 4349 3515 4406 ﬁdes
3574 4350 3775 4404 Christi

486 4441 723 4497 tradidit.
777 4442 843 4496 Et
890 4440 1013 4512 quia
1060 4439 1305 4495 Christus
1335 4439 1547 4494 dederit
1595 4455 1653 4493 se
1694 4454 1792 4509 pro
1838 4436 2078 4508 peccatis

483 4528 683 4585 nostris
713 4528 768 4582 in
805 4536 1032 4583 mortem
1083 4544 1182 4598 per
1228 4528 1559 4583 voluntatem
1609 4526 1728 4591 Dei,
1779 4526 1971 4580 scitote
2017 4540 2081 4578 ex

485 4634 571 4683 eo,
606 4616 733 4687 quia
764 4618 859 4672 cui
888 4616 1104 4671 Christo
1133 4632 1253 4671 cum
1286 4616 1401 4670 Deo
1431 4619 1513 4670 est
1558 4614 1738 4686 gloria
1768 4613 1835 4666 de
1885 4611 2081 4665 remis-

484 4705 637 4760 sione
666 4712 1034 4776 peccatorum,
1068 4720 1179 4758 non
1205 4703 1314 4774 legi
1345 4704 1408 4758 in
1438 4702 1552 4756 haec
1580 4700 1869 4771 praesentia
1897 4716 2077 4754 saecu-

486 4795 541 4849 la
573 4813 590 4849 :
621 4801 673 4847 et
705 4791 1045 4864 permanebit
1067 4791 1122 4845 in
1145 4791 1343 4845 saecula
1372 4792 1564 4845 horum
1595 4789 1929 4844 saeculorum
1960 4803 2087 4844 con-

481 4881 742 4936 secutiva.
766 4882 964 4945 Amen,
991 4878 1043 4931 id
1066 4886 1147 4932 est
1171 4894 1295 4933 vere
1318 4880 1399 4932 ita
1426 4882 1528 4943 est,
1555 4877 1701 4949 quod
1724 4876 1936 4932 Christo
1957 4875 2085 4949 glo-

481 4968 581 5033 ria,
654 4982 761 5021 non
830 4966 959 5038 legi.
1026 4968 1204 5021 Amen
1274 4966 1598 5037 quandoque
1669 4964 2081 5029 afﬁrmativum,

483 5054 807 5127 quandoque
839 5054 1141 5124 Optativum
1172 5060 1272 5108 est.
1306 5055 1369 5108 Et
1403 5054 1530 5125 quia
1567 5053 1814 5109 Christus
1845 5053 1994 5107 dedit
2025 5068 2085 5107 se

483 5158 584 5214 pro
613 5142 849 5212 peccatis
882 5142 1085 5197 nostris
1133 5142 1433 5197 secundum
1481 5142 1811 5197 voluntatem
1858 5142 1979 5209 Dei,
2030 5147 2084 5195 et

481 5232 663 5304 legem
695 5230 991 5300 evacuavit,
1024 5232 1204 5286 miror
1225 5247 1360 5304 ergo
1407 5232 1547 5304 quod
1591 5234 1693 5297 sic,
1746 5230 1798 5284 id
1830 5237 1931 5294 est,
1982 5236 2083 5283 tam

479 5320 832 5375 vehementer
884 5319 1135 5375 omnibus
1191 5319 1456 5374 mandatis
1503 5319 1639 5374 meis
1698 5317 2001 5382 derelictis;
2035 5324 2087 5371 et

486 5413 604 5473 tam
634 5410 745 5467 cito
777 5428 794 5464 :
828 5423 1023 5488 parum
1052 5408 1193 5464 enim
1226 5416 1307 5464 est
1336 5407 1598 5483 temporis
1624 5423 1688 5462 ex
1720 5421 1827 5481 quo
1857 5404 2087 5463 discessi

2180 4443 2351 4497 solida
2386 4449 2547 4505 esset,
2581 4439 2871 4495 difficiliori
2912 4440 3099 4494 labore
3147 4439 3432 4494 destruere
3480 4446 3772 4509 oporteret.

2181 4532 2246 4585 Et
2307 4528 2427 4601 quia
2474 4544 2573 4583 nec
2628 4528 2903 4598 angelum,
2963 4543 3065 4583 nec
3109 4528 3411 4598 apostolum
3466 4535 3779 4598 pateremur

2179 4618 2322 4671 aliud
2355 4616 2508 4671 vobis
2539 4617 2945 4686 praedicantem,
2972 4616 3135 4686 igitur
3154 4616 3199 4669 si
3222 4616 3340 4687 quis
3371 4615 3576 4686 pseudo
3605 4630 3777 4670 evan-

2184 4704 2496 4776 gelizaverit
2536 4704 2690 4759 vobis
2738 4712 2939 4774 praeter
2986 4704 3039 4758 id
3091 4704 3238 4774 quod
3284 4703 3570 4773 accepistis
3598 4719 3629 4757 a
3667 4718 3774 4769 me,

2184 4793 2469 4847 anathema
2499 4792 2585 4846 sit.
2622 4794 2687 4846 Et
2716 4794 2819 4847 hoc
2856 4807 3001 4848 nunc
3048 4792 3242 4846 iterum
3273 4791 3397 4847 dico
3426 4791 3495 4846 de
3538 4791 3775 4862 pseudo,

2186 4880 2323 4935 sicut
2351 4880 2513 4935 modo
2544 4880 2764 4950 praedixi
2797 4880 2865 4934 de
2895 4880 3052 4934 nobis
3085 4888 3137 4933 et
3166 4879 3235 4934 de
3284 4879 3501 4951 angelo.
3536 4878 3633 4933 Vel
3657 4878 3733 4932 ita
3765 4896 3779 4933 :

2186 4968 2416 5023 Praedixi
2432 4967 2586 5023 vobis
2606 4984 2727 5022 cum
2743 4968 2885 5038 apud
2909 4983 3006 5023 vos
3032 4983 3230 5033 essem,
3256 4984 3344 5022 me
3364 4983 3553 5022 omnes
3573 4966 3781 5037 pseudo

2187 5055 2772 5112 excommunicaturum
2798 5075 2811 5122 ;
2846 5056 2924 5111 sic
2948 5056 3113 5112 etiam
3133 5073 3289 5113 nunc
3320 5058 3531 5111 iterum
3560 5057 3702 5112 dico.
3725 5055 3784 5112 Si

2186 5146 2308 5217 quis
2330 5145 2476 5200 vobis
2490 5145 3279 5216 evangelisaveritmrwterid
3298 5144 3439 5217 quod
3458 5144 3778 5215 accepistis,

2187 5234 2493 5289 anathema
2522 5234 2615 5288 sit.
2651 5232 2786 5288 Dico
2818 5235 3125 5289 anathema
3156 5234 3251 5301 sit,
3286 5241 3338 5287 et
3368 5233 3472 5288 hoc
3502 5240 3554 5287 et
3583 5240 3784 5287 caetera

2186 5322 2491 5393 praemissa,
2526 5320 2699 5376 zelum
2732 5320 2931 5376 Christi
2963 5322 3171 5376 habens
3202 5321 3344 5386 dico,
3376 5320 3499 5392 quia
3528 5336 3595 5373 an
3624 5320 3783 5375 modo

2187 5411 2392 5468 suadeo
2420 5411 2755 5478 hominibus,
2790 5410 2844 5465 id
2874 5419 2955 5466 est
2997 5426 3067 5467 an
3114 5410 3412 5466 secundum
3457 5408 3784 5466 voluntatem
