3960 6050
213 213 329 267 285

883 201 1266 263 EXPOSITIO
1299 202 1374 258 IN
1400 196 1783 257 EPISTOLAS
1840 193 2067 251 PAULI.
2100 222 2169 235 —
2199 193 2274 250 IN
2304 192 2522 249 EPIST.
2556 191 2651 247 AD
2692 190 2853 246 GAL.

3422 187 3532 244 286

222 332 514 389 hominum
544 329 872 386 suasibiliter
898 328 1090 401 loquor
1122 345 1135 382 :
1167 344 1245 383 an
1266 324 1490 392 suadeo,
1511 324 1639 388 Deo,
1672 320 1727 375 id
1749 324 1832 374 est
1852 319 1904 379 Α
1934 317 2005 371 ita
2033 330 2400 388 persequerer
2419 313 2726 370 Ecclesiam
2747 311 2967 401 Christi,
2990 316 3215 401 apparet
3243 308 3389 383 quod
3416 316 3540 365 ante

222 422 298 477 ad
320 421 552 494 gloriam
577 420 677 475 Dei
707 419 736 473 ?
755 418 923 487 Quasi
942 417 1150 473 diceret
1178 431 1189 469 :
1215 415 1345 470 Ideo
1366 413 1509 479 dico,
1529 411 1837 468 anathema

222 512 323 575 sit,
356 519 485 577 etc.,
531 509 661 580 quia
708 507 837 562 olim
886 506 1107 578 quidem
1154 512 1278 559 ante
1327 502 1491 558 ﬁdem
1539 498 1836 555 suadebam

224 599 576 663 hominibus,
608 596 917 668 praedicans
941 595 1120 667 legem
1145 612 1161 661 ;
1184 592 1282 648 sed
1303 591 1467 647 modo
1489 590 1543 644 in
1573 588 1678 643 ﬁde
1711 600 1837 640 sua-

225 689 335 745 deo
366 686 599 759 gloriam
629 686 767 750 Dei;
801 684 924 740 ideo
953 699 1061 739 non
1106 683 1219 752 jam
1269 680 1472 735 suadeo
1501 676 1831 744 hominibus,

224 776 359 847 quia
388 791 498 830 non
528 788 712 846 quaero
732 772 945 844 placere
964 771 1090 827 illis.
1112 773 1196 827 An
1218 769 1362 825 enim
1384 782 1569 841 quaero
1587 764 1835 835 amplius

218 865 453 935 placere
484 861 802 919 hominibus
835 866 857 917 ?
888 861 943 916 Si
969 860 1149 931 legem
1170 856 1510 930 praedicaret,
1546 868 1707 925 quam
1736 853 1834 906 ho-

217 967 316 1007 mo
345 952 545 1007 virtute
575 967 670 1005 sua
698 957 913 1021 poterat
940 947 1181 1019 operari,
1222 954 1349 1001 tunc
1379 944 1624 1016 placeret
1652 940 1832 995 homi-

217 1041 390 1095 nibus
426 1056 439 1095 :
470 1038 569 1094 sed
586 1037 713 1093 nolo
736 1037 977 1107 placere,
1013 1035 1138 1108 quia
1167 1037 1217 1090 si
1236 1034 1418 1089 adhuc
1442 1033 1728 1105 placerem
1746 1027 1835 1083 ho-

218 1129 499 1197 minibus,
529 1126 879 1198 praedicando
911 1126 1112 1198 legem,
1136 1125 1264 1195 jam
1298 1138 1415 1177 non
1439 1136 1612 1177 essem
1642 1133 1833 1173 servus

225 1218 480 1282 Christi,
533 1216 663 1270 dum
713 1215 858 1285 quod
906 1213 1257 1268 attribuerem
1307 1209 1438 1282 legi,
1486 1207 1830 1263 detraherem

220 1306 419 1376 gratiae
450 1303 671 1359 Christi.
704 1302 804 1358 Vel
839 1302 913 1356 ita
948 1302 1073 1357 :An
1094 1301 1252 1356 modo
1268 1299 1471 1354 suadeo
1490 1295 1826 1360 hominibus,

219 1411 300 1449 an
322 1394 432 1449 Deo
454 1394 483 1447 ?
524 1392 582 1447 Si
602 1392 787 1462 legem
827 1389 1167 1461 praedicaret,
1194 1386 1503 1443 hominibus
1542 1383 1828 1449 suaderet;

219 1498 344 1553 quae
375 1480 519 1536 enim
551 1480 637 1535 lex
668 1479 932 1550 pracipit,
963 1479 1126 1533 homo
1173 1475 1307 1530 satis
1350 1480 1528 1546 potest
1574 1471 1825 1542 operari,

218 1577 278 1623 ut
309 1568 634 1623 abscindere
664 1567 994 1639 pelliculam,
1046 1564 1329 1620 immolare
1357 1561 1622 1633 pecudem
1648 1568 1700 1614 et
1730 1560 1830 1613 hu-

1938 405 2350 461 conversionem
2378 402 2740 475 Evangelium
2768 416 2877 455 non
2920 399 3105 455 didici.

2006 493 2197 547 Subdit
2228 493 2371 564 quod
2402 499 2527 561 post
2556 490 2923 545 subditionem
2961 503 3071 543 non
3116 484 3383 542 didicerit.
3416 486 3536 558 Ego

1935 580 2008 635 ita
2037 581 2403 651 persequebar
2421 578 2724 635 Ecclesium
2753 576 2953 632 Christi
2978 594 2992 642 ;
3026 575 3120 631 sed
3154 590 3284 630 cum
3311 574 3534 646 placuit

1935 668 2004 735 ei,
2052 684 2118 723 ex
2173 669 2361 741 gratia,
2424 684 2533 722 non
2582 684 2648 723 ex
2687 666 2897 733 merito,
2951 664 3003 720 ei
3049 664 3173 720 dico
3229 662 3323 734 qui
3370 677 3538 734 quam

1933 756 2300 827 potentialiter
2327 773 2417 811 me
2440 758 2754 826 segregavit
2780 755 2845 809 de
2875 758 3037 809 utero
3064 754 3268 807 matris
3289 767 3447 818 mete,
3469 750 3538 805 de

1935 860 2040 916 quo
2072 861 2344 916 nunquam
2381 844 2607 910 exirem,
2642 842 2745 897 nisi
2780 841 3155 897 misericordia
3199 840 3316 909 ejus
3352 846 3539 895 extra-

1933 932 2087 987 heret
2116 949 2221 998 me,
2248 941 2356 986 tam
2379 931 2805 987 misericorditer
2828 932 3042 985 vocavit
3062 946 3151 985 me
3168 945 3271 1000 per
3288 929 3538 1000 gratiam

1935 1038 2098 1077 suam
2118 1021 2186 1075 ad
2216 1018 2399 1075 ﬁdem.
2434 1020 2532 1075 Vel
2552 1019 2628 1074 ita
2658 1037 2672 1073 :
2704 1018 2809 1088 Qui
2829 1034 2915 1073 me
2938 1016 3250 1090 segregavit
3272 1016 3339 1071 de
3360 1022 3533 1071 matre

1930 1124 2070 1177 mea,
2114 1108 2168 1161 id
2208 1115 2290 1163 est
2326 1124 2357 1161 a
2402 1108 2716 1180 Synagoga,
2767 1106 2822 1161 in
2868 1122 2973 1177 qua
3020 1121 3157 1175 puer
3206 1104 3433 1158 nutritus
3480 1109 3535 1157 et

1930 1197 2124 1251 doctus
2154 1195 2382 1260 fueram,
2413 1211 2515 1250 nec
2545 1196 2612 1249 de
2644 1195 2764 1249 sinu
2814 1194 2900 1249 vel
2931 1192 3162 1265 gremio,
3197 1192 3296 1246 sed
3325 1190 3392 1246 de
3414 1192 3533 1261 ipso

1931 1292 2087 1339 utero
2112 1285 2447 1355 Synagogaz.
2487 1283 2799 1338 Pharisaeus
2830 1282 2972 1337 enim
3016 1296 3163 1337 eram
3210 1280 3347 1333 inter
3374 1278 3533 1350 prin-

1929 1371 2081 1443 cipes
2120 1372 2281 1444 legis,
2307 1380 2359 1426 et
2388 1387 2477 1425 me
2506 1370 2633 1425 inde
2657 1377 3006 1443 segregatum
3026 1367 3239 1439 vocavit
3268 1367 3338 1421 ad
3368 1365 3532 1421 ﬁdem

1928 1476 2029 1530 per
2058 1460 2290 1532 gratiam
2323 1474 2498 1527 suam,
2532 1474 2641 1513 non
2674 1458 2801 1529 quia
2821 1457 2993 1512 zelum
3034 1456 3175 1528 legis
3201 1455 3525 1510 habueram.

1928 1548 2175 1613 Vocavit,
2209 1547 2447 1618 inquam,
2482 1551 2548 1602 ut
2574 1548 2852 1603 revelaret
2876 1547 2938 1600 in
2968 1561 3058 1599 me
3102 1545 3310 1600 Filium
3340 1559 3528 1598 suum.

214 1657 485 1727 jusmodi.
527 1630 685 1725 Quod
716 1656 761 1710 si
792 1671 890 1726 per
918 1630 1037 1710 hinc
1058 1653 1265 1708 salvum
1295 1630 1498 1706 diceret
1528 1649 1823 1714 hominem,
1846 1674 1899 1735 B
1929 1636 1985 1690 Si
2025 1636 2146 1707 quis
2184 1635 2328 1735 en‘in-l
2358 1635 2702 1735 vocationem
2740 1634 2857 1735 ‘mei
2909 1632 3232 1735 considerat,
3267 1630 3535 1703 intelliget

218 1747 339 1802 Deo
368 1745 677 1801 detraheret
711 1743 942 1799 salutem
991 1741 1245 1807 hominis,
1282 1748 1334 1795 et
1383 1738 1681 1794 ascriberet
1726 1738 1824 1791 ho-

219 1833 377 1889 mini.
412 1834 623 1889 Caatera
653 1847 762 1888 non
792 1838 1091 1887 mutantur.

292 1956 379 2012 Ad
409 1956 543 2011 illud
576 1956 721 2028 quod
772 1954 1022 2027 superius
1052 1952 1207 2018 dixit,
1238 1968 1355 2009 non
1382 1951 1449 2006 ab
1482 1948 1818 2014 hominibus,

218 2061 403 2117 neque
418 2061 522 2116 per
550 2046 852 2110 hominem,
886 2044 973 2098 hic
1021 2041 1357 2113 respondere
1386 2038 1590 2109 incipit.
1624 2037 1822 2091 Littera

219 2141 407 2188 tamen
439 2148 610 2204 prope
635 2132 885 2203 jungitur
917 2150 929 2185 :
960 2131 1083 2186 ideo
1115 2129 1423 2185 hominibus
1464 2126 1682 2198 placere
1713 2140 1821 2179 non

219 2237 431 2293 quaero,
481 2221 577 2275 sed
627 2221 862 2286 Christo,
914 2220 1039 2291 quia
1085 2216 1441 2290 Evangelium
1484 2230 1665 2270 meum
1713 2228 1822 2268 non

219 2319 302 2365 est
335 2309 637 2365 secundum
668 2308 964 2374 hominem,
1016 2307 1112 2361 sed
1144 2322 1176 2361 a
1225 2307 1360 2360 Deo.
1404 2305 1473 2359 Et
1517 2303 1640 2358 ideo
1669 2303 1818 2373 facio

218 2398 372 2453 vobis
410 2402 627 2463 notum,
651 2400 884 2469 fratres,
909 2396 1275 2467 Evangelium
1305 2413 1323 2448 :
1346 2409 1456 2447 non
1486 2391 1618 2445 illud
1642 2398 1816 2456 vetus,

215 2486 316 2542 sed
347 2486 492 2560 quod
521 2487 969 2557 evangelizatum
1000 2488 1084 2539 est
1114 2501 1149 2538 a
1178 2498 1307 2549 me;
1348 2482 1453 2536 hoc
1482 2481 1550 2535 de
1580 2495 1647 2535 eo
1678 2478 1819 2534 facio

213 2574 372 2631 vobis
401 2582 607 2641 notum,
643 2574 787 2645 quod
817 2590 934 2629 non
965 2577 1048 2629 est
1065 2572 1196 2626 mihi
1226 2570 1475 2626 traditum
1508 2567 1820 2625 secundum

216 2665 525 2720 hominem.
556 2664 625 2717 Et
651 2664 757 2719 hoc
786 2662 978 2733 probat
1010 2679 1023 2715 :
1057 2661 1200 2715 Vere
1249 2675 1357 2715 non
1385 2657 1686 2713 secundum
1713 2657 1819 2711 ho-

214 2752 442 2821 minem,
465 2754 559 2823 qui
570 2766 748 2824 neque
759 2750 1106 2822 accepiillud
1115 2748 1471 2821 Evangelium
1484 2748 1549 2801 ab
1567 2746 1814 2811 homine,

216 2848 577 2896 consecrante
616 2856 704 2895 me
749 2840 805 2893 in
850 2839 956 2894 hoc
999 2837 1378 2903 ministerium,
1429 2851 1608 2907 neque
1648 2834 1820 2889 didici

213 2929 352 2984 illud
383 2929 455 2984 ab
481 2928 717 2983 homine.
752 2928 944 2983 Posset
980 2925 1293 2982 consecrari
1322 2941 1352 2979 a
1382 2925 1519 2992 Deo,
1553 2930 1607 2979 et
1638 2930 1817 2977 tamen

1927 1740 2145 1779 omnem
2184 1722 2415 1777 salutem
2464 1739 2529 1777 ex
2575 1722 2811 1787 Christo,
2854 1721 3057 1776 nullam
3111 1736 3176 1775 ex
3214 1718 3357 1790 lege,
3410 1735 3530 1791 quas

1924 1811 2057 1866 mihi
2102 1827 2211 1866 non
2267 1810 2489 1882 profuit.
2540 1811 2657 1865 Nec
2724 1809 2848 1864 ideo
2896 1809 3073 1865 solum
3120 1808 3336 1864 vocavit
3374 1815 3432 1861 ut
3474 1807 3531 1861 in

1924 1899 2277 1954 similitudine
2314 1900 2421 1953 mei
2452 1898 2714 1953 revelaret
2735 1898 2972 1969 gratiam
2995 1913 3169 1963 suam,
3204 1897 3300 1952 sed
3326 1895 3395 1951 ad
3425 1896 3531 1951 hoc

1924 1988 2083 2043 etiam
2115 1992 2180 2043 ut
2196 1988 2641 2059 evangelizarem
2666 1988 2834 2042 illum
2857 1988 2925 2042 in
2948 1986 3233 2057 gentibus,
3267 1992 3318 2039 et
3342 1992 3529 2039 notam

1920 2075 2157 2131 facerem
2202 2074 2633 2130 misericordiam
2686 2074 2812 2129 Dei.
2873 2074 3008 2129 Cum
3046 2074 3117 2127 ita
3166 2074 3281 2128 Deo
3329 2072 3397 2128 de
3439 2088 3529 2127 me

1922 2165 2139 2235 placuit,
2174 2165 2447 2219 continuo
2476 2180 2593 2219 non
2622 2162 2873 2234 acquievi
2894 2163 3061 2218 carni
3089 2166 3146 2217 et
3161 2162 3448 2232 sanguini,
3473 2159 3528 2215 id

1923 2260 2005 2307 est
2033 2251 2233 2306 Iudaeis
2265 2251 2407 2306 male
2462 2250 2815 2306 suadentibus
2857 2250 3010 2316 mihi,
3058 2250 3151 2321 qui
3195 2249 3329 2303 nihil
3384 2248 3527 2303 aliud

1922 2347 2045 2394 sunt
2075 2354 2240 2410 quam
2270 2354 2399 2395 caro
2427 2339 2772 2409 voluptuosa.
2795 2339 2863 2393 Et
2885 2336 3125 2410 sanguis,
3158 2337 3214 2391 id
3244 2344 3328 2391 est
3346 2337 3529 2392 anima

1920 2443 2029 2482 non
2061 2427 2362 2482 secundum
2412 2427 2699 2493 rationem,
2752 2426 2850 2481 sed
2897 2425 3193 2481 secundum
3237 2425 3385 2496 quod
3425 2440 3527 2496 per

1920 2522 2125 2570 motum
2158 2514 2444 2587 sanguinis
2476 2515 2659 2585 turpia
2697 2514 2865 2584 cupit.
2901 2515 3086 2585 Neque
3116 2512 3370 2568 continuo
3400 2514 3530 2569 veni

1926 2606 2367 2676 Hierosolymam
2398 2603 2471 2657 ad
2492 2602 2773 2674 apostolos
2804 2606 3186 2657 antecessores
3199 2616 3365 2667 meos,
3400 2600 3527 2673 quia

1918 2708 2007 2746 me
2038 2690 2093 2745 in
2138 2689 2246 2746 ﬁde
2294 2698 2727 2759 antecesserant,
2759 2697 2817 2744 ut
2861 2690 3090 2745 docerer
3135 2689 3206 2744 ab
3250 2688 3377 2755 illis,
3427 2686 3524 2745 sed

1921 2779 2178 2835 continuo
2206 2780 2321 2835 abii
2348 2780 2412 2833 in
2464 2780 2752 2835 Arabiam.
2786 2779 2915 2834 Haec
2962 2777 3161 2833 Arabia
3204 2784 3287 2833 est
3314 2777 3369 2832 in
3416 2791 3527 2849 qua

1920 2876 2002 2923 est
2029 2883 2187 2923 mons
2210 2868 2358 2933 Sina,
2379 2883 2551 2938 prope
2572 2868 2863 2939 Egyptum
2885 2867 2939 2920 in
2968 2866 3203 2922 deserto.
3223 2866 3293 2921 Et
3313 2868 3526 2922 iterum

1919 2956 1989 3010 ab
2019 2955 2216 3010 Arabia
2259 2972 2516 3011 reversus
2562 2971 2688 3010 sum
2733 2958 3091 3010 Damascum.
3141 2952 3352 3011 Deinde
3401 2957 3525 3027 post

212 3026 408 3115 Ρρδξθδ
439 3017 652 3115 (“scere
686 3023 957 3115 Ρῗῖἲξξθρίθ
988 3015 1083 3115 m_a
1113 3014 1181 3069 ab
1208 3013 1453 3115 homi‘jej
1472 3014 1601 3113 _N°n
1632 3010 1819 3115 “989i
1842 3028 1888 3088 Ο
1922 3060 2102 3099 annos
2136 3010 2409 3099 tresveni
2436 3044 2899 3115 Hierosolymam,
2932 3059 3040 3098 non
3069 3049 3127 3097 ut
3159 3042 3313 3114 quasi
3341 3010 3521 3097 minus

214 3107 285 3161 ab
316 3105 557 3171 homine,
592 3121 693 3161 nec
722 3104 905 3169 didici,
958 3104 1053 3160 sed
1091 3120 1197 3175 per
1243 3102 1646 3158 reuelationem
1687 3102 1818 3156 Jesu

221 3194 455 3259 Christi,
479 3193 535 3248 id
565 3202 647 3248 est
675 3209 774 3264 per
818 3193 1005 3248 Jesum
1053 3192 1320 3247 Christum
1351 3197 1540 3261 aperte
1572 3188 1817 3244 revelan-

214 3291 325 3338 tem
356 3282 509 3349 mihi,
542 3296 652 3336 non
680 3298 780 3352 per
814 3280 1101 3351 parabolas
1148 3280 1481 3351 loquentem,
1516 3277 1653 3332 sicut
1681 3276 1816 3331 alios

214 3370 498 3442 apostolos
527 3370 730 3435 docuit,
766 3370 895 3423 dum
932 3369 987 3423 in
1019 3384 1182 3424 carne
1225 3375 1370 3423 esset
1398 3367 1577 3421 adhuc
1605 3373 1815 3421 morta-

215 3460 284 3515 lis
337 3467 391 3515 et
448 3458 527 3513 illi
581 3457 856 3514 intellectu
903 3456 1275 3513 inﬁrmiores:
1324 3472 1452 3511 vere
1496 3470 1603 3511 non
1652 3454 1817 3510 didici

211 3548 349 3603 illud
378 3547 449 3601 ab
479 3546 718 3612 homine,
752 3546 875 3617 quia
922 3561 1026 3602 nec
1072 3553 1197 3601 ante
1245 3544 1680 3610 conversionem,
1715 3557 1818 3598 nec

212 3644 340 3709 post
369 3635 807 3691 conversionem.
840 3638 977 3690 Ante
1019 3633 1430 3690 conversionem
1460 3632 1611 3703 prius
1641 3639 1819 3686 osten-

213 3725 315 3790 dit,
341 3723 532 3779 dicens
556 3723 838 3779 :Audistis
863 3722 1535 3778 conversationemmeam
1562 3720 1818 3792 aliquan-

211 3814 300 3879 do,
336 3812 393 3866 id
423 3819 504 3865 est
532 3820 776 3882 tempore
806 3810 1132 3865 inﬁdelitatis
1163 3809 1402 3863 habitam
1420 3808 1771 3863 inJudaismo
1797 3826 1811 3874 ;

210 3902 319 3956 hoc
346 3900 574 3955 audistis
595 3900 889 3972 quoniam,
934 3898 988 3952 id
1022 3905 1104 3954 est
1134 3898 1279 3969 quod
1302 3897 1678 3969 persequebar
1706 3899 1813 3953 Ec-

209 3990 451 4046 clesiam
475 3990 571 4044 Dei
590 4005 765 4060 supra
783 3988 1010 4044 modum
1022 3992 1425 4058 persecutorum
1451 4003 1463 4039 :
1489 4002 1650 4040 nemo
1670 3985 1812 4040 enim

207 4086 324 4132 tam
353 4076 563 4133 violens
594 4085 703 4131 erat
732 4076 789 4130 in
819 4092 1009 4131 servos
1039 4074 1158 4129 Dei.
1192 4074 1565 4145 Persequebar
1611 4074 1733 4128 dico
1758 4078 1813 4129 et

209 4166 617 4238 expugnabam
650 4166 815 4221 illam
836 4164 1137 4220 secundum
1155 4163 1417 4235 quosdam
1436 4163 1637 4216 multos
1668 4162 1813 4217 enim

210 4254 462 4309 volentes
493 4253 755 4320 converti,
789 4253 967 4307 adhuc
997 4251 1210 4322 spirans
1240 4251 1511 4306 minarum
1544 4258 1597 4305 et
1625 4250 1809 4317 caadis,

206 4341 511 4398 retroduxi.
565 4341 754 4395 Plures
798 4340 955 4395 etiam
1011 4341 1125 4410 jam
1164 4338 1351 4394 ﬁdeles
1398 4337 1557 4393 ﬁdem
1607 4354 1812 4411 negare

208 4431 409 4503 coegi;
444 4429 838 4502 expugnabarn,
873 4428 1018 4497 dico,
1052 4432 1107 4483 et
1136 4428 1491 4499 proﬁciebam
1522 4429 1583 4482 in
1612 4427 1812 4482 Judai-

209 4537 354 4577 smo.
386 4520 494 4573 Lex
525 4518 664 4574 enim
696 4534 818 4573 mea
846 4517 1025 4589 magis
1063 4532 1127 4573 ac
1170 4516 1349 4589 magis
1397 4532 1496 4586 per
1524 4532 1611 4571 me
1641 4516 1697 4569 in
1725 4515 1814 4569 in-

208 4615 547 4663 crementum
576 4605 913 4677 proﬁciebat.
950 4603 1300 4660 Proﬁciebam
1325 4604 1447 4660 dico
1468 4604 1683 4675 agendo
1712 4620 1813 4660 su-

205 4713 315 4767 pra
359 4698 572 4753 multos
619 4699 968 4759 eomtaneos,
1037 4694 1129 4764 qui
1170 4694 1402 4763 juvenes
1454 4702 1506 4748 et
1554 4692 1814 4748 laboriosi

210 4792 383 4851 erant,
418 4792 474 4837 ut
504 4799 625 4853 ego.
652 4783 970 4837 Comtaneos
999 4782 1140 4849 dico,
1186 4797 1297 4836 non
1339 4781 1667 4852 proselytos,
1716 4780 1812 4835 sed

207 4873 263 4927 in
295 4888 500 4944 genere
528 4888 667 4938 meo,
719 4871 790 4925 ita
821 4869 963 4925 ﬁlios
1005 4870 1234 4925 Abrahae
1266 4877 1323 4923 ut
1371 4885 1475 4940 ego
1505 4876 1556 4923 et
1584 4869 1638 4923 in
1689 4869 1812 4942 lege

206 4961 458 5015 nutritos.
492 4960 561 5014 Et
589 4959 712 5015 dico
741 4960 997 5015 existens
1027 4960 1346 5025 (emulator,
1381 4957 1436 5012 id
1463 4966 1545 5013 est
1575 4958 1813 5013 imitator

209 5057 263 5106 et
288 5057 533 5115 amator;
567 5064 678 5103 non
708 5054 914 5102 tantum
936 5046 1095 5117 legis,
1120 5047 1216 5101 sed
1248 5046 1407 5101 etiam
1434 5050 1812 5119 paternarum

210 5138 608 5193 traditionum.
629 5136 912 5206 Propheta;
925 5135 1087 5204 enim,
1107 5142 1309 5206 praeter
1328 5134 1528 5205 legem,
1548 5135 1812 5207 quasdam

204 5226 532 5282 traditiones
560 5225 843 5294 dederunt,
894 5232 951 5278 ut
989 5224 1275 5280 Zacharias
1316 5224 1579 5292 jejunium
1626 5223 1808 5294 primi,

205 5324 259 5370 et
282 5314 553 5384 jejunium
585 5313 757 5385 quarti
790 5313 978 5384 (Zach.
1004 5328 1123 5379 VIII,
1152 5315 1260 5383 l9),
1294 5320 1399 5368 etc.
1419 5312 1807 5383 Traditionum,

209 5403 451 5460 207
470 5403 612 5471 dico,
632 5419 911 5469 mearum,
927 5403 1053 5474 quia
1073 5410 1178 5457 tam
1202 5403 1341 5457 bene
1363 5401 1637 5472 operabar
1665 5400 1807 5471 illas,

209 5492 356 5567 quod
388 5492 544 5564 quasi
560 5508 696 5548 meae
715 5491 951 5565 prOpriaa
972 5506 1093 5549 esse
1114 5490 1456 5560 videbantur,
1480 5497 1675 5548 etcum
1704 5505 1810 5567 ego

1920 3133 2138 3203 sapiens
2162 3133 2573 3203 interrogarem,
2592 3132 2689 3186 sed
2701 3132 3045 3186 solummodo
3059 3132 3245 3187 videre
3258 3133 3515 3187 Petrum.

1918 3222 1987 3275 Et
2017 3223 2203 3275 mansi
2224 3220 2375 3291 apud
2389 3236 2517 3276 eum
2536 3220 2726 3276 diebus
2757 3220 3097 3292 quindecim,
3131 3227 3183 3275 et
3225 3227 3337 3274 tam
3367 3218 3520 3275 brevi

1919 3308 2119 3379 spatio,
2151 3308 2196 3362 si
2228 3308 2492 3380 indigere,
2528 3324 2636 3362 non
2664 3307 2796 3362 satis
2825 3324 3047 3379 possem
3066 3308 3272 3364 doceri.
3308 3309 3520 3364 Petrum

1916 3396 1992 3450 ibi
2013 3396 2122 3449 vidi
2143 3414 2156 3462 ;
2177 3396 2271 3450 sed
2285 3397 2465 3451 alium
2481 3397 2863 3468 apostolorum
2877 3397 3163 3452 neminem
3175 3397 3268 3452 illo
3280 3404 3522 3467 tempore

1918 3485 2050 3550 vidi,
2076 3486 2193 3539 nisi
2220 3484 2486 3539 Iacobum
2524 3487 2769 3555 fratrem
2818 3485 3061 3551 Domini,
3107 3485 3199 3555 qui
3228 3485 3517 3556 episcopus

1917 3580 2031 3628 erat
2063 3572 2475 3643 Hierosolymis.
2510 3573 2577 3626 Et
2620 3571 2698 3627 sic
2743 3580 2969 3643 apparet
3016 3573 3160 3643 quod
3207 3581 3330 3643 post
3381 3587 3514 3628 con-

1914 3661 2223 3717 versionem
2272 3660 2405 3714 nihil
2451 3660 2655 3728 didici;
2706 3677 2828 3734 qute
2875 3664 3071 3716 autem
3120 3661 3299 3718 scribo
3348 3662 3516 3730 vobis,

1916 3750 2124 3806 scilicet
2155 3749 2301 3821 quod
2332 3764 2433 3805 nec
2455 3757 2578 3804 ante
2628 3764 2728 3804 nec
2774 3757 2896 3820 post
2944 3747 3259 3817 didicerim,
3311 3748 3520 3806 credite

1915 3838 2040 3910 quia
2054 3838 2203 3892 inhis
2224 3855 2338 3893 non
2356 3840 2622 3895 mentior.
2652 3840 2789 3894 Ecce
2811 3838 2955 3893 enim
2982 3838 3172 3910 loquor
3188 3839 3305 3894 hazc
3326 3854 3517 3895 coram

1912 3929 2041 3983 Deo.
2078 3926 2234 3994 Quod
2265 3927 2309 3980 si
2340 3926 2488 3981 Deus
2505 3943 2748 3997 praesens
2765 3926 3003 3993 adesset,
3029 3925 3160 3980 nihil
3182 3925 3235 3980 in
3266 3941 3519 3982 somnone

1912 4031 2036 4070 meo
2068 4014 2318 4069 falsitatis
2348 4022 2618 4087 argueret.
2645 4015 2855 4070 Deinde
2876 4014 3009 4069 visis
3031 4016 3186 4069 Petro
3209 4022 3261 4070 et
3289 4015 3515 4083 Jacobo,

1911 4104 2040 4159 veni
2062 4106 2122 4159 in
2139 4108 2336 4175 partes
2363 4104 2539 4175 Syria:
2560 4108 2615 4159 et
2639 4104 2870 4159 Ciliciae.
2895 4104 3015 4174 Ego
3036 4119 3168 4159 vero
3188 4120 3345 4159 eram
3363 4106 3520 4174 igno-

1916 4195 2007 4246 tus
2037 4193 2185 4262 facie
2216 4192 2481 4247 Ecclesiis
2510 4192 2736 4261 Iudaeae,
2778 4207 2901 4263 qua:
2960 4195 3129 4247 erant
3160 4192 3222 4246 in
3257 4191 3516 4257 Christo;

1913 4280 2059 4350 quod
2089 4279 2135 4333 si
2163 4295 2251 4333 me
2298 4294 2405 4334 non
2449 4278 2700 4345 viderint,
2755 4286 2977 4349 apparet
3021 4295 3108 4334 me
3157 4279 3291 4333 nihil
3329 4279 3397 4333 ab
3441 4278 3522 4335 eis

1834 4379 1887 4441 D
1917 4367 2193 4422 didicisse.
2227 4367 2388 4422 Facie
2419 4367 2640 4438 quidem
2665 4382 2816 4421 eram
2847 4366 3086 4438 ignotus,
3120 4367 3217 4423 sed
3246 4367 3511 4423 auditum

1918 4456 2312 4512 tantummodo
2344 4456 2618 4511 habebant
2646 4455 2715 4510 de
2745 4472 2852 4510 me.
2887 4456 3020 4521 Hoc,
3066 4455 3309 4527 inquam,
3342 4455 3523 4511 audie—
3586 4486 3593 4495 -

1915 4550 2037 4598 rant
2066 4545 2351 4616 quoniam,
2382 4544 2438 4598 id
2468 4552 2548 4599 est
2580 4544 2727 4615 quod
2746 4544 2943 4599 Paulus
2962 4547 3060 4617 qui
3078 4545 3519 4616 persequebatur

1914 4648 2015 4686 nos
2058 4633 2381 4704 aliquando,
2433 4632 2486 4686 id
2544 4640 2626 4687 est
2664 4639 2910 4703 tempore
2958 4632 3308 4698 inﬁdelitatis,
3360 4647 3515 4687 nunc

1914 4721 2264 4792 euangelizat
2293 4721 2459 4789 ﬁdem
2491 4720 2706 4789 Christi,
2740 4738 2907 4793 quam
2964 4720 3124 4776 ﬁdem
3153 4719 3517 4791 expugnabat

1912 4809 2240 4881 aliquando.
2286 4810 2355 4863 Et
2403 4809 2508 4864 hoc
2554 4809 2836 4864 audientes
2885 4811 2947 4863 in
2992 4825 3081 4864 me
3128 4821 3412 4871 converso,
3460 4810 3518 4862 et

1912 4896 1991 4951 sic
2019 4897 2353 4967 praedicante
2375 4898 2769 4966 clariﬁcabant
2790 4900 2987 4967 Deum,
3021 4904 3073 4952 et
3097 4893 3517 4970 magniﬁcabant

1911 4984 2342 5041 misericordiam
2373 4984 2491 5039 Dei.

2552 5118 2778 5174 CAPUT
2817 5118 2886 5173 II.

1987 5223 2253 5280 «Deinde
2302 5233 2426 5296 post
2472 5240 2646 5280 annos
2694 5224 3125 5297 quatuordecim,
3177 5225 3369 5281 iterum
3418 5241 3513 5281 as-

1915 5334 1936 5363 α
1973 5313 2131 5368 cendi
2178 5313 2615 5385 Hierosolymam
2648 5330 2770 5371 cum
2819 5315 3104 5381 Barnaba,
3138 5322 3417 5384 assumpto
3462 5321 3513 5369 et

1916 5425 1937 5450 «
1972 5402 2110 5457 Tito.
2142 5403 2380 5459 Ascendi
2423 5412 2603 5459 autem
2654 5404 2954 5459 secundum
2998 5403 3407 5469 revelationem,
3460 5409 3514 5458 et

1914 5513 1936 5540 α
1972 5491 2173 5550 contuli
2219 5507 2342 5549 cum
2393 5491 2499 5548 illis
2545 5492 2924 5566 Evangelium,
2978 5491 3122 5569 quod
3169 5490 3408 5569 praedico
3458 5491 3514 5555 in
