3960 6050
463 238 574 294 287

1019 237 1075 294 S.
1115 236 1470 294 BRUNONIS
1507 230 2152 294 CARTHUSIANORUM
2188 227 2675 286 INSTITUTORIS
2714 228 2873 286 OPP.
2920 227 3097 285 PARS
3134 229 3203 284 II.

3650 226 3757 287 288

463 383 487 415 ι
531 362 805 436 gentibus.
874 362 1135 418 Seorsum
1195 371 1372 418 autem
1440 362 1525 417 his
1592 363 1683 434 qui
1740 359 2139 417 videbanturA
2166 355 2389 426 lymam,
2423 354 2699 410 adducens
2729 370 2914 410 secum
2945 354 3173 409 idoneos
3217 359 3407 423 testes,
3457 352 3762 408 Barnabam

463 469 485 495 ιι
522 446 725 519 aliquid
756 462 900 511 esse,
946 463 1015 502 ne
1063 446 1202 502 forte
1248 446 1303 501 in
1351 462 1576 502 vacuum
1629 460 1921 513 currerem,
1973 450 2062 496 aut

464 555 486 586 (
522 537 907 591 cucurrissem.
963 536 1069 591 Sed
1119 551 1297 606 neque
1345 536 1493 589 Titus
1547 535 1638 605 qui
1684 549 1897 588 mecum
1947 538 2063 586 erat

464 644 487 673 ι
532 640 654 679 cum
685 632 831 679 esset
858 624 1097 697 gentilis,
1135 623 1449 693 compulsus
1479 631 1561 677 est
1590 620 1927 686 circumcidi,
1964 619 2061 674 sed

462 733 485 762 ι
521 720 745 783 propter
785 712 1224 767 subintroductos
1266 710 1430 765 falsos
1478 710 1694 775 fratres,
1730 710 1822 780 qui
1870 708 2061 762 subin-

462 822 484 847 α
519 801 783 856 troierunt
855 801 1137 871 explorare
1193 800 1500 855 libertatem
1563 806 1842 866 nostram,
1900 813 2059 868 quam

459 911 481 936 α
517 888 780 943 habemus
827 890 882 943 in
930 890 1145 944 Christo
1191 889 1339 955 Jesu,
1390 896 1448 942 ut
1490 902 1590 942 nos
1630 887 1685 941 in
1748 886 2059 941 servitutem

460 999 482 1024 α
520 977 855 1047 redigerent.
928 976 1139 1044 Quibus
1187 992 1366 1047 neque
1431 975 1499 1030 ad
1545 976 1731 1029 horam
1794 974 2060 1030 cessimus

461 1086 483 1115 ι
521 1065 859 1134 subjectioni,
893 1073 949 1118 ut
978 1064 1181 1119 veritas
1230 1063 1517 1134 Evangelii
1555 1070 1877 1133 permaneat
1918 1062 2060 1132 apud

456 1174 477 1204 ι
511 1168 628 1209 vos.
682 1153 763 1208 Ab
818 1153 902 1207 his
952 1160 1133 1207 autem
1181 1153 1271 1224 qui
1315 1152 1640 1207 videbantur
1686 1168 1807 1207 esse
1856 1149 2060 1222 aliquid

458 1264 479 1287 ‹‹
535 1241 749 1312 (quales
799 1241 1094 1311 aliquando
1160 1241 1378 1306 fuerint,
1430 1240 1563 1294 nihil
1628 1256 1748 1295 mea
1796 1240 2056 1304 interest;

458 1352 479 1376 «ι
517 1329 663 1385 Deus
694 1329 839 1383 enim
879 1344 1178 1399 personam
1228 1329 1461 1383 hominis
1505 1344 1617 1383 non
1646 1328 1844 1398 accipit
1870 1326 2056 1397 [Deut.

459 1437 481 1467 ι
517 1433 576 1485 x,
613 1420 719 1483 i7;
750 1421 903 1473 Rom.
940 1432 997 1482 ιι,
1034 1416 1144 1489 19].
1195 1416 1323 1470 Mihi
1366 1424 1546 1471 autem
1596 1416 1687 1487 qui
1736 1416 2060 1471 videbantur

458 1528 479 1552 α
516 1521 636 1560 esse
667 1505 889 1577 aliquid,
923 1505 1055 1559 nihil
1113 1505 1475 1560 contulerunt.
1513 1505 1620 1559 Sed
1666 1511 1891 1559 econtra
1938 1519 2058 1558 cum

458 1614 481 1642 ι
525 1593 787 1648 vidissent
853 1594 1001 1665 quod
1071 1593 1337 1648 creditum
1394 1601 1476 1647 est
1523 1592 1655 1646 mihi
1701 1590 2060 1664 Evangelium

2165 445 2233 498 de
2259 444 2479 508 Judmis,
2512 443 2686 497 Titum
2718 443 2785 498 de
2816 442 3129 515 gentilibus,
3171 441 3298 513 quia
3344 441 3605 497 Ecclesiae
3637 442 3761 512 qui-

2163 531 2264 584 bus
2293 531 2644 601 praedicabat,
2676 532 3021 601 Opponebant
3073 531 3142 597 ei,
3192 531 3336 602 quod
3366 529 3678 585 dissentiret
3708 531 3763 585 in

2163 620 2549 690 praedicatione
2578 636 2611 675 a
2642 622 2798 675 Petro
2831 629 2883 675 et
2931 621 3001 675 ab
3031 620 3169 674 aliis.
3224 618 3396 687 Quam
3434 618 3765 674 dubietatem

2163 723 2449 763 removere
2482 709 2690 775 volens,
2726 724 2849 763 cum
2872 708 3098 763 testibus
3129 708 3372 763 ascendit
3398 706 3759 773 Hierusalem,

2162 811 2271 850 non
2303 796 2448 867 quod
2470 796 2667 850 dubius
2687 804 2833 851 esset
2858 797 2913 850 in
2941 796 3138 868 aliquo,
3166 797 3261 850 sed
3290 804 3347 850 ut
3374 803 3577 850 certum
3608 794 3767 850 fieret

2162 884 2247 937 his
2293 884 2386 954 qui
2437 884 2754 939 dubitabant
2801 884 2945 955 quod
2992 900 3102 939 non
3147 883 3459 938 dissentiret
3497 899 3530 937 a
3576 883 3761 939 Petro.

2162 971 2402 1027 Ascendi
2432 988 2541 1026 non
2572 979 2780 1026 tantum
2800 972 2926 1042 quia
2952 972 3029 1027 sic
3048 972 3214 1039 volui,
3242 972 3338 1026 sed
3360 971 3520 1026 etiam
3537 971 3763 1027 ascendi

2162 1061 2471 1116 secundum
2504 1062 2927 1125 reuelationem,
2978 1061 3032 1116 id
3064 1068 3142 1115 est
3177 1060 3300 1131 quia
3331 1060 3589 1114 revelavit
3630 1059 3764 1114 mihi

2165 1149 2313 1203 Deus
2346 1149 2425 1204 sic
2456 1158 2713 1219 oportere
2745 1148 2899 1214 fieri;
2933 1156 2985 1203 et
3036 1155 3163 1203 tunc
3190 1164 3299 1203 non
3346 1148 3509 1204 didici
3536 1148 3604 1201 ab
3631 1146 3758 1214 illis,

2165 1236 2260 1290 sed
2290 1238 2517 1293 contuli
2550 1253 2677 1292 cum
2696 1238 2815 1291 illis
2834 1237 3218 1307 Evangelium,
3243 1237 3430 1292 dicens
3462 1254 3475 1289 :
3501 1236 3591 1292 Sic
3611 1244 3663 1292 et
3684 1237 3764 1292 sic

2161 1325 2423 1394 praedico.
2458 1326 2650 1379 Nonne
2682 1333 2735 1379 et
2782 1341 2879 1379 vos
2927 1325 3120 1380 eodem
3166 1325 3330 1379 modo
3350 1324 3379 1377 ‘l
3409 1324 3626 1380 Diceret
3656 1325 3763 1380 ali—

2162 1413 2284 1483 quis
2317 1431 2329 1466 :
2378 1412 2660 1469 Beticuisti
2713 1413 2981 1484 quaedam,
3018 1430 3138 1484 quae
3175 1413 3429 1485 gentibus
3476 1413 3759 1484 praedicas.

2160 1501 2283 1554 Non
2315 1501 2501 1571 utique
2533 1501 2607 1554 ait
2628 1501 2848 1565 Paulus,
2874 1501 2971 1555 sed
2989 1501 3344 1571 Evangelium
3361 1502 3501 1572 quod
3518 1502 3763 1572 praedico

2160 1589 2223 1642 in
2290 1589 2567 1658 gentibus.
2631 1589 2745 1643 Nec
2784 1589 2910 1643 inde
2958 1589 3184 1644 verbum
3256 1589 3505 1656 subticui,
3559 1590 3761 1645 contuli

456 1701 478 1731 ι
514 1680 782 1752 praeputii,
820 1682 954 1736 sicut
987 1690 1038 1737 et
1079 1683 1239 1736 Petro
1285 1679 1755 1745 circumcisionis;
1792 1680 1882 1751 qui
1916 1679 2056 1735 enim
2078 1706 2130 1765 B
2159 1675 2372 1745 publice
2403 1691 2526 1731 cum
2559 1683 2669 1731 tota
2698 1677 2965 1732 Ecclesia.
3019 1678 3276 1732 Seorsum
3315 1681 3527 1744 autem,
3576 1677 3629 1731 id
3680 1686 3763 1733 est

455 1790 477 1815 ιι
503 1776 760 1839 operatus
780 1777 861 1823 est
878 1769 1105 1823 Petroin
1126 1769 1432 1839 apostolatu
1454 1768 1903 1834 circumcisionis,
1929 1783 2059 1837 ope-

458 1877 481 1908 ‹
516 1863 664 1911 ratus
687 1855 927 1912 208
952 1865 1032 1911 est
1061 1864 1114 1911 et
1142 1857 1273 1912 mihi
1303 1856 1444 1911 inter
1483 1865 1697 1928 gentes.
1721 1858 1930 1911 Etcum
1955 1871 2053 1911 co-

456 1965 479 1995 ι
515 1944 835 2016 gnovissent
864 1946 1109 2015 gratiam,
1144 1962 1264 2016 quae
1293 1946 1420 2000 data
1442 1952 1522 2000 est
1545 1944 1695 2010 mihi,
1719 1945 1970 2010 Jacobus,
2007 1951 2060 1998 et

460 2055 481 2079 «
517 2032 730 2103 Cephas
759 2041 812 2087 et
839 2034 1097 2102 Joannes,
1145 2035 1235 2104 qui
1265 2034 1591 2089 videbantur
1618 2033 1884 2088 columnae
1912 2048 2054 2101 esse,

457 2144 478 2169 «
515 2121 733 2177 dextras
764 2121 1029 2176 dederunt
1065 2122 1198 2176 mihi
1238 2130 1288 2176 et
1338 2122 1602 2176 Barnabae
1651 2120 1947 2188 societatis,
1999 2128 2057 2174 ut

462 2230 483 2259 α
516 2224 618 2265 nos
659 2209 715 2262 in
746 2217 939 2279 gentes
973 2252 985 2275 ,
1054 2210 1157 2279 ipsi
1213 2218 1392 2264 autem
1450 2209 1505 2263 in
1562 2208 2053 2276 circumcisionem,

456 2304 721 2351 «tantum
770 2304 829 2351 ut
877 2313 1175 2368 pauperum
1239 2312 1508 2353 memores
1574 2312 1839 2352 essemus.
1900 2296 2057 2364 Quod

454 2407 475 2433 α
514 2384 676 2440 etiam
705 2385 971 2441 sollicitus
1004 2385 1079 2439 fui
1111 2386 1211 2441 hoc
1241 2386 1416 2455 ipsum
1468 2385 1669 2442 facere.
1710 2386 1846 2441 Cum
1876 2393 2057 2440 autem

458 2496 480 2522 α
516 2474 759 2530 venisset
793 2473 1004 2543 Cephas
1034 2474 1399 2540 Antiochiam,
1433 2473 1487 2529 in
1533 2474 1722 2529 faciem
1764 2474 1814 2529 ei
1860 2474 2052 2539 restiti,

466 2584 488 2609 α
525 2562 650 2635 quia
726 2561 1172 2633 reprehensibilis
1254 2571 1393 2617 erat.
1460 2563 1617 2617 Prius
1682 2562 1826 2618 enim
1897 2578 2056 2633 quam

459 2673 480 2698 «
515 2651 763 2706 venirent
793 2649 1015 2722 quidam
1047 2649 1115 2704 ab
1146 2651 1373 2719 Jacobo,
1407 2666 1529 2705 cum
1560 2651 1813 2722 gentibus
1837 2650 2053 2705 edebat.

460 2760 482 2786 α
519 2737 652 2793 Cum
681 2746 864 2794 autem
906 2738 1202 2803 venissent,
1246 2739 1599 2793 subtrahebat
1629 2747 1680 2793 et
1730 2738 2057 2810 segregabat

455 2848 478 2875 ιι
513 2842 612 2893 se,
661 2826 858 2881 timens
898 2842 993 2881 eos
1038 2827 1129 2897 qui
1177 2842 1242 2881 ex
1286 2826 1703 2883 circumcisione
1760 2835 1934 2881 erant.
1986 2827 2058 2881 Et

458 2936 481 2966 ι
516 2914 846 2970 simulationi
893 2916 1008 2984 ejus
1053 2923 1449 2970 consenserunt
1492 2915 1675 2971 caeteri
1720 2915 1930 2979 Judaei,
1984 2914 2056 2968 ita

455 3023 478 3054 ι
516 3011 575 3059 ιιι
622 3003 898 3057 Barnabas
942 3003 1238 3058 duceretur
1285 3004 1354 3057 ab
1420 3004 1499 3058 eis
1541 3004 1595 3057 in
1642 3003 1789 3059 illam
1836 3003 2055 3057 simula-

453 3111 476 3143 ι
519 3091 742 3147 tionem.
779 3090 887 3146 Sed
930 3106 1053 3146 cum
1104 3091 1361 3146 vidissem
1417 3093 1561 3162 quod
1616 3108 1726 3147 non
1754 3100 1900 3147 recte
1929 3107 2050 3145 am-

456 3202 477 3226 «
514 3178 759 3234 bularent
781 3179 851 3233 ad
870 3179 1154 3234 veritatem
1182 3179 1485 3252 Evangelii,
1507 3180 1617 3235 dixi
1637 3179 1837 3250 Cephae
1866 3195 2053 3235 coram

453 3288 476 3315 κ
511 3266 759 3323 omnibus
795 3284 808 3320 :
842 3266 897 3321 Si
939 3274 1013 3335 tu,
1066 3284 1189 3322 cum
1238 3268 1457 3323 Iudaeus
1488 3270 1563 3323 sis
1593 3269 1866 3339 gentiliter
1894 3269 2048 3335 vivis,

453 3376 475 3404 α
511 3362 564 3409 et
592 3370 703 3410 non
729 3354 972 3421 Judaice,
1008 3356 1281 3428 quomodo
1310 3365 1502 3427 gentes
1554 3357 1707 3428 cogis
1732 3357 2009 3426 judaizare
2028 3357 2055 3411 ?

454 3466 475 3490 α
510 3443 625 3498 Nos
654 3450 844 3498 natura
870 3444 1063 3511 Judaei,
1094 3452 1147 3499 et
1178 3460 1287 3499 non
1319 3462 1384 3500 ex
1428 3445 1681 3516 gentibus
1711 3453 2047 3515 peccatores.

452 3554 474 3579 α
511 3531 754 3588 Scientes
816 3541 993 3587 autem
1043 3533 1187 3603 quod
1255 3549 1363 3588 non
1406 3533 1730 3601 justiticatur
1780 3534 1942 3588 homo
1985 3550 2051 3588 ex

450 3642 472 3667 α
508 3620 765 3691 operibus
795 3620 934 3693 legis
964 3620 1068 3674 nisi
1098 3637 1197 3690 per
1222 3620 1383 3676 fidem
1422 3622 1551 3675 Jesu
1604 3620 1837 3686 Christi;
1873 3630 1926 3676 et
1953 3637 2053 3676 nos

452 3729 474 3754 α
509 3706 564 3760 in
595 3708 809 3763 Christo
838 3710 968 3763 Jesu
1002 3708 1293 3773 credimus,
1328 3716 1386 3763 ut
1430 3708 1793 3776 justificemur
1841 3725 1907 3763 ex
1946 3708 2052 3764 fide

452 3817 473 3842 α
510 3794 726 3860 Christi,
760 3803 942 3849 etnon
973 3811 1038 3850 ex
1080 3795 1342 3864 operibus
1392 3795 1552 3867 legis.
1591 3819 1612 3842 α
1648 3798 1879 3867 Propter
1908 3797 2053 3868 quod

450 3903 471 3928 «
507 3897 575 3936 ex
614 3882 870 3951 cperibus
912 3881 1051 3951 legis
1110 3898 1219 3937 non
1264 3881 1651 3950 justificabitur
1699 3885 1877 3939 omnis
1925 3901 2053 3941 caro

452 3991 472 4017 α
509 3968 688 4040 (Rom.
730 3983 830 4033 ιιι,
889 3970 1003 4039 20).
1044 3994 1065 4017 υ
1145 3968 1304 4037 Quod
1367 3970 1413 4024 si
1476 3980 1781 4041 quaerentes
1848 3973 2052 4042 justiﬁ-

452 4077 473 4103 «
510 4056 625 4111 cari
654 4056 709 4109 in
741 4056 976 4124 Christo,
1012 4056 1216 4111 inventi
1248 4074 1436 4112 sumus
1482 4066 1535 4113 et
1560 4059 1663 4129 ipsi
1708 4069 2048 4130 peccatores,

453 4165 475 4191 «
508 4144 749 4215 nunquid
782 4144 1031 4198 Christus
1080 4146 1290 4215 peccati
1335 4146 1582 4202 minister
1610 4156 1691 4202 est
1712 4149 1739 4202 ‘l
1770 4148 1961 4202 Absit!
1996 4150 2053 4204 Si

450 4252 473 4282 ι
508 4231 653 4287 enim
684 4248 805 4304 qua;
836 4232 1098 4300 destruxi,
1134 4232 1330 4287 iterum
1363 4234 1478 4289 haec
1508 4234 1802 4305 remdiﬁco,
1838 4252 2052 4307 prazva-

450 4342 471 4367 α
508 4322 798 4376 ricatorem
826 4336 913 4376 me
942 4322 1231 4377 constituo.
1269 4322 1390 4394 Ego
1423 4322 1567 4377 enim
1596 4340 1696 4395 per
1728 4325 1909 4396 legem
1942 4326 2052 4396 legi

2162 1763 2450 1834 separatim
2466 1764 2667 1819 contuli
2682 1781 2813 1819 cum
2829 1765 2917 1819 his
2932 1767 3026 1835 qui
3038 1765 3268 1820 videban
3279 1769 3375 1820 tur
3385 1781 3501 1821 esse
3520 1765 3758 1837 aliquid,

2159 1852 2213 1905 id
2247 1860 2329 1906 est
2357 1868 2481 1907 cum
2510 1852 2793 1921 apostolis,
2827 1868 2934 1907 non
2956 1862 3137 1907 tamen
3171 1869 3417 1908 seorsum
3447 1870 3568 1909 cum
3598 1854 3683 1908 his
3704 1862 3761 1908 ut

2159 1939 2296 1994 alios
2327 1940 2700 2007 excluderem,
2736 1948 2789 1994 et
2837 1940 3046 2011 private
3087 1957 3209 1996 cum
3239 1942 3325 1996 his
3354 1957 3609 2013 agerem;
3663 1942 3761 1997 sed

2157 2028 2312 2098 prius
2344 2044 2526 2083 sermo
2556 2045 2714 2083 meus
2769 2029 2986 2098 publice
3031 2028 3131 2083 fuit
3160 2030 3227 2084 ad
3264 2045 3473 2098 omnes,
3520 2046 3663 2086 nunc
3690 2030 3763 2086 ad

2158 2116 2307 2170 istos.
2343 2116 2443 2171 Vel
2473 2116 2544 2169 ita
2577 2133 2590 2170 :
2626 2116 2839 2171 Contuli
2869 2132 2993 2172 cum
3043 2117 3150 2171 illis
3195 2134 3437 2173 seorsum
3470 2118 3625 2174 factis
3653 2120 3759 2186 his,

2159 2203 2212 2257 id
2246 2211 2328 2258 est
2356 2204 2637 2274 apostolis,
2674 2221 2742 2259 ne
2774 2205 2993 2260 viderer
3022 2206 3295 2276 impotens
3316 2223 3437 2261 esse
3467 2207 3763 2263 defendere

2156 2291 2516 2364 Evangelium
2564 2308 2745 2347 meum
2808 2293 2926 2349 sine
2992 2293 3191 2349 auxilio
3240 2310 3446 2351 eorum.
3497 2296 3626 2351 Ideo
3682 2296 3763 2352 sic

2157 2380 2363 2435 contuli
2386 2396 2458 2435 ne
2488 2383 2638 2451 forte
2669 2386 2685 2422 ί
2692 2382 2839 2451 quod
2868 2381 3186 2454 contingere
3216 2383 3421 2453 posset)
3451 2400 3757 2450 currerem,

2156 2468 2211 2522 id
2237 2476 2319 2523 est
2348 2484 2571 2525 currere
2599 2476 2841 2539 putarer,
2873 2475 2975 2525 aut
3021 2473 3337 2527 cucurrisse
3403 2472 3467 2526 in
3495 2489 3755 2541 vacuum,

2156 2556 2262 2610 nisi
2291 2572 2391 2627 per
2420 2558 2565 2613 hanc
2594 2558 2944 2613 collationem
2977 2560 3343 2629 approbarem
3370 2575 3552 2614 meum
3580 2561 3764 2615 Evan-

2155 2644 2380 2716 gelium.
2416 2646 2533 2702 Nec
2565 2653 2774 2702 tantum
2824 2646 3158 2703 conferendo
3205 2646 3339 2702 illud
3385 2648 3757 2720 comprobavi,

2157 2734 2254 2787 sed
2284 2750 2465 2805 neque
2497 2733 2660 2789 etiam
2696 2736 2850 2791 Titus
2880 2736 2975 2806 qui
3011 2751 3232 2792 mecum
3265 2741 3407 2802 erat,
3439 2753 3567 2791 cum
3613 2742 3758 2794 esset

2154 2820 2369 2875 natione
2401 2822 2658 2892 gentilis,
2693 2825 3015 2895 compulsus
3038 2828 3122 2879 est
3150 2825 3501 2880 circumcidi.
3521 2825 3624 2879 Per
3654 2826 3760 2883 hoc

2155 2909 2302 2978 quod
2354 2909 2432 2963 ait
2478 2910 2813 2980 compulsus,
2870 2911 3040 2965 innuit
3084 2911 3209 2966 illos
3279 2914 3488 2982 pseudo
3535 2913 3760 2969 multum

2153 2994 2444 3051 laborasse
2472 3006 2664 3053 contra
2695 2998 2937 3063 Paulum,
2972 3006 3031 3053 ut
3078 3000 3559 3057 circumcideretur
3584 3001 3755 3058 Titus.

2153 3084 2269 3139 Nec
2292 3092 2499 3139 tantum
2527 3086 2676 3139 Titus
2726 3102 2835 3140 non
2882 3095 2963 3142 est
3008 3088 3323 3158 compulsus
3364 3090 3431 3143 ad
3488 3090 3630 3155 hoc;
3664 3092 3759 3146 sed

2153 3189 2331 3245 neque
2349 3175 2527 3228 etiam
2549 3174 2620 3228 ad
2636 3173 2831 3229 horam
2853 3176 3125 3231 cessimus
3139 3178 3498 3246 subjectioui.
3528 3177 3669 3246 Quia
3680 3179 3762 3235 sic

2154 3261 2271 3315 ait:
2326 3262 2448 3317 Non
2497 3269 2577 3316 est
2618 3263 2928 3333 compulsus
2977 3263 3334 3333 circumcidi;
3387 3282 3490 3322 nec
3527 3271 3761 3339 propter

2153 3350 2618 3406 subintroductos
2637 3352 2812 3421 falsos
2842 3355 3074 3422 fratres.
3112 3352 3361 3408 [nfideles
3390 3355 3535 3410 enim
3562 3354 3755 3422 Judaei,

2155 3438 2356 3509 quibus
2407 3438 2605 3492 Paulus
2651 3439 2776 3510 quia
2839 3439 3168 3509 infidelibus,
3225 3457 3335 3496 non
3381 3443 3755 3512 responderet,

2154 3526 2379 3596 praemio
2413 3526 2790 3582 conducebant
2811 3527 2979 3583 falsos
3006 3528 3216 3594 fratres,
3241 3544 3341 3599 per
3369 3545 3506 3600 quos
3538 3530 3758 3585 Paulum

2154 3614 2565 3686 impugnarent.
2618 3616 2849 3685 Propter
2900 3616 3057 3681 illos,
3116 3617 3376 3686 inquam,
3427 3619 3522 3688 qui
3565 3618 3759 3674 dolose

2154 3703 2609 3757 subintroierunt
2630 3704 2931 3775 explorare
2963 3704 3281 3759 libertatem
3298 3708 3578 3771 nostram,
3598 3706 3654 3760 id
3675 3715 3759 3761 est

2155 3787 2321 3843 fidem
2347 3806 2467 3860 quae
2497 3806 2597 3845 nos
2618 3790 2822 3845 liberos
2848 3790 2971 3846 facit
2991 3807 3020 3845 a
3037 3792 3171 3863 jugo
3206 3792 3378 3862 legis;
3402 3810 3569 3864 quam
3598 3794 3760 3849 liber-

2154 3886 2317 3931 tatem
2347 3876 2612 3933 habemus
2641 3880 2705 3934 in
2729 3878 2954 3935 Christo
2980 3881 3137 3935 Jesu.
3178 3880 3474 3950 Explorare
3513 3881 3756 3938 209

2154 3965 2299 4032 ideo,
2330 3969 2397 4020 ut
2426 3982 2548 4028 nos,
2574 3967 2618 4019 si
2640 3976 2882 4036 possent,
2911 3968 3305 4038 redigerentin
3327 3971 3677 4035 servitutem,
3701 3970 3757 4025 id

2156 4061 2239 4107 est
2267 4052 2321 4106 in
2352 4061 2592 4109 veterem
2623 4053 2803 4125 legem
2846 4072 2967 4126 quae
2997 4056 3186 4128 gravis
3237 4056 3470 4112 servitus
3519 4065 3619 4111 est.
3653 4059 3758 4113 Per

2153 4141 2259 4196 hoc
2289 4140 2452 4195 fidem
2493 4142 2692 4196 Christi
2746 4142 2969 4197 multum
3016 4144 3379 4210 commendat,
3430 4145 3555 4216 quia
3602 4152 3759 4200 vocat

2154 4226 2481 4295 libertatem,
2514 4229 2696 4301 legem
2725 4230 2980 4300 deprimit
3019 4247 3185 4302 quam
3233 4240 3391 4288 vocat
3420 4232 3753 4288 servitutem.

2157 4316 2382 4387 Pr0pter
2411 4317 2553 4381 illos,
2586 4318 2824 4388 inquam,
2860 4335 3039 4390 neque
3070 4319 3263 4374 saltem
3293 4321 3364 4376 ad
3413 4320 3609 4377 horam
3639 4338 3761 4377 ces-

453 4416 747 4463 «mortuus
795 4425 933 4475 sum,
984 4418 1041 4463 ut,
1106 4411 1221 4465 Deo
1272 4411 1471 4467 vivam,
1541 4413 1755 4468 Christo
1803 4406 2327 4469 conﬁxustimus
2371 4407 2723 4476 subjectioni,
2785 4404 2842 4460 id
2881 4414 2965 4461 est
3010 4407 3119 4479 legi
3187 4424 3309 4478 quae
3351 4408 3607 4464 cedentes
3655 4408 3759 4464 sibi

449 4518 471 4542 «ι
508 4512 627 4550 sum
659 4496 824 4551 cruci.
858 4497 994 4552 Vivo
1040 4506 1219 4553 autem
1264 4500 1378 4566 jam
1427 4516 1535 4555 non
1580 4517 1703 4572 ego,
1758 4502 1888 4557 vivit
1918 4518 2048 4558 vero

449 4606 470 4629 α
510 4582 565 4637 in
592 4600 680 4639 me
710 4584 972 4640 Christus.
1009 4584 1167 4653 Quod
1200 4595 1380 4642 autem
1409 4604 1554 4644 nunc
1591 4590 1715 4645 vivo
1754 4589 1808 4642 in
1859 4606 2043 4659 carne,

448 4694 471 4719 ‹‹
506 4671 563 4726 in
593 4670 697 4728 fide
727 4672 850 4727 vivo
879 4673 994 4727 Filii
1039 4674 1157 4740 Dei,
1206 4675 1299 4745 qui
1347 4676 1533 4731 dilexit
1581 4693 1687 4745 me,
1740 4685 1793 4732 et
1829 4679 2049 4733 tradidit

449 4781 470 4807 α
506 4760 742 4830 seipsum
764 4777 985 4831 prome.
1012 4763 1133 4817 Non
1173 4764 1370 4833 abjicio
1398 4765 1635 4834 gratiam
1667 4766 1785 4821 Dei.
1819 4767 1874 4821 Si
1903 4767 2047 4821 enim

447 4869 467 4893 «
500 4864 601 4919 per
628 4848 1056 4920 legemjustitia,
1088 4867 1222 4922 ergo
1272 4853 1519 4908 Christus
1567 4854 1740 4926 gratis
1790 4864 2047 4911 mortuus

386 4936 391 4939 ν
450 4956 471 4982 ι(
516 4944 618 4991 est.
673 4961 694 4985 ι)

1109 5133 1427 5175 EXPOSITIO.

520 5265 729 5323 Deinde
754 5272 882 5339 post
900 5286 1081 5325 annos
1108 5273 1533 5342 quatuordecim
1554 5289 1587 5328 a
1608 5275 1786 5345 primo
1808 5278 2044 5335 adventu

448 5362 771 5422 transactos,
815 5358 1025 5413 iterum
1049 5360 1281 5413 ascendi
1303 5361 1737 5433 Hierosolymam
1758 5382 1886 5421 cum
1910 5370 2047 5423 Bar-

446 5444 614 5508 naba,
649 5449 937 5516 assumpto
968 5446 1144 5500 etiam
1164 5451 1220 5500 et
1259 5448 1400 5503 Tito.
1425 5451 1660 5505 Ascendi
1691 5452 1820 5509 dicit
1850 5470 2049 5511 secun-

448 5529 579 5585 dum
605 5531 766 5587 situm
796 5532 922 5588 loci.
956 5532 1154 5588 Paulus
1182 5533 1307 5591 ideo
1338 5538 1578 5595 secundo
1612 5541 1758 5597 venit
1789 5543 2049 5600 Hieroso-

2151 4493 2367 4561 suhjicit
2441 4495 2708 4549 servituti.
2760 4494 2891 4549 Ideo
2948 4511 3057 4549 non
3107 4495 3391 4562 cessimus,
3440 4500 3506 4552 ut
3551 4500 3760 4553 veritas

2148 4583 2442 4652 Evangelii
2471 4583 2638 4636 nostri
2664 4588 3005 4653 permaneat
3035 4584 3186 4654 apud
3206 4601 3317 4651 vos,
3352 4585 3406 4638 id
3434 4594 3516 4640 est
3534 4592 3591 4638 ut
3621 4585 3760 4640 sicut

2147 4669 2566 4741 praedicavimus
2616 4671 2794 4741 legem
2854 4687 2977 4726 esse
3044 4671 3311 4738 inutilem,
3360 4672 3595 4744 gratiam
3634 4688 3756 4728 esse

2149 4757 2527 4821 sufﬁcientem,
2562 4757 2630 4811 ita
2671 4775 2891 4829 semper
2931 4760 3249 4815 crederetis.

2221 4845 2420 4900 Paulus
2452 4845 2558 4900 alio
2609 4854 2854 4916 tempore
2909 4847 3339 4918 Hierosolymam
3396 4848 3641 4913 veniens,
3697 4857 3753 4904 ut

2147 4950 2363 4989 omnem
2390 4935 2459 4989 de
2490 4950 2549 4989 se
2581 4935 2945 5005 suspicionem
2999 4937 3234 5003 tolleret,
3276 4936 3618 4991 Timotheum
3644 4938 3756 5006 jam

2148 5022 2534 5076 circumcisum
2587 5022 2786 5078 iterum
2850 5023 2975 5079 fecit
3023 5024 3359 5090 circumcidi,
3430 5040 3539 5080 non
3612 5024 3756 5097 quod

2147 5108 2395 5164 crederet
2424 5109 2627 5181 aliquid
2652 5112 2763 5179 jam
2813 5112 3064 5168 conferre
3114 5112 3606 5177 circumcisionem,
3660 5112 3758 5168 sed

2148 5196 2274 5268 quia
2317 5197 2687 5267 imposuerant
2734 5199 2785 5254 ei
2832 5200 3052 5272 quidam
3101 5201 3280 5270 ipsum
3329 5201 3532 5255 dixisse
3576 5201 3755 5273 legem

2149 5285 2299 5341 omni
2330 5292 2574 5356 tempore
2605 5286 2770 5343 fuisse
2816 5288 3082 5343 inutilem.
3135 5288 3292 5356 Quod
3336 5297 3393 5343 ut
3446 5288 3577 5342 nihil
3631 5305 3752 5344 esse

2147 5374 2421 5444 probaret,
2454 5375 2790 5431 Timotheum
2822 5377 3063 5431 exhibuit
3106 5377 3173 5430 ad
3203 5376 3705 5432 circumcidendum
3735 5394 3749 5442 ;

2148 5463 2247 5517 sed
2292 5464 2455 5518 modo
2503 5464 2678 5519 Titum
2738 5464 3053 5521 circumcidi
3113 5464 3261 5519 nulla
3308 5465 3515 5520 ratione
3564 5464 3752 5530 voluit,

2148 5550 2293 5623 quia,
2325 5550 2371 5605 si
2400 5552 2563 5607 modo
2592 5568 2714 5609 cum
2762 5552 3002 5609 venisset
3050 5552 3411 5620 Hierusalem,
3444 5562 3499 5609 ut
3549 5553 3753 5627 proba-
