3960 6050
202 183 314 237 289

816 176 1196 235 EXPOSITIO
1255 176 1329 233 IN
1381 174 1763 234 EPISTOLAS
1817 171 2046 232 PAULI.
2074 201 2144 215 —
2184 172 2260 229 IN
2313 172 2533 229 EPIST.
2592 172 2687 228 AD
2728 144 2905 235 GALQ.’

3399 172 3504 227 290

208 309 294 357 ret
327 301 463 355 nihil
506 317 628 356 esse
667 302 1157 371 circumcisionem,
1211 319 1335 358 eum
1368 302 1803 367 circumcideret,
1827 303 1881 361 Α
1908 299 2219 355 concordiae
2239 341 2253 364 ,
2288 314 2393 370 quo
2416 314 2473 353 se
2503 298 2737 354 invicem
2769 295 3215 353 confoederabant
3267 294 3496 367 antiqui.

213 390 465 445 dicerent
540 390 805 445 Ecclesiae
864 391 1147 461 gentium:
1182 392 1326 447 Ecce
1399 391 1613 445 falsitas
1661 390 1809 444 Pauli

214 494 403 548 quem,
438 478 598 533 vellet
629 479 815 543 nollet,
868 479 1064 545 Titum,
1098 480 1154 533 in
1184 479 1520 534 Hierusalem
1570 479 1807 534 circum-

212 567 403 622 cidere
460 567 721 637 oportuit.
787 567 1036 622 Ostendit
1086 584 1185 638 per
1240 568 1386 622 illam
1462 567 1809 624 collationem

212 655 505 727 Evangelii
552 656 698 726 quod
742 665 866 726 post
904 657 1321 712 conversionem
1353 673 1460 712 non
1509 657 1576 711 sit
1620 658 1808 712 inven-

208 750 299 796 tus
329 743 557 798 inferior
578 746 737 799 Petro
770 752 823 800 et
853 744 992 799 aliis.
1025 746 1283 817 Adjungit
1314 746 1475 800 etiam
1508 745 1651 816 quod
1684 752 1809 799 ante

204 832 627 887 conversionem
660 833 823 905 longe
853 833 1072 905 dignior
1130 834 1235 887 illis
1297 833 1465 888 fuerit
1513 834 1613 887 sub
1644 833 1805 903 lege;

208 921 410 975 callide
442 929 620 976 tamen
654 922 810 992 quasi
831 938 932 992 pro
965 922 1133 977 nihilo
1164 923 1267 976 sibi
1299 923 1366 975 sit
1387 923 1625 995 dignitas
1648 938 1808 992 quam

206 1018 337 1063 ante
368 1008 531 1064 fidem
554 1010 761 1064 habuit.
794 1010 991 1064 Littera
1011 1011 1089 1066 sic
1111 1011 1359 1083 jungitur
1394 1029 1405 1065 :
1441 1010 1653 1066 Contuli
1685 1025 1808 1065 cum

206 1096 342 1163 illis,
376 1106 428 1152 et
460 1098 684 1168 apparui
716 1099 1015 1154 secundum
1045 1108 1167 1169 post
1183 1107 1465 1170 acceptam
1487 1098 1649 1154 fidem
1671 1098 1809 1153 irre-

206 1186 620 1256 prehensibilis,
642 1186 779 1240 sicut
795 1186 871 1239 illi
896 1206 909 1251 ;
930 1187 1025 1242 sed
1041 1189 1233 1259 quales
1245 1189 1466 1253 fuerint
1481 1188 1804 1260 aliquando,

209 1274 269 1328 id
302 1282 388 1328 est
411 1282 537 1328 ante
568 1273 733 1329 fidem
763 1275 956 1329 Petrus
1006 1283 1059 1330 et
1088 1275 1198 1343 alii,
1234 1276 1325 1347 qui
1382 1276 1713 1332 videbantur
1739 1275 1807 1329 ab

205 1363 293 1417 his
324 1363 623 1417 secundum
655 1379 874 1418 carnem
924 1363 1263 1433 sapientibus
1294 1380 1417 1419 esse
1448 1364 1669 1435 aliquid,
1705 1364 1808 1419 hoc

206 1466 514 1505 memorare
545 1451 736 1522 quales
766 1451 843 1505 illi
864 1451 1061 1506 fuerint
1093 1452 1271 1523 qualis
1294 1468 1399 1525 ego
1427 1453 1527 1507 sub
1556 1452 1679 1524 lege
1719 1455 1809 1507 ni-

204 1541 287 1594 hil
318 1556 446 1594 mea
477 1540 742 1606 interest,
777 1540 832 1594 id
864 1548 944 1595 est
967 1540 1101 1594 nihil
1130 1540 1338 1595 confert
1368 1542 1423 1595 in
1450 1557 1571 1597 mea
1592 1557 1677 1595 re.
1710 1542 1807 1596 Ve-

206 1644 328 1681 rum
352 1628 575 1698 quidem
604 1636 687 1682 est
719 1630 863 1699 quod
894 1645 999 1700 ego
1032 1638 1159 1684 tunc
1189 1630 1411 1701 dignior
1466 1630 1573 1683 illis
1630 1645 1804 1696 eram,
1826 1656 1878 1715 Β

206 1715 305 1769 sed
336 1724 520 1770 tamen
549 1732 658 1770 non
690 1732 822 1771 curo
844 1717 1151 1785 hujusmodi
1174 1717 1429 1789 gloriam.
1465 1718 1805 1773 Videbantur

206 1803 357 1869 dicit,
387 1812 648 1874 quantum
678 1806 746 1858 ad
769 1805 892 1859 illos
928 1806 1020 1876 qui
1043 1806 1261 1860 Petrum
1314 1814 1366 1861 et
1404 1806 1540 1860 alios
1560 1806 1631 1860 ita
1656 1806 1804 1874 judi-

204 1892 408 1946 cabant
462 1908 721 1965 magnos.
781 1893 1005 1947 Paulum
1053 1894 1203 1948 nihil.
1246 1894 1373 1949 Ideo
1428 1895 1619 1965 quales
1677 1902 1805 1950 tunc

203 1979 425 2043 fuerint,
440 1981 625 2036 dicere
644 1989 931 2051 prmtereo.
957 1982 1080 2036 Scio
1092 1982 1238 2035 enim
1261 1982 1405 2053 quod
1424 1984 1568 2037 Deus
1591 1998 1706 2037 non
1718 1999 1807 2037 ac-

206 2065 349 2134 cipit
360 2080 663 2135 personam
684 2066 951 2128 hominis,
978 2066 1031 2119 id
1049 2074 1132 2120 est
1150 2067 1296 2121 Deus
1316 2081 1425 2120 non
1443 2067 1807 2137 habetaccep—

206 2162 323 2206 tum
355 2153 633 2208 hominem
667 2161 891 2224 propter
919 2170 1209 2224 personam
1242 2154 1464 2226 generis
1495 2155 1802 2209 divitiarum

202 2241 293 2295 vel
314 2241 575 2297 scientiae.
595 2242 790 2297 Dicere
812 2243 998 2313 quales
1014 2244 1164 2313 prius
1187 2242 1416 2309 fuerint;
1437 2243 1560 2299 ideo
1574 2243 1704 2297 nihil
1724 2244 1803 2298 in-

207 2332 417 2378 teresse
450 2324 573 2379 dico
612 2324 665 2378 in
711 2340 837 2379 mea
871 2342 947 2391 re,
973 2325 1097 2396 quia
1118 2327 1221 2380 hoc
1251 2326 1424 2380 solum
1455 2326 1588 2380 mihi
1608 2325 1803 2382 sufficit

205 2413 278 2466 ad
329 2413 860 2468 commendationem
918 2414 1063 2484 quod
1110 2414 1303 2468 Petrus
1334 2422 1385 2468 et
1414 2414 1502 2468 alii
1532 2417 1627 2487 qui
1656 2415 1802 2471 dice-

205 2501 423 2556 bantur
443 2518 559 2557 esse
581 2501 819 2574 aliquid,
840 2501 989 2557 nihil
1009 2503 1155 2558 mihi
1176 2504 1568 2569 contulerunt,
1586 2503 1637 2557 id
1652 2505 1802 2558 estin

207 2589 359 2644 nullo
413 2605 501 2644 me
562 2598 934 2645 correxerunt.
990 2592 1049 2644 In
1094 2590 1243 2646 nullo
1290 2591 1422 2645 mihi
1484 2592 1804 2662 profuerunt

203 2678 335 2732 dum
366 2677 569 2732 contuli
601 2693 723 2733 cum
754 2679 835 2733 eis
855 2679 1236 2751 Evangelium.
1271 2680 1371 2734 Vel
1409 2697 1533 2751 per,
1584 2684 1797 2747 autem,

204 2767 491 2836 copuletur
536 2767 738 2833 dicere,
801 2767 991 2838 quales
1030 2767 1230 2822 fuerint
1285 2777 1410 2823 ante
1460 2767 1621 2823 ﬁdem
1668 2769 1802 2823 nihil

204 2855 337 2908 mihi
366 2854 573 2910 confert
603 2874 616 2920 ;
660 2855 757 2910 sed
786 2857 890 2911 hoc
911 2856 1088 2910 dicere
1121 2857 1269 2927 quod
1306 2856 1383 2910 illi
1413 2857 1504 2928 qui
1532 2858 1799 2913 videban-

203 2951 289 2997 tur
308 2960 433 2998 esse
452 2944 674 3014 aliquid,
709 2944 841 2997 nihil
868 2944 999 2998 mihi
1038 2945 1419 3011 contulerunt;
1455 2946 1588 2999 satis
1620 2954 1702 3001 est
1731 2947 1800 3001 ad

1912 388 2240 442 Societatem
2272 386 2554 442 nobiscum
2586 387 2725 457 pacti
2758 394 2901 452 sunt,
2928 385 3000 440 ita
3033 390 3095 440 ut
3124 401 3225 441 nos
3248 382 3505 439 210

1908 477 2333 546 praedicat-emus
2366 478 2425 531 in
2457 480 2675 547 gentes,
2723 476 2835 547 ipsi
2865 479 3056 529 autem
3088 474 3152 527 in
3201 472 3505 528 circumci—

1909 566 2141 621 sionem.
2168 565 2282 619 Hoc
2313 572 2519 618 tantum
2549 563 2826 635 singulare
2856 563 3013 618 nobis
3054 563 3413 632 imponentes,
3437 564 3506 617 ut

1910 668 2157 707 essemus
2179 669 2452 708 memores
2479 668 2818 724 pauperum,
2853 650 2944 722 qui
2976 658 3131 705 erant
3179 648 3499 720 Hierosoly-

1909 740 2033 807 mis,
2069 741 2214 811 quod
2244 740 2321 794 illi
2348 740 2451 794 nisi
2482 756 2579 811 per
2607 756 2706 794 nos
2741 756 2849 794 non
2881 746 3157 811 poterant.
3204 738 3373 807 Quod,
3408 737 3506 792 sci-

1908 828 2052 893 licet,
2086 827 2409 883 benefacere
2448 828 2777 899 pauperibus
2809 844 2917 882 non
2964 827 3139 882 solum
3190 826 3357 892 volui,
3406 825 3503 880 sed

1910 918 2086 971 etiam
2116 918 2399 972 sollicitus
2434 918 2525 987 fui
2546 920 2753 986 facere,
2790 916 2863 970 ita
2894 916 3038 986 quod
3068 917 3166 972 hoc
3194 916 3399 985 ipsum,
3448 912 3503 967 id

1910 1012 1992 1058 est
2023 1020 2131 1058 non
2160 1005 2338 1058 minus
2372 1004 2475 1058 feci
2503 1020 2663 1075 quam
2702 1003 2780 1057 illi
2810 1004 3021 1074 peccati
3070 1010 3214 1057 sunt.

1984 1093 2277 1163 Postquam
2306 1091 2544 1146 ostendit
2574 1092 2695 1146 illos
2727 1092 2858 1145 nihil
2889 1091 3183 1147 contulisse
3205 1092 3326 1159 sibi,
3360 1099 3412 1147 et
3442 1107 3503 1149 se

1908 1180 2086 1251 potius
2117 1179 2495 1235 necessarium
2527 1180 2652 1245 illis,
2688 1179 2983 1235 secundum
3014 1180 3331 1235 memoriam
3363 1195 3501 1251 pau-

1909 1285 2120 1339 perum,
2154 1268 2304 1323 addit
2347 1268 2622 1340 quoddam
2678 1269 2869 1337 majus,
2932 1267 3140 1324 scilicet
3170 1268 3333 1339 quod,
3376 1284 3498 1324 cum

1908 1356 2026 1427 ipse
2057 1364 2202 1411 esset
2256 1355 2750 1427 irreprehensibilis
2772 1399 2784 1423 ,
2820 1356 3303 1426 reprehensibilem
3336 1355 3499 1411 etiam

1909 1445 2143 1499 ostendit
2185 1447 2402 1499 Petrum
2452 1445 2642 1499 dicens
2679 1460 2691 1498 :
2725 1445 3023 1500 Conferens
3071 1460 3192 1501 cum
3240 1444 3397 1500 Petro
3446 1452 3501 1501 et

1907 1533 2025 1587 aliis
2056 1533 2189 1587 nihil
2220 1533 2350 1587 mihi
2374 1533 2619 1599 contulit,
2656 1533 2753 1587 sed
2783 1550 2887 1606 ego
2916 1534 3117 1588 contuli
3148 1534 3326 1589 Petro.
3360 1532 3502 1602 Quia

1908 1638 2037 1676 cum
2082 1622 2324 1677 venisset
2376 1621 2583 1693 Cephas
2634 1622 2994 1679 Antiochiam
3044 1638 3149 1694 ego
3194 1623 3382 1677 restiti
3411 1623 3500 1691 ei;

1906 1726 2005 1765 nec
2034 1709 2089 1763 in
2120 1710 2356 1776 occulto,
2390 1710 2485 1763 sed
2518 1712 2578 1765 in
2610 1712 2837 1780 faciem,
2874 1710 2930 1764 id
2978 1718 3061 1765 est
3098 1711 3151 1764 in
3202 1718 3499 1782 conspectu

1905 1798 2184 1854 Ecclesiae.
2210 1798 2337 1853 Ideo
2362 1798 2554 1864 restiti,
2579 1800 2707 1870 quia
2723 1803 2845 1853 erat
2867 1800 3355 1869 reprehensibilis;
3379 1807 3430 1854 et
3451 1799 3499 1855 si

1904 1902 2013 1941 non
2034 1903 2134 1957 per
2156 1886 2507 1952 intellectum,
2534 1894 2713 1941 tamen
2735 1903 2832 1957 per
2853 1887 3176 1957 exemplum.
3204 1887 3331 1942 Ideo
3352 1888 3497 1943 Pau-

1903 1974 1990 2028 lus
2020 1974 2213 2037 restitit
2242 1975 2401 2029 Petro
2426 1974 2480 2027 in
2512 1973 2723 2041 faciem,
2748 1974 2875 2045 quia
2892 1976 3085 2029 Petrus
3106 1990 3214 2030 non
3236 1976 3498 2046 peccabat

1903 2062 1959 2117 in
1989 2079 2069 2128 se,
2105 2063 2171 2118 de
2203 2079 2309 2134 quo
2332 2062 2551 2134 quidem
2579 2070 2793 2118 secreto
2823 2070 2968 2118 esset
2996 2063 3372 2135 corrigendus,
3397 2063 3495 2119 sed

1902 2151 2161 2222 peccabat
2192 2150 2247 2204 in
2277 2159 2436 2205 cauta
2459 2150 2817 2217 simulatione,
2851 2152 3250 2222 corrumpendo
3296 2152 3495 2208 Eccle-

1904 2241 2060 2305 siam,
2087 2247 2139 2293 et
2170 2239 2261 2311 qui
2282 2239 2337 2293 in
2360 2239 2579 2310 publico
2609 2240 2893 2311 peccabat,
2936 2240 3152 2310 publice
3182 2240 3496 2312 arguendus

1903 2336 2053 2392 erat;
2089 2327 2181 2398 qui
2214 2328 2357 2382 enim
2403 2328 2653 2382 viderant
2710 2326 3086 2394 offensionem,
3122 2345 3347 2385 necesse
3378 2336 3497 2384 erat

1903 2424 1959 2470 ut
2014 2416 2177 2471 iidem
2235 2416 2483 2471 viderent
2530 2415 2753 2471 offensae
2800 2416 3260 2472 emendationem.
3302 2418 3496 2472 Petrus

1903 2504 2088 2574 utique
2110 2504 2707 2575 eratreprehensibilis,
2733 2506 2864 2576 quia
2879 2505 3213 2578 priusquam
3234 2506 3497 2561 venirent

1903 2592 2129 2664 quidam
2160 2592 2410 2648 conversi
2442 2592 2507 2647 de
2524 2593 2730 2648 Iudaeis
2749 2594 3040 2658 ablacobo,
3062 2593 3152 2664 qui
3179 2594 3495 2649 cathedram

1902 2680 2141 2735 habebat
2184 2680 2601 2752 Hierosolymis,
2651 2680 2973 2752 priusquam
3014 2681 3070 2735 hi
3098 2682 3363 2750 venirent,
3388 2683 3496 2739 Pe-

1902 2775 2016 2822 trus
2046 2768 2245 2824 edebat
2269 2786 2400 2824 cum
2420 2770 2698 2841 gentibus,
2728 2769 2845 2824 sine
2878 2769 3205 2826 discretione
3226 2771 3491 2827 ciborum.

1904 2857 2059 2911 Prius
2090 2858 2167 2912 sic
2190 2856 2457 2923 faciebat;
2488 2858 2585 2913 sed
2608 2874 2739 2913 cum
2767 2857 2842 2912 illi
2878 2859 3183 2925 venissent,
3208 2860 3498 2916 subtrahe-

1902 2945 1995 3000 bat
2016 2961 2074 3000 se
2094 2961 2126 3000 a
2146 2961 2336 2999 mensa
2357 2946 2659 3019 gentilium,
2695 2962 2797 3002 nec
2833 2946 3062 3002 latenter
3108 2947 3458 3002 subtrahebat
3479 2967 3493 3015 ;

205 3008 758 3087 commendationem.
809 3032 956 3086 Nihil
1001 3032 1222 3103 quidem
1269 3008 1613 3089 contulerunt
1643 3034 1795 3101 mihi,
1826 3008 1871 3068 Ο
1903 3034 1999 3087 sed
2021 3008 2445 3105 segregabatse,
2466 3034 2520 3089 id
2551 3008 2908 3090 est'seorsum
2930 3035 3162 3091 faciebat
3180 3008 3495 3091 Judaeorum

205 3121 303 3175 sed
334 3120 501 3175 etiam
530 3118 847 3175 aﬁ'ectantes
898 3121 1218 3176 societatem
1270 3131 1531 3187 nostram,
1588 3123 1720 3176 mihi
1751 3131 1804 3178 et

204 3209 470 3263 Barnabas
500 3209 769 3279 discipulo
787 3224 908 3263 meo
944 3210 1213 3264 dederunt
1242 3210 1460 3265 dextras
1501 3211 1796 3266 societatis.

204 3296 365 3365 Quod
397 3296 477 3352 sic
507 3297 616 3351 ait:
641 3297 789 3352 Nihil
820 3297 1182 3365 contulerunt,
1216 3300 1311 3353 sed
1335 3299 1641 3354 econtrario
1671 3318 1801 3356 cum

203 3386 282 3440 illi
314 3386 588 3441 vidissent
619 3386 761 3457 quod
791 3386 1073 3441 creditum
1105 3389 1192 3441 est
1246 3386 1392 3441 mihi
1413 3402 1443 3440 a
1473 3388 1588 3441 Deo
1614 3388 1799 3443 Evan-

202 3476 415 3545 gelium
442 3476 734 3546 prmputii,
769 3473 823 3528 id
854 3483 936 3528 est
964 3474 1280 3545 gentilitatis
1309 3475 1503 3529 eadem
1533 3476 1799 3546 dignitate

203 3565 356 3619 sicut
383 3566 551 3618 Petro
580 3562 850 3617 creditum
889 3571 969 3617 est
1017 3563 1381 3635 Evangelium
1410 3565 1799 3622 circumcisio-

202 3655 319 3719 nis,
345 3651 398 3704 id
430 3658 511 3706 est
533 3650 588 3704 in
600 3651 837 3706 Iudaeos.
861 3651 1183 3707 Econtrario
1203 3652 1334 3707 dicit
1355 3653 1657 3708 secundum
1679 3654 1800 3725 opi-

202 3740 425 3796 nionem
456 3756 644 3795 eorum
674 3739 765 3811 qui
820 3738 1045 3794 Paulum
1074 3739 1436 3812 indigniorem
1480 3741 1801 3810 judicabant

203 3830 366 3885 Petro
378 3868 391 3883 .

271 3918 421 3971 Bene
481 3916 605 3971 dico
660 3931 784 3971 cum
830 3915 1114 3982 vidissent,
1163 3916 1413 3971 viderunt
1470 3917 1633 3985 enim,
1668 3919 1799 3991 quia

197 4006 343 4061 idem
376 4007 525 4059 Deus
559 4006 655 4077 qui
692 4009 953 4077 operatus
981 4010 1067 4061 est
1088 4008 1275 4075 Petro,
1306 4006 1359 4059 id
1377 4014 1457 4060 est
1477 4006 1543 4060 ad
1568 4007 1799 4079 gloriam

199 4103 252 4150 et
274 4094 808 4150 commendationem
834 4094 996 4161 Petri,
1031 4093 1294 4149 miracula
1320 4111 1421 4165 per
1449 4111 1573 4150 eum
1595 4095 1720 4152 fecit
1737 4097 1799 4151 in

199 4184 531 4255 apostolatu
560 4184 1031 4249 circumcisionis,
1056 4182 1304 4237 similiter
1338 4188 1603 4255 operatus
1632 4189 1714 4239 est
1744 4189 1799 4241 et

198 4273 369 4341 mihi,
402 4271 459 4325 id
490 4279 573 4326 est
602 4271 670 4325 ad
698 4271 805 4326 mei
821 4270 1360 4327 commendationem
1390 4273 1545 4327 inter
1562 4278 1797 4345 gentes;

1899 3138 2146 3177 mensam
2178 3138 2209 3177 a
2238 3139 2408 3195 grege
2431 3124 2713 3195 gentilium
2744 3123 2832 3179 vel
2881 3124 2935 3178 in
2966 3124 3077 3180 alia
3118 3125 3298 3193 domo,
3331 3125 3417 3180 vel
3438 3124 3494 3179 in

1898 3210 2002 3264 alia
2032 3226 2242 3278 mensa,
2280 3212 2488 3266 timens
2519 3210 2798 3267 offendere
2830 3228 2919 3268 eos
2950 3214 3045 3285 qui
3076 3217 3242 3268 erant
3272 3230 3346 3269 ex
3376 3215 3495 3269 cir-

1899 3301 2264 3366 cumcisione,
2289 3299 2345 3354 id
2375 3308 2455 3354 est
2477 3301 2715 3367 Judaeos,
2742 3300 2787 3354 si
2808 3300 3156 3371 participaret
3176 3301 3490 3372 gentilibus,

1900 3394 1952 3441 et
1982 3386 2106 3442 huic
2136 3388 2495 3443 simulationi
2518 3390 2639 3459 ejus
2671 3389 2802 3457 (non
2834 3389 2979 3443 enim
3010 3390 3264 3444 credebat
3285 3390 3496 3447 discre-

1901 3475 2102 3530 tionem
2134 3475 2301 3530 ullam
2333 3475 2504 3529 Judaai
2535 3485 2586 3531 et
2616 3476 2856 3549 gentilis,
2891 3477 2987 3531 sed
3018 3484 3225 3531 tantum
3255 3495 3352 3548 pro
3383 3479 3496 3533 evi-

1898 3570 2050 3618 tanto
2082 3563 2342 3619 seandalo
2373 3564 2685 3635 simulabat)
2716 3564 3065 3634 simulationi,
3097 3565 3339 3636 inquam,
3374 3567 3493 3635 ejus

1898 3657 2313 3709 consenserunt
2345 3653 2541 3708 caeteri
2560 3653 2759 3717 Juda‘i,
2782 3655 2867 3708 ita
2899 3658 2965 3707 ut
2986 3655 3159 3709 etiam
3180 3655 3488 3723 Barnabas,

1899 3741 2201 3811 discipulus
2221 3757 2394 3810 meus,
2412 3742 2714 3797 duceretur
2734 3742 2802 3796 ab
2823 3742 2902 3797 eis
2931 3741 3131 3797 Judaeis
3160 3743 3222 3797 in
3238 3744 3493 3799 eamdem

1900 3830 2347 3899 simulationem,
2370 3838 2422 3884 et
2444 3829 3031 3885 nolletcommunicare
3052 3830 3366 3901 gentilibus.
3390 3831 3492 3886 Pe-

1898 3926 2016 3972 trus
2040 3918 2359 3989 simpliciter
2406 3934 2516 3973 non
2540 3919 2894 3974 considerans
2933 3935 3033 3989 per
3077 3919 3181 3974 hoc
3215 3919 3493 3990 corrumpi

1899 4006 2063 4061 fidem
2086 4007 2369 4072 Ecclesiae,
2412 4006 2721 4062 declinabat
2740 4024 2769 4061 a
2793 4007 3053 4064 seandalo
3084 4007 3255 4063 Judaei
3284 4008 3490 4074 fratris,

1898 4111 1998 4166 per
2048 4095 2189 4151 hanc
2247 4095 2672 4150 simulationem.
2726 4096 2830 4151 Sed
2878 4112 3002 4168 ego,
3035 4113 3165 4152 cum
3204 4096 3489 4164 vidissem,

1899 4183 2043 4256 quod
2092 4200 2209 4238 non
2261 4187 2412 4239 recte
2442 4183 2805 4238 ambularent
2845 4185 3037 4238 Petrus
3068 4191 3121 4239 et
3148 4183 3240 4255 qui
3269 4200 3394 4240 cum
3424 4200 3493 4241 eo

1900 4279 2076 4341 erant,
2112 4288 2227 4327 non
2258 4275 2409 4327 recte
2440 4271 2564 4326 dico
2595 4272 2666 4326 ad
2694 4272 3161 4342 comprobandum
3192 4273 3491 4329 veritatem

198 4361 450 4431 gentium
480 4359 624 4415 enim
654 4360 947 4431 Apostolus
976 4367 1111 4415 erat.
1146 4360 1278 4414 Cum
1328 4360 1591 4415 vidissent
1612 4362 1795 4417 credi-
1815 4366 1868 4426 D
1900 4360 2207 4431 Evangelii,
2260 4359 2350 4431 qui
2406 4359 2835 4431 praedicaverant
2904 4360 3042 4415 ritus
3097 4360 3354 4417 Iudaicos
3377 4362 3491 4431 jam

198 4457 316 4503 tum
349 4465 472 4504 esse
496 4448 627 4502 mihi
672 4448 1045 4519 Evangelium,
1077 4453 1133 4504 et
1188 4466 1318 4504 cum
1356 4448 1502 4504 idem
1533 4466 1630 4519 per
1659 4448 1796 4505 effe-

199 4547 350 4593 ctum
399 4537 804 4608 cognovissent,
846 4536 1093 4592 videntes
1117 4537 1363 4607 gratiam
1394 4555 1515 4609 qua,
1544 4538 1679 4594 data
1714 4543 1799 4595 est

201 4626 349 4681 mihi
378 4626 588 4695 (plures
620 4625 765 4680 enim
797 4641 955 4696 quam
986 4625 1062 4679 illi
1084 4626 1471 4681 convertebam
1492 4626 1559 4681 ad
1587 4625 1794 4699 fidem).

205 4714 607 4784 Cognovissent
642 4712 764 4768 dico
793 4713 1051 4779 Iacobus,
1074 4718 1131 4769 et
1174 4714 1401 4786 Cephas,
1446 4719 1502 4771 et
1531 4717 1795 4783 Joannes,

200 4804 298 4874 qui
320 4803 658 4858 videbantur
688 4819 804 4857 esse
863 4803 1159 4869 columnae,
1184 4802 1238 4857 id
1270 4810 1351 4857 est
1407 4811 1798 4859 sustentatores

198 4890 487 4946 Ecclesiae.
513 4890 555 4944 Ii
585 4890 728 4945 enim
774 4890 1159 4946 honoratiores
1219 4891 1429 4946 catteris
1476 4900 1647 4961 erant,
1672 4892 1800 4964 quia

201 4978 454 5033 Christus
484 4994 577 5033 eos
606 4978 663 5033 in
709 4978 1093 5034 secretioribus
1142 4978 1256 5033 suis
1294 4996 1511 5051 semper
1541 4980 1798 5036 admitte-

198 5066 313 5136 bat,
375 5082 561 5122 coram
621 5067 817 5138 quibus
884 5066 1291 5140 transfiguratus
1348 5069 1446 5123 fuit
1502 5070 1559 5124 in
1616 5078 1799 5125 monte

198 5156 427 5225 (Matth.
462 5171 601 5223 xvn,
630 5156 705 5225 2).
732 5156 794 5222 Ii,
826 5156 1049 5228 inquam
1069 5198 1084 5225 ,
1119 5158 1223 5214 hoc
1253 5167 1668 5230 cognoscentes,
1706 5159 1798 5214 de-

198 5245 413 5300 derunt
444 5246 587 5300 mihi
608 5250 662 5300 et
686 5246 957 5301 Barnabas
982 5246 1218 5301 dextras
1248 5249 1558 5317 societatis,
1594 5248 1793 5303 intelli-

198 5341 395 5405 gentes
426 5349 525 5389 nos
556 5350 665 5388 non
695 5332 981 5389 inferiores
1010 5334 1136 5399 illis,
1170 5335 1267 5389 sed
1300 5351 1479 5406 pares,
1512 5352 1622 5391 non
1643 5335 1801 5391 disci-

198 5422 361 5493 pulos
389 5422 490 5478 sed
518 5422 717 5480 socios.
750 5423 1098 5497 Conjungere
1144 5423 1384 5493 dextras,
1420 5425 1637 5498 signum
1688 5432 1801 5481 erat

1898 4449 2137 4517 inutiles,
2157 4464 2258 4503 nec
2288 4464 2411 4503 esse
2441 4447 2729 4502 tenendos.
2770 4448 2905 4503 Cum
2934 4448 3040 4505 hoc
3060 4449 3341 4517 vidissem,
3365 4450 3494 4507 dixi

1901 4535 2097 4609 (Iephte
2116 4552 2308 4592 coram
2328 4536 2588 4593 omnibus
2608 4536 2711 4606 (sic
2733 4536 2877 4591 enim
2898 4538 3196 4608 oportebat,
3221 4538 3351 4593 dum
3373 4539 3491 4608 ejus

1897 4625 2167 4681 simulatio
2214 4625 2375 4680 totius
2418 4624 2682 4681 Ecclesia:
2733 4633 2879 4681 esset
2928 4626 3243 4697 corruptio.)
3286 4644 3299 4680 :
3350 4627 3486 4696 Hoc,

1896 4713 2119 4785 inquam
2158 4714 2288 4780 dixi,
2321 4715 2372 4770 si
2403 4718 2485 4783 tu,
2525 4714 2703 4781 Petre,
2737 4731 2866 4771 cum
2896 4716 2974 4770 sis
3013 4715 3232 4770 natione
3266 4715 3493 4770 Judceus

1896 4804 2056 4868 vivis,
2109 4802 2163 4857 id
2192 4810 2273 4857 est
2322 4802 2503 4858 vivere
2541 4801 2687 4858 soles
2737 4805 3048 4875 gentiliter,
3082 4803 3213 4857 nihil
3237 4803 3493 4871 judicans

1898 4891 2257 4957 immundum,
2295 4896 2352 4947 et
2383 4908 2497 4948 non
2521 4890 2657 4947 vivis
2680 4891 2819 4947 ultra
2830 4892 3081 4963 judaice,
3104 4899 3160 4946 ut
3192 4892 3493 4947 secundum

1898 4979 2034 5034 ritus
2066 4979 2187 5035 illos
2224 4979 2377 5035 cibos
2401 4980 2469 5034 de
2498 4980 2840 5034 immunditia
2862 4980 3121 5047 damnes;
3148 4979 3213 5047 si,
3246 4980 3488 5052 inquam,

1899 5076 1955 5122 tu
1971 5067 2231 5122 naturalis
2245 5068 2464 5123 Judazus
2486 5084 2596 5122 non
2611 5068 2881 5137 judaizas:
2901 5069 3186 5141 quomodo,
3208 5068 3261 5123 id
3280 5078 3362 5125 est
3382 5085 3494 5142 qua

1898 5157 2107 5211 ratione
2152 5161 2345 5228 gentes
2394 5174 2514 5227 quae
2554 5173 2835 5229 nunquam
2874 5157 3311 5226 judaizaverunt,
3345 5162 3493 5231 cogis

1889 5246 2209 5316 judaizare,
2271 5245 2528 5317 exemplo
2573 5254 2685 5312 tuo,
2718 5245 2843 5302 licet
2911 5263 3021 5302 non
3070 5247 3143 5301 ita
3181 5246 3496 5318 praedices?

1898 5334 2015 5389 Nisi
2066 5334 2209 5389 enim
2240 5334 2295 5388 in
2352 5334 2457 5390 hoc
2482 5334 2701 5406 publice
2753 5343 3028 5391 correctus
3067 5344 3213 5391 esset
3242 5351 3274 5390 a
3304 5334 3490 5401 Paulo,

1900 5438 2070 5496 seque
2108 5423 2233 5480 ideo
2291 5423 2779 5495 reprehensibilem
2835 5423 3201 5491 confiteretur,
3240 5428 3496 5495 putarent
