3960 6050
472 177 570 232 291

978 176 1034 231 S.
1068 173 1424 231 BRUNONIS
1482 168 2127 231 CARTHUSIANORUM
2182 169 2667 227 INSTITUTORIS
2725 170 2880 227 OPP.
2938 170 3115 228 PARS
3166 172 3241 227 II.

3664 176 3768 231 292

467 310 576 352 non
608 295 789 351 solum
825 297 1020 365 Judaei,
1054 298 1149 353 sed
1182 297 1341 353 etiam
1382 296 1615 371 gentiles
1671 296 1916 352 inutilem
1946 312 2067 351 esse
2088 297 2145 358 Α
2172 291 2354 358 diﬁco,
2387 293 2865 363 praevaricatorem
2896 293 3035 366 legis
3063 309 3152 349 me
3187 293 3481 350 constituo.
3500 294 3641 350 Nam
3670 311 3763 366 ego

470 382 635 440 ﬁdem
668 385 785 441 sine
816 386 958 458 lege.

542 474 835 546 Hucusque
868 474 1001 529 satis
1030 475 1282 546 probavit
1328 492 1388 531 se
1419 491 1527 530 non
1573 491 1695 530 esse
1750 474 2063 529 inferiorem

468 561 650 629 Petro,
703 571 757 617 et
815 563 956 629 aliis,
985 563 1095 619 imo
1158 564 1529 620 necessarium
1585 572 1640 618 et
1698 570 2061 619 correctorem

467 665 676 705 eorum.
712 651 871 707 Modo
903 652 1095 707 transit
1123 653 1194 707 ad
1223 652 1631 723 improbandam
1661 652 1862 724 legem,
1912 652 2061 725 quod

465 738 616 793 nullo
646 740 809 794 modo
840 742 1077 797 tenenda
1106 742 1193 809 sit,
1227 741 1414 796 dicens
1449 758 1461 794 :
1495 740 1700 796 Gentes
1728 739 1913 811 utique
1950 756 2059 795 non

467 826 671 881 debent
696 828 973 896 judaizare
1008 844 1019 883 :
1054 830 1182 901 quia
1208 845 1309 885 nos
1336 846 1440 901 per
1470 833 1746 885 naturam
1776 830 1957 885 Judtei
1974 848 1987 896 ;
2013 827 2059 883 si

466 918 664 973 amodo
686 917 1045 985 judaizamus,
1067 917 1326 972 inutiliter
1355 917 1587 989 agimus.
1639 917 1798 985 Quod
1830 917 1910 973 sic
1937 918 2010 972 ait
2041 933 2053 971 :

462 1003 577 1059 Nos
608 1004 828 1075 quidem
858 1022 1045 1059 sumus
1066 1004 1237 1059 Judaei
1270 1021 1370 1075 per
1413 1013 1663 1060 naturam
1692 1006 1746 1059 in
1775 1006 2056 1061 Judaismo

464 1092 600 1159 nati,
635 1101 685 1148 et
717 1108 935 1163 semper
963 1092 1276 1147 insistentes
1296 1094 1447 1164 operi
1468 1093 1627 1165 legis.
1650 1094 1823 1148 Judmi
1844 1111 2052 1160 sumus,

461 1184 519 1236 et
535 1197 651 1235 non
674 1197 862 1235 sumus
879 1185 1199 1252 peccatores
1226 1197 1299 1236 ea:
1321 1182 1599 1253 gentibus,
1622 1182 1677 1236 id
1698 1190 1780 1237 est
1800 1198 1909 1237 non
1930 1198 2057 1253 pec-

465 1268 708 1324 cavimus
738 1269 808 1323 ad
837 1268 1242 1324 similitudinem
1276 1270 1537 1341 gentium,
1572 1270 1866 1326 adorantes
1913 1271 2054 1326 idola

465 1364 515 1412 et
543 1357 857 1426 hujusmodi
892 1374 903 1410 :
939 1358 1086 1429 quod
1124 1374 1233 1413 non
1290 1358 1533 1413 fecerant
1578 1358 1770 1414 Judaei.
1830 1360 1900 1413 Et
1931 1375 2053 1415 cum

462 1444 633 1499 simus
660 1461 759 1515 per
780 1452 1024 1499 naturam
1071 1445 1262 1512 Judaei,
1299 1453 1479 1501 tamen
1527 1462 1638 1502 non
1689 1445 2053 1515 justiﬁcamur

457 1549 524 1590 ex
556 1533 811 1603 operibus
841 1533 1007 1605 legis.
1048 1533 1115 1588 Et
1144 1550 1245 1589 nos
1276 1535 1380 1589 hoc
1409 1536 1649 1591 scientes
1681 1536 1823 1607 quod
1854 1537 2052 1591 nullus

457 1619 619 1711 homo
632 1623 997 1693 justiﬁcatur
1027 1638 1100 1677 ex
1141 1623 1399 1711 operibus
1431 1624 1584 1694 legis,
1610 1625 1727 1678 nisi
1753 1641 1856 1696 per
1883 1625 2052 1694 ﬁdem
2073 1651 2126 1711 Β

452 1709 585 1765 Jesu
616 1711 843 1776 Christi,
875 1718 931 1765 ut
961 1711 1211 1781 gentiles,
1248 1710 1328 1767 sic
1361 1715 1417 1766 et
1447 1728 1549 1767 nos
1568 1712 1738 1768 Judei
1770 1713 2053 1769 credimus

449 1796 514 1851 in
547 1796 767 1855 Christo
810 1800 958 1864 Iesu,
993 1804 1058 1855 ut
1094 1799 1171 1854 sic
1185 1800 1575 1870 justiﬁcemur
1604 1816 1677 1855 ex
1705 1802 1812 1869 ﬁde
1844 1801 2054 1857 Christi

452 1891 675 1955 tantum,
704 1890 760 1942 et
782 1903 898 1942 non
929 1903 1003 1943 ea:
1053 1888 1309 1959 operibus
1357 1889 1513 1960 legis.
1538 1891 1776 1961 Propter
1804 1889 1962 1961 quod,
1998 1890 2052 1944 id

449 1981 533 2028 est
561 1975 683 2046 quia
705 1991 804 2030 nos
840 1975 1014 2029 Judaei
1045 1992 1119 2031 ex
1150 1974 1256 2030 ﬁde
1304 1976 1423 2030 sola
1452 1975 1815 2045 justiﬁcamur
1842 1993 1950 2032 non
1984 1994 2050 2032 ex

444 2058 590 2132 lege.
607 2064 754 2134 Ergo
774 2065 958 2118 omnis
979 2078 1130 2129 caro,
1146 2063 1199 2117 id
1222 2071 1304 2118 est
1321 2063 1497 2118 omnis
1517 2065 1736 2136 gentilis
1755 2065 1908 2120 carni
1925 2066 2051 2120 obe-

446 2149 623 2215 diens,
648 2151 819 2204 Deum
848 2150 1121 2218 nesciens,
1168 2168 1282 2208 non
1310 2152 1730 2221 justiﬁcabitur
1757 2156 1831 2208 ex
1860 2155 2047 2225 operi-

447 2235 549 2291 bus
572 2236 723 2294 21
744 2237 805 2294 1
848 2239 1002 2308 legis,
1036 2238 1082 2292 si
1103 2254 1169 2293 ea
1213 2238 1417 2294 fecerit.
1454 2240 1511 2295 Si
1532 2240 1674 2295 enim
1705 2241 1891 2297 Judan
1937 2258 2047 2297 non

444 2333 679 2396 prosunt
710 2342 901 2397 opera,
947 2325 1117 2381 multo
1162 2327 1346 2381 minus
1387 2329 1595 2400 gentili.
1628 2329 1859 2384 Carnem
1888 2339 2047 2385 vocat

441 2414 727 2486 gentilem,
753 2414 878 2485 quia
909 2430 1188 2487 nunquam
1219 2415 1271 2469 in
1306 2415 1455 2471 cultu
1481 2416 1621 2489 legis
1640 2417 1757 2483 Dei,
1776 2418 1872 2472 sed
1894 2435 2044 2473 sem-

441 2518 545 2573 per
568 2501 666 2557 fuit
694 2502 751 2556 in
782 2518 950 2574 opere
974 2502 1183 2559 carnis.
1207 2503 1307 2558 Vel
1328 2503 1422 2574 ita,
1457 2504 1582 2575 quia
1604 2505 1649 2559 si
1681 2505 1904 2561 Iudaeus
1932 2522 2041 2562 non

448 2598 534 2647 est
552 2591 730 2660 justus
753 2607 819 2646 ex
841 2590 984 2664 lege,
1011 2591 1182 2647 multo
1209 2590 1388 2645 minus
1410 2607 1558 2657 caro,
1593 2593 1649 2647 id
1678 2601 1761 2648 est
1785 2603 2044 2664 peccator

447 2694 514 2734 ex
544 2679 822 2752 gentibus.
845 2679 1043 2735 Probat
1074 2680 1268 2734 iterum
1299 2680 1442 2735 idem
1472 2697 1572 2751 per
1622 2681 1959 2753 impossibile
1990 2693 2041 2739 et

444 2767 865 2825 inconveniens.
906 2768 1039 2824 Dico
1073 2768 1216 2839 quod
1253 2784 1316 2823 ex
1350 2767 1458 2824 fide
1506 2770 1703 2825 Christi
1728 2771 2039 2839 justiﬁcabi-

445 2872 609 2924 mur;
642 2856 786 2928 quod
819 2856 864 2911 si
896 2856 969 2911 ita
994 2872 1103 2912 non
1135 2864 1236 2927 est,
1268 2857 1371 2912 hoc
1393 2866 1475 2913 est
1525 2860 1673 2930 quod
1715 2859 1825 2913 ait:
1851 2861 1909 2916 Si
1937 2876 2037 2916 nos

442 2950 757 3016 quaerentes
795 2946 1111 3016 justiﬁcari
1150 2948 1213 3001 in
1269 2946 1506 3014 Christo,
1529 2948 1582 3001 id
1613 2954 1697 3003 est
1725 2964 1825 3018 per
1871 2947 2033 3003 ﬁdem

438 3031 657 3099 Christi,
689 3049 799 3088 non
830 3033 953 3089 dico
1013 3035 1185 3105 putati
1236 3035 1692 3091 existimationem
1740 3036 2031 3091 stultorum

442 3136 553 3175 non
584 3136 733 3187 curo,
761 3122 859 3176 sed
891 3122 936 3176 si
966 3139 1066 3193 per
1095 3122 1256 3179 ﬁdem
1301 3123 1500 3179 Christi
1530 3132 1833 3195 quaerentes
1865 3126 2033 3194 justi-

442 3205 752 3264 ﬁcationem
784 3210 1010 3266 inventi
1034 3228 1226 3268 sumus
1250 3220 1305 3267 ut
1325 3212 1558 3284 gentiles
1605 3213 1779 3268 etiam
1805 3230 1906 3269 nos
1928 3215 2034 3286 ipsi

436 3301 781 3367 peccatores,
809 3298 933 3369 quia
963 3298 1143 3371 legem
1179 3299 1539 3366 deseruimus,
1573 3301 1645 3356 ad
1676 3299 1837 3357 ﬁdem
1870 3302 2031 3357 Chri-

439 3384 508 3439 sti
542 3392 928 3453 transeuntes;
970 3387 1016 3441 si
1046 3389 1168 3454 hoc,
1194 3389 1434 3461 inquam,
1489 3397 1590 3454 est,
1628 3396 1754 3445 tunc
1785 3390 2031 3445 Christus

431 3473 680 3529 minister
711 3484 793 3530 est
821 3476 1070 3546 peccati;
1104 3477 1221 3548 ipse
1285 3477 1431 3532 enim
1491 3477 1675 3533 docuit
1702 3478 1883 3549 legem
1920 3494 2029 3534 non

430 3577 553 3617 esse
600 3564 921 3631 tenendam,
952 3564 1050 3619 sed
1096 3580 1161 3620 ex
1200 3564 1305 3620 ﬁde
1351 3582 1474 3621 esse
1514 3581 1730 3621 omnem
1764 3565 2028 3635 justiﬁca-

429 3649 655 3706 tionem.
698 3650 806 3707 Sed
831 3652 957 3723 quia
980 3653 1309 3708 exhorrebat
1348 3654 1619 3708 Christum
1652 3655 1831 3709 dicere
1859 3655 2026 3710 mini-

431 3745 601 3792 strum
629 3739 855 3809 peccati,
890 3739 1019 3796 dicit
1052 3741 1157 3797 hoc
1177 3741 1275 3795 sub
1324 3741 1678 3797 admiratione
1712 3742 1790 3797 sic
1821 3760 1834 3797 :
1869 3745 2025 3801 Nun-

428 3826 563 3895 quid
594 3826 789 3897 aliquis
820 3827 1128 3883 insensatus
1160 3828 1320 3883 audet
1348 3828 1532 3885 dicere
1573 3829 1720 3901 quod
1770 3830 2024 3889 Christus

431 3913 699 3969 minister
728 3918 813 3969 est
833 3918 1055 3986 peccati
1079 3915 1107 3970 ?
1144 3916 1302 3972 Absit
1331 3917 1435 3973 hoc
1464 3925 1523 3973 ut
1550 3918 1797 3973 Christus
1828 3919 2021 3975 minis-

426 4007 510 4056 ter
539 4000 607 4056 sit
638 4002 849 4073 peccati
869 4002 881 4058 l

498 4089 643 4147 Vere
672 4090 918 4147 Christus
947 4107 1059 4148 non
1090 4100 1173 4148 est
1210 4092 1458 4149 minister
1485 4094 1711 4165 peccati.
1744 4095 1885 4151 Nam
1913 4112 2018 4169 ego

428 4177 677 4235 destruxi
704 4178 905 4253 legem,
961 4196 1124 4252 quam
1178 4198 1289 4237 non
1339 4181 1632 4253 reaadiﬁco,
1664 4200 1734 4239 ne
1764 4201 1852 4240 me
1882 4200 2018 4241 con-

424 4267 642 4322 stituam
660 4269 1156 4339 praevaricatorem.
1190 4270 1244 4325 Si
1274 4271 1421 4326 enim
1474 4272 1807 4329 destructam
1834 4273 2017 4346 legem

2166 380 2386 436 deserui
2415 382 2616 454 legem,
2648 398 2749 452 per
2776 382 2953 453 ipsam
2994 382 3176 455 legem
3219 382 3294 437 ita
3324 382 3754 453 praecipientem,

2163 485 2232 524 ne
2262 469 2511 525 veniente
2540 470 2718 541 gratia
2769 479 3065 526 teneretur.
3118 472 3185 525 Et
3218 486 3329 527 non
3357 471 3487 527 dicit
3506 472 3757 541 deserui,

2163 558 2262 613 sed
2289 562 2687 614 mortuussum
2706 560 2832 631 legi,
2850 559 2904 613 id
2927 558 3101 613 estita
3123 558 3303 630 legem
3341 560 3586 614 destruxi
3620 560 3761 617 sicut

2159 662 2436 718 nunquam
2476 647 2709 718 amplius
2729 647 2799 702 ad
2846 647 2997 702 illam
3041 663 3382 716 reversurus,
3427 649 3702 720 quomodo
3727 665 3760 703 a

2159 742 2332 790 morte
2349 750 2458 789 non
2491 734 2549 788 ﬁt
2570 736 2810 791 reversio
2846 735 2917 790 ad
2952 735 3138 791 vitam.
3172 736 3306 807 Legi
3347 736 3471 792 ideo
3508 745 3762 793 mortuus

2158 839 2300 890 sum,
2326 828 2393 879 ut
2415 826 2597 879 vivam
2617 826 2745 891 Deo,
2770 824 2824 879 id
2847 831 2929 878 est
2949 840 3049 895 per
3070 824 3307 895 gratiam
3336 825 3455 880 Dei.
3480 826 3625 881 Vere
3656 826 3761 882 de-

2157 926 2345 966 serens
2366 912 2566 983 legem,
2590 912 2721 968 vivit
2741 914 2855 968 Deo
2872 929 2972 983 per
2991 911 3173 978 ﬁdem;
3192 929 3316 967 nam
3334 922 3514 969 cessat
3534 929 3567 969 a
3583 914 3752 980 malo,

2158 1006 2209 1054 et
2226 1008 2485 1070 operatur
2497 1001 2719 1055 bonum.
2744 1000 2903 1068 Quod
2924 1001 3002 1056 sic
3024 1001 3098 1055 ait
3122 1019 3135 1055 :
3163 1002 3430 1070 Con/imus
3446 1019 3574 1058 sum
3596 1004 3756 1059 cruci

2161 1086 2388 1155 Christi,
2416 1088 2471 1143 id
2502 1096 2584 1143 est
2613 1088 2802 1144 aﬁixos
2824 1089 2999 1145 habeo
3032 1106 3227 1145 sensus
3253 1106 3407 1145 meos
3436 1107 3535 1161 per
3574 1090 3751 1145 virtu-

2154 1182 2265 1230 tem
2282 1176 2460 1232 crucis
2491 1177 2709 1245 Christi,
2734 1194 2803 1233 ne
2824 1178 3059 1248 quandiu
3106 1178 3162 1231 in
3210 1176 3316 1233 ﬁde
3368 1178 3569 1233 Christi
3604 1195 3745 1247 sum,

2154 1262 2316 1319 liceat
2345 1264 2633 1338 porrigere
2653 1281 2874 1320 manum
2903 1266 2989 1321 vel
3016 1265 3213 1337 pedem
3245 1266 3313 1321 ad
3360 1283 3498 1337 opus
3519 1267 3742 1322 malum.

2155 1352 2411 1408 Conﬁxus
2441 1370 2559 1408 sum
2590 1354 2737 1410 cruci
2769 1354 2966 1409 Christi
2990 1397 3002 1420 ,
3026 1354 3081 1409 id
3112 1362 3196 1409 est
3226 1355 3297 1411 ad
3325 1355 3561 1428 gloriam
3590 1355 3748 1410 Chri-

2155 1441 2243 1509 sti,
2270 1441 2360 1513 qui
2381 1458 2469 1496 me
2500 1442 2578 1498 sic
2607 1440 2844 1511 conﬁxit,
2878 1451 2931 1497 et
2957 1459 3056 1513 per
3083 1444 3201 1498 haec
3230 1443 3494 1499 habemus
3526 1459 3748 1500 cessare

2153 1545 2183 1582 a
2214 1529 2380 1584 malo.
2413 1530 2660 1585 Christus
2722 1530 2773 1584 si
2819 1530 3098 1597 voluisset,
3139 1531 3287 1585 aliud
3331 1548 3507 1604 genus
3555 1532 3749 1587 mortis

2160 1618 2440 1689 elegisset,
2474 1619 2572 1674 sed
2596 1618 2763 1674 voluit
2792 1627 2848 1673 ut
2874 1635 2976 1674 nec
3001 1619 3179 1690 ipsum
3210 1636 3383 1689 genus
3411 1620 3600 1675 mortis
3629 1637 3748 1692 my-

2156 1706 2323 1761 sterio
2355 1715 2582 1775 careret,
2640 1707 2984 1779 praesignans
3028 1708 3131 1763 hoc
3160 1708 3216 1762 in
3245 1706 3491 1764 aﬁixione
3521 1724 3746 1764 suorum

2154 1795 2537 1862 membrorum,
2572 1812 2692 1866 quae
2723 1796 3017 1851 secundum
3046 1804 3288 1852 veterem
3308 1797 3582 1852 hominem
3610 1814 3745 1868 pas-

2153 1882 2326 1937 sibilis
2356 1892 2407 1938 et
2436 1884 2675 1955 mortalis
2707 1901 2878 1956 usque
2900 1885 2968 1939 ad
3000 1884 3142 1939 diem
3173 1885 3348 1941 crucis
3392 1886 3740 1953 sustinuerat,

2149 1979 2207 2026 ut
2237 1972 2373 2027 sicut
2416 1972 2665 2027 membra
2707 1989 2806 2028 sua
2860 1972 3102 2040 conﬁxa,
3163 1974 3461 2029 secundum
3492 1973 3747 2030 virtutem

2149 2059 2383 2115 hominis
2433 2061 2503 2115 ad
2558 2061 2771 2133 aliquos
2826 2069 2978 2116 actus
3038 2062 3331 2117 extendere
3385 2078 3495 2117 non
3551 2063 3745 2133 potuit,

2150 2150 2294 2220 quod
2325 2149 2379 2203 in
2412 2149 2504 2204 illa
2532 2165 2695 2205 cruce
2742 2149 2819 2205 sic
2848 2149 3160 2221 conﬁgebat
3188 2150 3464 2205 hominem
3490 2151 3739 2223 justitize,

2148 2244 2205 2291 ut
2236 2237 2474 2308 quandiu
2504 2236 2667 2293 ﬁdem
2697 2237 2897 2293 Christi
2912 2253 3021 2293 non
3038 2238 3268 2294 violaret
3292 2238 3362 2293 ad
3393 2247 3571 2294 actum
3592 2239 3739 2309 inju-

2146 2324 2305 2380 stitiae
2340 2326 2614 2381 declinare
2670 2343 2778 2382 non
2825 2335 3030 2397 posset.
3092 2325 3347 2383 Conﬁxus
3395 2344 3515 2382 sum
3569 2328 3737 2396 cruci,

2146 2428 2371 2468 cessans
2392 2430 2424 2469 a
2454 2414 2618 2469 malo.
2660 2416 2781 2472 Vivo
2801 2419 2996 2472 autem
3023 2417 3150 2486 jam
3171 2432 3287 2473 non
3326 2432 3443 2487 ego,
3467 2416 3559 2488 qui
3580 2432 3734 2472 eram

2145 2502 2445 2557 secundum
2475 2502 2692 2574 legem;
2727 2505 2822 2559 sed
2860 2505 2999 2558 vivit
3044 2506 3108 2559 in
3138 2520 3225 2559 me
3258 2504 3533 2571 Christus,
3566 2505 3621 2560 id
3651 2512 3738 2560 est

2141 2590 2269 2663 vigo
2311 2607 2416 2663 ego
2446 2591 2564 2663 ipse
2594 2590 2767 2647 factus
2799 2592 3044 2646 Christus
3076 2608 3173 2663 per
3202 2592 3656 2663 conformitatem,
3679 2602 3736 2650 et

2139 2694 2238 2748 per
2282 2678 2422 2735 hanc
2476 2687 2684 2751 partem
2746 2679 3009 2735 habemus
3064 2681 3282 2751 operari
3328 2682 3550 2736 bonum.
3594 2682 3733 2738 Vivo

2140 2765 2325 2837 utique
2362 2768 2477 2822 Deo
2507 2784 2607 2837 per
2648 2765 2831 2835 ﬁdem,
2854 2784 2953 2839 per
2972 2767 3337 2836 dilectionem,
3360 2786 3459 2840 per
3477 2770 3732 2825 traditio-

2138 2869 2282 2909 nem.
2319 2855 2432 2910 Hoc
2461 2855 2531 2910 ita
2564 2856 2656 2910 ait.
2685 2857 2805 2929 Ego
2836 2856 2979 2923 vivo;
3013 2856 3154 2929 quod
3174 2862 3369 2913 autem
3401 2875 3556 2915 nunc
3586 2861 3730 2926 vivo,

2137 2942 2347 3012 positus
2378 2945 2441 2998 in
2470 2960 2662 3009 carne,
2698 2944 2826 3015 quia
2854 2944 2979 3000 licet
3000 2960 3127 3000 caro
3156 2945 3439 3018 impugnet
3458 2946 3728 3017 spiritum,

2136 3038 2317 3086 tamen
2349 3032 2569 3102 spiritus
2599 3032 2653 3086 in
2681 3049 2768 3088 me
2799 3032 2949 3099 vivit,
2985 3042 3036 3088 et
3058 3034 3271 3106 jugulat
3300 3034 3567 3090 desideria
3598 3050 3727 3090 car-

2133 3119 2236 3187 nis,
2263 3120 2409 3192 quod
2440 3121 2756 3177 miraculum
2787 3130 2870 3176 est
2924 3122 2997 3176 ita
3046 3123 3228 3179 vivere
3275 3123 3330 3177 in
3359 3139 3540 3178 carne.
3577 3122 3725 3191 Quia

2134 3224 2264 3263 vero
2294 3209 2374 3265 sic
2402 3208 2525 3264 vivo
2555 3210 2617 3265 in
2646 3211 2774 3279 ﬁde,
2808 3209 2864 3264 id
2892 3218 2975 3265 est
2994 3226 3095 3280 per
3114 3209 3277 3266 ﬁdem
3302 3212 3436 3267 Filii
3456 3213 3555 3272 Dei
3578 3214 3718 3277 vivo,

2133 3304 2186 3350 et
2216 3313 2323 3352 non
2353 3314 2453 3368 per
2482 3313 2647 3368 Opera
2674 3298 2812 3369 legis
2833 3342 2845 3364 ,
2877 3300 2975 3355 sed
2995 3315 3096 3370 per
3125 3299 3469 3355 dilectionem
3502 3300 3723 3366 Christi,

2132 3388 2226 3448 qui
2257 3386 2465 3442 dilexit
2488 3403 2597 3452 me,
2639 3387 2914 3441 hominem
2970 3388 3331 3457 personaliter
3372 3388 3564 3443 uniens
3594 3388 3718 3444 sibi.

2130 3473 2265 3529 Vivo
2296 3474 2455 3528 etiam
2486 3478 2542 3530 et
2568 3491 2667 3546 per
2694 3475 3059 3543 traditionem,
3094 3475 3219 3546 quia
3252 3476 3497 3529 Christus
3539 3476 3723 3532 tradi-

2129 3561 2215 3617 dit
2244 3564 2609 3634 semetipsum
2663 3562 2719 3617 in
2764 3572 2995 3619 mortem
3024 3580 3124 3635 pro
3174 3579 3281 3629 me,
3334 3563 3657 3619 redimendo
3688 3580 3725 3619 a

2126 3658 2322 3715 morte,
2356 3652 2503 3722 quod
2533 3667 2641 3707 non
2669 3659 2883 3723 poterat
2930 3650 3067 3706 eﬁici
3129 3666 3229 3721 per
3256 3649 3457 3723 legem.
3485 3651 3553 3705 Et
3594 3653 3720 3724 quia

2125 3753 2223 3808 per
2248 3737 2411 3793 ﬁdem
2441 3738 2585 3804 vivo,
2621 3747 2672 3794 et
2703 3755 2812 3795 non
2840 3756 2941 3810 per
2969 3739 3168 3810 legem,
3192 3738 3355 3811 igitur
3381 3754 3492 3794 non
3512 3740 3717 3796 reduco

2123 3825 2325 3899 legem.
2358 3827 2515 3896 Quod
2552 3835 2735 3883 tamen
2766 3828 2844 3883 sic
2874 3828 3024 3898 ponit
3057 3842 3068 3880 :
3104 3828 3223 3883 Non
3246 3827 3447 3897 abjicio
3470 3829 3716 3899 gratiam

2122 3916 2242 3981 Dei,
2287 3916 2415 3986 quia
2454 3916 2713 3971 reducere
2759 3915 2959 3987 legem,
2996 3913 3238 3972 212
3271 3922 3417 3970 esset
3474 3916 3713 3985 abjicere

2120 4003 2377 4074 gratiam.
2398 4003 2525 4059 Ideo
2554 4020 2663 4060 non
2681 4004 2882 4061 reduco
2905 4003 3105 4076 legem,
3128 4003 3253 4074 quia
3272 4019 3378 4059 non
3402 4019 3503 4075 per
3530 4004 3714 4076 legem

2112 4090 2341 4159 justitia.
2378 4093 2437 4149 Si
2464 4094 2619 4149 enim
2650 4109 2754 4164 per
2783 4094 2960 4163 legem
2983 4099 3129 4147 esset
3150 4093 3410 4163 justitia,
3432 4109 3525 4165 ego
3549 4092 3716 4149 Chri-

2115 4184 2241 4235 stus
2270 4182 2469 4252 gratis,
2494 4180 2548 4236 id
2572 4189 2654 4237 est
2670 4181 2946 4252 superﬂue
2974 4185 3235 4239 mortuus
3256 4185 3360 4247 est,
3392 4188 3449 4235 ut
3460 4179 3719 4249 justiﬁca—

2115 4273 2213 4335 ret,
2248 4284 2369 4324 cum
2400 4285 2500 4340 per
2528 4270 2708 4341 legem
2732 4270 3000 4325 habeatur
3024 4269 3275 4338 justitia;
3311 4269 3410 4325 sed
3439 4269 3713 4325 Christum

424 4354 787 4425 reaediﬁcans,
821 4356 945 4413 ideo
996 4357 1457 4429 praevaricationis
1514 4376 1644 4415 reus
1692 4378 1831 4416 sum.
1866 4352 2088 4419 TuncD
2119 4356 2408 4430 superﬂue,
2458 4365 2729 4415 martum
2777 4357 2994 4414 nolletis
3028 4358 3353 4415 concedere.

420 4443 560 4499 bene
583 4444 827 4517 sequitur
857 4445 1004 4517 quod
1054 4446 1319 4515 Christus,
1371 4447 1496 4520 quia
1524 4448 1707 4523 legem
1763 4450 2012 4519 exclusit,

418 4547 528 4588 non
560 4541 641 4588 est
661 4533 907 4589 minister
928 4535 1164 4605 peccati.
1187 4534 1327 4604 Quia
1350 4536 1429 4593 sic
1458 4536 1529 4591 ait
1554 4539 1641 4595 :Si
1670 4537 1865 4607 legalis
1894 4556 2017 4612 qua:

416 4619 683 4679 destruxi
731 4621 846 4679 haec
888 4623 1100 4679 iterum
1145 4624 1508 4694 recediﬁcabo,
1534 4625 1737 4681 docens
1778 4642 1843 4681 ea
1891 4643 2014 4683 esse

415 4710 671 4779 tenenda,
696 4717 824 4766 tunc
844 4710 1092 4782 profecto
1112 4713 1396 4769 constituo
1412 4729 1501 4768 me
1514 4716 2013 4786 praevaricatorem

416 4798 577 4870 legis,
611 4814 772 4871 quam
798 4799 1023 4856 reduco.
1048 4800 1170 4871 Ipsa
1190 4800 1337 4855 enim
1366 4800 1453 4857 lex
1501 4802 1745 4873 praecipit
1774 4819 1833 4859 se
1873 4818 2010 4859 con-

415 4887 604 4954 temni,
629 4895 920 4958 postquam
946 4887 1157 4943 venerit
1188 4888 1381 4961 gratia,
1403 4896 1461 4943 ut
1492 4889 1569 4945 ibi
1600 4906 1700 4962 per
1734 4891 1959 4963 Moysen
1992 4910 2005 4947 :

418 4996 441 5021 α
477 4974 805 5045 PrOphetam
836 4975 1118 5032 suscitabit
1147 4976 1304 5032 vobis
1321 4977 1467 5033 Deus
1499 4978 1568 5033 de
1597 4978 1856 5034 fratribus
1879 4996 2009 5036 ves-

413 5060 512 5116 tris
537 5081 551 5129 ;
575 5061 753 5133 ipsum
773 5063 1001 5119 audietis
1042 5072 1299 5137 tanquam
1337 5080 1425 5120 me
1444 5066 1630 5136 (Deut.
1658 5082 1818 5133 xvm,
1842 5068 1950 5137 l5).
1980 5090 2002 5117 ι

413 5147 582 5218 Quasi
601 5150 834 5207 diceret:
856 5153 1079 5209 Interim
1107 5154 1281 5209 donec
1311 5154 1509 5221 veniat,
1534 5154 1713 5209 audite
1738 5171 1845 5211 me.
1871 5155 2007 5210 Cum

410 5238 617 5294 venerit
656 5240 766 5311 (me
797 5240 1087 5311 derelicto)
1119 5240 1397 5313 confugite
1437 5242 1507 5295 ad
1534 5257 1678 5296 eum.
1712 5242 2005 5301 Remdiﬁco

408 5325 534 5383 ideo
564 5327 694 5384 dicit
727 5346 742 5384 :
780 5328 1139 5400 Imponebant
1158 5328 1303 5383 enim
1324 5328 1428 5400 ipsi
1449 5328 1667 5400 quidam
1689 5331 1831 5402 quod
1853 5332 2004 5403 prius

408 5415 569 5474 stulte
599 5416 873 5475 docuisset
898 5416 1079 5489 legem
1108 5432 1219 5474 non
1247 5432 1370 5473 esse
1392 5416 1723 5487 tenendam;
1758 5419 1856 5476 sed
1883 5436 2003 5477 mo-

408 5502 481 5562 do
510 5512 812 5577 correctus,
844 5504 1142 5566 reducebat
1169 5506 1372 5581 legem.
1408 5506 1548 5566 Vere
1578 5506 1625 5564 si
1652 5506 1837 5582 legem
1857 5525 2001 5568 reae-

2692 4560 2914 4618 CAPUT
2944 4560 3040 4616 III.

2206 4740 2228 4766 α
2264 4717 2310 4775 Ο
2338 4717 2599 4775 insensati
2647 4718 2869 4785 Galatae,
2918 4718 3041 4791 quis
3098 4733 3197 4775 vos
3263 4716 3551 4775 fascinavit
3594 4734 3704 4775 non

2116 4827 2139 4857 ι
2174 4806 2399 4863 obedire
2428 4807 2645 4864 veritati
2675 4815 2798 4863 ante
2821 4823 3053 4879 quorum
3074 4806 3265 4863 oculos
3284 4808 3442 4862 Jesus
3464 4807 3710 4863 Christus

2116 4916 2137 4946 ι
2172 4895 2510 4967 proscriptus
2538 4904 2641 4962 est,
2674 4904 2727 4952 et
2757 4896 2813 4950 in
2829 4895 2987 4953 vobis
3018 4894 3310 4951 cruciﬁxus
3329 4895 3358 4949 ?
3388 4895 3504 4951 Hoc
3532 4894 3707 4951 solum

2114 5005 2134 5030 «ι
2170 4998 2200 5037 a
2229 4983 2385 5038 vobis
2410 4983 2533 5039 volo
2565 4983 2796 5039 discere.
2848 4986 2933 5039 An
2964 5000 3029 5039 ex
3061 4983 3318 5054 Operibus
3368 4982 3508 5055 legis
3538 4982 3706 5053 spiri-

2112 5094 2133 5118 α
2170 5077 2282 5125 tum
2310 5071 2617 5142 accepistis,
2652 5087 2723 5126 an
2752 5087 2817 5127 ex
2846 5071 3034 5127 auditu
3067 5070 3243 5127 ﬁdei?
3274 5070 3364 5127 Sic
3395 5070 3543 5124 stulti
3573 5070 3706 5125 estis

2116 5178 2137 5213 ‹
2166 5166 2243 5227 ut,
2275 5174 2398 5215 cum
2455 5160 2645 5230 spiritu
2702 5160 2996 5231 cmperitis,
3047 5176 3191 5216 nunc
3246 5175 3412 5215 carne
3444 5174 3705 5214 consum-

2109 5271 2129 5296 α
2167 5247 2433 5302 memini?
2462 5249 2629 5303 Tanta
2654 5249 2802 5319 passi
2834 5248 2967 5304 estis
3018 5248 3135 5304 sine
3166 5263 3333 5303 causa
3354 5247 3382 5302 ?
3426 5247 3473 5301 si
3520 5254 3705 5301 tamen

2109 5357 2131 5387 ί
2167 5336 2285 5391 sine
2332 5351 2514 5392 causa.
2569 5335 2673 5406 Qui
2723 5352 2856 5410 ergo
2913 5337 3100 5391 tribuit
3146 5336 3301 5392 vobis
3336 5334 3615 5406 Spiritum,
3651 5341 3707 5390 et

2108 5447 2129 5473 α
2164 5432 2421 5497 operatur
2441 5426 2667 5483 virtutes
2689 5426 2742 5480 in
2768 5424 2944 5493 vobis,
2972 5442 3039 5481 ex
3062 5424 3321 5496 operibus
3350 5422 3510 5497 legis,
3536 5438 3608 5478 an
3636 5438 3704 5479 ex

2106 5533 2130 5565 α
2164 5513 2354 5571 auditu
2379 5511 2545 5573 ﬁdei?
2586 5514 2735 5572 Sicut
2763 5513 3028 5586 scripturn
3059 5519 3142 5571 est
3167 5530 3180 5568 :
3205 5536 3226 5563 α
3254 5512 3500 5571 Credidit
3519 5511 3703 5569 Abra-
