3960 6050
187 244 299 298 293

855 240 1236 299 EXPOSITIO
1276 242 1349 297 IN
1389 239 1764 297 EPISTOLAS
1801 238 2026 295 PAULI.
2071 267 2140 278 —
2178 237 2253 293 IN
2289 236 2508 292 EPIST.
2550 237 2645 292 AD
2685 236 2844 293 GAL.

3388 241 3492 295 294

196 386 220 415 ι
258 366 390 419 ham
421 365 553 432 Deo,
587 372 637 418 et
669 372 974 435 reputatum
1013 374 1093 422 est
1132 367 1182 423 ei
1228 367 1297 422 ad
1331 366 1592 436 justitiam
1624 367 1786 437 (Gen.
1810 367 1863 426 Α
1894 363 1962 417 ei.
1988 362 2297 417 Fascinatos
2326 361 2488 428 dicit,
2541 376 2804 416 accusans
2850 359 3216 431 insipientiam
3258 376 3486 428 eorum;

201 476 225 500 ε
264 468 364 521 xv,
392 457 461 519 6;
494 455 647 507 Rom.
680 469 757 519 iv,
791 455 865 523 3).
905 479 926 503 ιι
962 454 1288 528 Cognoscite
1330 472 1487 525 ergo,
1535 456 1659 526 quia
1705 453 1797 525 qui

197 561 221 591 ι
262 557 329 595 ex
361 539 467 595 ﬁde
489 548 630 606 sunt,
664 540 718 594 hi
750 550 874 596 sunt
918 541 1013 596 ﬁlii
1044 544 1300 599 Abrahae.
1350 544 1649 599 Providens
1696 560 1796 597 au-

198 649 223 679 ¢
260 637 375 683 tem
405 628 699 699 Scriptura,
734 630 856 700 quia
894 647 958 685 ex
990 630 1096 685 ﬁde
1121 631 1374 701 justiﬁcat
1396 640 1589 704 gentes
1628 633 1793 699 Deus,

199 740 223 764 ιι
260 718 645 788 praenuntiavit
682 717 933 786 Abrahae,
975 720 1102 791 quia
1151 741 1174 771 ι
1220 720 1611 776 benedicentur
1650 720 1704 773 in
1730 722 1797 775 ’te

200 825 226 856 ε
263 821 459 860 omnes
488 813 683 878 gentes
714 806 873 875 (Gen.
914 822 1015 876 xu,
1070 810 1145 877 3).
1185 832 1206 856 ιι
1240 808 1412 881 Igitur
1454 810 1543 881 qui
1572 825 1639 863 ex
1690 807 1797 864 ﬁde

200 915 224 945 ι
254 902 386 949 sunt
414 894 808 950 benedicentur
846 911 969 951 cum
1017 894 1162 951 ﬁdeli
1205 898 1499 951 Abraham.
1551 896 1796 965 Quicun-

201 1003 225 1030 ι
261 998 371 1053 que
400 981 543 1037 enim
575 998 640 1037 ex
689 983 947 1054 operibus
983 984 1125 1057 legis
1172 993 1315 1051 sunt,
1364 986 1465 1040 sub
1508 985 1796 1041 maledicto

200 1092 224 1116 α
263 1077 413 1123 sunt.
473 1070 741 1142 Scriptum
798 1080 880 1127 est
937 1072 1082 1127 enim
1117 1091 1130 1127 :
1168 1096 1189 1119 «ι
1245 1074 1563 1129 Maledictus
1620 1073 1796 1127 omnis

200 1181 223 1204 ιι
252 1156 464 1229 [homo]
494 1159 585 1229 qui
615 1175 724 1214 non
752 1162 1112 1230 permanserit
1141 1161 1195 1215 in
1228 1162 1480 1217 omnibus
1512 1178 1633 1233 quae
1655 1162 1796 1217 scri-

202 1268 225 1293 ιι
264 1254 357 1317 pta
402 1254 525 1300 sunt
568 1247 623 1301 in
666 1248 806 1303 libro
836 1248 996 1319 legis,
1032 1257 1085 1303 ut
1132 1248 1287 1304 faciat
1310 1266 1372 1305 ea
1402 1251 1587 1321 (Deut.
1613 1265 1793 1319 xxvn,

202 1354 225 1383 ι
261 1337 378 1404 26).
418 1359 439 1381 ιι
477 1334 746 1402 Quoniam
793 1345 969 1391 autem
999 1337 1054 1391 in
1099 1338 1224 1410 lege
1275 1354 1435 1393 nemo
1476 1337 1799 1407 justiﬁcatur

201 1444 225 1468 α
261 1422 414 1493 apud
446 1424 640 1490 Deum,
674 1424 1011 1480 manifestum
1041 1433 1141 1492 est,
1178 1426 1305 1498 quia
1338 1449 1359 1473 «
1390 1428 1567 1495 justus
1617 1442 1681 1481 ex
1728 1424 1795 1479 ﬁ-

205 1532 227 1555 α
255 1510 328 1565 de
357 1511 487 1565 vivit
518 1512 742 1581 (Habac.
775 1528 833 1579 ιι,
881 1516 951 1578 4ς
985 1517 1137 1570 Rom.
1185 1530 1223 1579 ι,
1278 1516 1387 1585 17).
1428 1540 1448 1563 ιι
1489 1516 1596 1569 Lex
1618 1523 1797 1570 autem

204 1620 227 1643 ιι
266 1613 380 1653 non
402 1607 484 1654 est
512 1616 579 1654 ex
607 1598 714 1655 ﬁde
748 1616 759 1654 :
794 1601 891 1655 sed
926 1624 947 1648 «
984 1602 1075 1673 qui
1104 1602 1295 1658 fecerit
1325 1618 1409 1672 ea,
1442 1603 1587 1659 vivet
1614 1603 1667 1656 in
1690 1604 1799 1657 illis

205 1708 227 1731 ι
267 1687 469 1755 (Leuit.
520 1702 678 1753 xvui,
729 1688 805 1759 5).
847 1713 867 1738 ιι
904 1688 1153 1745 Christus
1197 1698 1378 1745 autem
1424 1707 1524 1745 nos
1568 1691 1797 1746 redemit

205 1797 227 1821 α
266 1775 339 1830 de
368 1775 662 1831 maledicto
691 1776 831 1848 legis
859 1793 871 1831 :
904 1777 1080 1833 factus
1111 1795 1208 1849 pro
1238 1780 1396 1834 nobis
1425 1779 1795 1848 maledictum,

206 1886 228 1909 κ
266 1863 396 1935 quia
426 1865 683 1935 scriptum
723 1874 805 1920 est
836 1884 849 1919 :
881 1867 1199 1923 Maledictus
1247 1868 1424 1923 omnis
1469 1867 1673 1940 [homo]
1712 1868 1801 1940 qui

200 1973 223 2001 ι
256 1952 463 2023 pendet
518 1953 574 2006 in
603 1952 752 2025 ligno
784 1954 969 2023 (Deut.
1004 1970 1125 2024 xxx,
1158 1956 1270 2025 23),
1309 1980 1330 2004 ιι
1366 1964 1422 2010 ut
1465 1956 1521 2009 in
1551 1957 1803 2029 gentibus

206 2063 226 2084 ιι
266 2039 580 2095 benedictio
610 2042 843 2096 Abrahm
868 2041 1024 2098 ﬁeret
1070 2044 1123 2097 in
1155 2044 1372 2099 Christo
1400 2046 1547 2110 Jesu,
1591 2052 1648 2098 ut
1677 2044 1802 2115 pol-

206 2150 228 2173 α
264 2127 623 2183 licitationem
665 2129 887 2200 spiritus
916 2131 1250 2202 accipiamus
1289 2149 1386 2203 per
1431 2132 1620 2187 ﬁdem.
1671 2134 1802 2186 Fra-

206 2238 227 2261 α
271 2224 387 2271 tres
448 2218 769 2285 (secundum
811 2220 1086 2276 hominem
1137 2221 1281 2291 dico)
1342 2230 1522 2276 tamen
1568 2222 1803 2276 hominis

204 2326 226 2349 α
273 2303 657 2360 conﬁrmatum
697 2316 1077 2364 testamentum
1108 2326 1268 2365 nemo
1300 2310 1525 2379 Spernit,
1564 2318 1657 2364 aut
1705 2327 1801 2365 su-

204 2416 225 2438 n
260 2394 583 2463 perordinat
638 2395 823 2465 (Hebr.
884 2412 965 2463 ix,
1020 2398 1128 2467 17).
1180 2398 1411 2453 Abrahae
1469 2398 1627 2453 dictas
1683 2406 1805 2453 sunt

204 2504 227 2525 ιι
262 2481 680 2552 promissiones,
715 2492 767 2538 et
795 2485 987 2539 semini
1016 2487 1151 2554 ejus.
1187 2486 1308 2541 Non
1331 2486 1461 2541 dicit
1493 2494 1545 2541 et
1575 2487 1803 2541 semini-

207 2593 229 2615 κ
266 2570 394 2639 bus,
430 2571 581 2642 quasi
611 2572 667 2625 in
708 2572 912 2639 multis,
945 2574 1043 2627 sed
1073 2574 1231 2645 quasi
1260 2574 1315 2628 in
1353 2590 1481 2643 uno,
1518 2582 1571 2629 et
1610 2574 1804 2630 semini

205 2678 228 2707 ι
264 2666 363 2713 tuo
394 2659 485 2729 qui
515 2668 597 2714 est
627 2660 892 2716 Christus.
938 2662 1054 2718 Hoc
1089 2669 1267 2717 autem
1316 2662 1458 2732 dico,
1512 2670 1803 2718 testamen-

206 2765 228 2787 ει
262 2749 382 2795 tum
414 2741 779 2798 conﬁrmatum
810 2762 840 2798 a
860 2745 996 2800 Deo.
1047 2744 1181 2815 Quae
1209 2754 1331 2816 post
1374 2746 1806 2818 quadringentor

205 2852 227 2874 ει
263 2838 322 2884 et
342 2830 563 2901 triginta
599 2847 774 2886 annos
804 2832 945 2888 facta
992 2841 1074 2889 est
1113 2833 1220 2903 lex,
1254 2849 1363 2889 non
1412 2833 1626 2889 irritum
1675 2835 1805 2891 facit

208 2941 229 2962 υ
267 2918 341 2971 ad
392 2920 760 2973 evacuandam
804 2921 1241 2991 promissionem.
1291 2922 1430 2976 Nam
1473 2922 1519 2977 si
1568 2939 1633 2977 ex
1680 2923 1803 2995 lege

207 3028 229 3051 ει
266 3006 581 3073 Ιιᾶξτεάἱιθε,
607 3008 719 3077 jam
756 3024 865 3063 non
895 3025 960 3065 ex
991 3009 1373 3080 promissione.
1424 3010 1661 3065 Abrahae
1707 3027 1803 3065 au-

1898 467 2007 506 non
2037 451 2179 505 enim
2211 448 2466 505 diﬁ'erunt
2494 466 2527 504 a
2556 451 2777 516 vetulis,
2813 466 2934 520 qua
2965 450 3195 505 credunt
3224 449 3491 522 quosdam

1899 540 2256 595 fascinatores
2287 539 2404 593 solo
2427 539 2545 594 visu
2568 555 2729 609 posse
2762 554 3109 609 corrumpere
3131 554 3268 609 quos
3289 539 3491 595 volunt.

1904 630 2010 683 Vos
2039 627 2164 683 dico
2194 627 2485 683 fascinatos
2510 632 2644 683 ante
2666 628 2855 683 oculos
2883 643 3119 699 quorum
3149 627 3299 698 (quia
3317 628 3492 697 ipsam

1898 717 2183 771 veritatem
2222 716 2433 771 habetis
2462 723 2511 770 et
2542 715 2895 787 cognoscitis)
2927 723 2978 769 et
3007 717 3061 769 in
3093 715 3265 771 oculis
3293 715 3493 771 vestris

1901 803 2157 859 Christus
2194 806 2351 860 Jesus
2375 806 2725 876 proscriptus
2763 809 2863 860 est.
2900 804 3237 874 Proscriptus
3274 803 3490 872 dicitur,

1898 893 1988 963 qui
2035 909 2065 945 a
2112 909 2284 965 regno
2330 900 2383 947 et
2410 891 2718 947 haereditate
2749 908 2849 947 sua
2890 892 3193 963 depellitur.
3227 893 3268 947 Ii
3313 900 3493 948 autem

1899 980 2170 1035 Christum
2199 998 2229 1035 a
2246 997 2419 1053 regno
2450 990 2501 1038 et
2518 980 2835 1035 haereditate
2854 995 2955 1035 sua
2974 980 3337 1051 depellabant,
3362 981 3492 1037 dum

1898 1068 2110 1139 seipsos
2152 1069 2207 1123 in
2237 1070 2433 1140 quibus
2463 1085 2695 1142 regnare
2726 1069 2978 1136 debebat,
3022 1077 3075 1123 et
3096 1069 3186 1139 qui
3209 1070 3324 1138 ejus
3345 1078 3495 1125 erant

1898 1157 2203 1222 haereditas,
2255 1158 2468 1213 Christo
2499 1157 2899 1213 subducebant.
2954 1157 3077 1212 Non
3115 1158 3290 1213 solum
3333 1174 3493 1228 pros-

1898 1246 2137 1315 criptus;
2172 1245 2269 1301 sed
2298 1246 2457 1301 etiam
2488 1245 2734 1300 Christus
2779 1253 2861 1300 est
2890 1246 2951 1299 in
2984 1246 3130 1301 vobis
3159 1247 3490 1315 cruciﬁxus.

1897 1335 2021 1389 Non
2050 1334 2193 1388 enim
2224 1334 2399 1406 magis
2438 1333 2589 1389 viluit
2639 1333 2877 1389 213
2928 1334 3174 1388 Christus
3217 1334 3272 1389 in
3319 1335 3494 1391 oculis

1897 1422 2207 1477 Judaeorum
2256 1431 2309 1477 et
2333 1421 2509 1489 Pilati,
2529 1438 2689 1493 quam
2720 1422 2773 1475 in
2805 1421 2977 1489 vobis,
3002 1422 3092 1493 qui
3115 1423 3195 1479 sic
3221 1439 3345 1478 eum
3363 1439 3494 1479 con-

1900 1510 2160 1565 temnitis.
2208 1510 2305 1566 Vel
2349 1511 2459 1565 ita:
2504 1512 2643 1565 Ante
2710 1510 2899 1565 oculos
2947 1525 3178 1581 quorum
3247 1512 3493 1567 Christus

1900 1600 2236 1669 proscriptus
2267 1606 2349 1653 est
2379 1600 2432 1651 in
2461 1598 2597 1664 aliis,
2633 1614 2770 1670 quos
2818 1598 2961 1653 malo
3009 1598 3258 1670 exemplo
3304 1601 3497 1671 depra-

1825 1716 1880 1779 Β
1902 1688 2090 1754 vastis,
2124 1696 2175 1742 et
2197 1686 2360 1742 etiam
2386 1686 2441 1740 in
2464 1687 2617 1742 vobis
2646 1686 2797 1757 ipsis,
2834 1687 2923 1757 qui
2971 1688 3243 1742 Christum
3273 1689 3496 1759 repelli-

1902 1775 1970 1829 tis
1999 1792 2029 1829 a
2061 1775 2240 1831 vobis.
2281 1776 2347 1829 Et
2378 1775 2506 1830 licet
2547 1774 2620 1828 ita
2650 1774 2719 1827 sit
2747 1775 3104 1845 proscriptus,
3156 1784 3337 1830 tamen
3379 1776 3497 1847 ipse

1900 1879 2002 1934 pro
2029 1864 2184 1919 vobis
2213 1871 2295 1918 est
2324 1861 2631 1933 cruciﬁxus,
2665 1878 2766 1917 nec
2794 1862 2867 1915 ita
2888 1870 3032 1917 esset
3050 1863 3492 1933 proscribendus.

1902 1953 2017 2008 Hoc
2048 1952 2328 2007 evidenter
2366 1951 2611 2006 inseruit.
2645 1951 2804 2006 Modo
2834 1951 3116 2006 revertitur
3145 1952 3214 2007 ad
3259 1952 3413 2007 illud.
3448 1952 3495 2009 Ο

1902 2057 2003 2095 vos
2035 2040 2315 2106 insensati,
2368 2040 2495 2095 licet
2532 2039 2695 2095 modo
2744 2039 2871 2093 satis
2929 2040 3275 2110 probaverim
3331 2040 3495 2096 ﬁdem

1902 2129 2102 2196 valere,
2137 2129 2315 2200 legem
2345 2128 2557 2182 irritam
2586 2143 2723 2193 esse,
2758 2135 2812 2182 et
2850 2128 2975 2183 licet
3003 2144 3101 2183 vos
3130 2129 3388 2185 insensati
3416 2129 3497 2184 si-

1903 2217 1990 2283 tis,
2026 2226 2202 2272 tamen
2233 2233 2331 2272 vos
2354 2217 2503 2287 ipsos
2532 2215 2727 2271 faciam
2756 2215 2999 2271 conﬁteri
3026 2225 3077 2271 et
3097 2218 3335 2287 probare
3352 2218 3496 2289 quod

1904 2322 1969 2359 ex
1999 2304 2105 2361 ﬁde
2148 2306 2213 2359 sit
2254 2305 2475 2374 justitia,
2510 2312 2562 2360 et
2608 2320 2715 2359 non
2755 2320 2821 2359 ex
2868 2303 3017 2375 lege.
3058 2304 3218 2372 Quod
3250 2306 3329 2362 sic
3372 2306 3446 2360 ait
3479 2323 3491 2362 :

1903 2393 2067 2447 Multa
2097 2394 2199 2447 alia
2230 2401 2519 2449 occurrunt
2547 2408 2647 2463 per
2688 2393 2947 2463 quiehoc
2994 2393 3225 2463 probare
3256 2410 3496 2464 possem,

1904 2482 2001 2536 sed
2034 2482 2132 2538 hoc
2160 2484 2343 2537 solum
2374 2481 2585 2551 sufﬁcit,
2618 2490 2671 2536 et
2690 2482 2795 2536 hoc
2822 2482 2941 2536 volo
2962 2481 3172 2538 discere
3194 2500 3229 2537 a
3253 2483 3400 2539 vobis
3421 2502 3497 2541 an

1904 2572 2201 2642 accepistis
2229 2571 2507 2642 Spiritum
2552 2574 2817 2625 sanctum
2865 2585 2938 2625 ex
2971 2570 3107 2641 lege,
3155 2587 3231 2625 an
3263 2587 3337 2627 ex
3364 2572 3494 2642 ﬁde.

1903 2660 1985 2713 Ex
2015 2659 2139 2729 lege
2170 2675 2297 2727 non,
2334 2658 2456 2729 quia
2492 2674 2602 2723 vos,
2640 2657 2891 2729 gentiles,
2921 2657 3099 2728 legem
3130 2674 3239 2713 non
3266 2660 3497 2716 habuis-

1904 2748 1993 2800 tis.
2027 2748 2095 2800 Et
2126 2762 2234 2801 non
2264 2746 2335 2801 ita
2365 2746 2682 2817 simpliciter
2709 2745 2879 2816 ponit,
2925 2746 3024 2800 sed
3052 2746 3221 2802 addit.
3244 2747 3327 2802 Ex
3358 2764 3497 2820 ope-

1904 2836 2059 2889 ribus
2105 2834 2266 2907 legis,
2306 2850 2376 2888 an
2414 2851 2479 2890 ex
2526 2834 2709 2889 auditu
2757 2833 2903 2903 ﬁdei,
2941 2834 3254 2905 deprimens
3294 2835 3495 2909 legem,

1905 2925 2059 2992 cujus
2089 2938 2258 2994 opera
2288 2931 2437 2977 erant
2466 2922 2850 2993 importabilia,
2880 2924 3269 2978 commendans
3298 2924 3459 2980 ﬁdem
3477 2969 3495 2994 ,

1907 3028 2028 3083 quae
2057 3011 2309 3067 facillime
2339 3028 2405 3066 ex
2426 3011 2543 3067 solo
2564 3012 2746 3066 auditu
2774 3011 3022 3065 habetur.
3055 3013 3122 3066 Et
3143 3028 3268 3067 cum
3298 3028 3363 3068 ex
3392 3013 3499 3070 ﬁde

206 3116 229 3141 α
266 3101 381 3149 tem
411 3111 511 3164 per
533 3072 1009 3166 repromissioneni
1040 3097 1260 3153 donavit
1286 3099 1454 3154 Deus.
1508 3097 1650 3167 Quid
1694 3099 1803 3171 igi-
1825 3072 1872 3133 Ο
1906 3072 2164 3165 Spiritum
2214 3095 2522 3165 accepistis,
2574 3097 2654 3151 sic
2682 3095 2845 3150 modo
2890 3096 3058 3150 stulti
3087 3099 3221 3152 estis
3254 3100 3319 3152 ut
3366 3113 3497 3153 cum

208 3204 229 3229 α
260 3190 351 3236 tur
375 3182 464 3236 lex
486 3184 514 3237 9
546 3184 773 3255 Propter
801 3186 1291 3258 transgressionem
1336 3187 1515 3257 posita
1562 3194 1661 3255 est,
1695 3188 1800 3243 do-

207 3285 365 3326 «nec
394 3270 603 3325 veniret
633 3288 839 3339 semen,
886 3274 972 3328 cui
1020 3274 1362 3344 promiserat,
1415 3275 1656 3330 ordinata
1704 3292 1804 3346 per

208 3379 230 3409 ι
268 3358 503 3430 angelos
574 3360 631 3413 in
684 3376 849 3415 manu
905 3362 1232 3418 Mediatoris.
1304 3363 1570 3418 Mediator
1623 3372 1804 3419 autem

210 3469 232 3493 ι
258 3446 424 3500 unius
454 3462 562 3502 non
601 3457 720 3513 est;
750 3449 897 3503 Deus
946 3458 1126 3505 autem
1165 3468 1303 3505 unus
1351 3459 1451 3506 est.
1513 3453 1620 3507 Lex
1668 3468 1803 3525 ergo

204 3556 227 3581 α
265 3535 533 3589 adversus
561 3537 826 3606 promissa
857 3538 1005 3594 Dei?
1034 3539 1191 3594 Absit
1215 3538 1226 3595 l
1261 3539 1316 3595 Si
1337 3540 1480 3595 enim
1504 3542 1630 3595 data
1659 3548 1806 3596 esset

208 3643 232 3673 ι
264 3623 377 3689 lex,
412 3640 535 3695 que
563 3633 749 3695 posset
778 3626 1051 3683 viviﬁcare
1079 3646 1093 3694 ;
1124 3644 1250 3685 vere
1279 3645 1344 3683 ex
1375 3629 1501 3701 lege
1532 3638 1675 3684 esset
1711 3630 1803 3698 ju-

210 3733 233 3756 α
270 3710 436 3765 stitia.
471 3712 577 3766 Sed
606 3713 870 3769 conclusit
898 3716 1173 3786 Scriptura
1204 3717 1388 3771 omnia
1421 3718 1521 3771 sub
1551 3725 1801 3788 peccato,

208 3822 230 3846 α
266 3806 327 3853 ut
348 3800 640 3869 promissio
671 3818 736 3857 ex
768 3801 876 3858 ﬁde
920 3805 1048 3858 Jesu
1079 3804 1277 3859 Christi
1323 3805 1543 3860 daretur
1571 3806 1804 3861 creden-

206 3910 230 3934 α
266 3887 435 3942 tibus.
468 3888 625 3943 Prius
654 3898 833 3945 autem
862 3907 1026 3963 quam
1074 3892 1284 3948 veniret
1328 3892 1481 3959 ﬁdes,
1535 3895 1637 3948 sub
1680 3895 1805 3966 lege

209 3997 231 4021 α
266 3975 747 4045 custodiebamur;
782 3979 1025 4034 conclusi
1054 3979 1109 4033 in
1140 3996 1263 4035 eam
1298 3980 1462 4035 tidem
1493 3997 1612 4053 quae
1644 3998 1804 4037 reve-

210 4086 232 4109 κ
268 4062 436 4117 landa
464 4072 601 4119 erat.
644 4066 830 4137 Itaque
876 4067 962 4123 lex
1001 4066 1335 4140 paedagogus
1382 4077 1569 4125 noster
1612 4069 1709 4124 fuit
1750 4070 1807 4125 in

210 4173 232 4197 ιι
268 4151 509 4218 Christo,
542 4161 597 4208 ut
628 4170 692 4209 ex
721 4153 828 4210 ﬁde
868 4154 1246 4224 justiﬁcemur.
1292 4161 1359 4213 At
1408 4158 1500 4213 ubi
1547 4158 1693 4213 venit
1737 4157 1806 4211 ﬁ-

212 4261 233 4285 ιι
270 4238 393 4307 des,
428 4240 539 4308 jam
569 4257 678 4296 non
708 4258 895 4297 sumus
926 4244 1028 4299 sub
1056 4244 1383 4317 paedagogo.
1419 4246 1624 4301 Omnes
1663 4246 1807 4301 enim

212 4349 235 4371 α
266 4325 368 4380 filii
398 4328 497 4383 Dei
528 4330 656 4384 estis
684 4346 785 4401 per
815 4331 997 4399 ﬁdem,
1041 4332 1097 4387 in
1126 4334 1337 4401 Christo
1382 4334 1531 4390 Jesu.
1565 4333 1806 4402 Quicun-

1901 3201 2005 3257 per
2039 3186 2320 3255 Spiritum
2342 3185 2624 3255 cmperitis
2656 3182 2876 3248 salvari,
2908 3200 3063 3239 nunc
3090 3200 3283 3253 carne,
3316 3185 3371 3241 id
3416 3194 3501 3242 est

1904 3287 2001 3343 per
2029 3272 2301 3327 carnalem
2330 3271 2512 3343 legem
2533 3272 3026 3339 consummemini,
3060 3271 3114 3326 id
3144 3280 3225 3327 est
3252 3272 3501 3344 perﬁcia-

1904 3360 2055 3414 mini.
2090 3359 2385 3413 Plurimum
2415 3359 2659 3429 desipitis
2700 3374 2823 3414 cum
2854 3359 2984 3413 illud
3015 3361 3159 3432 quod
3206 3361 3384 3416 minus
3414 3370 3498 3419 est

1905 3448 2135 3518 (scilicet
2164 3447 2425 3518 incipere)
2460 3446 2681 3517 Spiritui
2711 3447 2873 3515 datis,
2907 3456 2959 3501 et
2997 3448 3126 3503 illud
3157 3450 3303 3519 quod
3324 3452 3499 3519 majus

1906 3537 1983 3609 (id
2004 3545 2085 3592 est
2112 3536 2396 3606 perﬁcere)
2426 3535 2714 3590 attribuitis
2734 3535 2905 3591 carni.
2931 3536 2999 3590 Et
3019 3536 3145 3606 quia
3163 3553 3264 3607 per
3278 3554 3499 3594 carnem

1906 3624 2424 3680 consummationem
2472 3624 2732 3696 quaeritis,
2781 3626 2904 3679 sine
2941 3640 3113 3679 causa
3160 3628 3295 3681 estis
3344 3628 3500 3697 passi

1910 3717 2095 3768 tanta.
2126 3714 2235 3768 Vos
2265 3713 2487 3784 quidem
2517 3712 2687 3767 multa
2715 3712 2862 3784 passi
2894 3712 3025 3767 estis
3052 3713 3123 3766 ab
3151 3711 3460 3769 inﬁdelibus
3481 3756 3497 3781 ,

1908 3801 2003 3856 sed
2025 3800 2246 3855 frustra.
2284 3802 2417 3857 Sine
2461 3818 2635 3858 causa
2665 3801 2788 3857 dico
2832 3815 2931 3856 vos
2979 3808 3120 3855 tanta
3158 3816 3389 3871 passos;
3424 3810 3503 3857 ta-

1906 3905 2033 3943 men
2064 3890 2167 3945 hac
2197 3890 2525 3959 conditione,
2559 3892 2609 3947 si
2638 3892 2763 3945 sine
2783 3906 2975 3957 causa,
3008 3889 3063 3944 id
3093 3897 3176 3945 est
3205 3891 3250 3945 si
3269 3890 3502 3947 incorri-

1907 3976 2104 4049 gibiles
2135 3978 2286 4033 estis.
2320 3978 2376 4033 Si
2407 3979 2549 4034 enim
2580 3978 2907 4049 pceniteatis,
2942 3986 3142 4048 praesto
3191 3986 3273 4033 est
3319 3979 3501 4035 indul-

1908 4065 2118 4138 gentia.
2156 4066 2225 4120 Et
2256 4066 2335 4122 sic
2372 4066 2559 4122 dicens
2595 4066 2798 4122 revelat
2827 4082 2979 4137 spem
3006 4082 3211 4123 eorum.
3247 4068 3349 4122 Per
3375 4067 3500 4124 illos

1909 4169 2047 4225 quos
2074 4170 2139 4210 ex
2187 4152 2294 4210 ﬁde
2344 4155 2458 4209 sola
2505 4155 2755 4225 probavit
2798 4154 3003 4210 habere
3049 4155 3329 4226 Spiritum,
3376 4157 3501 4229 quia

1907 4258 2183 4313 nunquam
2220 4242 2399 4315 legem
2427 4243 2745 4297 habuerant.
2783 4242 2908 4297 Vult
2937 4243 3101 4298 modo
3147 4244 3383 4314 probare
3431 4245 3501 4301 de

1909 4346 1969 4385 se
1999 4331 2164 4401 quod,
2199 4347 2320 4386 cum
2350 4338 2642 4403 utrumque
2676 4330 2945 4398 habuerit,
2977 4331 3155 4402 legem
3198 4339 3252 4387 et
3284 4331 3446 4388 ﬁdem
3480 4351 3496 4400 ;

211 4436 234 4461 α
270 4430 382 4487 que
412 4416 557 4471 enim
586 4417 641 4472 in
671 4419 886 4475 Christo
923 4420 1172 4492 baptizati
1220 4422 1371 4487 estis,
1403 4422 1677 4478 Christum
1714 4423 1803 4478 in-
1832 4421 1886 4483 D
1908 4434 2006 4489 per
2032 4417 2195 4473 ﬁdem
2239 4426 2418 4475 tamen
2449 4418 2704 4490 Spiritum
2740 4419 2969 4489 accepit,
3016 4435 3125 4474 non
3171 4436 3269 4491 per
3296 4420 3497 4495 legem.

211 4521 236 4555 ι
270 4502 487 4559 duistis.
519 4505 643 4561 Non
674 4516 755 4562 est
782 4508 1022 4575 Iudaeus,
1057 4525 1235 4581 neque
1266 4509 1531 4578 Graecus;
1564 4527 1673 4567 non
1722 4520 1804 4568 est

212 4614 235 4638 ι
270 4606 486 4659 servus,
530 4610 707 4665 neque
750 4595 929 4664 liber;
986 4613 1095 4653 non
1162 4606 1245 4653 est
1281 4599 1575 4667 masculus,
1625 4616 1805 4673 neque

211 4704 233 4725 α
270 4679 497 4735 femina.
531 4682 735 4738 Omnes
764 4685 919 4751 fenim
967 4701 1065 4740 vos
1104 4702 1273 4741 unum
1320 4688 1451 4743 estis
1492 4688 1549 4742 in
1591 4689 1806 4744 Christo

211 4790 234 4813 «ι
269 4768 422 4823 Jesu.
466 4769 522 4823 Si
553 4778 735 4827 autem
764 4788 861 4829 vos
898 4774 1119 4842 Christi,
1171 4791 1303 4848 ergo
1350 4792 1538 4833 semen
1575 4777 1806 4833 Abrahae

213 4875 237 4907 ι
273 4855 428 4926 estis,
461 4860 761 4916 secundum
791 4862 1214 4933 promissionem
1243 4865 1508 4921 haeredes.
1548 4890 1568 4914 ιι

856 5116 1174 5160 ΕΧΡΟΒΙΤΙΟ.

280 5291 351 5345 Et
374 5291 816 5364 quandoquidem
840 5311 941 5366 per
966 5295 1129 5351 ﬁdem
1146 5295 1371 5365 justitia,
1388 5303 1440 5352 et
1470 5312 1577 5352 non
1608 5313 1706 5368 per
1728 5296 1808 5353 le-

208 5394 358 5449 gem,
392 5395 422 5435 ο
446 5381 727 5437 insensati
753 5384 988 5451 Galataz,
1018 5384 1113 5456 qui
1149 5400 1241 5439 vos
1269 5387 1578 5457 fascinavit
1607 5392 1807 5441 utnon

208 5468 521 5523 crederetis
548 5471 781 5525 veritati
806 5476 829 5525 ?
856 5471 1145 5527 Veritatam
1164 5473 1375 5529 habetis
1403 5474 1459 5528 in
1486 5473 1660 5541 vobis,
1695 5473 1809 5530 sci-

209 5554 336 5613 licet
367 5554 537 5614 ﬁdem
567 5556 785 5629 Christi,
811 5576 931 5632 qua
944 5576 1074 5619 vere
1089 5560 1363 5632 justiﬁcat,
1389 5569 1442 5621 et
1460 5577 1571 5621 non
1589 5561 1808 5620 creditis

1907 4506 2067 4575 Quod
2099 4507 2203 4562 nisi
2232 4507 2510 4579 probaret,
2544 4507 2875 4563 dubietatem
2907 4507 3261 4580 relinqueret.

1977 4596 2133 4651 Unde
2172 4596 2247 4652 sic
2279 4595 2351 4651 ait
2382 4613 2396 4650 ε
2429 4595 2883 4668 Quandoquidem
2906 4611 2999 4653 vos
3020 4612 3083 4651 ex
3106 4595 3214 4653 ﬁde
3244 4598 3500 4669 Spiritum

1907 4684 2216 4755 accepistis,
2249 4692 2301 4739 et
2331 4700 2440 4740 non
2471 4700 2537 4740 ex
2580 4684 2722 4755 lege,
2754 4702 2882 4756 ergo
2928 4684 3120 4739 Paulus
3157 4687 3255 4757 qui
3298 4686 3504 4742 tribuit

1905 4772 2054 4828 vobis
2084 4772 2360 4843 Spiritum,
2406 4771 2461 4826 id
2509 4780 2592 4828 est
2640 4788 2741 4843 per
2776 4788 2970 4827 manus
3014 4773 3169 4843 cujus
3214 4774 3501 4844 accepistis

1907 4860 2166 4931 Spiritum
2192 4868 2461 4927 sanctum,
2494 4868 2546 4915 et
2568 4860 2660 4931 qui
2688 4866 2957 4934 cperatur
2984 4862 3227 4918 virtutes
3256 4870 3311 4918 et
3337 4862 3502 4918 mira-

1906 4948 2029 5005 cula
2060 4950 2123 5003 in
2162 4950 2329 5015 vobis,
2362 4948 2523 5005 dicite
2556 4949 2721 5005 modo
2752 4964 2822 5005 an
2852 4966 2926 5007 ex
2955 4951 3210 5024 operibus
3242 4952 3375 5025 legis
3405 4953 3504 5009 ha-

1905 5037 2021 5092 buit
2050 5036 2338 5108 Spiritum,
2374 5055 2450 5093 an
2496 5053 2570 5093 ex
2613 5039 2816 5096 auditu
2860 5040 3040 5108 ﬁdei!
3076 5040 3159 5096 Ex
3205 5039 3360 5096 vobis
3400 5057 3503 5113 per

1908 5125 2083 5181 simile
2106 5125 2355 5194 judicare
2384 5126 2636 5196 potestis,
2668 5126 2795 5198 quia
2824 5143 2891 5182 ex
2933 5126 3041 5185 ﬁde
3087 5145 3197 5185 non
3237 5146 3303 5185 ex
3353 5129 3498 5203 lege,

1906 5213 2034 5270 licet
2061 5221 2347 5286 utrumque
2376 5214 2649 5270 habuerit.
2702 5216 2782 5270 Ex
2830 5214 2937 5272 ﬁde
2977 5217 3205 5273 habetur
3248 5218 3497 5289 Spiritus.

1907 5304 1987 5357 Ex
2018 5301 2124 5358 ﬁde
2155 5304 2385 5359 habetur
2406 5304 2630 5373 justitia,
2664 5312 2717 5360 et
2746 5320 2810 5360 ex
2832 5304 2937 5361 ﬁde
2957 5306 3266 5377 promissio.
3299 5307 3503 5362 Littera

1910 5390 1988 5447 sic
2011 5392 2260 5465 jungitur
2291 5410 2304 5447 :
2340 5393 2423 5448 Ex
2452 5392 2558 5448 ﬁde
2589 5393 2669 5450 sic
2698 5394 2929 5449 habetur
2958 5395 3204 5467 Spiritus,
3255 5395 3393 5451 sicut
3435 5410 3502 5449 ex

1908 5480 2099 5537 eadem
2136 5479 2244 5538 ﬁde
2276 5482 2504 5539 habetur
2526 5482 2759 5551 justitia.
2795 5483 3009 5540 Iustitia
3047 5484 3232 5556 utique
3261 5499 3328 5540 ex
3358 5481 3492 5541 ﬁde.

1908 5569 2049 5626 Nam
2076 5569 2363 5629 Abraham
2386 5570 2631 5630 credidit
2657 5573 2785 5641 Deo,
2810 5571 2865 5628 id
2894 5578 2977 5629 est
3006 5571 3169 5629 ﬁdem
3199 5570 3407 5642 habuit,
3450 5578 3505 5629 et
