3960 6050
448 182 554 236 995

983 182 1038 237 S.
1075 180 1427 238 BRUNONIS
1465 178 2113 239 CARTHUSIANORUM
2166 180 2652 240 INSTITUTORIS
2704 183 2854 240 OPP.
2916 184 3091 241 PARS
3121 184 3197 239 II.

3630 187 3738 242 296

452 304 557 360 hoc
579 304 825 372 credere,
845 310 1172 379 reputatum
1194 311 1277 362 est
1300 308 1351 362 ei
1368 305 1636 362 sufﬁciens
1648 306 1719 361 ad
1739 304 2042 360 habendam
2063 306 2117 365 A
2147 320 2283 359 onus
2314 306 2470 377 legis,
2515 315 2775 379 quantum
2814 322 2915 364 nec
2944 307 3047 379 ipsi
3076 315 3262 379 patres
3290 323 3479 363 eorum
3517 315 3737 379 portare

443 395 761 464 justitiam.
796 395 861 448 Et
893 396 1020 465 quia
1050 396 1321 450 Abraham
1352 412 1448 466 per
1479 394 1639 450 ﬁdem
1666 393 1854 449 habuit
1885 393 2042 463 justi-

448 480 597 550 tiam,
630 499 755 553 ergo
781 485 1092 554 cognoscite
1127 485 1272 555 quia,
1305 487 1620 557 quicunque
1645 490 1769 537 sunt
1798 499 1871 537 ex
1901 482 2007 551 ﬁde
2029 523 2042 548 ,

447 578 500 625 et
528 586 637 625 non
668 587 733 625 ex
754 570 877 644 lege
900 571 1057 640 (sicut
1088 588 1188 627 nec
1209 572 1481 627 Abraham
1533 581 1661 627 tunc
1690 573 1827 641 erat)
1878 573 1922 626 ii
1948 586 2047 641 per

446 656 609 713 ﬁdem
632 664 766 714 sunt
787 660 897 728 ﬁlii
935 660 1189 727 Abrahae,
1223 661 1276 713 id
1307 669 1388 715 est
1411 660 1562 729 justi,
1597 659 1723 731 quia
1751 659 2045 713 imitatores

444 744 571 801 ﬁdei
611 755 735 801 sunt
769 748 1020 803 Abrahte.
1064 750 1204 803 Nom
1247 749 1422 803 solum
1461 764 1557 818 per
1604 746 1767 802 ﬁdem
1814 747 2045 802 habetur

447 836 677 906 Spiritus
708 844 759 890 et
773 836 993 905 justitia,
1029 838 1125 890 sed
1158 836 1320 891 etiam
1362 838 1415 890 in
1465 835 1571 890 ﬁde
1601 836 1825 891 habetur
1869 836 2041 890 bene-

442 924 627 987 dictio,
661 924 800 980 sicut
829 925 902 978 ibi
932 924 1148 994 legitur.
1201 924 1247 979 Ο
1299 926 1571 979 Abraham
1615 925 1677 979 in
1730 930 1803 990 te,
1856 924 1910 978 id
1960 932 2042 978 est

442 1013 495 1067 in
527 1013 875 1068 similitudine
916 1013 1039 1067 ﬁdei
1076 1022 1217 1080 tuae,
1268 1014 1669 1069 benedicentur
1709 1028 1817 1067 non
1866 1012 2040 1067 solum

438 1102 631 1167 Judaei,
666 1101 761 1157 sed
793 1101 956 1156 etiam
984 1118 1175 1157 omnes
1204 1106 1423 1172 gentes.
1465 1102 1571 1156 Sed
1604 1109 1895 1173 antequam
1945 1117 2042 1171 po-

440 1198 534 1246 nat
582 1191 721 1245 hanc
758 1189 1171 1259 auctoritatem,
1219 1189 1478 1260 praedicit,
1518 1190 1791 1261 quomodo
1840 1188 2040 1244 intelli-

442 1279 683 1350 gendum
712 1278 781 1332 sit
808 1277 963 1345 illud,
988 1280 1050 1333 in
1082 1282 1152 1343 te,
1177 1278 1365 1333 dicens
1399 1295 1411 1331 :
1444 1278 1740 1349 Scriptura
1762 1278 1815 1331 in
1838 1276 2041 1333 Genesi

433 1367 757 1439 providens,
790 1366 844 1421 id
893 1374 975 1421 est
1021 1366 1317 1421 ostendens
1364 1367 1539 1420 Deum
1588 1365 1927 1437 providisse;
1962 1365 2039 1421 sic

438 1456 583 1511 enim
629 1455 698 1509 ab
754 1462 978 1510 mterno.
1038 1455 1184 1509 Deus
1208 1453 1551 1521 deliberavit,
1585 1453 1903 1524 providens,
1956 1453 2039 1507 in-

442 1559 625 1615 quam,
660 1543 762 1598 hoc
811 1544 962 1615 quia,
1013 1542 1069 1596 id
1110 1549 1192 1596 est
1235 1542 1378 1614 quod
1422 1544 1567 1597 Deus
1612 1542 1887 1610 iustiﬁeat
1930 1557 2039 1596 non

2146 402 2459 465 potuerunt.

2218 484 2466 540 Probavit
2497 484 2677 553 modo,
2711 502 2809 556 per
2837 485 3112 541 Abraham
3144 494 3196 540 et
3215 485 3459 557 Moysen,
3477 484 3739 553 justitiam

2146 564 2338 628 haberi
2368 590 2431 628 ex
2463 573 2590 640 ﬁde,
2626 583 2677 628 et
2706 574 3142 630 benedictionem
3189 576 3332 644 (Act.
3361 590 3449 641 xv,
3487 577 3595 644 11),
3634 576 3738 631 hoc

2144 669 2429 733 utrumque
2463 678 2585 717 esse
2614 678 2678 717 ex
2719 661 2823 717 ﬁde
2852 663 3046 717 iterum
3078 663 3269 733 probat
3312 678 3413 732 per
3450 662 3733 719 Habacuc.

2143 750 2210 803 Et
2240 749 2693 805 considerandum
2724 760 2805 805 est
2834 751 3104 822 quomodo
3134 749 3296 806 ﬁdem
3330 767 3547 821 semper
3590 768 3737 822 prae-

2144 837 2277 893 ferat
2323 838 2452 911 legi,
2483 848 2534 895 et
2562 857 2660 910 per
2690 840 2960 894 Abraham
3013 844 3105 911 qui
3136 838 3233 893 fuit
3274 846 3397 893 ante
3440 839 3640 909 legem,
3684 849 3737 894 et

2143 944 2240 997 per
2269 929 2491 998 Moysen
2522 930 2766 997 ejusdem
2795 928 2934 1001 legis
2964 928 3231 991 datorem,
3265 935 3316 981 et
3337 944 3434 998 per
3455 928 3733 990 Habacuc,

2143 1016 2241 1069 sub
2268 1016 2384 1087 ipsa
2421 1016 2543 1088 lege
2576 1017 2863 1072 viventem.
2894 1017 2975 1071 Ex
3013 1015 3118 1071 ﬁde
3148 1015 3375 1070 habetur
3396 1014 3731 1084 justiﬁcatio.

2145 1104 2286 1171 Quia
2306 1109 2497 1160 autem
2518 1106 2578 1160 in
2611 1107 2723 1176 lege
2743 1121 2906 1162 nemo
2927 1105 3284 1177 justiﬁcatur
3297 1105 3428 1174 (non
3449 1103 3571 1159 dico
3589 1104 3736 1175 apud

2142 1192 2594 1249 existimationem
2624 1193 2926 1264 hominum)
2950 1193 3046 1248 sed
3068 1193 3217 1265 apud
3236 1194 3431 1261 Deum,
3460 1193 3739 1254 manifes-

2144 1284 2268 1337 tum
2289 1286 2371 1337 est
2401 1281 2455 1336 in
2486 1281 2760 1348 Habacuc,
2793 1284 2924 1354 quia
2954 1281 3029 1336 ait
3058 1281 3204 1353 quod
3234 1298 3308 1336 ex
3346 1281 3454 1349 ﬁde
3484 1279 3541 1334 ﬁt
3569 1281 3733 1337 homo

2129 1372 2344 1441 justus,
2378 1379 2429 1425 et
2457 1370 2548 1442 qui
2590 1371 2767 1439 justus
2818 1378 2919 1434 est,
2972 1371 3128 1436 vivit,
3175 1369 3231 1425 id
3282 1377 3363 1425 est
3407 1369 3734 1441 promissam

2140 1458 2578 1514 benedictionem
2607 1459 2978 1531 apprehendit,
3013 1466 3067 1514 et
3093 1458 3139 1512 si
3169 1474 3234 1513 ex
3270 1456 3375 1513 ﬁde
3408 1459 3520 1513 sola
3554 1458 3734 1527 justus

2140 1545 2288 1613 vivit,
2316 1555 2441 1601 tunc
2470 1562 2580 1602 non
2610 1564 2677 1601 ex
2706 1547 2851 1619 lege.
2884 1546 3196 1617 Opponeret
3226 1545 3316 1600 ille
3352 1564 3365 1600 :
3400 1546 3597 1601 Verum
3614 1545 3735 1617 qui-

438 1633 612 1687 solum
642 1630 783 1686 ﬁlios
810 1631 988 1685 carnis
1017 1630 1271 1696 Abrahm,
1305 1631 1401 1685 sed
1434 1630 1597 1684 etiam
1629 1635 1865 1719 gentes,
1874 1629 2037 1698 justi-
2058 1660 2109 1719 B
2139 1634 2283 1703 dem,
2335 1636 2479 1706 quod
2508 1652 2607 1706 per
2636 1634 2797 1690 ﬁdem
2841 1642 3053 1705 oportet
3082 1633 3367 1704 justiﬁcari
3414 1634 3691 1690 hominem
3716 1652 3731 1703 ;

438 1720 582 1787 ﬁcat,
616 1720 756 1788 dico,
787 1736 895 1774 non
925 1736 991 1774 ex
1030 1719 1175 1791 lege,
1209 1719 1306 1773 sed
1348 1735 1420 1774 ex
1452 1720 1587 1788 ﬁde.
1636 1718 1733 1773 Illa
1755 1718 2033 1788 Scriptura

439 1808 603 1881 longe
634 1817 756 1863 ante
801 1815 1013 1879 tempus
1064 1806 1254 1879 gratiae
1283 1806 1682 1878 praznuntiavit,
1722 1806 1775 1860 id
1826 1815 1907 1861 est
1936 1822 2033 1862 os-

437 1897 608 1952 tendit
638 1898 811 1952 Deum
849 1895 1242 1966 prmnuntiasse
1286 1895 1537 1961 Abrahae,
1589 1895 1712 1967 quia
1754 1895 1808 1949 in
1838 1903 1888 1950 te
1934 1911 2034 1966 per

440 1985 703 2041 imitatam
752 1985 916 2040 ﬁdem
966 1984 1357 2040 benedicentur
1398 2000 1589 2040 omnes
1632 1991 1827 2055 gentes
1866 1985 2030 2056 (Gen.

441 2089 544 2143 xu,
578 2076 653 2145 3).

505 2248 814 2307 Notandum
841 2258 924 2305 est
949 2248 1115 2321 quod,
1154 2263 1275 2305 cum
1332 2248 1528 2304 debeat
1567 2248 1794 2319 probare
1838 2248 1905 2303 de
1939 2248 2031 2304 be—

436 2341 761 2408 nedictione,
785 2341 858 2395 ait
891 2355 903 2394 :
935 2338 1197 2395 Justiﬁcat
1247 2356 1311 2394 ex
1348 2337 1473 2405 ﬁde,
1524 2338 1836 2411 intelligens
1884 2338 2030 2409 quod

430 2431 519 2486 ubi
549 2430 805 2502 praecedit
827 2428 1049 2498 justitia,
1083 2428 1157 2482 ibi
1189 2444 1253 2483 ex
1284 2428 1612 2483 necessitate
1652 2427 1898 2498 sequitur
1926 2427 2029 2481 be-

430 2519 686 2575 nedictio.
720 2517 879 2586 Quod
925 2517 1013 2571 hic
1053 2524 1206 2571 vocat
1253 2515 1712 2585 benedictionem,
1764 2515 1911 2570 idem
1938 2515 2027 2568 in-

430 2606 620 2679 telligit
657 2605 1113 2677 promissionem‘,
1156 2611 1537 2660 testamentum
1561 2644 1575 2672 ,
1635 2604 2024 2659 haareditatem.

430 2696 699 2750 Praeterea
726 2692 1022 2748 videndum
1050 2699 1131 2747 est
1160 2692 1305 2764 quod
1346 2708 1454 2747 non
1494 2692 1798 2764 incongruo
1837 2692 2025 2746 ordine

422 2799 489 2839 ex
519 2782 625 2837 ﬁde
659 2780 808 2853 prius
846 2780 1072 2835 habetur
1120 2780 1372 2849 Spiritus,
1422 2779 1622 2835 dehinc
1664 2779 1892 2848 justitia.
1939 2779 2022 2834 Ad

427 2871 675 2927 ultimum
704 2868 1028 2924 benedictio.
1064 2868 1190 2922 Post
1238 2866 1400 2921 ﬁdem
1449 2868 1594 2922 enim
1644 2868 1822 2922 statim
1866 2868 2025 2923 datur

427 2959 677 3032 Spiritus,
713 2958 829 3012 sine
860 2971 967 3029 quo
996 2971 1158 3010 nemo
1189 2963 1367 3026 potest
1397 2956 1534 3011 bene
1556 2956 1790 3027 operari.
1814 2957 2023 3013 Dehinc

424 3017 521 3120 per
548 3017 895 3116 adjuvanteni
921 3017 1205 3115 Spiritum,
1233 3052 1532 3115 sequuntur
1573 3017 1740 3115 opera
1780 3046 2018 3113 justitiae.
2045 3017 2091 3076 Ο

428 3138 556 3191 Post
583 3134 846 3205 justitiam
902 3132 1147 3204 sequitur
1201 3132 1507 3187 benedictio
1534 3176 1546 3198 ,
1592 3132 1813 3189 214
1852 3132 1906 3187 id
1940 3141 2023 3188 est

419 3224 688 3293 justorum
741 3238 969 3293 operum
1010 3221 1310 3276 retributio.
1354 3221 1422 3275 Et
1478 3220 1569 3292 qui
1615 3221 1895 3291 Scriptura
1943 3222 2021 3278 sic

430 3313 502 3368 ait
530 3328 629 3384 per
648 3310 810 3366 ﬁdem
840 3310 1129 3377 mediante,
1156 3309 1366 3378 justitia
1408 3309 1842 3365 benedictionem
1884 3326 2018 3366 con-

430 3401 603 3472 sequi,
633 3402 811 3472 igitur
838 3400 881 3454 ii
900 3401 996 3472 qui
1015 3402 1153 3454 sunt
1176 3414 1250 3453 ex
1269 3397 1397 3467 ﬁde,
1422 3398 1477 3452 id
1495 3406 1576 3452 est
1599 3398 1691 3469 qui
1714 3414 1836 3453 esse
1864 3414 2017 3452 suum

427 3490 696 3547 collocant
722 3489 778 3543 in
815 3486 942 3553 ﬁde,
976 3487 1122 3559 quod
1178 3486 1365 3558 utique
1412 3486 1583 3542 David
1628 3494 1681 3541 et
1729 3485 1881 3540 multi
1927 3486 2019 3541 alii

424 3592 547 3635 eum
578 3585 762 3633 essent
791 3576 891 3631 sub
920 3576 1074 3647 lege,
1108 3575 1411 3630 subsistere
1442 3584 1622 3629 tamen
1652 3574 1924 3629 habebant
1951 3590 2017 3629 ex

421 3666 548 3723 ﬁde.
590 3667 631 3721 li
665 3666 853 3737 utique
884 3664 977 3735 qui
1031 3672 1156 3717 sunt
1192 3680 1257 3718 ex
1304 3663 1410 3717 ﬁde
1442 3663 1846 3718 benedicentur
1888 3679 2017 3718 cum

420 3756 723 3820 Abraham,
755 3769 865 3807 non
894 3751 1235 3817 circumciso,
1266 3750 1361 3805 sed
1386 3750 1561 3819 ﬁdeli,
1596 3750 1650 3804 id
1678 3757 1761 3804 est
1789 3766 1897 3804 non
1917 3766 2017 3820 per

418 3843 620 3915 legem,
653 3842 749 3895 sed
780 3856 879 3911 per
913 3839 1096 3894 ﬁdem.
1146 3840 1261 3893 Nec
1306 3840 1411 3893 hoc
1455 3838 1892 3908 praetereundum
1935 3846 2016 3893 est

420 3930 567 4002 quod
596 3929 873 3983 Abraham
902 3944 968 3983 ex
996 3926 1101 3981 ﬁde
1126 3924 1451 3995 justiﬁcatus
1482 3926 1550 3979 sit
1580 3925 1895 3996 priusquam
1915 3926 2015 3981 cir-

419 4017 692 4075 cumcisus
708 4015 889 4072 fuerit.
924 4016 1065 4071 Vere
1096 4030 1161 4070 ex
1194 4012 1300 4069 ﬁde
1341 4013 1521 4069 solum
1570 4013 1800 4068 habetur
1841 4014 2013 4069 bene-

419 4107 585 4164 dictio
612 4126 626 4172 ;
661 4121 785 4160 nam
815 4121 882 4160 ex
905 4104 1029 4177 lege
1059 4118 1167 4159 non
1196 4103 1446 4169 habetur,
1498 4101 1596 4157 sed
1628 4102 1805 4172 potius
1849 4102 2016 4157 male-

415 4196 601 4253 dictio.
640 4195 964 4265 Quicunque
994 4194 1148 4248 enim
1188 4196 1344 4261 sunt,
1392 4190 1448 4245 id
1475 4198 1558 4246 est
1614 4190 1913 4246 subsistere
1953 4208 2012 4247 se

414 4284 645 4342 credunt
699 4299 772 4339 ex
792 4281 1048 4354 aperibus
1073 4281 1226 4352 legis,
1256 4279 1293 4334 ii
1324 4286 1447 4334 sunt
1466 4280 1569 4335 sub
1589 4280 1912 4337 maledicto.
1945 4281 2011 4334 Et

2140 1724 2237 1777 sed
2270 1732 2445 1778 tamen
2474 1724 2557 1779 lex
2588 1725 2804 1793 adjuvat
2850 1722 3032 1789 ﬁdem,
3094 1732 3146 1778 et
3183 1723 3582 1794 quodammodo
3626 1739 3730 1778 ne-

2133 1812 2372 1868 cessaria
2420 1822 2501 1867 est
2566 1812 2707 1868 ﬁdei.
2761 1812 2920 1880 Quod
2969 1812 3045 1866 ita
3091 1810 3281 1867 infert.
3314 1812 3396 1865 Ex
3446 1811 3551 1865 ﬁde
3597 1810 3732 1866 vivit

2126 1901 2325 1970 justus,
2370 1917 2479 1955 non
2510 1917 2575 1956 ex
2604 1900 2749 1972 lege.
2783 1903 2897 1956 Lex
2927 1905 3122 1956 autem
3150 1917 3264 1955 non
3294 1904 3396 1967 est,
3434 1899 3489 1954 id
3520 1907 3599 1955 est
3621 1914 3731 1955 non

2131 1990 2329 2060 pendet
2359 2006 2433 2044 ex
2460 1990 2586 2059 ﬁde,
2620 2005 2721 2044 nec
2750 1988 2919 2044 ullum
2939 1990 3312 2059 adjumentum
3332 1996 3414 2043 est
3441 1985 3586 2042 ﬁdei.
3620 1987 3729 2042 Sed

2132 2078 2293 2133 vultis
2340 2080 2482 2134 scire
2527 2078 2658 2148 quid
2701 2077 2894 2132 melius
2953 2077 3164 2133 faciat?
3209 2077 3342 2141 Hoc,
3375 2076 3600 2142 scilicet,
3630 2079 3733 2148 qui

2130 2168 2332 2238 fecerit
2346 2183 2429 2233 ea,
2461 2182 2582 2237 quae
2603 2166 2689 2222 lex
2706 2166 2971 2238 praecipit,
2996 2167 3141 2221 vivet
3161 2166 3223 2220 in
3246 2167 3384 2231 illis,
3410 2164 3463 2219 id
3481 2172 3563 2221 est
3578 2165 3727 2235 quod

2128 2255 2291 2311 habet
2321 2255 2619 2310 dimittetur
2648 2255 2698 2311 ei
2723 2274 2737 2321 ;
2772 2256 2870 2311 sed
2901 2254 3034 2310 nihil
3063 2254 3253 2309 merito
3283 2254 3422 2325 legis
3460 2268 3726 2325 augmen-

2130 2343 2330 2397 tabitur
2361 2343 2429 2399 ei.
2463 2343 2603 2412 Quia
2623 2344 2831 2398 dixerat
2861 2344 3113 2414 superius
3149 2358 3161 2396 :
3196 2342 3514 2397 Maledictus
3547 2342 3725 2396 omnis

2131 2431 2222 2502 qui
2252 2447 2359 2486 non
2392 2430 2579 2487 fecerit
2607 2440 2883 2502 praecepta
2929 2431 3090 2504 legis,
3124 2430 3332 2486 diceret
3373 2429 3463 2485 ille
3498 2448 3510 2483 :
3542 2428 3724 2497 Quan-

2129 2520 2421 2590 doquidem
2442 2521 2658 2590 Moyses
2690 2520 2768 2576 sic
2788 2520 2860 2575 ait
2889 2520 3036 2575 Licet
3067 2520 3233 2574 simus
3254 2520 3309 2573 in
3337 2519 3463 2586 ﬁde,
3497 2534 3723 2573 necesse

2128 2610 2310 2658 tamen
2331 2612 2412 2659 est
2440 2612 2496 2658 ut
2522 2604 2781 2659 faciamus
2810 2604 3011 2675 legem,
3045 2620 3114 2659 ne
3159 2602 3503 2658 maledictum
3550 2602 3725 2673 Moysi

2127 2690 2483 2749 incurramus.
2516 2692 2712 2748 Contra
2740 2693 2845 2748 hoc
2876 2692 3076 2747 Paulus
3111 2692 3295 2747 :Licet
3339 2692 3554 2761 Moyses
3595 2705 3720 2745 ma-

2126 2780 2373 2836 ledixerit
2402 2781 2548 2837 omni
2577 2798 2684 2837 non
2718 2780 2935 2836 facienti
2982 2781 3182 2852 legem,
3228 2795 3335 2835 non
3385 2788 3566 2834 tamen
3595 2779 3721 2834 ideo

2126 2870 2449 2925 adhaereatis
2479 2869 2616 2940 legi;
2667 2871 2923 2926 Christus
2968 2868 3111 2924 enim
3130 2869 3367 2924 redemit
3399 2884 3501 2923 nos
3530 2868 3597 2923 de
3626 2866 3721 2923 illo

2123 2959 2426 3014 maledicto
2459 2959 2613 3029 legis.
2649 2956 2803 3026 Quod
2836 2966 2889 3012 et
2917 2958 3133 3028 Moyses
3179 2972 3303 3013 cum
3346 2955 3714 3021 malediceret,

2122 3046 2402 3102 intellexit.
2438 3046 2685 3102 Redemit
2704 3061 2806 3100 nos
2837 3045 3084 3100 Christus
3112 3048 3305 3117 factus
3329 3061 3430 3117 pro
3451 3046 3606 3101 nobis
3631 3060 3719 3099 re-

2122 3136 2412 3202 dimendis,
2446 3150 2554 3190 non
2583 3133 2760 3189 solum
2798 3134 3140 3200 maledictus,
3189 3134 3285 3189 sed
3334 3134 3487 3188 etiam
3538 3133 3718 3187 male-

2122 3224 2355 3279 dictum.
2393 3224 2450 3279 Si
2494 3224 2617 3295 quis
2660 3222 2803 3278 enim
2845 3221 3279 3293 cruciﬁgentium
3321 3221 3592 3277 Christum
3622 3235 3715 3275 vo-

2121 3311 2217 3365 luit
2248 3312 2576 3367 maledicere
2608 3311 2789 3381 alicui,
2821 3310 3196 3378 maledicebat,
3230 3309 3419 3365 dicens
3452 3326 3463 3364 ε
3502 3308 3591 3364 Sic
3618 3308 3717 3362 tibi

2120 3400 2426 3472 contingat,
2463 3400 2738 3471 quomodo
2784 3398 2863 3454 illi
2904 3397 3183 3455 cruciﬁxo.
3244 3399 3385 3453 Vere
3430 3413 3528 3467 pro
3558 3396 3717 3452 nobis

2119 3487 2293 3543 factus
2327 3496 2409 3543 est
2430 3488 2803 3553 maledictum,
2836 3488 2967 3559 quia
2986 3489 3265 3558 scriptum
3294 3490 3380 3541 est
3412 3485 3466 3539 in
3506 3486 3713 3539 Deute-

2117 3577 2362 3631 ronomio
2395 3595 2408 3631 :
2444 3600 2467 3625 α
2494 3576 2683 3632 Omnis
2713 3576 2806 3647 qui
2834 3576 3035 3647 pendet
3081 3575 3136 3629 in
3165 3573 3315 3646 ligno
3364 3572 3432 3626 sit
3484 3571 3715 3627 maledi-

2115 3672 2233 3720 ctus
2264 3666 2449 3735 (Deut.
2482 3680 2603 3731 xxi,
2635 3665 2747 3738 25).
2790 3688 2812 3713 ι)
2834 3663 3078 3719 Christus
3108 3670 3287 3717 autem
3319 3662 3373 3715 in
3398 3660 3549 3733 ligno
3571 3677 3713 3731 pen-

2116 3753 2272 3820 dens,
2305 3769 2415 3808 non
2446 3753 2627 3824 utique
2658 3770 2724 3809 ex
2753 3752 2914 3823 culpa
2936 3751 3134 3823 pr0prii
3156 3749 3420 3816 criminis,
3448 3749 3550 3804 sed
3572 3748 3625 3802 in
3647 3764 3712 3805 eo

2116 3842 2233 3897 solo
2270 3840 2608 3909 maledictus,
2659 3842 2802 3913 quod
2848 3856 3067 3911 poenam
3115 3838 3390 3894 maledicti
3433 3837 3707 3893 sustinuit.

2113 3930 2329 4001 Moyses
2354 3930 2497 3985 enim
2518 3938 2869 4001 praeceperat,
2894 3937 2952 3983 ut
2982 3929 3027 3982 si
3048 3927 3169 3999 quis
3188 3944 3316 3982 reus
3333 3927 3702 3991 damnaretur,

2112 4017 2168 4072 in
2199 4018 2318 4088 ipsa
2347 4018 2689 4073 damnatione
2710 4016 2814 4088 ipsi
2834 4016 3271 4072 malediceretur.
3307 4014 3405 4069 Vel
3437 4015 3511 4068 ita
3532 4013 3710 4068 omnis

2114 4106 2205 4177 qui
2232 4107 2434 4177 pendet
2462 4106 2519 4161 in
2546 4107 2694 4177 ligno
2726 4106 2793 4160 sit
2822 4105 3164 4161 maledictus.
3200 4105 3344 4159 Deus
3366 4102 3510 4157 enim
3530 4102 3708 4173 primo

2112 4195 2330 4250 homine
2360 4203 2562 4261 creato,
2596 4194 2872 4250 benedixit
2902 4194 2973 4259 ei,
3010 4193 3056 4248 si
3087 4193 3142 4247 in
3181 4190 3489 4247 obedientia
3517 4190 3710 4261 persti-

2113 4283 2264 4339 tisset
2287 4302 2301 4351 ;
2327 4284 2424 4339 sed
2468 4283 2595 4355 quia
2622 4282 2883 4353 peccavit,
2916 4280 3196 4337 maledixit
3225 4281 3304 4347 ei;
3337 4279 3495 4348 Quod
3538 4277 3709 4333 male-

413 4374 521 4429 hoc
550 4371 745 4444 probat
776 4388 789 4427 ε
824 4371 967 4425 Vere
989 4377 1113 4424 sunt
1142 4369 1244 4424 sub
1274 4368 1594 4435 maledicto;
1623 4385 1759 4424 nam
1782 4368 1853 4423 ita
1873 4369 2011 4425 scri-
2033 4371 2086 4431 D
2114 4371 2294 4427 dicere
2324 4372 2458 4426 nihil
2485 4371 2627 4425 aliud
2659 4370 2756 4425 fuit
2786 4370 2892 4425 nisi
2924 4370 3159 4441 spoliare
3189 4385 3314 4424 eum
3349 4368 3417 4422 de
3446 4382 3709 4423 concessa

412 4465 578 4534 ptum
607 4463 693 4516 est
719 4459 775 4513 in
811 4456 1252 4522 Deuteronomio,
1303 4456 1357 4511 id
1397 4464 1480 4512 est
1519 4457 1574 4511 in
1602 4456 2011 4513 abbreviatione

412 4548 573 4622 legis,
606 4547 823 4620 quando
852 4548 1069 4617 Moyses
1099 4545 1282 4600 datam
1312 4544 1495 4617 legem
1526 4545 1764 4600 breviter
1792 4543 2009 4615 recapi-

412 4637 632 4706 tulavit,
664 4644 716 4692 et
744 4634 995 4691 omnibus
1041 4633 1331 4705 praeceptis
1380 4633 1619 4690 collectis
1666 4640 1854 4704 postea
1889 4632 1960 4686 ait
1992 4649 2008 4688 ε

415 4726 607 4783 Omnis
635 4726 735 4781 ille
769 4724 866 4797 qui
909 4740 1025 4779 non
1060 4723 1448 4795 permanserit
1485 4724 1549 4777 in
1596 4721 1854 4776 omnibus
1887 4738 2009 4792 qua:

406 4816 619 4887 scripta
639 4816 776 4869 sunt
808 4813 872 4868 in
908 4811 1047 4867 libro
1073 4813 1206 4883 legis
1239 4811 1409 4882 hujus
1441 4811 1572 4878 (non
1599 4808 1721 4865 dico
1751 4824 2005 4880 perman-

410 4903 543 4957 serit
573 4902 844 4959 voluntate
874 4917 887 4954 ε
920 4900 1019 4955 sed
1056 4900 1125 4955 ita
1155 4908 1211 4953 ut
1243 4898 1405 4955 faciat
1434 4898 1617 4953 omnia
1646 4898 1732 4969 ea)
1783 4920 1805 4945 α
1840 4897 2007 4953 male-

408 4990 584 5045 dictus
612 4991 681 5045 sit
702 4993 892 5060 (Deut.
931 5004 1115 5055 xxvu,
1147 4990 1259 5058 26).
1299 5008 1320 5037 ι
1353 4989 1419 5043 Et
1439 4988 1542 5043 hoc
1572 4988 1760 5043 dicens
1790 4987 2003 5057 Moyses

404 5077 551 5133 idem
574 5086 694 5133 erat
714 5094 779 5134 ac
809 5078 854 5132 si
881 5077 1088 5134 diceret
1122 5094 1135 5130 :
1169 5078 1322 5131 Hanc
1355 5076 1536 5148 legem
1567 5092 1675 5130 non
1716 5075 1868 5129 trado
1907 5089 2001 5129 vo-

405 5166 507 5233 bis,
541 5166 612 5222 ad
642 5167 944 5222 habendam
972 5167 1025 5221 in
1056 5182 1119 5221 ea
1150 5163 1618 5234 justiﬁeationem;
1655 5164 1751 5218 sed
1781 5163 1852 5217 ad
1898 5162 1999 5216 de-

401 5254 747 5326 primendam
776 5254 1029 5309 duritiam
1058 5261 1314 5309 vestram.
1347 5252 1416 5305 Et
1443 5250 1635 5307 scitote
1683 5248 2001 5320 fugiendum

400 5344 555 5401 vobis
583 5360 705 5400 esse
733 5343 801 5398 ad
830 5342 1073 5414 gratiam,
1107 5350 1162 5395 ut
1202 5339 1552 5395 maledictum
1582 5337 1722 5411 legis
1772 5346 2001 5393 evacuet

399 5433 580 5505 gratia
609 5431 825 5489 Christi.
856 5431 979 5503 Ipse
1015 5428 1174 5486 etiam
1221 5430 1414 5486 Petrus
1454 5426 1582 5484 dicit
1625 5434 1830 5483 tantum
1873 5442 1997 5484 esse

2112 4459 2540 4531 impassibilitate
2571 4468 2623 4515 et
2650 4459 3077 4516 immortalitate.
3112 4457 3361 4514 Christus
3392 4473 3543 4522 vero,
3578 4471 3707 4513 car-

2110 4564 2237 4603 nem
2293 4548 2489 4603 veteris
2521 4548 2652 4604 Adaa
2689 4564 3003 4615 assumens,
3049 4546 3146 4602 fuit
3192 4546 3530 4611 maledictus,
3581 4545 3709 4616 quia

2109 4635 2386 4706 passibilis
2415 4646 2467 4690 et
2502 4637 2766 4692 mortalis.
2812 4636 2972 4705 Quod
3000 4635 3057 4689 in
3097 4650 3162 4689 eo
3192 4634 3373 4705 palam
3414 4632 3541 4699 fuit,
3575 4632 3704 4685 dum

2107 4724 2164 4778 in
2192 4724 2341 4796 ligno
2369 4724 2659 4795 pependit;
2692 4724 2799 4795 pati
2839 4725 2986 4777 enim
3034 4738 3144 4777 non
3174 4729 3392 4792 posset,
3422 4719 3469 4773 si
3508 4719 3705 4789 impas-

2107 4812 2279 4866 sibilis
2308 4820 2474 4867 esset.
2508 4812 2777 4881 Objiceret
2827 4811 2916 4866 ille
2965 4809 3183 4881 gentilis
3218 4827 3231 4863 :
3267 4809 3330 4863 Et
3372 4808 3417 4861 si
3457 4806 3701 4862 Christus

2108 4901 2268 4956 solvit
2294 4901 2638 4957 maledictum
2667 4900 2827 4971 legis,
2851 4898 3009 4953 nobis
3039 4913 3139 4953 nos
3169 4895 3491 4952 habentibus
3521 4895 3699 4965 legem

2105 4988 2239 5043 nihil
2268 4990 2486 5059 profuit.
2540 4991 2738 5045 Contra
2759 4989 2864 5043 hoc
2894 4988 3092 5041 Paulus
3126 5004 3138 5043 :
3178 4986 3435 5043 Christus
3458 4984 3702 5039 redemit

2104 5094 2225 5142 nos,
2262 5082 2327 5133 ut
2356 5078 2496 5133 sicut
2552 5078 2607 5132 in
2656 5076 2880 5142 Iudaeis,
2927 5076 3007 5132 sic
3043 5077 3107 5131 in
3137 5074 3397 5145 gentibus
3455 5070 3694 5127 215

2101 5166 2263 5235 ﬁeret
2284 5165 2612 5234 benedictio,
2645 5165 2699 5220 id
2720 5172 2801 5219 est
2819 5164 3176 5235 repromissio
3198 5161 3431 5217 Abrahae
3447 5158 3701 5214 habenda

2100 5255 2164 5309 in
2197 5254 2415 5311 Christo
2444 5256 2605 5320 Jesu,
2638 5269 2747 5309 non
2778 5270 2876 5325 per
2923 5252 3130 5326 legem.
3184 5250 3363 5306 Fieret
3399 5249 3521 5304 dico
3564 5262 3696 5318 pro-

2100 5342 2315 5409 missio,
2347 5343 2418 5397 ita
2448 5347 2510 5398 ut
2550 5344 2896 5414 accipiamus
2948 5341 3460 5414 pollicitationem,
3510 5335 3566 5391 id
3614 5342 3697 5391 est

2098 5447 2214 5490 rem
2243 5431 2559 5505 frequenter
2589 5430 2908 5504 pollicitam.
