3960 6050
150 250 265 303 297

816 248 1193 306 EXPOSITIO
1234 249 1308 303 IN
1346 246 1725 303 EPISTOLAS
1765 245 1990 301 PAULI.
2022 279 2090 289 —
2118 250 2192 304 IN
2229 250 2443 305 EPIST.
2486 251 2579 305 ΑΙ)
2614 250 2773 306 GAL.

3353 234 3471 309 29s

246 373 698 429 Pollicitationem
742 373 863 427 dico
893 373 1141 442 Spiritus,
1175 372 1229 425 id
1261 380 1342 426 est
1372 371 1569 427 factam
1611 368 1768 424 nobis
1788 371 1841 429 A
1874 372 2006 441 lege,
2041 374 2186 442 quod
2217 380 2393 428 tamen
2426 389 2547 427 esse
2577 373 2783 444 nequit,
2817 373 2862 426 si
2891 389 2964 428 ea:
2997 375 3133 443 lege,
3181 373 3306 443 jam
3344 388 3461 427 non

173 480 279 532 per
310 462 567 532 Spiritum
593 481 606 526 ;
640 461 725 516 vel
764 461 1015 530 Spiritus,
1049 461 1172 532 quia
1197 462 1307 529 jam
1358 460 1612 529 Spiritum
1643 474 1774 513 san-

175 559 329 606 ctum
362 566 460 619 per
488 565 647 619 quem
654 549 761 617 jam
785 549 981 618 partim
1003 548 1317 603 deiﬁcamur
1333 548 1550 602 arrham
1572 547 1776 600 haben-

177 637 267 691 dae
316 636 661 690 beatitudinis
711 638 1040 706 accepimus.
1092 636 1433 705 Accipiamus
1476 635 1617 697 dico,
1668 649 1772 688 non

178 740 284 794 per
314 724 514 793 legem,
550 724 645 777 sed
674 742 774 796 per
802 724 990 791 ﬁdem.
1025 723 1181 790 Quod
1210 724 1372 777 modo
1400 722 1648 793 probavit
1676 736 1777 790 per

178 812 558 865 auctoritatem
610 811 750 881 legis
794 820 845 866 et
888 812 1186 881 prophetas,
1222 810 1429 865 scilicet
1478 825 1574 879 per
1613 808 1777 862 ﬁdem

178 900 437 969 accipere
466 900 921 961 benedictionem,
948 898 1092 953 idem
1122 899 1312 968 probat
1342 914 1438 967 per
1466 897 1648 969 legem
1678 897 1777 949 hu-

176 1004 361 1041 manae
392 986 817 1051 consuetudinis,
851 987 1041 1040 dicens
1077 1002 1087 1039 :
1122 985 1260 1054 Quia
1310 987 1447 1040 sicut
1476 994 1776 1039 testamen-

177 1084 299 1128 tum
328 1075 615 1143 cujuslibet
640 1074 873 1128 hominis
903 1074 1154 1145 legaliter
1182 1073 1386 1128 factum
1436 1072 1641 1127 destrui
1670 1087 1778 1126 non

176 1170 382 1233 potest,
416 1162 489 1217 ita
519 1162 605 1216 lex
637 1170 1015 1216 testamentum
1061 1162 1159 1215 Dei
1192 1161 1402 1214 irritum
1446 1160 1628 1214 facere
1668 1174 1776 1213 non

179 1259 381 1320 potest.
415 1249 575 1317 Quod
621 1250 665 1303 si
712 1249 969 1318 objiciunt
1017 1249 1197 1318 legem
1244 1265 1366 1303 esse
1417 1246 1777 1317 antiquiorem

179 1340 285 1392 hoc
315 1346 659 1403 testamento,
684 1346 736 1392 et
765 1346 920 1392 vetus
950 1352 1057 1391 non
1090 1338 1288 1391 debere
1319 1336 1521 1390 destrui
1553 1351 1651 1404 per
1680 1349 1778 1388 no-

184 1442 333 1489 vum,
394 1425 525 1478 nihil
572 1426 775 1491 dicunt,
829 1440 949 1479 cum
1007 1426 1124 1479 haec
1176 1425 1465 1494 promissio
1524 1423 1658 1477 facta
1714 1421 1781 1474 sit

184 1513 423 1567 Abrahm
469 1513 634 1584 longe
690 1522 810 1567 ante
865 1512 1065 1583 legem.
1112 1512 1308 1566 Littera
1355 1512 1433 1566 sic
1474 1509 1721 1581 jungitur
1764 1524 1775 1561 :

186 1601 346 1667 Quod
378 1617 479 1669 per
520 1602 869 1655 auctoritates
916 1601 1078 1654 modo
1115 1599 1361 1669 probavi,
1395 1599 1547 1652 idem‘
1571 1600 1782 1667 fratres

1874 459 2106 513 habetur
2135 477 2209 515 ea:
2240 463 2691 532 repromissione.
2713 461 2849 529 Quia
2878 461 2923 513 si
2943 477 3051 515 non
3074 477 3137 515 ex
3160 460 3463 530 repromis-

1876 546 2046 613 sione,
2080 547 2250 602 falsus
2281 557 2363 603 est
2394 551 2539 603 Deus
2572 550 2662 619 qui
2691 549 2958 618 promisit.
2992 547 3152 616 Quod
3182 549 3228 602 si
3256 549 3328 602 ita
3359 556 3459 611 est,

1877 650 2008 706 ergo
2039 652 2140 690 nec
2186 636 2296 690 ullo
2325 637 2487 691 modo
2537 637 2784 690 habetur.
2821 637 2929 691 Sed
2980 652 3142 691 verus
3185 644 3267 691 est
3316 637 3461 690 Deus

1876 722 1965 792 qui
1996 723 2261 792 promisit.
2304 726 2455 796 Ergo
2487 741 2552 779 ex
2590 723 3010 795 repromissione
3041 724 3156 792 ejus
3187 732 3237 778 et
3272 740 3379 777 non
3401 740 3468 778 ex

1877 810 2019 881 lege.
2057 811 2113 865 Si
2143 828 2209 865 ex
2239 812 2382 883 lege,
2416 828 2527 865 non
2559 829 2624 866 ex
2654 812 3116 882 repromissione;
3150 812 3247 866 sed
3275 828 3340 866 ex
3373 828 3467 865 re-

1876 898 2236 966 promissione
2280 900 2525 955 habetur.
2564 900 2703 954 Vere
2750 916 2815 953 ex
2862 899 3304 970 repromissione,
3341 899 3469 971 quia

1876 987 2113 1041 Abrahte
2144 987 2374 1041 donavit
2405 989 2546 1041 Deus
2566 987 2935 1042 haereditatem
2953 1004 3057 1059 per
3086 988 3471 1059 repromissio-

1879 1091 2028 1129 nem.
2065 1075 2214 1146 Ergo
2246 1090 2354 1128 non
2382 1091 2482 1144 per
2502 1074 2700 1146 legem.
2727 1076 2794 1128 Et
2813 1075 2939 1145 quia
2960 1075 3131 1144 probo
3147 1092 3247 1145 per
3266 1074 3466 1146 legem,

1877 1178 1980 1216 nec
2020 1161 2299 1229 justitiam,
2334 1179 2401 1215 ne
2432 1162 2621 1216 haberi
2664 1162 3114 1216 benedictionem.
3150 1163 3327 1232 Igitur
3368 1178 3471 1232 op-

1879 1265 2049 1319 pones
2079 1248 2209 1301 mihi
2239 1250 2369 1321 quid
2415 1249 2616 1319 profuit
2648 1250 2787 1303 lex?
2823 1250 3044 1303 Frustra
3091 1250 3303 1305 videtur
3349 1265 3472 1304 esse

1879 1337 2021 1401 data,
2082 1353 2203 1391 cum
2261 1352 2435 1407 neque
2484 1335 2739 1405 justificet
2788 1353 2965 1407 neque
3023 1337 3212 1391 salvet.
3274 1339 3471 1393 Verum

1880 1425 2098 1494 quidem
2148 1424 2221 1478 ait
2263 1423 2482 1488 Paulus,
2535 1424 2677 1494 quod
2742 1440 2920 1494 neque
2973 1424 3244 1492 justificat,
3296 1441 3473 1495 neque

1882 1512 2084 1575 salvat,
2143 1527 2245 1566 nec
2302 1520 2483 1565 tamen
2528 1512 2650 1565 ideo
2698 1512 2926 1577 inutilis,
2980 1511 3104 1582 quia
3144 1514 3331 1583 posita
3388 1517 3471 1568 est

1877 1604 2106 1671 propter
2136 1602 2613 1668 transgressiones
2634 1599 3092 1668 multiplicandas,
3110 1599 3314 1654 addidit
3334 1598 3479 1653 enim

186 1704 331 1741 nunc
362 1689 484 1744 dico
515 1689 824 1742 secundum
856 1687 1156 1751 hominem,
1192 1687 1246 1739 id
1277 1694 1355 1740 est
1384 1702 1483 1755 per
1513 1687 1779 1738 humanas
1798 1710 1851 1768 Β
1880 1695 2160 1756 peccatum
2191 1686 2650 1755 praevaricationis
2672 1687 2815 1755 quod
2844 1702 2953 1740 non
2984 1695 3119 1740 erat.
3152 1687 3220 1739 Et
3250 1703 3477 1742 necesse

188 1775 613 1829 consuetudines
643 1774 850 1828 affirmo
880 1775 957 1829 sic
992 1790 1002 1827 :
1040 1777 1461 1830 Testamentum
1512 1772 1774 1839 hominis,

190 1862 315 1916 licet
346 1864 416 1915 sit
462 1862 748 1930 cujuslibet
791 1863 916 1917 vilis
961 1861 1213 1925 hominis,
1251 1866 1443 1915 tamen
1484 1867 1781 1913 testamen-

182 1958 295 2002 tum
325 1951 433 2004 hoc
448 1951 868 2016 conﬁrmatum,
891 1950 945 2002 id
973 1958 1054 2003 est
1082 1948 1332 2019 legaliter
1358 1947 1573 2013 factum,
1600 1954 1657 1999 ut
1678 1945 1782 1999 sint

186 2037 260 2090 ibi
293 2046 461 2091 testes
491 2052 502 2090 :
538 2037 821 2091 Moriturus
853 2044 1093 2102 testator,
1124 2045 1225 2091 etc.
1260 2036 1376 2090 Hoc
1405 2041 1784 2089 testamentum

190 2141 355 2179 nemo
386 2127 627 2195 spernit,
654 2133 710 2177 ut
738 2124 1067 2193 inexpletum
1097 2124 1331 2177 deserat.
1362 2124 1473 2177 Aut
1504 2138 1665 2177 nemo
1689 2138 1783 2175 su-

187 2230 290 2284 per
320 2213 445 2277 hoc,
476 2212 624 2265 aliud
655 2219 1032 2265 testamentum
1064 2211 1310 2266 ordinat.
1344 2211 1412 2263 Et
1444 2210 1582 2264 sicut
1613 2216 1783 2263 testa-

188 2308 431 2353 mentum
474 2300 708 2353 hominis
758 2315 917 2353 nemo
956 2299 1203 2364 destruit,
1238 2299 1308 2351 ita
1352 2298 1441 2352 lex
1488 2304 1784 2351 testamen-

191 2396 306 2440 tum
335 2387 439 2441 Dei
479 2403 588 2441 non
637 2387 763 2442 facit
810 2387 1043 2439 irritum.
1093 2388 1393 2456 Antequam
1442 2385 1547 2439 hoc
1598 2393 1782 2454 ponat,

191 2476 473 2545 praemittit
502 2474 646 2544 quod
694 2491 822 2529 vere
844 2482 1225 2528 testamentum
1257 2473 1357 2526 Dei
1388 2471 1586 2526 factum
1617 2472 1703 2536 sit,
1737 2480 1788 2525 et

194 2571 388 2632 postea
419 2563 563 2632 quod
595 2569 973 2616 testamentum
1006 2561 1276 2631 antiquius
1317 2560 1440 2631 lege
1472 2559 1645 2613 fuerit.
1680 2560 1786 2612 Te—

193 2656 523 2704 stamentum
554 2650 788 2703 hominis
816 2664 977 2703 nemo
1018 2648 1242 2718 spernit,
1277 2655 1658 2701 testamentum
1687 2662 1789 2699 au-

193 2745 303 2791 tem
335 2752 368 2790 a
413 2738 527 2791 Deo
575 2736 773 2791 factum
820 2745 921 2803 est,
972 2737 1096 2807 quia
1143 2736 1380 2790 Abrahae
1427 2735 1595 2789 dictae
1652 2738 1791 2788 sunt

191 2826 617 2895 promissiones.
668 2825 789 2878 Non
837 2824 963 2879 dicit
1008 2824 1152 2893 quod
1196 2823 1264 2877 de
1314 2822 1546 2876 diversis
1592 2821 1793 2876 fuerint

193 2912 610 2982 promissiones,
645 2912 740 2965 sed
780 2911 924 2965 idem
977 2911 1160 2965 multis
1191 2910 1601 2980 repetitionibus
1632 2916 1683 2962 et
1711 2908 1793 2961 di-

194 3000 373 3055 versis
402 2999 734 3069 temporibus
766 3007 847 3052 est
875 2998 1193 3069 pollicitum.
1228 2998 1462 3051 Abrahm
1493 2998 1650 3052 dictae
1671 3003 1794 3049 sunt

194 3087 614 3157 promissiones,
647 3092 705 3141 et
750 3103 848 3157 per
896 3087 1170 3141 Abraham
1215 3085 1370 3140 dicta:
1419 3093 1542 3139 sunt
1587 3084 1793 3139 semini

196 3176 339 3244 ejus,
376 3174 431 3228 id
458 3182 540 3228 est
568 3174 799 3228 Christo.
835 3173 982 3229 Sicut
1030 3174 1246 3244 quando
1294 3173 1625 3242 promittitur
1655 3170 1794 3241 patri

194 3261 505 3315 fecunditas
554 3260 806 3326 ﬁliorum,
859 3268 1204 3332 augmentum
1265 3259 1615 3324 bzereditatis,
1668 3258 1794 3313 licet

198 3348 346 3402 ﬁlius
377 3350 491 3417 ejus
520 3350 761 3404 nondum
801 3348 888 3416 sit,
922 3358 1102 3403 tamen
1132 3349 1187 3401 in
1216 3358 1370 3419 patre
1416 3347 1706 3417 promissio
1738 3345 1796 3400 fit

196 3437 331 3491 tilio.
369 3438 660 3491 Promissio
708 3437 842 3492 facta
888 3446 969 3491 est
999 3436 1212 3501 semini,
1247 3438 1349 3490 hoc
1399 3436 1544 3499 dicit,
1578 3440 1634 3489 et
1679 3452 1796 3490 non

198 3525 351 3589 dicit,
385 3524 529 3579 facta
559 3535 641 3578 est
669 3526 997 3580 seminibus.
1032 3524 1129 3579 Vel
1159 3524 1228 3577 ita
1254 3539 1264 3576 :
1293 3524 1495 3578 Semini
1517 3522 1665 3589 dicit,
1688 3538 1797 3575 non

200 3612 351 3675 dicit,
376 3613 431 3665 in
464 3612 761 3666 seminibus
793 3614 949 3684 quasi
981 3615 1042 3667 in
1074 3613 1271 3666 multis
1302 3612 1537 3665 debeant
1567 3609 1795 3665 haaredi-

200 3709 319 3753 tare
344 3708 557 3769 gentes,
583 3701 676 3755 sed
705 3702 867 3772 quasi
896 3703 957 3755 in
987 3717 1119 3765 uno,
1140 3699 1193 3752 id
1226 3707 1307 3753 est
1327 3701 1540 3754 semine
1573 3703 1667 3752 tuo
1688 3699 1797 3751 hae—

199 3788 752 3859 reditabuntgentes;
786 3789 880 3860 qui
910 3804 1097 3841 semen
1130 3792 1215 3842 est
1249 3787 1520 3842 Christus.
1547 3788 1695 3841 Bona
1717 3792 1800 3839 est

196 3875 415 3941 relatio,
451 3891 559 3945 qua
587 3875 869 3946 proprium
917 3875 1176 3945 sequitur.
1212 3876 1309 3928 Hic
1340 3875 1577 3929 ostendit
1626 3881 1799 3928 testa-

200 3972 449 4018 mentum
480 3963 580 4017 Dei
612 3963 814 4018 factum
847 3980 968 4017 esse
999 3963 1066 4016 ad
1095 3964 1386 4029 Abraham,
1420 3978 1564 4017 nunc
1612 3968 1799 4015 osten-

203 4051 279 4105 dit
310 4058 694 4105 testamentum
728 4067 848 4105 esse
898 4050 1172 4120 antiquius
1201 4051 1342 4122 lege.
1382 4050 1515 4105 Dico
1562 4048 1801 4119 promis-

203 4140 392 4193 siones
422 4138 588 4192 factas
636 4140 887 4207 Abrahae,
921 4139 990 4193 de
1029 4138 1222 4193 eodem
1269 4146 1447 4192 autem
1494 4138 1614 4192 dico
1661 4136 1803 4208 quod

207 4227 308 4281 hoc
362 4230 773 4282 testamentum
818 4228 1219 4295 conﬁrmatum
1264 4230 1345 4281 est
1375 4244 1409 4280 a
1438 4227 1564 4291 Deo,
1605 4224 1804 4294 juravit

203 4315 351 4369 enim
384 4316 532 4367 Deus
564 4315 695 4368 illud
725 4331 783 4369 se
814 4315 1182 4384 impleturum.
1217 4316 1351 4379 Hoc,
1378 4314 1614 4384 inquam,
1635 4319 1803 4367 testa-

1883 1783 1999 1829 erat
2052 1782 2107 1828 ut
2166 1774 2505 1827 abundarent
2568 1773 3056 1845 transgressiones.
3096 1796 3115 1819 α
3182 1774 3287 1828 Ubi
3331 1775 3474 1839 enim

1883 1862 2179 1916 abundavit
2226 1861 2509 1925 delictum,
2569 1861 3023 1930 superabundavit
3069 1861 3249 1931 gratia
3296 1862 3472 1931 (Rom.

1882 1967 1935 2013 v,
1966 1950 2077 2018 20).
2116 1972 2137 1996 ››
2172 1949 2271 2003 Vel
2315 1949 2389 2002 ita
2424 1964 2434 2001 :
2470 1948 2650 2002 Posita
2697 1955 2777 2001 est
2824 1948 2909 2001 lex
2955 1956 3172 2018 propter
3230 1948 3475 2002 vitandas

1886 2036 1960 2093 2
1976 2036 2035 2091 1
2050 2036 2126 2091 6
2146 2034 2617 2107 transgressiones
2641 2053 2655 2100 ;
2678 2035 2764 2089 lex
2794 2035 2935 2089 enim
2958 2035 3188 2104 puniens
3220 2052 3393 2104 reum,
3418 2036 3481 2090 ti-

1882 2141 2029 2179 mere
2060 2124 2187 2178 facit
2213 2132 2518 2193 peccatum.
2550 2125 2751 2177 lterum
2781 2122 2872 2176 ille
2907 2138 2918 2175 :
2954 2123 3009 2177 Si
3041 2132 3259 2192 propter
3288 2132 3474 2177 trans-

1884 2211 2200 2282 gressiones
2243 2231 2256 2277 ;
2312 2227 2447 2283 ergo
2501 2211 2586 2265 lex
2643 2211 2789 2265 utilis
2836 2210 3086 2265 tenenda.
3134 2211 3353 2265 Minime
3404 2211 3480 2265 ait

1884 2300 2099 2369 Paulus,
2126 2300 2251 2370 quia
2279 2299 2367 2354 lex
2401 2299 2469 2352 ad
2492 2308 2703 2368 tempus
2731 2298 2906 2367 posita
2932 2306 3034 2363 est,
3056 2298 3228 2354 donec
3258 2300 3478 2354 veniret

1886 2404 2096 2453 semen,
2129 2387 2183 2440 id
2216 2395 2295 2441 est
2326 2386 2592 2450 Christus,
2626 2386 2694 2439 de
2723 2402 2829 2455 quo
2880 2385 2954 2439 ait
2989 2400 2999 2437 :
3034 2386 3094 2439 In
3125 2385 3332 2440 semine
3362 2394 3475 2453 tuo,

1887 2482 1991 2529 etc.
2002 2514 2015 2540 ,
2048 2475 2141 2529 cui
2172 2473 2367 2527 semini
2408 2474 2770 2544 promiserat,
2806 2472 2861 2525 id
2890 2480 2972 2526 est
3000 2472 3290 2542 promissio
3338 2473 3478 2529 facta

1887 2561 2081 2615 fuerat.
2116 2562 2223 2615 Lex
2253 2562 2376 2616 dico
2407 2562 2690 2625 ordinata,
2723 2560 2777 2612 id
2809 2568 2890 2614 est
2929 2575 3039 2613 non
3083 2576 3476 2627 permansura;

1889 2649 1984 2702 sed
2017 2649 2312 2704 secundum
2343 2648 2589 2702 ordinem
2639 2663 2794 2701 suum
2826 2647 2881 2699 in
2909 2654 3150 2716 tempore
3190 2648 3476 2717 disposita.

1888 2736 2044 2789 Prius
2092 2735 2236 2789 enim
2269 2736 2353 2790 lex
2398 2735 2693 2799 naturalis;
2728 2735 2925 2789 dehinc
2974 2734 3079 2789 ista
3121 2735 3208 2789 lex
3258 2736 3477 2805 scripta.

1889 2824 1971 2877 Ad
2001 2824 2247 2877 ultimum
2298 2823 2490 2894 gratia,
2524 2823 2810 2887 ordinata,
2845 2821 2987 2887 dico,
3018 2840 3120 2894 per
3148 2825 3391 2893 angelos,
3425 2823 3482 2877 id

1891 2918 1973 2964 est
2016 2928 2117 2981 per
2165 2912 2389 2981 Moysen
2420 2918 2472 2964 et
2498 2913 2703 2973 Aaron,
2755 2910 2846 2980 qui
2898 2909 3115 2964 fuerunt
3162 2910 3335 2964 nuntii
3380 2910 3482 2964 Dei

1890 3000 1959 3053 ad
2012 2998 2272 3069 populum
2309 3017 2323 3063 ;
2376 2998 2483 3066 vel,
2534 3014 2632 3067 per
2675 2997 2928 3053 caelestes
2971 2998 3217 3069 angelos,
3253 3013 3483 3067 quorum

1891 3086 2193 3141 ministerio
2230 3086 2429 3140 tradita
2459 3084 2554 3139 fuit
2585 3085 2671 3139 lex
2706 3086 2897 3155 Moysi.
2932 3087 3132 3139 Iterum
3163 3084 3253 3139 ille
3280 3100 3291 3138 :
3325 3084 3485 3153 Quod

1893 3192 1992 3245 per
2024 3174 2251 3246 angelos
2282 3173 2482 3227 factum
2512 3180 2613 3239 est,
2643 3173 2928 3227 destruere
2965 3173 3168 3227 malum
3201 3181 3301 3228 est.
3335 3173 3484 3228 Con-

1896 3272 1979 3317 tra
2010 3263 2113 3316 hoc
2141 3262 2372 3315 Paulus:
2398 3263 2472 3314 Ita
2502 3260 2623 3315 dico
2654 3277 2752 3329 per
2781 3260 3006 3331 angelos
3037 3261 3285 3315 ordinata
3314 3269 3371 3315 ut
3401 3277 3489 3316 es-

1898 3359 1979 3405 set
2010 3352 2071 3405 in
2103 3366 2299 3416 manu,
2334 3349 2384 3401 id
2418 3357 2499 3402 est
2530 3348 2585 3402 in
2612 3356 2876 3418 potestate
2928 3350 3242 3405 Mediatoris
3287 3349 3488 3404 Christi

1896 3438 2094 3509 Angeli
2142 3437 2285 3490 enim
2352 3436 2660 3506 quicunque
2718 3435 2964 3501 fuissent,
3012 3436 3116 3489 hoc
3178 3437 3486 3502 voluerunt,

1897 3533 1973 3591 ut,
1996 3524 2245 3578 veniente
2269 3522 2395 3591 fide,
2420 3530 2771 3577 evacuaretur
2792 3521 2898 3576 lex.
2932 3523 2999 3575 Et
3019 3522 3141 3592 quia
3160 3524 3321 3576 modo
3339 3523 3490 3577 dixe-

1900 3620 1981 3666 rat
2009 3611 2363 3676 mediatoris;
2399 3610 2488 3680 qui
2520 3609 2665 3665 enim
2708 3610 2919 3663 medius
2949 3617 3031 3663 est
3061 3610 3197 3663 duas
3228 3609 3490 3664 extremi-

1902 3708 2039 3754 tates
2091 3699 2448 3769 conjungens,
2480 3698 2693 3752 videtur
2723 3697 2973 3751 diversus
3022 3713 3143 3751 esse
3175 3696 3244 3751 ab
3274 3697 3339 3751 iis
3370 3714 3490 3768 qua:

1901 3787 2209 3857 conjungit,
2266 3803 2334 3840 ne
2389 3793 2668 3855 putaretur
2727 3784 2998 3851 Christus,
3053 3784 3178 3837 dum
3225 3784 3495 3840 mediator

1902 3882 2047 3929 esset
2084 3874 2224 3929 inter
2272 3875 2445 3928 Deum
2471 3881 2523 3927 et
2550 3872 2847 3933 hominem,
2882 3872 2967 3927 vel
3015 3887 3126 3926 non
3156 3888 3278 3927 esse
3326 3873 3491 3939 Deus,

1904 3963 2001 4018 sed
2031 3962 2177 4016 aliud
2210 3978 2242 4016 a
2272 3963 2405 4027 Deo,
2442 3960 2533 4032 qui
2581 3961 2947 4033 conjungebat
2993 3960 3288 4015 hominem.
3322 3960 3420 4016 Vel
3451 3959 3497 4014 si

1902 4053 2048 4105 Deus
2094 4058 2257 4116 esset,
2286 4057 2607 4120 putarentur
2653 4049 2780 4115 duo,
2814 4065 2954 4102 unus
3004 4048 3093 4118 qui
3143 4048 3499 4120 conjungeret

1902 4139 2115 4193 medius
2148 4139 2253 4192 duo
2288 4145 2564 4202 extrema;
2597 4135 2732 4190 alter
2760 4137 2927 4203 Deus,
2959 4135 3046 4191 cui
3076 4135 3500 4207 conjungeretur

1904 4228 2085 4282 homo.

1976 4316 2044 4368 Et
2069 4313 2138 4367 ad
2167 4312 2551 4367 removendum
2584 4312 2688 4366 hoc
2720 4311 2898 4365 subdit
2929 4326 2941 4364 :
2967 4310 3103 4367 Dico
3130 4310 3450 4366 mediatoris
3484 4329 3499 4379 ;

202 4409 447 4456 mentum
478 4401 564 4455 lex
594 4418 702 4456 non
758 4401 882 4456 facit
912 4402 1121 4455 irritum
1148 4420 1161 4468 ;
1192 4419 1313 4472 qua:
1353 4406 1476 4472 post
1525 4402 1799 4472 quadrin-
1822 4392 1875 4451 D
1904 4401 2175 4457 Mediator
2195 4404 2389 4455 autem
2410 4400 2650 4455 concedo
2673 4398 2816 4470 quod
2838 4415 2952 4454 non
2974 4403 3057 4453 est
3079 4401 3249 4454 unius
3272 4401 3355 4455 rei
3377 4408 3502 4455 tan-

192 4493 390 4560 gentos
421 4493 477 4543 et
512 4490 751 4560 triginta
767 4505 947 4544 annos
973 4492 1130 4559 facta
1150 4494 1253 4543 est.
1271 4489 1326 4543 Si
1348 4488 1796 4543 enimtestamen-

204 4586 322 4630 tum
392 4577 675 4645 cujuslibet
734 4577 971 4631 hominis
1026 4592 1133 4631 non
1184 4575 1239 4629 fit
1315 4577 1545 4641 irritum,
1599 4585 1801 4647 quanto

198 4665 382 4736 magis
412 4672 791 4720 testamentum
820 4666 939 4728 Dei,
977 4664 1121 4735 quod
1152 4680 1273 4718 cum
1301 4666 1610 4733 juramento
1639 4662 1803 4735 polli-

203 4753 342 4806 citus
389 4752 506 4817 fuit,
543 4761 593 4807 et
623 4754 853 4808 Abrahae
902 4760 1048 4806 tanto
1096 4752 1235 4818 viro,
1288 4760 1340 4807 et
1379 4760 1531 4807 tanta
1568 4752 1803 4823 antiqui-

207 4849 319 4894 tate
351 4841 610 4909 temporis
638 4841 849 4895 irritum
878 4857 988 4895 non
1017 4841 1119 4894 erit
1152 4839 1162 4894 ι
1198 4842 1315 4895 Lex
1346 4857 1461 4895 non
1490 4842 1633 4911 facit
1665 4842 1803 4895 irri-

206 4932 333 4982 tum
356 4928 427 4982 ad
448 4930 830 4984 evacuandam
848 4930 1300 5000 promissionem,
1315 4928 1369 4982 id
1400 4936 1481 4982 est
1497 4936 1551 4982 ut
1568 4943 1802 4984 evacue-

209 5024 298 5069 tur
329 5016 623 5085 promissio
637 5057 650 5069 .

284 5102 445 5170 Quod
476 5104 547 5157 ait
575 5104 659 5157 lex
692 5119 800 5158 non
834 5102 962 5159 facit
992 5103 1223 5170 irritum,
1258 5104 1334 5158 sic
1366 5104 1628 5158 debemus
1658 5103 1809 5158 intel-

208 5191 385 5261 ligere
417 5190 541 5246 facit
571 5191 797 5257 irritum,
822 5201 879 5245 ut
910 5193 1027 5262 ipsa
1057 5192 1143 5246 lex
1167 5191 1441 5260 justiﬁcet,
1474 5191 1807 5247 benedictio-

210 5296 337 5332 nem
389 5279 606 5345 tribuat,
655 5280 794 5333 sicut
838 5296 935 5350 per
981 5279 1145 5334 ﬁdem
1192 5281 1305 5334 tieri
1335 5279 1665 5350 promissum
1725 5287 1808 5333 est

207 5367 465 5421 Abrahze.
502 5367 639 5422 Vere
671 5375 961 5423 evacuetur
989 5368 1301 5438 promissio,
1335 5368 1379 5421 si
1424 5375 1807 5421 testamentum

210 5454 283 5509 sit
311 5455 523 5509 irritum
554 5472 654 5525 per
674 5455 874 5527 legem.
907 5457 1047 5512 Nam
1077 5459 1128 5512 si
1158 5456 1458 5513 Itwreditas
1486 5456 1715 5512 habetur
1736 5472 1809 5514 ex

361 5628 607 5687 ΡΑτιιοι..
648 5630 827 5687 CLIII.

1911 4499 2020 4544 tum
2053 4488 2339 4557 mediator,
2375 4487 2471 4542 sed
2503 4488 2731 4542 duarum
2762 4487 3181 4553 extremitatum,
3216 4487 3338 4559 quia
3364 4504 3502 4558 pro-

1909 4586 2030 4648 pter
2079 4586 2244 4631 unum
2291 4592 2400 4630 non
2442 4576 2711 4630 diceretur
2758 4574 2989 4629 medius.
3024 4576 3109 4641 Et,
3143 4574 3267 4630 licet
3297 4591 3406 4630 non
3437 4575 3506 4629 sit

1911 4666 2071 4721 unius
2121 4664 2405 4728 mediator,
2437 4663 2534 4717 sed
2565 4663 2815 4728 duorum,
2851 4671 3030 4717 tamen
3075 4670 3362 4732 propterea
3391 4677 3501 4716 non

1913 4753 2159 4824 sequitur
2188 4752 2333 4822 quod
2383 4751 2491 4804 sint
2533 4751 2641 4805 duo
2690 4750 2783 4816 dii,
2834 4751 2929 4805 sed
2974 4767 3122 4805 unus
3170 4758 3379 4803 tantum
3420 4753 3505 4805 est

1913 4842 2077 4896 Deus.
2109 4840 2208 4895 Vel
2238 4839 2394 4894 aliter
2418 4854 2428 4891 :
2452 4840 2559 4893 Lex
2591 4846 2671 4893 est
2689 4838 2868 4908 posita
2894 4838 2951 4891 in
2974 4854 3136 4891 manu
3158 4837 3503 4906 mediatoris;

1913 4928 2002 4983 hic
2029 4936 2207 4981 autem
2256 4926 2520 4981 mediator
2572 4942 2679 4981 non
2727 4933 2809 4979 est
2854 4924 3032 4990 unius,
3066 4924 3120 4978 id
3171 4934 3251 4979 est
3297 4924 3509 4982 Iudaici

1912 5015 2097 5087 populi
2125 5021 2325 5069 tantum
2354 5033 2369 5079 ;
2404 5014 2499 5068 sed
2554 5022 2637 5069 est
2681 5030 2840 5077 unus,
2873 5012 2928 5067 id
2959 5020 3040 5067 est
3089 5030 3241 5084 aeque
3289 5014 3508 5087 gentilis

1916 5105 2054 5158 sicut
2093 5102 2278 5171 judsei.
2311 5103 2427 5157 Hoc
2473 5101 2600 5156 inde
2649 5108 2874 5167 constat,
2910 5100 3037 5171 quia
3084 5110 3167 5155 est
3207 5103 3354 5158 Deus
3398 5112 3507 5158 tam

1916 5194 2054 5247 bene
2099 5191 2317 5262 gentilis
2364 5191 2501 5246 sicut
2544 5189 2735 5244 Judaei.
2790 5187 2957 5242 Infert
2982 5204 3012 5241 a
3041 5191 3302 5260 superiori
3336 5210 3349 5246 :
3384 5191 3508 5261 quia

1919 5283 2329 5336 testamentum
2351 5279 2594 5333 hominis
2620 5292 2782 5332 nemo
2804 5277 3045 5348 spernit,
3062 5283 3163 5333 aut
3189 5277 3508 5350 superordi-

1916 5372 2042 5423 nat.
2067 5368 2469 5422 Testamentum
2489 5374 2666 5420 autem
2686 5373 2809 5419 ante
2832 5364 3010 5435 legem
3033 5364 3233 5421 factum
3245 5374 3344 5419 est.
3360 5366 3506 5435 Ergo

1917 5456 2006 5512 lex
2036 5472 2145 5512 non
2173 5455 2399 5512 destruit
2425 5453 2693 5525 promissa
2719 5452 2840 5509 Dei.
2874 5451 2984 5508 Sed
3012 5453 3116 5509 hoc
3138 5454 3237 5507 sub
3268 5452 3507 5509 interro-

3277 5630 3345 5682 10
