3960 6050
434 202 538 257 299

970 198 1026 253 S.
1068 192 1419 252 BRUNONIS
1467 188 2110 249 CARTHUSIANORUM
2153 188 2636 247 INSTlTUTORIS
2676 190 2827 247 OPP.
2887 188 3061 245 PARS
3117 184 3185 243 ΙΙ.

3617 189 3721 241 300

438 323 653 394 gatione
698 321 776 376 sic
812 320 961 391 ponit
995 337 1007 373 :
1043 321 1125 374 An
1175 319 1449 374 fatendum
1498 326 1578 373 est
1626 318 1773 389 quod
1821 318 1914 371 lex
1961 314 2027 367 sit
2050 313 2099 375 A
2132 315 2421 370 masculus
2446 331 2623 387 neque
2654 316 2890 385 femina,
2914 313 2969 367 id
2990 320 3197 367 estnon
3215 311 3380 377 natio,
3404 326 3515 367 non
3535 310 3724 367 condi-

438 412 705 466 adversus
728 410 1009 480 promissa
1037 409 1154 473 Dei,
1190 416 1245 461 ut
1276 425 1372 478 per
1403 407 1578 477 legem
1602 407 1866 459 habeatur
1888 402 2034 473 quod

438 516 534 569 per
562 498 723 552 fidem
753 496 1078 567 promittitur
1097 496 1124 549 ?
1155 496 1311 551 Absit
1341 498 1444 549 hoc
1474 503 1530 548 ut
1559 494 1644 547 lex
1676 493 1753 547 sic
1771 492 2031 546 adverse-

438 594 524 639 tur
574 584 858 656 promissis
911 584 1029 651 Dei,
1064 592 1121 637 ut
1169 582 1365 638 eﬂiciat
1410 580 1860 647 benedictionem,
1914 594 2034 650 quae

437 690 538 744 per
564 672 726 727 fidem
770 671 1135 742 promittitur!
1172 673 1308 725 Vere
1355 671 1439 724 lex
1487 686 1595 724 non
1646 676 1727 723 est
1774 668 2033 721 adversus

434 762 708 831 promissa
737 760 855 826 Dei,
888 768 946 813 ut
983 760 1153 830 possit
1198 758 1632 813 benedictionem
1676 756 1830 810 dare.
1890 757 2031 810 Nam

438 853 488 904 si
521 851 614 905 lex
642 850 777 903 data
798 852 939 903 esset
960 865 1081 919 qua:
1104 849 1278 918 possit
1298 848 1600 914 viviﬁcare,
1627 844 1680 897 id
1706 851 1785 898 est
1808 842 2037 913 promis-

440 954 555 990 sam
604 936 1035 991 benedictionem
1082 936 1234 1001 dare,
1282 942 1404 988 tunc
1452 950 1574 988 vere
1610 933 1844 1002 justitia
1892 934 2034 985 esset

441 1042 514 1079 ea:
566 1026 697 1096 lege,
732 1024 834 1077 nisi
881 1023 1024 1077 enim
1064 1023 1270 1091 justitia
1317 1020 1677 1091 prmcesserit,
1728 1017 2034 1072 benedictio

442 1112 629 1183 nequit
676 1111 1012 1182 apprehendi
1050 1130 1063 1175 ;
1118 1111 1213 1165 sed
1265 1127 1329 1163 ex
1379 1110 1501 1179 lege
1548 1124 1657 1161 non
1688 1114 1769 1160 est
1807 1105 2031 1174 justitia.

440 1201 739 1271 Scriptura
763 1200 907 1253 enim
948 1200 1245 1265 conclusit,
1280 1198 1333 1250 id
1364 1204 1445 1250 est
1475 1194 1709 1250 ostendit
1757 1193 2031 1248 conclusa.

441 1288 537 1342 Vel
568 1287 863 1357 Scriptura,
897 1287 950 1340 id
983 1294 1063 1339 est
1110 1286 1301 1339 eadem
1351 1284 1457 1349 lex,
1498 1292 1569 1347 et,
1622 1300 1721 1353 per
1769 1282 2032 1347 additum,

440 1383 726 1445 peccatum
760 1374 911 1444 quasi
936 1373 1202 1427 violenter
1234 1372 1518 1436 conclusit,
1545 1379 1597 1425 et
1629 1370 1883 1425 conclusa
1914 1383 2035 1422 esse

440 1463 675 1517 ostendit
706 1463 898 1516 omnia
927 1462 1025 1516 sub
1067 1465 1315 1532 peccato.
1372 1460 1501 1513 Ideo
1552 1458 1733 1513 omnia
1781 1457 2035 1512 conclusa

444 1558 567 1603 sunt
598 1550 698 1604 sub
742 1556 985 1619 peccato,
1018 1554 1083 1602 ut
1115 1548 1193 1602 sic
1221 1547 1460 1603 conclusi
1508 1548 1813 1613 crederent,
1849 1554 1899 1599 et
1930 1544 2035 1597 illis

2134 401 2227 467 tio,
2261 418 2367 457 non
2399 419 2560 457 sexus
2599 402 2855 456 differens
2886 409 2966 456 est
2998 402 3053 454 in
3097 400 3201 455 ﬁde
3251 399 3469 454 Christi.
3521 400 3725 454 Omnes

2134 492 2286 545 enim
2323 508 2412 546 vos
2459 507 2641 546 unum
2674 506 2874 560 corpus
2912 491 3048 544 estis
3077 504 3177 559 per
3211 486 3373 542 fidem
3411 489 3474 541 in
3507 487 3723 541 Christo

2133 578 2282 633 Jesu.
2318 580 2377 634 Si
2406 583 2599 633 autem
2632 594 2722 633 vos
2770 577 2900 631 estis
2946 577 3175 643 Christi,
3210 592 3333 631 cum
3382 575 3626 629 Christus
3658 573 3727 626 sit

2134 665 2369 720 Abrahae
2396 685 2408 731 ;
2436 682 2597 735 supra
2620 665 2763 719 enim
2783 666 2986 720 dictum
3008 673 3091 718 est
3102 671 3153 718 et
3182 664 3388 719 semini
3411 667 3503 717 tuo
3525 662 3620 734 qui
3640 665 3727 717 est

2139 752 2417 818 Christus,
2473 770 2600 823 ergo
2648 770 2745 823 per
2792 752 3058 807 Christum
3106 768 3225 817 vos,
3275 744 3729 821 gentiles,restis

2136 856 2326 895 semen
2359 840 2615 895 Abrahce.
2640 842 2708 894 Et
2730 840 2774 894 si
2796 856 3003 907 semen,
3028 855 3163 911 ergo
3196 838 3440 893 hceredes
3470 837 3731 892 benedic-

2136 927 2297 981 tionis
2329 928 2465 995 ejus,
2482 945 2590 982 non
2614 944 2713 998 per
2738 928 2936 999 legem,
2956 927 3051 982 sed
3068 927 3377 982 secundum
3406 926 3730 996 promissio-

2136 1032 2287 1070 nem.
2319 1016 2377 1068 ln
2409 1016 2602 1070 eodem
2632 1015 2775 1085 quod
2798 1016 3046 1085 superius
3077 1015 3324 1085 probavit
3343 1013 3519 1068 adhuc
3536 1013 3731 1066 immo-

2136 1111 2316 1166 ratur;
2349 1103 2485 1157 sicut
2516 1103 2658 1157 enim
2688 1103 2936 1173 probavit
2956 1118 3064 1157 non
3094 1101 3325 1172 amplius
3348 1101 3731 1156 revertendum

2137 1206 2256 1244 esse
2277 1191 2344 1244 ad
2365 1190 2562 1260 legem,
2589 1191 2715 1261 quia
2743 1191 3079 1262 paedagogus
3109 1190 3238 1244 fuit:
3264 1189 3369 1244 fide
3397 1196 3575 1243 autem
3594 1204 3729 1259 per-

2137 1276 2311 1343 fectis,
2359 1278 2662 1350 paedagogo
2710 1294 2818 1332 non
2865 1286 2947 1332 est
2985 1293 3159 1347 Opus;
3192 1278 3336 1331 idem
3385 1277 3561 1331 adhuc
3607 1276 3730 1330 aliis

2140 1365 2441 1419 rationibus
2464 1367 2671 1435 probat,
2690 1366 2895 1421 scilicet
2919 1366 3137 1420 Judaeos
3157 1381 3264 1419 non
3278 1365 3507 1435 amplius
3528 1364 3732 1419 debere

2137 1453 2349 1522 Operari
2362 1453 2463 1507 sub
2476 1453 2616 1525 lege,
2632 1462 2922 1524 propterea
2941 1454 3065 1525 quia
3085 1453 3170 1507 lex
3193 1453 3313 1507 loco
3327 1452 3513 1506 tutoris
3525 1459 3735 1507 etacto-

2133 1540 2207 1593 ris
2228 1540 2325 1594 fuit
2351 1557 2363 1595 :
2391 1557 2500 1611 quo
2530 1549 2705 1595 tutore
2726 1550 2779 1595 et
2800 1550 2985 1596 actore
3008 1557 3115 1595 non
3137 1540 3342 1612 indiget
3361 1539 3646 1593 maturitas
3668 1538 3731 1592 fi-

442 1639 665 1692 tandem
690 1637 1057 1701 credentibus,
1091 1637 1326 1690 daretur
1356 1635 1668 1705 promissio,
1703 1634 1758 1688 id
1790 1641 1872 1687 est
1900 1648 2035 1702 pro-
2057 1657 2107 1716 B
2136 1628 2243 1682 dei.
2277 1629 2345 1681 Et
2375 1629 2478 1683 hoc
2514 1630 2705 1698 probat
2735 1646 2835 1699 per
2882 1629 3285 1683 similitudinem
3331 1628 3522 1716 pupilli
3566 1642 3727 1716 quem

441 1726 611 1779 missa
655 1724 984 1791 benedictio,
1026 1738 1132 1777 non
1181 1740 1245 1776 ex
1291 1722 1434 1793 lege,
1487 1722 1581 1775 sed
1628 1738 1700 1775 ea:
1747 1721 1855 1789 ﬁde
1907 1722 2037 1774 Jesu

446 1813 699 1878 Christi;
746 1819 932 1881 posset
989 1810 1131 1864 enim
1188 1809 1358 1880 putari
1427 1809 1598 1879 quod,
1650 1809 1777 1862 licet
1841 1808 2037 1862 crede-

443 1907 583 1967 rent,
638 1914 746 1953 non
806 1908 986 1952 tamen
1035 1897 1226 1951 merito
1276 1895 1401 1950 ﬁdei
1446 1896 1757 1965 acciperent
1807 1894 2037 1949 benedi-

443 1987 698 2042 ctionem.

515 2076 651 2128 Nota
677 2089 688 2127 :
714 2074 837 2127 ideo
867 2072 1132 2127 conclusit
1155 2071 1333 2125 omnia
1365 2071 1464 2123 sub
1491 2078 1735 2140 peccato,
1760 2077 1814 2123 ut
1849 2068 2038 2123 crede-

444 2170 606 2225 rent;
640 2161 743 2214 nisi
773 2161 917 2214 enim
948 2161 1194 2213 homines
1225 2158 1298 2211 ita
1328 2159 1630 2229 ligarentur
1678 2158 1775 2211 sub
1822 2156 2038 2211 vinculo

445 2249 675 2320 peccati,
720 2248 863 2318 quod
911 2264 1010 2301 nec
1058 2247 1264 2300 viribus
1314 2246 1426 2299 suis
1476 2246 1745 2315 respirare
1792 2252 2035 2314 possent,

446 2352 721 2408 nunquam
770 2335 840 2389 ad
898 2334 1325 2388 misericordiam
1374 2350 1496 2404 qua:
1551 2333 1607 2385 in
1654 2332 1757 2386 fide
1805 2340 2035 2399 constat,

452 2425 829 2495 confugerent.
864 2422 969 2476 Sed
1002 2422 1244 2492 quamvis
1275 2421 1361 2475 lex
1401 2420 1675 2474 viviﬁcare
1706 2435 1813 2474 non
1844 2419 2034 2489 possit,

448 2521 629 2567 tamen
651 2518 954 2580 Opportuna
972 2510 1064 2562 fuit
1088 2528 1101 2573 ;
1126 2509 1267 2579 quia,
1291 2510 1620 2579 priusquam
1642 2509 1860 2562 veniret
1880 2507 2034 2575 ﬁdes,

447 2615 548 2654 nos
575 2598 747 2653 Judaei
778 2598 937 2667 positi
968 2596 1067 2651 sub
1102 2599 1215 2666 tege
1244 2595 1711 2661 custodiebantur,
1745 2594 1799 2648 id
1827 2602 1908 2647 est
1938 2594 2038 2647 sub

449 2686 693 2742 custodia
718 2685 859 2755 legis
909 2684 1278 2737 nutricbamur
1324 2683 1393 2736 ad
1440 2691 1723 2738 venturam
1770 2682 2030 2751 gratiam.

451 2775 564 2830 Sub
593 2773 717 2844 lege
747 2772 870 2826 dico
913 2772 1184 2835 conclusi,
1219 2770 1274 2823 id
1304 2778 1386 2824 est
1430 2770 1708 2824 constricti
1737 2769 1791 2821 in
1820 2784 2040 2823 carcere

447 2861 594 2917 velut
624 2860 787 2915 servi.
819 2859 1117 2912 Minabatur
1144 2858 1286 2911 enim
1334 2874 1574 2926 pmnam,
1607 2873 1714 2911 non
1755 2856 2039 2926 promitte-

446 2951 539 3004 bat
568 2948 832 3019 requiem.
880 2945 1331 3001 Custodiebamur
1378 2945 1519 3013 dico,
1554 2961 1619 2998 ex
1648 2945 1747 2998 hac
1795 2944 2038 2998 custodia

445 3036 725 3091 transituri
742 3038 803 3091 in
825 3051 949 3091 eam
978 3034 1145 3103 ﬁdem
1176 3050 1297 3104 quae
1327 3041 1452 3087 tunc
1474 3031 1816 3103 figurislegis
1838 3032 2031 3097 velata,

449 3129 572 3180 erat
600 3124 901 3179 revelanda
922 3138 1019 3191 per
1039 3121 1309 3175 Christum
1324 3161 1336 3175 .
1367 3122 1433 3173 Et
1456 3119 1581 3189 quia
1602 3118 1838 3191 sublege
1861 3127 2038 3174 custo-

447 3212 731 3266 diebamur
760 3210 815 3263 in
844 3208 1025 3275 fidem,
1060 3211 1249 3280 itaque
1289 3208 1384 3263 lea:
1414 3210 1529 3277 fuit
1574 3208 1911 3279 pcedagogus
1938 3223 2033 3261 no-

447 3304 584 3365 ster,
636 3297 882 3352 nutriens
930 3313 1031 3351 nos
1079 3296 1362 3366 ponendos
1409 3297 1472 3349 in
1525 3295 1764 3359 Christo,
1813 3296 1937 3349 ideo
1984 3295 2038 3348 in

446 3386 678 3450 Christo,
716 3390 780 3440 ut
814 3400 913 3439 nos
942 3384 1114 3438 Judaei
1133 3384 1520 3453 justiﬁcemur
1566 3400 1640 3438 ex
1678 3384 1785 3452 ﬁde
1819 3382 2035 3447 Christi,

446 3490 555 3529 non
589 3491 652 3530 ex
682 3474 824 3545 lege.
862 3473 1201 3543 Paedagogus
1243 3471 1434 3525 dicitur
1480 3471 1711 3525 nutritor
1738 3470 1908 3540 pueri,
1946 3469 2039 3540 qui

447 3579 663 3633 semper
693 3561 933 3632 sequitur
949 3561 1117 3630 pedes
1148 3560 1282 3627 ejus.
1319 3558 1575 3613 Similiter
1598 3559 1683 3612 lex
1704 3559 2038 3629 paedagogus

446 3658 635 3705 noster
665 3649 781 3714 fuit,
811 3649 1057 3702 nutriens
1085 3646 1371 3717 pueritiam
1404 3655 1455 3699 et
1506 3646 1903 3715 simplicitatem
1934 3661 2038 3699 no-

446 3746 635 3804 stram,
671 3737 809 3791 sicut
841 3736 977 3789 solet
1016 3751 1152 3803 puer
1182 3734 1371 3787 nutriri
1414 3733 1730 3788 verberibus
1762 3740 1813 3786 et
1842 3733 2029 3786 minis.

446 3825 561 3879 Nos
590 3823 742 3893 pueri
787 3838 1004 3876 eramus
1050 3822 1149 3874 sub
1197 3821 1522 3892 pazdagogo.
1574 3821 1643 3873 At
1694 3820 1808 3884 ubi,
1858 3820 1912 3873 id
1957 3827 2041 3874 est

447 3920 751 3981 postquam,
775 3909 923 3964 21
945 3909 1009 3963 ’7
1048 3909 1200 3963 venit
1233 3908 1389 3976 ﬁdes,
1412 3908 1465 3960 id
1497 3915 1577 3961 est
1606 3907 1887 3960 maturitas
1917 3924 2039 3962 mo-

450 4016 588 4063 rum,
641 4006 692 4051 et
733 3997 845 4065 jam
894 3996 1061 4050 adulti
1110 4012 1329 4059 sumus;
1378 4010 1477 4049 nos
1523 3993 1712 4059 Judaii,
1748 3996 1874 4065 jam
1923 4012 2039 4050 non

449 4102 643 4140 sumus
662 4086 761 4139 sub
793 4085 1109 4156 paedagogo,
1133 4083 1188 4137 id
1204 4092 1285 4138 est
1309 4083 1409 4137 sub
1432 4083 1573 4154 lege.
1596 4084 1725 4137 Ideo
1745 4099 1845 4137 nos
1867 4084 2040 4138 Judaei

450 4173 682 4244 amplius
698 4189 806 4227 non
835 4189 1022 4226 sumus
1043 4171 1143 4225 sub
1166 4171 1307 4241 lege,
1331 4173 1464 4243 quia
1494 4187 1591 4225 vos
1622 4188 1831 4239 omnes,
1867 4171 2039 4226 Gala-

449 4270 536 4327 tm,
583 4261 814 4331 gentiles
861 4261 995 4315 estis
1040 4261 1151 4328 ﬁlii
1197 4260 1295 4314 Dei
1339 4276 1440 4329 per
1485 4260 1673 4329 ﬁdem,
1706 4260 1940 4313 habitam
1984 4259 2038 4313 in

448 4349 663 4404 Christo
692 4350 819 4404 Jesu
868 4364 977 4402 non
1006 4347 1184 4400 minus
1235 4362 1393 4417 quam
1424 4363 1545 4401 nos.
1595 4348 1665 4401 Et
1694 4348 1739 4402 si
1768 4348 1922 4402 vobis
1952 4348 2041 4402 ni-
2061 4340 2114 4400 D

446 4436 522 4491 hil
549 4436 728 4489 minus
767 4442 848 4489 est
893 4434 1034 4505 apud
1082 4434 1253 4488 Deum
1297 4450 1394 4503 per
1441 4432 1603 4488 fidem
1653 4450 1816 4504 quam
1860 4435 2036 4499 nobis,

447 4523 647 4578 frustra
693 4530 1000 4578 teneremus
1042 4521 1243 4593 legem,
1294 4538 1414 4591 qua:
1461 4538 1560 4591 per
1620 4537 1719 4575 nos
1776 4522 2043 4590 probatur

447 4612 579 4666 nihil
609 4610 854 4666 conferre
886 4609 1061 4664 nobis.
1095 4608 1235 4677 Quia
1266 4609 1309 4663 si
1341 4625 1439 4664 nos
1480 4608 1652 4663 Judaei
1680 4609 1881 4679 legem,
1915 4607 2042 4678 quia

448 4699 692 4754 inutilem
735 4698 1069 4762 dimittimus,
1101 4698 1285 4768 utique
1316 4712 1412 4751 vos
1460 4695 1550 4767 qui
1596 4711 1705 4751 non
1748 4694 2036 4762 habuistis,

449 4787 660 4841 insania
689 4796 832 4842 esset
861 4785 1292 4856 apprehendere.

517 4877 659 4929 Bene
682 4876 804 4930 dico
826 4890 922 4929 vos
944 4874 1084 4927 ﬁlios
1108 4872 1205 4926 Dei
1224 4872 1277 4925 in
1298 4872 1509 4926 Christo
1528 4872 1676 4925 Jesu.
1716 4871 2039 4944 Quicunque

449 4964 601 5018 enim
632 4963 906 5034 baptizati
935 4962 1070 5017 estis
1101 4963 1162 5013 in
1197 4959 1433 5024 Christo,
1463 4959 1513 5012 id
1536 4959 1687 5013 estin
1704 4959 2038 5014 institutione

450 5049 644 5104 Christi
664 5050 811 5117 Jesu,
827 5050 1042 5104 induist
1052 5050 1098 5102 is
1124 5046 1428 5101 Christum.
1452 5046 1683 5101 Induere
1697 5046 1846 5102 dicit.
1863 5048 2037 5102 Homo

452 5137 593 5191 enim
625 5154 721 5207 per
778 5146 1059 5207 peccatum
1093 5135 1269 5188 nudus
1318 5142 1369 5188 et
1415 5134 1695 5204 penuriam
1740 5134 1939 5204 patitur
1985 5141 2037 5188 et

446 5225 832 5296 ignominiam;
866 5224 962 5278 sed
992 5224 1044 5275 in
1091 5221 1362 5291 baptismo
1412 5222 1634 5276 veniens
1664 5221 1730 5274 ad
1764 5221 2035 5274 Christum

446 5313 617 5368 induit
663 5329 807 5377 eum,
841 5319 893 5365 et
924 5311 993 5364 ad
1024 5308 1309 5381 tegendam
1360 5309 1658 5364 nuditatem
1707 5324 1858 5361 suam
1886 5316 1939 5362 et
1967 5308 2035 5363 ad

446 5401 693 5473 gloriam.
722 5402 863 5454 Bene
886 5398 1006 5453 dico
1028 5397 1344 5469 quicunque
1374 5413 1489 5451 non
1522 5401 1604 5451 est
1635 5395 1779 5450 enim
1810 5396 2034 5452 Iudaeus

446 5506 623 5561 neque
661 5492 901 5552 Crtecus,
927 5502 1040 5541 non
1073 5490 1155 5541 est
1184 5501 1372 5540 servus
1402 5501 1578 5556 neque
1612 5484 1785 5549 liber;
1807 5500 1922 5541 non
1952 5490 2035 5541 est

2137 1724 2293 1785 pater
2338 1717 2578 1770 moriens
2627 1716 2726 1770 sub
2776 1725 2951 1771 tutore
3001 1724 3053 1771 et
3078 1724 3261 1772 actore
3310 1731 3431 1770 esse
3472 1714 3726 1785 disponit,

2139 1804 2313 1858 donec
2340 1804 2623 1857 maturitas
2653 1804 2826 1858 aetatis
2855 1803 3015 1859 faciat
3044 1820 3168 1858 eum
3203 1804 3428 1875 dignum
3459 1802 3725 1857 libertate.

2138 1893 2301 1945 Tutor
2327 1892 2483 1962 pueri
2514 1892 2728 1957 dicitur,
2761 1892 2851 1963 qui
2880 1900 3071 1947 contra
3118 1892 3523 1963 impugnantem
3554 1898 3730 1945 tuetur

2141 1996 2285 2043 eum,
2319 1995 2386 2033 ne
2418 1980 2749 2034 exheredari
2799 1980 2990 2049 possit.
3024 1982 3187 2035 Actor
3214 1979 3369 2049 pueri
3394 1978 3605 2043 dicitur,
3641 1977 3728 2033 vel

2138 2067 2303 2135 idem,
2336 2067 2423 2121 vel
2452 2066 2589 2121 alius
2616 2085 2629 2132 ;
2660 2067 2756 2121 sed
2785 2082 2885 2137 pro
2916 2066 3130 2122 diversa
3160 2082 3343 2131 causa,
3367 2066 3572 2121 scilicet
3602 2066 3730 2137 quia

2139 2155 2252 2225 agit
2274 2154 2615 2224 etdispensat
2636 2154 2775 2208 bona
2795 2154 3004 2224 pupilli,
3030 2154 3187 2208 solvit
3207 2170 3422 2221 census,
3440 2154 3731 2223 respondet

2139 2257 2239 2311 pro
2272 2258 2337 2295 eo
2367 2241 2421 2295 in
2448 2242 2650 2296 causis.
2682 2242 2789 2295 Lex
2820 2242 3064 2295 similiter
3091 2250 3237 2296 tutor
3265 2250 3317 2296 et
3344 2250 3495 2296 actor
3513 2240 3728 2295 dicitur.

2142 2329 2403 2384 Homines
2435 2330 2577 2384 enim
2604 2345 2798 2400 parum
2846 2330 3110 2383 habentes
3141 2329 3335 2384 divinae
3380 2328 3727 2399 cognitionis,

2140 2425 2191 2472 et
2222 2417 2277 2470 in
2305 2418 2496 2471 eodem
2528 2418 2656 2471 satis
2686 2417 2868 2471 miseri
2899 2425 2951 2471 et
2981 2417 3187 2488 pupilli,
3219 2417 3535 2488 indigebant
3580 2417 3731 2487 prius

2140 2506 2263 2577 lege
2309 2521 2430 2574 quas
2478 2505 2877 2575 constringeret
2921 2520 3017 2559 eos
3046 2513 3104 2559 ut
3146 2520 3354 2570 servos,
3387 2513 3463 2570 ut,
3498 2505 3597 2559 sub
3627 2506 3733 2560 hac

2141 2593 2479 2648 districtione
2508 2593 2712 2658 nutriti,
2734 2594 3028 2663 migrarent
3049 2593 3118 2648 ad
3146 2593 3533 2663 perfectionem
3563 2591 3689 2647 fidei
3713 2610 3727 2658 ;

2142 2689 2193 2734 et
2222 2689 2347 2736 tunc
2374 2681 2460 2735 lex
2509 2688 2620 2736 erat
2650 2681 2729 2735 eis
2759 2689 2902 2735 tutor
2930 2697 3031 2750 per
3074 2690 3346 2751 praecepta
3393 2697 3514 2752 quae
3544 2681 3725 2747 dabat,

2142 2768 2330 2823 dicens
2364 2785 2377 2821 :
2407 2770 2491 2823 Ne
2549 2767 2719 2823 facias
2763 2770 2867 2823 hoc
2912 2776 2965 2822 et
2994 2768 3142 2822 illud.
3208 2767 3366 2836 Quod
3416 2769 3461 2822 si
3510 2767 3727 2834 feceris,

2139 2864 2315 2910 morte
2344 2853 2617 2909 morieris.
2650 2855 2739 2911 Sic
2768 2872 2867 2925 per
2888 2855 3015 2910 data
3044 2864 3315 2926 praecepta
3335 2856 3607 2910 tutabatur
3636 2871 3732 2911 eos

2142 2942 2247 3008 lex,
2281 2950 2335 2997 et
2381 2942 2705 2997 defendebat
2746 2951 2932 2998 contra
2978 2942 3234 2997 irruentia
3282 2943 3431 3011 vitia,
3464 2958 3498 2998 a
3536 2944 3733 3014 quibus

2137 3030 2331 3085 timore
2388 3030 2697 3097 cessabant,
2744 3031 2983 3085 nondum
3040 3030 3349 3087 dilectione.
3398 3033 3506 3086 Lex
3571 3032 3733 3085 etiam

2139 3127 2251 3174 erat
2281 3119 2524 3187 ejusdem
2552 3118 2737 3189 populi
2763 3126 2930 3185 actor,
2964 3135 3062 3189 per
3094 3118 3356 3175 sacrificia
3377 3119 3571 3190 quibus
3600 3134 3735 3192 age-

2137 3207 2294 3260 batur
2323 3206 2464 3276 apud
2496 3208 2667 3261 Deum
2716 3214 2772 3259 ut
2800 3206 3144 3276 expiarentur
3173 3223 3203 3260 a
3233 3207 3488 3277 peccatis.
3532 3206 3731 3262 Littera

2140 3294 2217 3349 sic
2243 3295 2507 3366 jungitur.
2539 3295 2661 3347 Non
2684 3294 2857 3348 solum
2888 3310 2985 3364 per
3014 3294 3068 3348 id
3092 3295 3237 3365 quod
3267 3294 3603 3365 praemissum
3625 3303 3728 3363 est,

2139 3382 2347 3437 scilicet
2378 3381 2505 3452 quia
2523 3382 2611 3436 lex
2641 3381 2974 3452 paedagogus
3004 3381 3099 3437 fuit
3122 3382 3291 3453 probo
3321 3399 3430 3437 non
3448 3382 3590 3438 ultra
3617 3396 3734 3436 ma-

2139 3470 2377 3524 nendum
2409 3486 2530 3523 esse
2562 3470 2663 3523 sub
2692 3469 2836 3540 lege,
2871 3469 2970 3524 sed
3014 3470 3174 3524 etiam
3216 3486 3313 3540 per
3339 3470 3443 3524 hoc
3469 3470 3613 3541 quod
3642 3470 3731 3525 lex

2139 3556 2259 3612 loco
2306 3556 2495 3611 tutoris
2526 3565 2577 3611 et
2607 3557 2808 3611 actoris
2838 3556 2952 3610 fuit.
3005 3556 3215 3623 Quibus
3262 3556 3390 3628 quia
3431 3556 3574 3611 ultra
3622 3573 3735 3613 non

2138 3644 2466 3715 indigemus,
2519 3644 2698 3716 legem
2749 3652 2933 3699 tenere
2979 3644 3231 3711 injustum
3277 3650 3377 3697 est.
3431 3644 3530 3698 Vel
3578 3644 3735 3701 aliter

2133 3732 2393 3802 jungitur,
2427 3740 2483 3785 ut
2526 3732 2593 3784 sit
2637 3732 2865 3787 adversa
2912 3732 3194 3797 sententia,
3228 3730 3302 3785 ita
3333 3746 3345 3784 :
3380 3730 3520 3799 Quia
3567 3748 3733 3787 unum

2139 3836 2325 3873 sumus
2355 3819 2408 3872 in
2438 3819 2654 3873 Christo
2705 3828 2758 3875 et
2801 3836 2901 3890 per
2950 3818 3115 3875 fidem
3164 3834 3350 3873 semen
3376 3820 3606 3874 Abrahae
3635 3837 3731 3874 su-

2137 3923 2279 3971 mus,
2322 3923 2512 3961 verum
2556 3906 2772 3977 quidem
2814 3915 2897 3961 est
2927 3909 3054 3978 quia
3078 3915 3304 3978 propter
3343 3907 3461 3962 haec
3489 3923 3598 3962 non
3618 3908 3730 3976 jam

2138 3995 2401 4050 debemus
2432 4003 2615 4049 tenere
2646 3994 2824 4067 legem
2851 4014 2865 4061 ;
2901 3996 2998 4050 sed
3048 4004 3227 4050 tamen
3271 3996 3582 4050 necessaria
3610 3994 3730 4061 fuit,

2138 4083 2264 4137 dum
2294 4090 2467 4137 tutore
2498 4090 2551 4137 et
2580 4090 2765 4138 actore
2791 4084 2970 4139 adhuc
3000 4083 3189 4154 pupilli
3233 4082 3631 4154 indigebamus.
3664 4084 3734 4138 Et

2138 4172 2437 4226 secundum
2496 4171 2634 4225 hanc
2686 4171 3146 4228 continuationem
3196 4186 3357 4226 causa
3406 4186 3526 4243 quae
3578 4172 3733 4243 prius

2140 4274 2249 4313 non
2278 4267 2397 4313 erat
2426 4257 2636 4313 reddita
2664 4258 2829 4314 modo
2858 4258 3214 4331 supplebitur.

2762 4453 2988 4510 CAPUT
3018 4454 3109 4509 IV.

2217 4629 2239 4657 ι
2273 4608 2407 4664 Dico
2436 4617 2617 4665 autem
2652 4625 2665 4666 :
2700 4612 2913 4680 Quanto
2962 4620 3206 4683 tempore
3252 4611 3427 4668 haeres
3474 4610 3734 4683 parvulus

2146 4718 2167 4741 ‹‹
2202 4696 2453 4763 est,nihil
2480 4698 2656 4754 differt
2686 4716 2715 4754 a
2738 4716 2918 4767 servo,
2945 4716 3067 4757 cum
3088 4700 3156 4754 sit
3184 4700 3434 4756 dominus
3449 4700 3691 4756 omnium
3718 4718 3733 4765 ;

2145 4805 2166 4831 ιι
2200 4784 2297 4838 sed
2328 4784 2428 4837 sub
2459 4786 2721 4841 tutoribus
2753 4796 2805 4842 et
2835 4788 3110 4843 actoribus
3143 4797 3225 4843 est
3270 4804 3444 4861 usque
3474 4788 3545 4843 ad
3582 4805 3732 4859 pras-

2144 4894 2166 4919 ‹‹
2201 4869 2408 4927 ﬁnitum
2450 4880 2662 4944 tempus
2692 4891 2725 4929 a
2753 4883 2926 4946 patre.
2962 4876 3042 4930 Ita
3072 4884 3123 4931 et
3168 4891 3269 4932 nos
3314 4892 3439 4932 cum
3485 4892 3733 4931 essemus

2144 4981 2165 5006 α
2200 4960 2432 5029 parvuli,
2466 4962 2568 5015 sub
2618 4962 2901 5018 elementis
2928 4964 3115 5019 mundi
3163 4980 3380 5020 eramus
3409 4965 3731 5020 servientes.

2144 5070 2164 5093 ‹‹
2199 5050 2267 5101 At
2297 5048 2388 5101 ubi
2428 5049 2575 5103 venit
2622 5050 2901 5119 plenitudo
2948 5050 3227 5122 temporis,
3258 5053 3403 5106 misit
3448 5053 3594 5107 Deus
3640 5053 3733 5106 Fi-

2142 5158 2162 5180 υ
2199 5134 2327 5187 lium
2358 5152 2514 5189 suum
2568 5135 2771 5192 factum
2803 5155 2868 5193 ex
2915 5139 3163 5204 muliere,
3198 5139 3397 5195 factum
3440 5140 3541 5193 sub
3583 5139 3729 5211 lege,

2142 5245 2163 5268 α
2198 5231 2253 5276 ιιι
2274 5238 2368 5277 eos
2396 5223 2486 5294 qui
2508 5224 2607 5279 sub
2637 5225 2760 5298 lege
2791 5234 2947 5281 erant
2966 5227 3279 5293 redimeret,
3298 5236 3355 5282 ut
3384 5226 3734 5297 adoptionem

2142 5332 2162 5357 ιι
2196 5309 2429 5366 ﬁliorum
2468 5313 2854 5383 reciperemus.
2888 5312 3159 5383 Quoniam
3208 5324 3386 5371 autem
3434 5314 3564 5370 estis
3608 5314 3731 5369 Filli

2140 5421 2161 5446 α
2197 5399 2319 5465 Dei,
2348 5400 2494 5455 misit
2522 5402 2671 5457 Deus
2710 5403 2965 5474 Spiritum
2995 5402 3114 5459 Filii
3144 5403 3226 5458 sui
3272 5403 3328 5458 in
3356 5402 3522 5459 corda
3551 5410 3733 5458 vestra

2141 5509 2161 5533 α
2198 5486 2427 5559 [nostra]
2458 5488 2780 5546 clamantem
2810 5507 2824 5545 :
2857 5490 3031 5555 Abba,
3057 5491 3236 5546 Pater.
3272 5489 3513 5547 218
3545 5490 3732 5561 Itaque
