3960 6050
282 184 381 237 301

931 180 1309 238 EXPOSITIO
1347 182 1422 239 IN
1458 178 1837 238 EPISTOLAS
1875 177 2101 235 PAULI.
2130 211 2198 223 -—
2228 181 2304 240 IN
2339 183 2559 240 EPIST.
2600 183 2694 239 AD
2735 184 2899 241 GAL.

3480 188 3586 243 302

286 328 308 351 α
340 305 456 373 jam
485 320 595 359 non
626 313 705 359 est
756 321 969 371 servus,
1018 307 1115 361 sed
1158 305 1320 361 ﬁlius.
1367 306 1508 375 Quia
1557 306 1602 360 si
1633 305 1792 370 ﬁlius,
1828 306 1953 363 etA
1984 321 2126 359 suo:
2164 308 2319 373 Cum,
2374 308 2426 361 id
2487 316 2568 364 est
2602 309 2865 379 quamvis,
2922 312 3155 379 futurus
3204 310 3280 363 sit
3326 309 3588 363 dominus

285 414 309 443 «
348 394 526 447 haeres
582 410 682 463 per
729 395 925 448 Deum.
977 394 1085 448 Sed
1133 402 1259 450 tunc
1306 395 1523 465 quidem
1576 395 1885 466 ignorantes

287 502 311 530 α
347 482 538 549 Deum,
602 481 687 534 his
734 482 825 552 qui
874 490 1070 536 natura
1113 498 1223 536 non
1255 491 1377 536 sunt
1424 483 1498 537 dii
1528 482 1877 537 servicbatis.

289 590 312 613 «
347 569 506 624 Nunc
536 576 716 623 autem
747 586 869 624 cum
920 571 1283 640 cognoveritis
1312 573 1487 625 Deum
1518 571 1648 639 (imo
1683 569 1887 641 cogniti

286 678 308 701 α
348 656 480 710 estis
510 655 667 728 [sitis]
699 672 732 711 a
763 658 920 725 Deo),
956 659 1227 729 quomodo
1271 658 1649 713 convertimini
1697 658 1887 711 iterum

288 766 309 789 «ι
348 745 420 798 ad
450 743 663 799 infirma
693 753 745 799 et
775 762 953 817 egena
1004 747 1292 816 elementa,
1329 748 1526 818 quibus
1556 747 1737 801 denuo
1769 762 1887 799 ser-

287 854 309 877 u
347 832 462 886 vire
492 832 704 887 vultis?
763 835 891 889 Dies
939 836 1263 900 observatis,
1307 844 1358 890 et
1389 852 1627 900 menses,
1663 843 1713 889 et
1746 842 1887 889 tem-

288 942 309 965 ιι
347 936 487 990 pora
535 930 586 974 et
649 936 838 976 annos.
891 923 1077 978 Timeo
1124 922 1263 995 [vos]
1308 940 1377 977 ne
1407 922 1543 978 forte
1574 923 1690 976 sine
1720 937 1889 977 causa

287 1008 711 1062 «laboraverim
766 1010 822 1063 in
878 1010 1052 1066 vobis.
1110 1012 1297 1065 Estote
1349 1012 1486 1066 sicut
1532 1026 1656 1080 ego,
1687 1010 1806 1081 quia
1839 1018 1891 1063 et

284 1118 308 1141 α
346 1112 454 1167 ego
486 1096 623 1150 sicut
666 1112 784 1161 vos,
835 1097 1050 1167 fratres,
1082 1099 1311 1153 obsecro
1342 1116 1460 1165 vos,
1491 1099 1623 1152 nihil
1654 1114 1741 1151 me
1789 1098 1888 1152 lae-

286 1206 310 1229 ιι
348 1184 518 1237 sistis.
553 1184 713 1239 Scitis
743 1194 921 1239 autem
975 1186 1103 1256 quia
1157 1203 1257 1256 per
1305 1186 1672 1241 infirmitatem
1711 1185 1889 1240 carnis

286 1294 310 1317 α
346 1272 722 1347 evangelizavi
769 1274 924 1327 vobis
969 1274 1289 1344 jampridem
1321 1283 1373 1329 et
1403 1274 1757 1329 tentationem
1789 1289 1889 1327 ve-

287 1380 309 1409 ι
350 1368 519 1413 stram
551 1361 604 1413 in
633 1376 796 1415 carne
826 1377 949 1415 mea
980 1378 1090 1417 non
1122 1363 1423 1433 sprevistis,
1457 1378 1635 1432 neque
1669 1360 1888 1432 respui-

289 1469 310 1492 a
345 1448 417 1501 tis
450 1466 463 1511 ;
497 1448 593 1502 sed
652 1448 790 1502 sicut
847 1450 1106 1521 angelum
1165 1450 1265 1504 Dei
1294 1450 1580 1519 accepistis
1608 1465 1716 1516 me,
1750 1450 1889 1504 sicut

286 1556 306 1580 α
347 1535 625 1589 Christum
672 1536 875 1590 Jesum.
930 1538 1031 1592 Ubi
1063 1544 1145 1592 est
1175 1554 1310 1607 ergo
1343 1538 1621 1592 beatitudo
1651 1545 1833 1591 vestra
1862 1537 1890 1590 Ὺ

1988 396 2266 460 omnium,
2300 396 2431 449 nihil
2451 396 2655 464 differt,
2682 398 2777 451 sed
2801 397 3038 467 pupillus
3059 396 3148 450 ille
3170 407 3255 451 est
3274 396 3370 452 sub
3395 399 3593 451 tutori-

1989 484 2106 549 bus,
2142 485 2233 555 qui
2266 494 2487 540 tuentur
2517 487 2890 541 haereditatem
2922 486 3056 553 ejus,
3092 500 3159 539 ne
3200 483 3465 538 violenter
3491 499 3590 537 au-

1990 570 2211 641 feratur,
2247 581 2299 628 et
2329 575 2428 629 sub
2478 575 2758 629 actoribus
2810 574 2900 644 qui
2958 588 3151 627 causas
3178 587 3275 642 pro
3307 587 3372 625 eo
3405 578 3590 643 agunt,

1989 670 2043 715 et
2075 662 2142 715 de
2176 662 2496 717 haereditate
2530 664 2646 732 ejus
2675 662 2988 731 disponunt.
3022 662 3118 715 Est
3148 660 3330 731 utique
3362 660 3461 712 sub
3487 658 3593 712 illis

1991 767 2162 822 usque
2196 752 2266 805 ad
2302 755 2520 824 tempus
2551 751 2695 821 quod
2725 750 3078 821 praeﬁnitum
3110 756 3189 803 est
3220 764 3251 802 a
3290 756 3441 817 patre
3472 762 3590 812 suo,

1989 839 2044 893 id
2076 847 2173 907 est,
2208 840 2446 909 quandiu
2475 846 2628 908 pater
2659 854 2788 891 suus
2815 838 3091 892 constituit
3124 853 3245 891 eum
3276 852 3398 890 esse
3432 834 3593 889 alieni

1983 927 2149 995 juris.
2183 927 2530 981 Consuetudo
2586 926 2726 979 enim
2754 934 2868 979 erat
2904 942 3078 995 usque
3109 925 3177 978 ad
3220 940 3343 978 xxn
3419 937 3592 977 annos

1990 1031 2219 1084 puerum
2255 1031 2376 1069 esse
2408 1014 2508 1068 sub
2536 1022 2787 1084 patrono,
2823 1030 2890 1067 ne
2921 1013 3213 1082 dissiparet
3244 1012 3427 1066 illicitc
3459 1010 3594 1065 sub-

1990 1103 2243 1157 stantiam
2301 1118 2472 1156 suam.
2526 1102 2677 1169 Quia.
2707 1100 2904 1155 Paulus
2943 1117 3053 1155 non
3096 1101 3318 1170 adaptat
3376 1113 3593 1154 omnem

1991 1190 2417 1255 similitudinem,
2480 1189 2679 1242 bonum
2739 1195 2821 1241 est
2868 1195 2925 1241 ut
2981 1188 3297 1257 adaptemus
3347 1186 3583 1256 singula.

1995 1279 2215 1345 Quanto
2266 1282 2510 1349 tempore
2560 1276 2686 1346 (hoc
2737 1275 2880 1329 enim
2932 1274 3029 1329 fuit
3076 1291 3108 1330 a
3150 1276 3328 1345 primo
3377 1274 3595 1329 homine

1988 1382 2163 1436 usque
2194 1365 2264 1419 ad
2318 1365 2610 1433 Christum)
2640 1363 2727 1417 hic
2760 1364 2850 1433 qui
2876 1372 2959 1418 est
3000 1362 3205 1417 futurus
3251 1364 3447 1427 haeres,
3481 1362 3593 1417 sci-

1988 1455 2116 1509 licet
2144 1454 2397 1508 Judaicus
2453 1452 2724 1523 populus:
2774 1451 2860 1507 cui
2907 1459 3026 1506 erat
3055 1450 3387 1521 repromissa
3419 1449 3588 1515 salus,

1989 1542 2225 1611 quandiu
2256 1542 2342 1595 hic
2371 1542 2550 1595 haeres
2582 1548 2663 1594 est
2692 1539 2953 1610 parvulus
2984 1540 3131 1594 omni
3162 1546 3402 1608 tempore
3420 1552 3594 1608 usque

286 1646 307 1668 α
344 1623 739 1677 Testimonium
794 1624 938 1678 enim
996 1625 1259 1694 perhibeo
1317 1626 1492 1689 vobis,
1544 1625 1667 1696 quia
1698 1624 1742 1678 si
1772 1624 1959 1709 fieriB
1991 1629 2059 1682 ad
2116 1629 2410 1694 Christum,
2460 1628 2515 1682 in
2560 1628 2869 1698 cognitione
2917 1627 3018 1682 Dei
3077 1626 3338 1697 parvulus
3376 1625 3493 1689 fuit,
3544 1630 3597 1677 et

288 1732 311 1755 α
346 1711 616 1780 potuisset
674 1711 919 1783 [posset],
984 1714 1173 1768 oculos
1227 1722 1439 1768 vestros
1496 1713 1776 1768 eruissetis
1833 1721 1886 1767 et

288 1821 309 1844 α
347 1799 640 1854 dedissetis
686 1800 836 1853 mihi.
887 1801 1035 1872 Ergo
1080 1801 1328 1856 inimicus
1358 1802 1513 1856 vobis
1543 1802 1713 1857 factus
1744 1817 1882 1866 sum,

287 1910 309 1934 α
347 1903 541 1941 verum
574 1887 764 1941 dicens
812 1888 965 1942 vobis
995 1889 1022 1941 ?
1072 1890 1413 1944 zEmulantur
1453 1905 1551 1945 vos
1581 1906 1689 1944 non
1721 1889 1881 1955 bene,

290 1998 312 2020 α
349 1976 449 2029 sed
508 1975 795 2030 excludere
844 1992 942 2032 vos
999 1978 1206 2043 volunt,
1266 1986 1322 2032 ut
1376 1978 1497 2032 illos
1527 1976 1876 2033 aemulemini.

293 2086 315 2111 ιι
350 2064 560 2118 Bonum
590 2072 767 2117 autem
799 2065 1129 2119 aamulamini
1159 2066 1213 2119 in
1244 2066 1388 2120 bono
1419 2082 1654 2136 semper,
1695 2073 1749 2119 et
1778 2081 1887 2119 non

293 2175 314 2199 ιι
351 2160 559 2206 tantum
588 2169 707 2205 cum
738 2169 984 2221 praesens
1016 2171 1134 2207 sum
1166 2154 1312 2224 apud
1350 2170 1473 2209 vos.
1532 2153 1705 2207 Filioli
1756 2152 1882 2219 mei,

291 2262 314 2292 ι
351 2256 491 2310 quos
520 2240 715 2294 iterum
744 2242 1005 2309 parturio,
1047 2242 1221 2297 donec
1270 2242 1528 2297 fermetur
1555 2241 1801 2295 Christus
1832 2240 1888 2293 in

291 2350 313 2374 η
348 2327 528 2383 vobis.
559 2327 769 2381 Vellem
799 2336 979 2384 autem
1011 2346 1132 2384 esse
1163 2330 1305 2400 apud
1336 2345 1433 2384 vos
1463 2328 1645 2393 modo,
1680 2336 1731 2383 et
1760 2344 1884 2381 mu-

290 2439 313 2463 ιι
349 2424 467 2471 tare
513 2429 705 2469 vocem
753 2432 947 2483 meam,
982 2418 1235 2488 quoniam
1274 2416 1574 2472 confundor
1603 2417 1657 2470 in
1696 2415 1877 2471 vobis.

292 2527 315 2551 ιι
343 2503 521 2558 Dicite
562 2502 714 2569 mihi,
757 2505 847 2574 qui
895 2506 994 2559 sub
1038 2506 1165 2577 lege
1196 2505 1355 2561 vultis
1388 2521 1529 2571 esse,
1571 2504 1751 2575 legem
1779 2519 1887 2557 non

286 2591 556 2665 «legistis
598 2591 624 2651 ἵ
682 2595 951 2665 Scriptum
998 2602 1080 2648 est
1124 2594 1267 2647 enim
1314 2594 1567 2664 quoniam
1616 2592 1887 2646 Abraham

291 2705 313 2729 ιι
350 2684 491 2739 duos
521 2684 661 2739 filios
689 2682 897 2751 habuit,
930 2698 1099 2735 unum
1128 2682 1195 2735 de
1224 2682 1421 2736 ancilla
1444 2682 1607 2743 (Gen.
1635 2695 1751 2745 xvr,
1779 2678 1884 2749 15),

290 2794 312 2819 α
349 2780 402 2827 et
432 2789 596 2827 unum
640 2773 710 2827 de
756 2772 930 2825 libera
960 2771 1118 2837 (Gen.
1154 2784 1278 2834 xxi,
1311 2770 1386 2837 2).
1423 2768 1530 2823 Sed
1564 2768 1655 2838 qui
1686 2767 1753 2821 de
1784 2783 1885 2819 an—

291 2882 314 2909 ι
350 2860 478 2916 cilla
528 2860 825 2916 secundum
878 2873 1093 2913 carnem
1132 2865 1293 2911 natus
1323 2865 1405 2910 est
1440 2870 1451 2909 :
1486 2855 1577 2926 qui
1608 2863 1789 2909 autem
1820 2854 1888 2909 de

290 2971 313 2995 «ι
350 2948 542 3017 libera,
572 2965 671 3019 per
702 2945 1221 3017 repromissionem;
1253 2961 1373 3015 quae
1403 2952 1525 2997 sunt
1556 2960 1654 3013 per
1683 2943 1890 3013 allego-

292 3058 316 3087 ι
349 3036 488 3090 riam
519 3036 682 3092 dicta.
708 3038 836 3090 Haec
864 3034 1009 3089 enim
1039 3042 1163 3087 sunt
1193 3034 1302 3087 duo
1333 3038 1676 3086 testamenta.
1708 3032 1884 3085 Unum

289 3147 314 3175 ι
351 3125 571 3195 quidem
618 3126 672 3178 in
702 3130 886 3178 monte
936 3122 1082 3187 Sina,
1128 3121 1181 3174 in
1234 3120 1547 3175 servitutem
1594 3135 1885 3189 generans,

292 3235 316 3257 α
352 3229 474 3283 qua:
529 3219 610 3266 est
657 3214 826 3284 Agar.
878 3210 1010 3265 Sina
1055 3208 1198 3263 enim
1219 3224 1377 3262 mons
1432 3216 1515 3262 est
1558 3207 1612 3260 in
1643 3206 1835 3260 Arabia
1871 3220 1883 3258 :

292 3319 316 3343 υ
356 3297 449 3367 qui
477 3296 799 3364 conjunctus
841 3302 925 3348 est
970 3294 1039 3359 ei,
1088 3310 1208 3363 quae
1237 3308 1380 3347 nunc
1410 3299 1492 3345 est
1524 3290 1882 3354 Hierusalem,

289 3407 313 3429 α
348 3392 401 3439 et
431 3384 597 3438 servit
626 3399 749 3438 cum
807 3382 933 3436 filiis
983 3381 1139 3455 suisa
1165 3380 1260 3434 Illa
1309 3386 1489 3433 autem
1521 3394 1641 3449 quae
1672 3392 1887 3431 sursum

290 3495 315 3520 α
351 3480 437 3526 est
464 3471 818 3536 Hierusalem,
842 3471 1012 3524 libera
1068 3476 1168 3533 est,
1202 3484 1323 3539 quae
1346 3474 1429 3521 est
1478 3473 1651 3519 mater
1678 3472 1882 3519 nostra.

291 3580 316 3610 α
353 3560 626 3630 Scriptum
687 3567 770 3613 est
799 3559 944 3613 enim
978 3576 990 3611 :
1029 3581 1051 3604 α
1104 3558 1312 3611 Laetare
1357 3554 1557 3609 sterilis
1604 3570 1724 3624 quae
1778 3568 1887 3607 non

290 3669 315 3698 ι
350 3648 519 3718 paris.
552 3648 793 3717 Erumpe
823 3654 875 3701 et
904 3646 1097 3711 clama,
1159 3661 1280 3715 quae
1309 3659 1418 3698 non
1448 3641 1683 3712 parturis
1714 3658 1727 3693 :
1762 3639 1888 3710 quia

289 3757 314 3786 ι
349 3736 507 3790 multi
536 3734 630 3789 filii
659 3736 910 3803 desertae,
942 3734 1121 3803 magis
1178 3749 1337 3803 quam
1394 3732 1528 3800 ejus,
1575 3746 1696 3801 quae
1727 3728 1887 3781 habet

288 3845 315 3875 ι
352 3824 531 3878 virum
556 3824 687 3894 (Isa.
722 3838 833 3890 LIV,
871 3823 946 3893 1).
983 3842 1005 3871 ι
1054 3822 1169 3875 Nos
1199 3829 1401 3884 autem,
1434 3819 1649 3883 fratres,
1682 3832 1886 3872 secun-

290 3934 315 3960 α
353 3912 485 3966 dum
516 3913 667 3966 Isaac
700 3909 1081 3981 promissionis
1112 3907 1207 3961 filii
1236 3925 1438 3962 sumus.
1473 3907 1583 3962 Sed
1612 3904 1886 3976 quomodo

288 4024 311 4048 ι
349 4010 478 4054 tunc
508 4000 554 4053 is
583 3999 675 4070 qui
722 3998 1019 4054 secundum
1076 4012 1297 4051 carnem
1345 4003 1499 4049 natus
1530 3993 1720 4060 fuerat,
1752 4009 1885 4063 per-

288 4110 314 4137 c
344 4088 674 4158 sequebatur
732 4103 854 4141 eum
912 4086 1003 4156 qui
1058 4085 1359 4139 secundum
1416 4082 1684 4153 spiritum,
1731 4082 1805 4135 ita
1834 4088 1887 4135 et

285 4200 308 4221 α
346 4191 512 4231 nunc.
546 4176 653 4230 Sed
684 4174 813 4245 quid
842 4174 971 4229 dicit
1002 4173 1279 4243 Scriptura
1298 4172 1326 4225 7
1367 4172 1514 4239 Ejice
1544 4169 1795 4225 ancillam
1834 4177 1887 4223 et

286 4288 311 4309 α
348 4264 519 4318 ﬁlium
538 4264 674 4333 ejus.
698 4264 822 4317 Non
841 4261 982 4317 enim
1005 4264 1181 4316 hieres
1202 4260 1304 4315 erit
1333 4258 1474 4313 ﬁlius
1512 4258 1741 4322 ancillae,
1765 4273 1885 4312 cum

1990 1733 2116 1773 cum
2142 1717 2403 1786 parvulus
2433 1723 2533 1780 est,
2567 1715 2698 1768 nihil
2730 1714 2905 1769 differt
2950 1714 3185 1785 populus
3216 1714 3305 1768 ille
3335 1729 3368 1767 a
3398 1726 3584 1767 servo.

1993 1805 2079 1862 Si.
2102 1805 2245 1859 cnim
2276 1811 2548 1874 praecepta
2580 1803 2683 1856 sibi
2713 1802 2948 1869 faceret,
2981 1802 3184 1856 vitebat
3213 1816 3431 1871 poenam
3462 1818 3476 1864 ;
3510 1798 3595 1852 sin

1990 1900 2192 1958 autem,
2245 1892 2599 1962 torquebatur
2637 1898 2694 1943 ut
2742 1907 2931 1945 survus
2980 1887 3475 1960 asperrime;nihil
3505 1886 3594 1939 in-

1988 1981 2149 2036 terim
2202 1979 2381 2034 differt
2436 1994 2465 2032 a
2523 1993 2703 2044 servo,
2764 1977 2891 2033 licet
2960 1977 3028 2031 sit
3084 1977 3291 2031 futurus
3341 1975 3594 2030 dominus

1990 2068 2235 2123 omnium
2265 2068 2533 2121 bonorum
2552 2065 2911 2131 hareditatis;
2945 2065 3023 2120 sic
3051 2064 3284 2135 populus
3318 2063 3407 2117 ille
3434 2080 3592 2133 pres-

1990 2174 2083 2211 sus
2143 2155 2403 2210 servitute
2451 2154 2615 2226 legis,
2663 2153 2709 2207 si
2754 2154 2821 2207 de
2869 2153 2992 2224 lege
3022 2152 3271 2206 transiret
3299 2151 3369 2205 ad
3401 2151 3584 2216 fidem,

1989 2244 2401 2300 constituendus
2458 2250 2575 2297 erat
2632 2241 2884 2296 dominus
2944 2240 3181 2296 caelestis
3226 2238 3583 2293 hereditatis.

1988 2333 2268 2387 Parvulus
2293 2332 2442 2386 nihil
2466 2330 2659 2401 (ii/fert
2676 2347 2708 2383 α
2730 2345 2903 2393 servo,
2920 2328 3014 2384 sed
3033 2332 3118 2383 est
3130 2327 3228 2383 sub
3247 2318 3593 2383 tutoribuset

1988 2420 2287 2483 actoribus,
2319 2420 2373 2473 id
2412 2426 2493 2473 est
2524 2420 2623 2472 sub
2652 2417 2776 2488 lege
2807 2432 2928 2487 quae
2957 2423 3155 2470 tutatur
3179 2432 3301 2471 eum
3332 2431 3432 2485 per
3455 2430 3597 2485 prae-

1990 2515 2177 2578 cepta:
2210 2514 2263 2561 et
2294 2507 2407 2579 agit
2433 2522 2534 2576 pro
2563 2521 2629 2560 eo
2656 2521 2753 2575 per
2806 2504 3088 2559 sacrificia.
3123 2504 3220 2557 Est
3248 2502 3432 2573 utique
3490 2501 3592 2555 sub

1989 2595 2097 2649 illis
2128 2612 2302 2666 usque
2320 2595 2390 2649 ad
2407 2602 2621 2663 tempus
2644 2592 2787 2662 quod
2812 2592 2886 2647 2
2900 2590 2960 2647 1
2977 2591 3053 2646 9
3077 2589 3399 2661 praefinitum
3420 2604 3451 2643 a
3471 2590 3588 2644 Deo

1990 2683 2149 2737 Patre
2179 2683 2233 2735 in
2265 2698 2373 2752 quo
2420 2689 2663 2751 tempore
2694 2680 2763 2734 de
2793 2680 3050 2735 servitute
3079 2678 3219 2750 legis
3256 2676 3587 2731 transferre-

1988 2778 2077 2823 tur
2106 2770 2170 2823 ad
2202 2770 2509 2823 libertatem
2539 2768 2683 2822 fidei.
2717 2768 2786 2821 Et
2829 2766 3286 2838 quemadmodum
3332 2764 3588 2835 parvulus

1988 2859 2163 2913 haeres
2191 2858 2289 2912 sub
2318 2857 2596 2913 tutoribus
2626 2859 2682 2911 et
2697 2856 2978 2912 actoribus
3006 2859 3109 2920 est,
3144 2856 3229 2909 ita
3251 2857 3307 2909 et
3336 2869 3437 2908 nos
3458 2867 3585 2908 cum

1990 2962 2236 3002 essemus
2255 2946 2481 3016 parvuli
2503 2945 2556 2998 in
2576 2944 2885 3015 cognitione
2908 2942 3026 3009 Dei,
3053 2958 3279 2998 eramus
3298 2956 3406 2995 non
3426 2937 3588 2993 liberi

1989 3035 2087 3089 sed
2119 3036 2427 3089 servientes
2458 3033 2557 3088 sub
2605 3032 2922 3099 elementis,
2950 3030 3005 3084 id
3042 3037 3123 3084 est
3154 3029 3252 3083 sub
3282 3027 3577 3099 legalibus.

1988 3121 2127 3189 Quia
2176 3121 2311 3175 sicut
2349 3137 2487 3191 puer
2525 3136 2625 3190 per
2678 3119 2944 3174 elementa
2991 3116 3262 3188 alphabeti
3292 3115 3488 3169 transit
3518 3114 3586 3169 ad

1986 3208 2353 3281 cognitionem
2384 3208 2699 3272 litterarum,
2736 3207 2815 3262 sic
2842 3223 2939 3277 per
2979 3206 3159 3275 legem
3188 3202 3583 3258 transeundum

1988 3304 2102 3350 erat
2144 3297 2211 3349 ad
2257 3296 2621 3367 cognitionem
2670 3294 2789 3361 Dei,
2838 3294 2893 3347 in
2941 3293 3049 3347 fide
3090 3292 3421 3347 habendam.
3450 3290 3584 3344 Ele-

1986 3392 2228 3437 mentum
2276 3383 2474 3438 dicitur
2535 3381 2621 3437 vel
2664 3382 2817 3452 quasi
2862 3381 3259 3435 elevamentum
3294 3397 3309 3445 ;
3351 3394 3448 3448 per
3478 3378 3587 3431 hoc

1987 3471 2128 3526 enim
2159 3471 2229 3524 ad
2271 3470 2549 3526 scientiam
2597 3469 2715 3541 quis
2744 3469 3006 3524 elevatur.
3039 3469 3138 3523 Vel
3168 3466 3322 3537 quasi
3351 3465 3584 3520 elimen-

1986 3567 2118 3625 tum,
2154 3559 2223 3612 ab
2254 3559 2439 3624 elimo,
2474 3559 2691 3626 eli‘mas,
2725 3564 2828 3612 etc.
2863 3556 2961 3611 Vel
2994 3555 3149 3627 quasi
3176 3553 3579 3624 hylementum;

1986 3647 2111 3718 her
2134 3646 2277 3701 enim
2293 3646 2558 3701 materia.
2582 3647 2821 3699 Eramus
2839 3645 2941 3699 sub
2952 3642 3249 3699 elementis
3270 3639 3490 3704 mundi,
3526 3638 3581 3693 id

1986 3743 2087 3801 est,
2148 3751 2268 3805 quae
2322 3734 2408 3789 lex
2465 3741 2518 3788 et
2564 3732 2837 3787 mundana
2866 3731 3227 3803 promittebat,
3262 3735 3315 3784 et
3341 3726 3580 3783 carnalia

1986 3823 2242 3879 docebat.

2058 3912 2212 3965 Prius
2243 3910 2321 3966 sic
2352 3909 2535 3981 pavuli
2564 3924 2799 3964 eramus.
2824 3909 2895 3963 At
2923 3908 3037 3978 ubi,
3072 3908 3127 3963 id
3157 3917 3239 3965 est
3266 3919 3574 3984 postquam,

1985 4000 2449 4070 venitplenitudo
2481 4000 2765 4069 temporis,
2800 3996 2915 4051 sive
2946 4004 3158 4067 tempus
3184 3999 3535 4068 plenitudinis
3560 4019 3572 4058 :

1985 4087 2262 4158 plenitudo
2309 4087 2453 4152 ideo,
2505 4085 2629 4156 quia
2659 4100 2993 4155 quascunque
3024 4095 3329 4155 exspectata
3361 4088 3578 4144 fuerant

1985 4176 2041 4229 in
2095 4175 2358 4230 anteactis
2414 4174 2648 4239 sarculis,
2708 4181 2835 4228 tunc
2872 4172 3026 4227 fuere
3075 4175 3340 4244 completa
3382 4194 3396 4241 ;
3447 4185 3575 4233 tunc

1985 4262 2129 4317 enim
2185 4262 2426 4332 perfecta
2474 4260 2801 4329 justiﬁcatio,
2863 4277 2984 4331 quae
3012 4270 3167 4316 antea
3214 4278 3322 4317 non
3352 4263 3573 4331 fuerat;

288 4375 312 4403 ι
350 4351 463 4405 ﬁlio
490 4351 697 4406 liberae.
730 4351 939 4421 Itaque,
959 4350 1179 4415 fratres,
1203 4364 1311 4403 non
1334 4364 1520 4402 sumus
1536 4345 1744 4401 ancilla
1765 4344 1878 4411 ﬁlii,
1902 4337 1955 4396 D
1985 4359 2109 4405 tunc
2162 4365 2405 4420 prmsens
2437 4356 2487 4402 et
2542 4347 2705 4418 plena
2757 4347 3001 4414 salvatio,
3064 4364 3225 4420 quam
3272 4359 3396 4406 ante
3426 4351 3571 4406 diem

283 4461 307 4490 ι
345 4440 446 4495 sed
474 4440 680 4507 liberae,
714 4454 821 4510 qua
848 4438 1096 4493 libertate
1126 4436 1369 4491 Christus
1398 4450 1499 4490 nos
1538 4432 1809 4488 liberavit.
1854 4456 1876 4480 η

940 4639 1255 4682 Βιροειτιο.

360 4799 570 4856 Dixerit
592 4797 812 4871 quidem
841 4812 949 4853 non
982 4795 1215 4867 amplius
1244 4808 1380 4864 opus
1408 4807 1530 4848 esse
1554 4789 1875 4863 paedagogo,

282 4890 383 4945 sed
414 4905 635 4945 causam
680 4903 791 4943 non
822 4894 1078 4957 posuerat
1109 4899 1295 4955 quare.
1350 4880 1524 4949 Quam
1554 4880 1641 4933 hic
1679 4879 1877 4945 subdit,

286 4979 482 5033 dicens
514 4993 528 5031 :
559 4978 707 5033 Licet
735 4992 832 5031 vos
859 4975 1021 5029 modo
1050 4989 1217 5027 unum
1247 4972 1301 5025 in
1332 4969 1548 5024 Christo
1578 4967 1881 5039 paedagogo

282 5084 399 5123 non
457 5066 682 5137 egeatis,
729 5072 911 5119 tamen
950 5062 1071 5116 dico
1112 5059 1257 5131 quod
1286 5074 1384 5115 vos
1408 5059 1519 5127 jam
1549 5056 1879 5128 indiguistis,

284 5156 427 5210 sicut
458 5153 655 5207 videtis
677 5152 841 5223 quod,
867 5154 1295 5223 quantocunque
1317 5151 1565 5217 ternpore
1584 5145 1881 5199 secundum

286 5242 703 5313 dispositionem
732 5240 904 5310 patris
924 5238 1198 5310 parvulus
1227 5239 1330 5303 est,
1370 5234 1454 5288 hic
1486 5234 1577 5305 qui
1607 5240 1689 5287 est
1707 5232 1882 5287 lateres

286 5332 505 5386 futurus
535 5338 737 5401 quanto
768 5336 1034 5398 tempore,
1069 5326 1182 5381 sive
1212 5338 1305 5390 xx,
1343 5323 1457 5378 sive
1486 5336 1585 5387 xv,
1626 5320 1883 5391 parvulus

285 5427 395 5475 est.
435 5418 585 5475 Licet
614 5417 683 5472 sit
710 5416 1009 5472 destinatus
1036 5415 1231 5481 haeres,
1267 5420 1444 5467 tamen
1476 5409 1629 5465 nihil
1659 5409 1885 5481 diﬂ‘erta

280 5522 465 5575 servo,
490 5505 617 5577 quia
644 5521 789 5577 saepe
819 5502 1229 5573 constringitur,
1249 5509 1302 5558 et
1315 5500 1635 5558 verberatur
1655 5510 1688 5552 a
1708 5504 1886 5553 tutore

1979 4439 2132 4492 illum
2162 4437 2509 4507 exspectabat
2539 4436 2817 4489 Abraham
2846 4451 2967 4491 cum
2988 4438 3198 4492 caeteris
3229 4439 3450 4496 sanctis.
3475 4438 3574 4495 Vel

1982 4526 2139 4581 aliter
2172 4541 2184 4579 :
2216 4528 2518 4596 Postquam
2536 4524 2691 4578 venit
2706 4525 3021 4594 plenitudo,
3047 4525 3101 4579 id
3121 4533 3202 4580 est
3224 4526 3345 4581 finis
3367 4535 3420 4581 et
3442 4542 3573 4583 con-

1981 4613 2266 4668 summatio
2296 4612 2572 4683 temporis,
2599 4611 2743 4684 quod
2781 4612 3127 4668 constituerat
3159 4615 3389 4685 primum
3427 4632 3572 4685 prae-

1982 4702 2143 4757 terire
2172 4704 2337 4771 Deus,
2362 4709 2489 4756 tunc
2518 4701 2681 4756 misit
2712 4703 2858 4757 Deus
2885 4702 3297 4758 Filiumsuum.
3318 4704 3452 4759 Cum
3475 4704 3569 4759 Fi-

1979 4791 2084 4846 lius
2113 4790 2213 4845 Dei
2239 4790 2438 4861 ubique
2468 4797 2611 4844 totus
2642 4797 2694 4844 et
2739 4805 2978 4860 presens
3007 4798 3170 4856 esset,
3214 4792 3316 4846 hoc
3355 4792 3571 4847 mittere

1980 4879 2113 4933 nihil
2141 4878 2288 4933 aliud
2316 4877 2428 4945 fuit,
2463 4893 2625 4948 quam
2656 4878 2803 4948 quod
2832 4894 2954 4933 eum
2985 4878 3077 4949 qui
3107 4878 3391 4934 invisibilis
3435 4887 3569 4947 erat,

1981 4967 2035 5021 in
2064 4966 2241 5021 forma
2270 4965 2414 5021 servi
2443 4965 2694 5020 visibilen
2729 4965 2986 5020 exhibuit.
3038 4965 3229 5021 Filium
3244 4967 3388 5035 dico,
3409 4984 3571 5040 quem

1982 5055 2120 5110 adeo
2149 5053 2466 5121 humiliavit,
2497 5061 2556 5107 ut
2583 5056 2801 5124 factum
2821 5070 2894 5109 ex
2914 5055 3172 5121 muliere,
3197 5056 3251 5110 id
3272 5064 3351 5111 est
3371 5064 3427 5111 ut
3448 5072 3570 5112 eum

1984 5143 2075 5215 qui
2105 5141 2332 5196 infactus
2362 5149 2415 5195 et
2469 5141 2832 5212 sempiternus
2889 5150 3023 5209 erat,
3058 5142 3321 5199 facturam
3375 5159 3571 5200 novam

1984 5247 2049 5287 ex
2078 5230 2302 5285 muliere
2330 5229 2494 5284 vellet
2524 5228 2820 5299 suscipere.
2856 5233 3090 5286 Factum
3120 5231 3277 5286 etiam
3299 5233 3396 5287 sub
3430 5234 3568 5301 lege,

1987 5318 2110 5391 quia
2166 5318 2267 5372 sub
2322 5317 2446 5389 lege
2475 5316 2624 5381 vixit,
2659 5324 2711 5370 et
2740 5316 2919 5387 legem
2948 5318 3208 5390 implevit,
3243 5319 3369 5373 dum
3397 5318 3572 5372 hostia

1984 5423 2085 5478 pro
2115 5406 2206 5461 illo
2236 5406 2359 5461 data
2388 5404 2504 5460 fuit.
2538 5405 2666 5460 Ideo
2697 5406 2795 5459 sub
2826 5405 2968 5478 lege,
3000 5410 3066 5461 ut
3096 5407 3270 5477 pretio
3292 5405 3574 5478 sanguinis

1986 5496 2113 5552 dato
2142 5495 2444 5551 redimeret
2464 5508 2554 5549 eos
2572 5496 2666 5566 qui
2687 5498 2853 5550 erant
2870 5494 2968 5550 sub
2998 5494 3130 5565 lege.
3166 5492 3284 5549 Nisi
3304 5493 3450 5549 enim
3472 5496 3575 5551 sub
