3960 6050
347 92 449 142 303

816 86 900 140 'S.
960 85 1313 142 BRUNONIS
1371 83 2012 141 CARTHUSIANORUM
2071 83 2555 141 INSTITUTOBIS
2612 84 2763 141 OPP.
2822 86 2998 143 PARS
3054 88 3122 142 II.

3537 88 3643 142 304

342 212 467 283 lege
496 210 668 276 fieret,
703 210 992 280 legemque
1022 217 1250 277 teneret,
1281 226 1313 263 a
1339 210 1463 281 lege
1505 210 1758 275 liberare,
1792 216 1843 263 et
1873 208 1950 262 le-
1977 210 2032 267 Α
2054 210 2215 275 idem,
2245 211 2389 282 quod
2418 211 2623 265 idolum
2682 211 2778 265 fuit
2807 212 2954 267 olim.
2990 214 3130 267 Vere
3160 210 3536 268 convertimini
3566 210 3637 265 ad

346 316 471 371 gem
502 299 782 353 destruere
811 314 919 352 non
952 306 1155 368 posset,
1190 299 1327 353 sicut
1358 300 1595 368 oportuit
1624 306 1680 351 ut
1710 305 1939 352 mortem

346 387 641 459 gustando,
700 395 934 441 mortem
991 387 1307 440 destrueret.
1350 390 1417 443 Ut
1461 387 1769 450 redimeret,
1802 394 1855 439 et
1884 394 1940 438 ut

348 475 609 545 redempti
658 477 1034 545 reciperemus
1065 474 1421 544 adoptionem
1448 475 1720 542 ﬁliorum,
1769 474 1825 527 id
1857 481 1940 527 est

347 580 592 619 essemus
625 562 717 616 filii
746 563 1105 631 suscipientes
1136 563 1501 632 adOptionem,
1536 562 1589 615 id
1606 571 1688 615 est
1702 561 1937 615 haeredi-

348 661 513 707 tatem
572 659 850 715 mternam,
903 666 1064 721 quam
1095 650 1251 703 nobis
1290 649 1467 721 gratia
1498 650 1597 704 Dei
1626 650 1927 719 adoptavit.

345 724 449 795 Ubi
503 740 574 793 ait
629 741 849 808 factum
880 754 952 792 ea:
984 739 1242 801 muliere,
1277 737 1551 807 quaeritur,
1588 753 1712 792 cum
1741 738 1938 809 ubique

346 830 494 882 Deus
524 835 663 881 totus
696 834 860 891 esset,
894 826 1166 895 quomodo
1185 825 1363 897 magis
1384 824 1545 879 fuerit
1567 826 1622 878 in
1644 835 1797 880 uturo
1821 826 1937 880 Vir-

341 915 505 986 ginis.
541 915 705 983 Cujus
735 914 814 967 rei
872 921 1078 983 ponunt
1109 912 1282 966 sancti
1313 912 1721 967 similitudinem
1751 914 1937 982 hujus-

343 1003 510 1069 modi,
543 1003 706 1073 quod,
770 1002 908 1056 sicut
949 1000 1145 1063 anima,
1178 1000 1305 1053 dum
1338 1008 1419 1055 est
1448 1001 1503 1054 in
1532 1017 1776 1071 corpore,
1810 1016 1937 1056 cor-

345 1108 446 1161 pus
474 1092 651 1161 ipsum
682 1088 971 1151 sensiticat,
1007 1088 1148 1157 regit
1179 1097 1229 1142 et
1247 1088 1427 1143 vivere
1448 1088 1572 1145 facit
1601 1108 1615 1153 ;
1647 1098 1937 1161 segregata

343 1196 374 1232 a
405 1195 651 1248 corpore,
684 1178 809 1231 alibi
842 1177 1062 1247 quidem
1094 1184 1202 1230 tota
1234 1177 1481 1231 similiter
1511 1187 1611 1242 est,
1637 1194 1736 1231 nec
1759 1186 1938 1231 tamen

341 1267 543 1322 ibidem
599 1266 837 1321 ofﬁcium
894 1265 1019 1319 facit
1062 1279 1073 1317 :
1110 1263 1179 1316 ita
1211 1264 1481 1333 divinitas,
1516 1265 1641 1320 licet
1670 1265 1799 1319 alibi
1830 1272 1939 1319 tota

345 1357 430 1421 sit,
466 1362 523 1410 ut
551 1356 605 1408 in
637 1363 790 1409 utero
836 1353 1092 1425 Virginis,
1143 1369 1249 1407 non
1280 1361 1464 1407 tamen
1520 1354 1764 1423 sequitur
1792 1353 1938 1423 quod

344 1445 486 1499 idem
537 1452 790 1513 Operetur
833 1442 960 1496 alibi
1007 1444 1153 1513 quod
1201 1442 1257 1495 in
1285 1450 1438 1495 utero
1471 1441 1730 1512 Virginis.
1766 1442 1937 1510 Supe-

2038 303 2238 374 legem;
2257 315 2391 354 nam
2415 315 2511 353 vos
2532 302 2657 370 jam
2687 301 2987 355 observatis
3002 300 3136 366 dies,
3170 299 3224 353 id
3246 309 3327 353 est
3358 298 3589 353 Sabbata
3614 317 3628 364 ;

2039 388 2347 443 observatis
2378 388 2537 443 etiam
2568 405 2806 455 menses,
2841 388 2895 441 id
2921 396 3002 442 est
3048 387 3420 443 innovationes
3449 387 3590 441 luna:
3615 404 3631 451 ;

2039 482 2093 532 et
2125 481 2397 547 tempora,
2433 476 2487 530 id
2518 484 2599 531 est
2623 476 2825 544 jejunia
2872 476 3249 540 Hebraeorum,
3282 475 3335 529 in
3370 474 3632 544 tempori-

2040 565 2140 619 bus
2179 572 2377 619 statuta
2400 582 2414 629 ;
2446 565 2744 619 observatis
2765 566 2927 618 etiam
2945 581 3143 629 annos,
3170 564 3223 617 id
3243 572 3325 617 est
3347 563 3635 633 septimum

2040 669 2261 717 annum,
2295 661 2347 707 et
2370 652 2650 720 jubilaaum
2680 668 2833 706 more
2862 652 3215 707 Hebraeorum
3237 693 3250 705 .

2110 741 2177 793 Et
2209 740 2334 811 quia
2368 740 2445 794 sic
2476 740 2658 808 agitis,
2693 742 2861 795 timeo
2890 756 2998 805 vos,
3031 740 3086 793 id
3134 748 3217 793 est
3246 739 3375 793 nihil
3408 738 3548 792 adeo
3577 738 3632 791 in

2038 828 2193 883 vobis
2248 828 2412 882 timeo
2468 828 2623 882 sicuti
2651 843 2773 883 vos.
2838 828 3045 897 Timeo,
3080 828 3317 898 inquam,
3370 843 3441 882 ne
3483 830 3632 897 forte

2041 916 2207 985 (quod
2237 916 2345 970 cito
2375 915 2693 985 contingere
2740 916 2939 985 potest)
2992 916 3360 970 laboraverim
3392 917 3455 969 in
3484 914 3633 969 vobis

2038 1006 2162 1058 sine
2179 1020 2370 1070 causa,
2404 1003 2459 1056 id
2489 1012 2571 1057 est
2628 1003 2743 1057 sine
2774 1003 2949 1057 fructu
3004 1003 3266 1057 utilitatis.
3315 1003 3422 1056 Sed
3450 1017 3517 1057 ne
3545 1016 3635 1056 me

2040 1091 2240 1145 frustra
2267 1091 2545 1145 laborasse
2576 1091 2873 1162 contingat,
2900 1095 3073 1146 estote
3102 1093 3251 1146 sicut
3279 1107 3391 1160 ego,
3416 1106 3525 1144 non
3541 1106 3637 1144 cu-

2039 1188 2222 1233 rantes
2245 1179 2461 1250 legalia,
2498 1181 2629 1250 quia
2645 1183 2701 1233 et
2731 1196 2826 1248 ego
2857 1177 2930 1231 fui
2965 1178 3094 1233 olim
3134 1178 3326 1249 legalis
3354 1180 3504 1233 sicut
3541 1193 3635 1234 vos

2041 1283 2163 1320 esse
2192 1267 2373 1332 vultis,
2409 1275 2460 1320 et
2489 1266 2725 1321 deserui.
2759 1266 2919 1320 Modo
2952 1266 3148 1329 videte,
3183 1282 3345 1336 quam
3378 1265 3637 1335 insipien-

2040 1362 2122 1408 ter
2158 1356 2262 1409 hoc
2292 1354 2487 1409 velitis.
2548 1353 2644 1408 Vel
2674 1354 2748 1407 ita
2781 1372 2794 1407 :
2828 1355 3016 1409 Estote
3043 1356 3194 1409 sicut
3221 1370 3337 1424 ego,
3372 1353 3498 1423 quia
3529 1368 3635 1422 ego

2040 1458 2158 1495 sum
2189 1442 2323 1496 sicut
2352 1458 2467 1507 vos,
2501 1442 2776 1513 gentiliter
2810 1442 3019 1495 vivens.
3052 1441 3435 1511 Imponebatur
3466 1440 3635 1494 Paulo

344 1533 455 1586 rius
500 1539 721 1585 notasse
771 1530 1055 1584 debuimus
1099 1530 1266 1601 quod,
1318 1529 1774 1599 quemadmodum
1816 1545 1937 1599 par-
1966 1553 2018 1611 B
2040 1531 2108 1583 ab
2138 1530 2243 1582 illis
2273 1530 2501 1599 pseudo,
2534 1529 2681 1599 quod
2710 1528 2834 1583 odio
2889 1529 3114 1584 haberet
3144 1528 3385 1593 Galatas,
3435 1535 3487 1583 et
3512 1528 3636 1582 ideo

344 1619 503 1675 vulus
560 1619 669 1683 ille,
733 1619 778 1671 si
805 1618 955 1687 prius
1005 1634 1163 1687 quam
1197 1618 1376 1671 veniat
1406 1617 1472 1669 ad
1504 1624 1743 1670 maturos
1766 1632 1939 1671 annos

342 1707 588 1771 moritur,
620 1706 981 1760 hmreditatem
1014 1705 1222 1770 amittit;
1259 1705 1336 1759 sic
1367 1705 1457 1774 qui
1487 1704 1609 1758 dele
1627 1721 1696 1776 ge
1717 1704 1787 1757 ad
1816 1720 1937 1757 ma-

341 1794 615 1849 turitatem
644 1793 770 1847 ﬁdei
800 1793 1029 1846 transire
1062 1792 1313 1856 noluerit,
1347 1807 1540 1861 expers
1570 1790 1628 1845 fit
1655 1790 1938 1846 hzeredita-

344 1883 411 1937 tis
424 1924 437 1936 .

348 2021 357 2025 -
413 1970 669 2025 Dicerent
701 1970 943 2024 Galatae:
980 1971 1086 2025 Vos
1134 1970 1371 2041 quidem,
1430 1967 1619 2033 Judaei,
1666 1966 1939 2036 recipietis

342 2058 686 2127 ad0ptionem
718 2055 949 2110 ﬁliorum
984 2072 994 2109 :
1031 2059 1127 2112 sed
1176 2058 1303 2128 quid
1334 2056 1576 2126 proderit
1623 2055 1779 2112 nobis
1799 2055 1827 2108 7
1857 2054 1940 2107 Ad

347 2148 450 2209 hoc
505 2145 700 2198 Paulus
735 2159 746 2197 :
776 2144 899 2197 Non
943 2144 1121 2198 solum
1169 2160 1267 2199 nos
1299 2161 1486 2197 sumus
1517 2142 1631 2207 filii,
1665 2142 1763 2196 sed
1794 2142 1940 2211 quod

339 2248 439 2287 vos
497 2232 731 2303 gentiles
780 2232 1028 2284 similiter
1079 2232 1209 2285 estis
1264 2230 1379 2284 filii.
1434 2230 1631 2284 Probat
1659 2230 1762 2283 hoc
1794 2229 1939 2299 quod

343 2322 489 2375 Deus
514 2320 666 2373 misit
690 2320 967 2390 Spiritum
992 2320 1122 2374 Filii
1141 2321 1249 2383 sui,
1284 2319 1337 2371 id
1372 2327 1453 2373 est
1498 2318 1749 2372 eumdem
1779 2332 1939 2386 quem

344 2408 512 2462 Filius
540 2407 745 2471 habuit,
780 2406 869 2461 vel
900 2422 1062 2477 quem
1109 2407 1273 2461 Filius
1330 2406 1497 2460 dedit.
1532 2406 1692 2469 Misit,
1727 2404 1849 2458 dico
1878 2405 1940 2458 in

343 2495 512 2552 corda
550 2498 770 2559 nostra,
805 2494 858 2547 id
890 2502 971 2547 est
1001 2510 1179 2547 meum
1210 2502 1262 2547 et
1288 2502 1491 2557 vestra,
1528 2492 1787 2562 Spiritum
1818 2492 1940 2546 dico

343 2584 710 2645 clamantem,
773 2582 826 2635 id
877 2590 958 2635 est
1002 2582 1233 2635 clamare
1282 2597 1380 2635 nos
1410 2581 1695 2635 facientem
1728 2594 1739 2632 :
1773 2579 1936 2645 Abba,

342 2670 595 2733 Iudaeos;
656 2672 845 2735 Pater,
880 2669 1130 2740 gentiles.
1164 2670 1231 2722 Et
1261 2668 1698 2739 quandoquidem
1731 2666 1940 2736 utrique

345 2757 439 2810 filii
470 2773 656 2810 sumus
685 2764 734 2810 et
762 2756 1076 2810 clamamus.
1112 2757 1303 2827 Itaque
1324 2758 1446 2825 jam
1472 2768 1586 2809 non
1628 2759 1711 2810 est
1742 2753 1940 2824 aliquis

339 2861 548 2909 servus,
584 2844 676 2899 sed
728 2844 901 2911 ﬁlius.
945 2845 1084 2911 Quia
1116 2847 1163 2898 si
1205 2844 1401 2907 Filius,
1428 2844 1530 2897 erit
1558 2844 1732 2897 etiam
1762 2841 1937 2895 haeres

345 2932 517 2987 beatae
544 2932 895 2985 haereditatis.
964 2933 1031 2984 Et
1060 2932 1205 3001 quod
1249 2931 1322 2984 ita
1352 2930 1590 2985 futurum
1634 2930 1721 2994 sit,
1772 2937 1939 2984 testor

340 3020 495 3075 vobis
525 3036 623 3089 per
653 3021 845 3073 Deum.
884 3018 980 3073 Vel
1010 3019 1082 3072 ita
1113 3034 1123 3071 :
1158 3020 1342 3073 Haeres
1389 3019 1492 3073 erit
1524 3035 1625 3090 per
1654 3019 1847 3082 Deum,
1884 3018 1937 3071 id

342 3116 424 3162 est
451 3123 547 3176 per
601 3107 1030 3160 misericordiam
1078 3107 1201 3171 Dei,
1247 3122 1353 3160 non
1404 3122 1503 3176 per
1548 3106 1748 3177 legem.
1784 3104 1940 3160 Nunc

345 3195 553 3250 reducit
581 3195 662 3248 eis
688 3195 757 3248 ad
788 3194 1105 3249 memoriam
1135 3195 1373 3265 priorem
1405 3203 1619 3259 statum,
1655 3209 1818 3264 quem
1847 3194 1942 3246 ha-

345 3284 575 3337 buerunt
607 3282 661 3335 in
708 3283 921 3337 cultura
976 3282 1266 3348 idolorum,
1324 3282 1560 3352 probans
1616 3297 1717 3352 pro
1772 3281 1939 3335 nihilo

343 3369 485 3425 idola
544 3369 840 3435 dimisisse,
893 3371 939 3424 si
987 3370 1167 3442 legem
1197 3371 1489 3440 accipiunt.
1522 3371 1629 3424 Lex
1660 3370 1803 3425 enim
1827 3369 1940 3437 jam

344 3468 425 3512 est
456 3458 753 3513 idololatria
785 3475 849 3511 ex
880 3474 986 3528 quo
1042 3459 1188 3513 venit
1230 3458 1427 3529 gratia.
1463 3457 1601 3525 Quia
1631 3458 1720 3527 qui
1758 3457 1940 3529 legem

345 3554 496 3616 putat
526 3563 648 3601 esse
679 3546 746 3600 ad
771 3544 1173 3613 justificandum
1205 3546 1590 3611 necessariam,
1624 3544 1941 3616 derogando

346 3635 480 3699 Deo,
533 3635 678 3704 quod
732 3634 830 3687 Dei
886 3642 987 3701 est,
1044 3634 1153 3701 legi
1195 3633 1451 3697 attribuit,
1485 3632 1940 3702 quemadmodum

348 3721 642 3775 idololatria
662 3721 1027 3774 attribuebaut
1058 3720 1203 3789 quod
1255 3720 1353 3773 Dei
1397 3728 1525 3785 erat,
1578 3719 1740 3773 idolo.
1786 3721 1941 3774 Nunc

347 3809 511 3862 etiam
542 3808 586 3861 si
618 3808 795 3877 legem
826 3806 1117 3876 accipiunt,
1154 3808 1392 3861 deterius
1423 3807 1523 3860 erit
1554 3822 1717 3877 quam
1744 3807 1890 3876 prius
1924 3825 1937 3870 ;

350 3904 475 3950 tunc
527 3894 671 3948 enim
727 3910 824 3963 per
879 3894 1264 3964 ignorantiam,
1297 3910 1440 3949 nunc
1472 3910 1600 3949 vero
1628 3895 1861 3949 scientes
1890 3903 1943 3949 et

350 3982 648 4052 prudentes
705 3997 924 4035 manum
972 3982 1182 4035 mittent
1234 3982 1290 4035 in
1344 3982 1547 4053 ignem.
1604 3982 1808 4036 Littera
1865 3983 1942 4038 sic

343 4070 631 4141 jungitur:
694 4070 849 4124 Nunc
909 4069 1039 4123 estis
1100 4068 1212 4136 filii,
1276 4070 1371 4124 sed
1418 4079 1545 4125 tunc
1573 4070 1792 4140 quidem
1819 4079 1942 4125 ante

350 4158 762 4213 conversionem
818 4156 1140 4211 serviebatis
1172 4157 1255 4211 his
1288 4158 1379 4229 qui
1412 4174 1521 4212 non
1553 4166 1707 4212 erant
1736 4158 1837 4212 dii.
1876 4159 1942 4212 Et

2041 1633 2149 1670 non
2170 1616 2467 1687 aperuisset
2497 1617 2604 1669 illis
2634 1632 2851 1671 omnem
2883 1617 3184 1671 veritatem.
3226 1618 3305 1670 De
3338 1631 3439 1686 que
3468 1615 3633 1670 modo

2040 1712 2260 1760 excusat
2316 1721 2394 1769 se,
2457 1712 2507 1758 et
2564 1704 2749 1758 laudat
2777 1720 2873 1758 eos
2901 1704 2969 1757 de
2997 1704 3163 1773 priori
3195 1704 3632 1768 conversatione,

2038 1792 2093 1845 in
2124 1808 2229 1862 qua
2260 1809 2318 1846 se
2344 1792 2572 1846 multum
2624 1792 2892 1863 benignos
2936 1791 3230 1846 exhibuere
3259 1791 3445 1846 Paulo.
3506 1791 3635 1846 Ideo

2040 1881 2200 1934 etiam
2224 1881 2300 1935 sic
2332 1880 2625 1944 blanditur,
2660 1879 2786 1950 quia
2827 1887 2948 1948 post
2984 1894 3161 1949 pauca
3189 1880 3358 1934 verba
3387 1879 3637 1949 asperius

2040 1976 2122 2022 est
2151 1983 2245 2022 eos
2293 1984 2678 2039 aggressurus.
2726 1968 2925 2021 Littera
2982 1967 3060 2022 sic
3108 1967 3401 2039 jungitur:
3449 1969 3636 2023 Estote

2040 2053 2191 2107 sicut
2233 2070 2349 2123 ego,
2384 2060 2435 2106 et
2456 2053 2671 2107 obsecro
2721 2067 2811 2106 vos
2840 2058 2899 2104 ut
2929 2050 3046 2104 sitis
3078 2054 3288 2121 fratres
3315 2051 3442 2116 mei,
3492 2050 3637 2121 piam

2042 2139 2382 2195 affectionem
2439 2140 2703 2194 habentes
2733 2156 2866 2211 erga
2897 2157 3020 2207 me;
3054 2140 3201 2196 nihil
3233 2140 3377 2194 enim
3408 2141 3635 2194 laesisti:

2040 2244 2129 2282 me
2156 2228 2209 2280 in
2239 2228 2441 2297 aliquo.
2478 2227 2660 2295 Quare
2692 2244 2795 2300 ego
2824 2229 3014 2283 odiens
3044 2244 3142 2283 vos
3164 2226 3445 2282 debuerim
3467 2226 3637 2281 subti-

2042 2315 2221 2370 cuisse
2250 2315 2551 2369 veritatem.
2587 2316 2732 2369 Nihil
2763 2332 2851 2370 me
2893 2316 3141 2381 laesistis;
3176 2316 3274 2370 sed
3304 2315 3415 2370 scio
3436 2316 3511 2385 (et
3539 2330 3637 2369 vos

2042 2402 2180 2457 bene
2203 2404 2383 2471 scitis)
2407 2404 2539 2474 quia
2552 2404 2932 2473 euangelizavi
2951 2404 3099 2460 vobis
3111 2420 3215 2475 per
3231 2404 3636 2471 inﬁrmitatem

2040 2492 2274 2556 carnis;
2332 2506 2442 2545 non
2491 2499 2669 2545 tamen
2715 2491 2953 2561 spiritus,
2988 2491 3114 2562 quia
3158 2491 3204 2544 si
3250 2490 3561 2545 infirmabar
3590 2498 3642 2545 et

2041 2578 2461 2647 contemptibilis
2518 2594 2669 2632 eram
2726 2579 3022 2633 secundum
3052 2595 3294 2644 carnem,
3338 2579 3393 2632 in
3440 2579 3638 2633 virtute

2042 2666 2272 2735 Spiritus
2326 2681 2426 2735 per
2482 2666 2748 2721 miracula
2777 2666 2928 2721 fortis
2959 2666 3308 2736 apparebam.
3340 2664 3631 2720 Praedicavi

2041 2769 2140 2821 per
2170 2751 2571 2807 infirmitatem:
2632 2769 2734 2808 nec
2759 2769 2934 2823 pauco
2963 2762 3222 2823 tempore,
3248 2754 3345 2809 sed
3368 2754 3480 2821 jam
3508 2753 3628 2822 pri-

2040 2840 2148 2910 die,
2182 2840 2325 2910 quod
2357 2842 2516 2895 taedio
2548 2841 2701 2895 vobis
2732 2858 2854 2895 esse
2885 2850 3068 2911 posset
3088 2857 3211 2895 mea
3241 2840 3544 2897 infirmitas.
3567 2842 3637 2895 Et

2042 2944 2163 2982 cum
2194 2936 2342 2981 tanta
2369 2943 2457 2982 me
2503 2937 2776 2998 premeret
2819 2927 3113 2997 infirmitas,
3188 2946 3277 2986 vos
3315 2938 3493 2983 tamen
3522 2945 3638 2985 non

2042 3017 2328 3087 sprevistis
2354 3032 2477 3070 cum
2507 3017 2895 3086 prazdicabam,
2958 3033 3134 3088 neque
3165 3018 3467 3088 respuistis,
3514 3033 3637 3071 cum

2040 3104 2277 3173 primum
2308 3104 2377 3157 ad
2399 3104 2798 3172 praedicandum
2829 3120 3103 3169 veneram,
3139 3107 3512 3161 tentationem
3542 3121 3636 3160 ve-

2041 3195 2219 3246 stram
2252 3190 2448 3245 factam
2477 3192 2539 3246 in
2560 3208 2730 3247 carne
2750 3208 2897 3247 mea.
2924 3192 2983 3245 In
3014 3191 3323 3247 infirmitate
3352 3194 3494 3248 enim
3515 3207 3637 3247 mea

2041 3279 2284 3332 tentabat
2335 3295 2433 3334 vos
2489 3280 2655 3345 Deus,
2690 3280 2845 3350 quasi
2875 3280 3082 3335 diceret
3115 3296 3127 3333 :
3161 3281 3217 3335 Si
3264 3280 3632 3336 infirmitatem

2041 3365 2193 3420 Pauli
2224 3366 2499 3434 abjiciunt,
2547 3368 2625 3421 rei
2667 3377 2808 3422 sunt.
2843 3367 2900 3422 Si
2932 3369 3166 3440 benigne
3196 3369 3512 3439 suscipiunt,
3543 3368 3633 3422 di-

2042 3455 2136 3524 gni
2193 3463 2333 3509 sunt.
2384 3455 2664 3525 Respuere
2711 3455 2830 3525 plus
2880 3464 2961 3510 est
2994 3472 3156 3526 quam
3185 3471 3462 3526 spernere,
3495 3456 3636 3510 sicut

2041 3543 2255 3612 penitus
2312 3542 2546 3610 abjicere
2578 3543 2753 3613 magis
2785 3551 2869 3597 est
2896 3559 3057 3613 quam
3099 3543 3354 3612 patiendo
3382 3551 3634 3597 contem-

2042 3646 2188 3684 nere.
2224 3630 2347 3683 Non
2377 3647 2464 3684 me
2498 3630 2798 3700 sprevistis,
2819 3632 2911 3686 sed
2928 3632 3229 3703 excepistis
3256 3648 3344 3686 me
3361 3633 3509 3686 sicut
3531 3649 3636 3686 an-

2040 3719 2227 3789 gelum
2256 3719 2372 3787 Dei,
2406 3726 2458 3772 et
2483 3720 2629 3774 sicut
2650 3718 2934 3774 Christum
2950 3721 3158 3774 Iesum.
3182 3721 3249 3773 Et
3271 3735 3395 3775 cum
3414 3735 3511 3789 per
3531 3720 3636 3775 hoc

2044 3814 2308 3875 appareat
2337 3806 2537 3860 nullam
2566 3806 2694 3876 odii,
2730 3808 2828 3861 sed
2855 3807 3081 3862 multam
3107 3824 3230 3862 esse
3259 3824 3474 3863 causam
3504 3808 3641 3862 dile-

2042 3894 2255 3963 ctionis,
2314 3894 2457 3948 male
2502 3896 2663 3949 sentit
2690 3894 2779 3965 qui
2811 3896 3117 3965 suspicatur
3144 3895 3405 3951 inimicari
3448 3895 3628 3951 vobis.

2044 3982 2109 4035 Et
2138 3982 2266 4051 quia
2294 3982 2347 4034 in
2378 3982 2695 4052 exceptione
2725 3983 2831 4037 mei
2860 3984 2997 4038 adeo
3024 3983 3250 4055 benigni
3290 3982 3485 4049 fuistis,
3508 3999 3633 4054 ergo

2042 4070 2137 4124 ubi
2158 4074 2240 4125 est
2262 4069 2545 4125 beatitudo
2566 4076 2769 4135 vestra,
2795 4088 2898 4142 qua
2920 4071 2998 4127 sic
3018 4072 3166 4141 prius
3187 4071 3485 4143 Evangelio
3504 4070 3635 4126 obe-

2044 4157 2247 4211 diatis?
2300 4158 2368 4211 Et
2425 4174 2555 4213 vere
2594 4158 2886 4224 beatitudo,
2932 4160 3063 4231 quia
3102 4159 3221 4230 ipse
3251 4160 3638 4215 testimonium

353 4244 399 4298 si
430 4261 525 4315 per
554 4246 881 4314 opinionem,
920 4244 1160 4300 220
1192 4262 1300 4300 non
1329 4254 1509 4300 tamen
1540 4263 1639 4316 per
1666 4254 1941 4301 naturam.
1977 4236 2030 4295 D
2049 4246 2304 4315 perhibeo
2351 4246 2517 4311 vobis,
2561 4246 2702 4318 quod
2721 4248 2770 4301 si
2788 4247 2917 4314 ﬁeri
2938 4252 3122 4318 posset
3139 4249 3431 4302 eruissetis
3450 4248 3637 4304 oculos

354 4333 504 4386 Tunc
561 4332 637 4386 sic
680 4332 1016 4399 serviebatis,
1067 4334 1164 4387 sed
1219 4350 1378 4401 nunc,
1414 4351 1543 4390 cum
1582 4336 1952 4405 cognoveritis

356 4422 551 4485 Deum,
587 4429 773 4474 contra
800 4420 902 4475 hoc
959 4422 1103 4491 quod
1132 4422 1203 4474 ait
1246 4425 1609 4491 ignorantes;
1667 4431 1719 4477 et
1764 4423 1952 4478 dicens

359 4509 871 4578 cumcognoveritis
902 4509 1123 4562 Paulum
1151 4509 1353 4563 dixisse
1382 4525 1470 4564 eos
1492 4514 1547 4564 et
1574 4512 1807 4581 corrigo,
1842 4510 1951 4564 imo

361 4610 485 4663 cum
517 4610 613 4651 vos
642 4597 873 4666 cogniti,
908 4596 959 4649 id
990 4604 1072 4650 est
1117 4598 1397 4667 approbati
1428 4597 1557 4651 estis
1588 4614 1622 4651 α
1654 4599 1779 4659 Deo,
1814 4613 1952 4668 quo-

361 4683 538 4749 modo,
571 4683 625 4737 id
655 4691 738 4738 est
767 4699 875 4754 qua
905 4684 1114 4739 ratione
1139 4686 1536 4740 convertimini
1565 4686 1794 4749 iterum,
1830 4683 1953 4755 quia

359 4770 487 4825 olim
516 4771 572 4824 in
603 4771 796 4826 eodem
827 4772 1008 4838 eratis,
1042 4772 1114 4826 ad
1143 4774 1443 4839 elementa,
1478 4771 1531 4826 id
1562 4780 1644 4825 est
1674 4772 1743 4825 ad
1772 4772 1864 4825 illa
1884 4772 1957 4827 le-

361 4858 503 4930 galia
530 4859 781 4926 inﬁrma,
844 4859 895 4912 id
928 4868 1009 4913 est
1039 4861 1198 4913 etiam
1224 4868 1468 4928 tempore
1499 4874 1594 4914 suo
1642 4859 1955 4929 impotentia

358 4944 659 5013 justificare
716 4946 1045 5015 quemlibet;
1087 4952 1142 5002 et
1188 4948 1346 5001 etiam
1402 4946 1456 4999 in
1512 4945 1603 4999 illa
1644 4946 1954 5002 infirmitate

364 5049 559 5098 cwna,
613 5032 667 5085 id
699 5040 781 5087 est
808 5033 985 5088 alieno
1014 5035 1209 5088 auxilio
1238 5033 1476 5105 egentia.
1510 5034 1622 5088 Hoc
1654 5034 1796 5088 enim
1828 5042 1953 5089 tan-

364 5120 531 5174 tulum
566 5121 711 5191 quod
764 5120 995 5176 faciebat
1050 5121 1251 5194 [fiebat]
1304 5122 1406 5174 nisi
1436 5138 1533 5190 per
1576 5122 1832 5176 auxilium
1864 5123 1954 5177 fu-

361 5215 498 5263 turae
518 5206 644 5263 fidei
673 5225 782 5263 non
810 5217 1041 5280 poterat,
1077 5210 1272 5280 quibus
1319 5208 1599 5263 elementis
1640 5211 1801 5265 modo
1833 5228 1955 5266 ser-

363 5297 479 5351 vire
538 5298 711 5353 vultis
766 5305 817 5351 et
870 5298 1076 5352 denuo.
1135 5298 1241 5351 Lex
1272 5296 1415 5350 enim
1452 5297 1647 5351 amodo
1676 5298 1829 5353 vobis
1860 5298 1957 5356 erit

2050 4336 2277 4398 vestros,
2309 4338 2365 4388 et
2386 4333 2678 4389 dedissetis
2699 4334 2859 4389 mihi.
2881 4335 3048 4389 Posse
3064 4333 3178 4390 fieri
3215 4334 3465 4407 intelligit
3495 4334 3638 4407 quod

2051 4427 2413 4490 opportunum
2443 4430 2526 4476 est
2554 4420 2689 4477 ﬁeri.

2122 4509 2190 4561 Et
2221 4509 2345 4578 quia
2401 4518 2546 4563 tanta
2594 4511 2647 4566 vi
2688 4510 2992 4566 dilectionis
3020 4511 3151 4565 mihi
3181 4510 3417 4567 devincti
3449 4510 3633 4577 eratis,

2051 4612 2181 4666 ergo
2211 4613 2311 4651 nec
2340 4597 2674 4652 credendum
2704 4607 2785 4655 est
2805 4599 2951 4669 quod
2972 4614 3075 4671 ego
3094 4602 3286 4670 factus
3302 4616 3428 4655 sum
3446 4600 3641 4654 inimi-

2051 4699 2149 4739 cus
2180 4684 2344 4740 vobis.
2379 4684 2539 4752 Quod
2568 4686 2690 4741 ideo
2720 4687 2920 4756 putatis
2951 4686 3079 4758 quia
3107 4703 3228 4741 sum
3244 4687 3434 4742 dicens
3451 4702 3643 4743 verum

2054 4773 2217 4827 vobis.
2252 4773 2309 4827 Si
2360 4773 2646 4829 veritatem
2704 4775 3011 4842 reticerem,
3050 4783 3101 4829 et
3130 4791 3227 4830 vos
3259 4774 3641 4830 blandimentis

2052 4860 2353 4930 palparem,
2389 4862 2468 4917 sic
2498 4878 2584 4918 me
2607 4862 2927 4932 judicaretis
2948 4864 3206 4918 amicum.
3244 4863 3364 4935 Ego
3394 4879 3503 4918 non
3520 4879 3643 4918 sum

2053 4948 2301 5003 inimicus
2324 4949 2515 5016 vobis;
2549 4951 2646 5004 sed
2677 4950 2753 5004 illi
2780 4952 3150 5016 aemulantur,
3211 4950 3265 5004 id
3305 4958 3387 5005 est
3414 4950 3645 5020 diligunt

2055 5051 2143 5091 vos
2171 5052 2283 5091 non
2322 5036 2456 5092 bene
2477 5057 2494 5103 ;
2517 5037 2615 5091 sed
2634 5038 2758 5092 ideo
2778 5039 2903 5109 quia
2925 5041 3121 5096 volunt
3142 5054 3233 5094 vos
3251 5056 3283 5093 a
3303 5038 3410 5107 ﬁde
3436 5038 3648 5094 Christi

2055 5124 2375 5188 excludere,
2408 5124 2480 5178 ita
2509 5129 2594 5191 ut,
2619 5134 2909 5196 postquam
2938 5143 3035 5181 vos
3072 5126 3286 5196 plenius
3314 5124 3367 5179 in
3400 5141 3643 5181 errorem

2056 5227 2212 5265 suum
2243 5212 2511 5283 duxerint,
2571 5229 2669 5269 vos
2699 5216 3049 5289 wmulemini
3080 5216 3230 5280 illos,
3265 5222 3316 5269 et
3361 5214 3584 5286 exigant
3612 5229 3646 5269 a

2055 5299 2209 5354 vobis
2229 5299 2517 5371 imperiose
2547 5302 2690 5373 quod
2718 5302 3003 5359 voluerint.
3070 5302 3180 5358 Sed
3204 5301 3370 5357 nolite
3398 5301 3646 5361 aemulari
