3960 6050
269 255 376 309 305

943 255 1323 314 EXPOSITIO
1362 259 1436 313 IN
1470 257 1852 314 EPISTOLAS
1891 255 2112 314 PAULI.
2144 289 2213 298 —
2240 261 2313 314 IN
2350 260 2567 316 EPIST.
2609 263 2704 316 AD
2744 261 2902 317 GAL.

3460 264 3563 315 306

277 375 402 431 illos
427 394 442 441 ;
475 377 572 432 sed
601 379 960 436 wmulamini
991 388 1042 436 et
1087 396 1176 436 me
1218 390 1270 438 et
1321 382 1614 454 quemlibet
1643 383 1869 448 bonum,
1893 384 1947 442 A
1974 399 2160 453 quaero
2189 401 2258 437 an
2287 385 2500 456 legistis
2532 386 2789 456 quoniam
2819 387 2940 456 ipsa
2982 387 3066 441 lex
3099 402 3157 440 se
3188 401 3297 439 non
3327 401 3449 439 esse
3478 393 3562 439 te-

279 480 382 520 nec
413 464 700 537 aliquando
729 467 785 521 in
816 469 977 535 malo,
1011 469 1057 524 si
1085 469 1225 525 forte
1277 472 1560 537 suadeam,
1595 471 1693 526 sed
1721 487 1872 527 sem-

281 568 384 624 per
411 555 470 608 in
492 555 629 610 bono
653 575 671 621 ;
694 559 751 610 et
773 572 887 612 non
911 561 1139 613 tantum
1162 575 1292 614 cum
1309 575 1559 630 praesens
1580 576 1707 614 sum
1727 559 1876 631 apud

284 655 379 696 vos
415 642 748 697 aemulamini
783 661 892 710 me,
947 645 1045 700 sed
1090 646 1251 701 etiam
1301 664 1421 702 cum
1453 647 1653 702 absens
1700 646 1871 702 fuero.

287 728 438 782 Idem
467 730 612 801 quod
671 733 926 802 superius
974 735 1242 804 probavit,
1292 735 1496 791 scilicet
1541 735 1720 806 legem
1774 751 1876 790 nos

286 832 412 870 esse
468 819 782 885 tenendam,
841 821 1017 876 adhuc
1067 822 1262 892 probat
1318 839 1416 893 per
1459 823 1626 878 verba
1707 822 1876 892 ipsius

285 904 530 972 ejusdem
559 905 718 976 legis.
756 907 904 962 Sicut
942 909 1086 964 enim
1126 919 1314 980 postea
1353 911 1588 965 ostendit
1625 911 1877 965 veniente

287 991 522 1048 221
554 994 801 1050 libertate
823 995 949 1051 ﬁdei
978 998 1315 1067 repudianda
1338 1007 1418 1053 est
1449 999 1683 1054 servitus
1713 998 1873 1070 legis.

285 1080 480 1134 Littera
540 1082 616 1136 sic
666 1083 959 1155 jungitur:
1013 1087 1388 1141 zE'mulamini
1436 1103 1542 1152 me,
1586 1095 1636 1141 et
1691 1103 1879 1158 quem-

282 1167 414 1222 libet
446 1169 668 1224 bonum.
711 1172 837 1226 Illos
883 1189 1015 1228 vero
1046 1189 1112 1228 ne
1143 1175 1467 1228 azmulemini
1493 1193 1507 1239 ;
1541 1174 1686 1245 quod
1717 1175 1761 1229 si
1783 1190 1878 1229 eos

283 1257 526 1311 aemulari
557 1257 736 1321 vultis,
764 1277 794 1314 0
821 1260 986 1329 ﬁlioli
1006 1262 1137 1326 mei,
1162 1262 1324 1317 dicite
1354 1263 1505 1317 mihi.
1541 1263 1673 1318 Illuc
1704 1279 1878 1333 usque

283 1344 488 1414 pendet
518 1347 853 1402 constructio
889 1365 900 1402 :
939 1348 1046 1403 Eos
1077 1349 1165 1420 qui
1193 1350 1343 1420 prius
1374 1359 1528 1405 erant
1557 1350 1649 1404 ﬁlii
1677 1366 1877 1406 secun-

285 1432 416 1486 dum
448 1433 815 1504 integritatem
849 1434 995 1506 fidei,
1031 1437 1347 1493 diminutive
1377 1439 1573 1493 filiolos
1621 1439 1876 1508 appellat,

287 1520 419 1590 quia
449 1521 690 1577 volentes
737 1524 1020 1579 adharere
1065 1526 1358 1595 perversis,
1392 1527 1686 1597 plurimum
1717 1526 1878 1580 dimi-

286 1610 401 1662 nuti
440 1618 590 1664 erant
613 1611 666 1663 in
697 1611 839 1666 bono
869 1611 1164 1668 ﬁliationis.
1217 1615 1405 1670 Filioli
1449 1617 1580 1681 mei,
1623 1631 1755 1686 quas
1784 1631 1878 1686 ego

280 1699 566 1769 parturio,
591 1698 644 1752 id
676 1707 758 1753 est
813 1701 881 1755 de
939 1717 1170 1771 quorum
1219 1702 1571 1770 instructione
1598 1747 1610 1769 ,
1645 1704 1876 1758 maximo

286 1793 486 1840 conatu
530 1786 738 1841 laboro.
790 1788 1068 1843 Parturire
1117 1789 1259 1843 enim
1334 1790 1530 1845 dicitur
1584 1792 1740 1846 labor
1764 1792 1873 1860 ille,

291 1890 454 1944 quem
501 1874 554 1927 in
586 1875 848 1930 emisione
896 1877 1052 1951 pueri
1085 1885 1261 1931 mater
1316 1879 1536 1948 patitur,
1570 1880 1881 1950 priusquam

289 1979 431 2032 puer
467 1971 619 2017 extra
661 1963 923 2018 mittatur.
982 1967 1122 2033 Quos
1157 1969 1426 2036 parturio
1470 1969 1723 2032 iterum;
1753 1968 1880 2022 olim

289 2050 434 2104 enim
469 2066 590 2106 cum
621 2050 868 2106 inﬁdeles
919 2053 1105 2122 eratis,
1141 2054 1366 2108 multum
1416 2055 1661 2109 laborem
1717 2056 1880 2108 habui

286 2139 344 2192 in
379 2139 554 2194 vobis.
591 2139 832 2194 Parturio
862 2149 914 2195 et
944 2141 1132 2196 laboro
1162 2143 1214 2195 in
1246 2143 1420 2207 vobis,
1445 2143 1620 2198 donec
1651 2144 1704 2196 in
1734 2144 1882 2197 Chri-

289 2235 374 2281 sto
424 2226 793 2282 reformemini
833 2228 887 2282 in
931 2227 1037 2283 ﬁde
1069 2230 1219 2297 cujus
1259 2229 1531 2285 reformati
1562 2231 1723 2296 estis,
1757 2232 1881 2302 quia

287 2314 398 2370 illis
428 2316 635 2385 pseudo
657 2316 844 2370 saltem
877 2318 1250 2372 consensistis.
1269 2319 1382 2372 Nec
1410 2319 1484 2372 ait
1512 2319 1681 2374 donec
1713 2319 1882 2373 refor-

286 2403 533 2469 mcmini,
568 2405 663 2459 sed
685 2405 858 2460 donec
883 2404 1136 2461 Christus
1164 2409 1446 2476 formetur
1465 2409 1526 2462 in
1547 2408 1711 2462 vobis.
1738 2407 1883 2461 Chri-

291 2500 409 2546 stus
439 2492 578 2546 enim
625 2492 961 2547 deformatus
993 2501 1094 2559 est,
1129 2502 1181 2548 et
1211 2493 1439 2549 formam
1469 2511 1620 2548 suam
1649 2495 1882 2565 perdidit

287 2579 345 2633 in
376 2580 532 2635 vobis
565 2580 967 2647 seductis-Vel,
1015 2581 1350 2636 deformatus
1388 2591 1470 2636 est
1517 2582 1572 2636 in
1601 2582 1774 2648 vobis,
1827 2583 1881 2637 id

289 2674 374 2722 est
419 2668 475 2721 in
505 2668 856 2722 similitudine
888 2668 1079 2722 vestri.
1114 2670 1410 2725 Audientes
1441 2669 1584 2724 enim
1613 2671 1701 2723 alii
1750 2687 1881 2742 quo-

288 2755 454 2811 modo
516 2755 640 2810 ﬁdei
702 2755 898 2810 Christi
954 2757 1236 2810 detrahitis
1268 2800 1282 2822 ,
1371 2758 1556 2812 dicunt
1633 2759 1880 2828 exemplo

284 2851 469 2898 vestro
552 2843 962 2899 insufﬁcientem
1049 2861 1172 2901 esse
1254 2845 1322 2900 ad
1407 2845 1633 2901 salutem
1718 2845 1879 2901 ﬁdem

284 2931 506 2986 Christi.

358 3021 428 3075 Ut
449 3020 626 3090 magis
656 3036 752 3075 eos
781 3021 1101 3085 deterreret,
1153 3022 1469 3094 aggravavit
1519 3022 1721 3078 dictum
1753 3022 1880 3076 dum

287 3107 364 3162 ait
388 3109 562 3163 donec
593 3112 874 3178 formetur
905 3109 1159 3165 Christus
1180 3151 1193 3173 ,
1227 3126 1409 3179 quem,
1470 3111 1626 3180 quasi
1655 3109 1876 3177 diceret,

284 3195 655 3251 deformastis.
689 3196 908 3250 Filiolos
938 3212 1035 3252 vos
1065 3197 1312 3266 appello;
1348 3197 1465 3263 sed,
1506 3197 1630 3252 licet
1661 3200 1878 3266 absens,

284 3284 467 3340 dicam
500 3283 714 3339 ﬁliolos.
777 3285 977 3339 Tamen
1031 3285 1193 3339 modo
1235 3287 1438 3340 vellem
1478 3301 1596 3340 esse
1636 3302 1881 3355 praesens

285 3373 443 3444 apud
477 3389 586 3438 vos,
607 3378 660 3428 et
683 3375 765 3428 sic
786 3377 1011 3427 mutare
1032 3389 1218 3428 vocem
1255 3390 1460 3440 meam,
1487 3374 1610 3445 quia
1644 3373 1689 3427 si
1719 3375 1881 3428 modo

285 3477 386 3516 vos
417 3460 634 3532 appello
662 3459 881 3526 ﬁliolos,
907 3477 1150 3530 prmsens
1180 3461 1418 3516 dicerem
1445 3477 1544 3516 vos
1561 3461 1766 3517 alienos
1787 3462 1883 3517 de-

287 3550 564 3604 trahentes
581 3550 718 3613 Deo,
746 3556 798 3603 et
817 3549 984 3602 multa
1020 3548 1121 3602 alia
1143 3549 1454 3620 opprobria.
1506 3548 1640 3617 Quae
1683 3549 1883 3604 Paulus

287 3637 416 3692 licet
448 3637 676 3702 diceret,
702 3636 747 3690 si
768 3653 1008 3707 praesens
1032 3645 1196 3701 esset,
1238 3637 1409 3692 noluit
1440 3645 1623 3692 tamen
1651 3638 1707 3691 in
1726 3638 1884 3708 Epis-

288 3727 400 3780 tola
419 3726 682 3790 scribere,
710 3725 892 3781 sciens
934 3725 1235 3795 Epistolam
1275 3741 1700 3796 permansuram,
1735 3733 1786 3780 et
1815 3727 1882 3781 de

286 3814 631 3870 correctione
661 3829 850 3868 eorum
880 3812 1192 3881 confidens,
1227 3829 1454 3884 quorum
1495 3813 1884 3883 improperium

285 3904 488 3958 durare
517 3902 723 3968 noluit;
758 3909 810 3956 et
839 3901 1050 3967 merito,
1087 3917 1207 3956 cum
1239 3909 1420 3956 essent
1452 3901 1778 3972 corrigendi.
1827 3903 1884 3957 Si

287 3991 434 4062 apud
463 4007 562 4046 vos
628 4006 828 4056 essem,
880 3997 1147 4044 mutarem
1194 4005 1415 4053 vocem,
1449 3988 1572 4044 ideo
1617 3991 1884 4062 quoniam

286 4095 436 4135 nunc
466 4077 804 4149 confundor,
837 4077 892 4133 id
922 4084 1002 4132 est
1030 4077 1372 4131 verecundor
1402 4078 1463 4131 in
1479 4078 1642 4134 vobis.
1668 4078 1882 4132 Lauda-

287 4184 475 4222 veram
506 4167 650 4222 enim
694 4164 857 4220 ﬁdem
913 4173 1149 4220 vestram
1191 4166 1335 4235 apud
1394 4165 1530 4219 alias
1569 4166 1880 4233 Ecclesias,

289 4272 432 4327 quae,
464 4255 747 4309 audientes
777 4253 1178 4324 corruptionem
1212 4261 1410 4308 vestrae
1439 4253 1582 4318 fidei,
1614 4254 1885 4309 aestimant

289 4360 380 4399 me
409 4359 566 4398 reum
595 4341 884 4405 mendacii,
916 4349 968 4395 et
1016 4358 1182 4412 super
1212 4343 1313 4396 hoc
1356 4341 1636 4396 erubesco.
1671 4342 1780 4396 Vos
1813 4339 1881 4394 ﬁ-

1975 472 2211 525 nendam
2251 482 2439 543 aperte
2477 474 2670 528 innuit.
2726 476 3014 546 Scriptum
3068 478 3153 529 est
3175 475 3328 529 enim
3359 473 3413 527 in
3443 473 3568 543 lege

1977 560 2230 630 quoniam
2249 563 2526 616 Abraham
2549 563 2743 617 habuit
2767 564 2904 618 duos
2925 564 3072 631 ﬁlios
3088 605 3100 616 .
3129 562 3321 616 Multos
3346 561 3565 632 quidem

1974 646 2114 703 ﬁlios
2143 649 2326 702 habuit
2351 651 2646 718 Abraham,
2675 651 2770 704 sed
2793 651 2860 704 de
2893 651 2976 704 his
3001 651 3215 705 duobus
3237 649 3568 704 conveniens

1976 734 2150 806 ﬁgura
2181 735 2279 790 fuit
2318 737 2386 790 ad
2430 737 2592 791 ﬁdem
2629 746 2680 792 et
2736 739 2941 808 legem.
2996 739 3123 793 Haec
3180 745 3358 791 autem
3401 737 3569 792 verba

1978 839 2085 877 non
2122 825 2312 879 eadem
2342 825 2685 880 inveniuntur
2711 826 2766 879 in
2799 827 3002 881 Genesi
3029 845 3042 891 ;
3079 826 3176 880 sed
3196 841 3350 896 aeque
3379 825 3567 879 valen-

1978 911 2072 965 tia.
2110 912 2188 966 De
2220 913 2413 983 quibus
2447 914 2658 967 duobus
2692 913 2815 968 filiis
2861 916 3078 984 Moyses
3108 922 3278 968 totum
3309 913 3373 966 ad
3405 911 3566 968 ﬁnem

1979 1016 2151 1070 usque
2182 1000 2492 1070 descripsit,
2527 1002 2672 1071 quod
2703 1018 2812 1056 non
2864 1001 2990 1056 fecit
3044 1002 3111 1055 de
3151 1001 3377 1057 cateris.
3430 1000 3571 1068 Quia

1980 1088 2176 1142 Paulus
2206 1104 2315 1142 non
2348 1089 2646 1143 secundum
2686 1089 2900 1161 singula
2932 1089 3250 1161 allegoriam
3309 1089 3566 1160 sequitur,

1980 1179 2181 1230 bonum
2200 1184 2283 1229 est
2306 1184 2358 1229 ut
2381 1176 2588 1230 eisdem
2611 1177 2792 1232 verbis
2814 1194 2932 1231 eam
2955 1177 3275 1248 aperiamus.
3302 1178 3572 1231 Abraham

1981 1263 2072 1334 qui
2103 1264 2498 1333 interpretatur
2538 1269 2702 1335 pater
2724 1266 3040 1320 multarum
3068 1267 3345 1336 gentium,
3366 1265 3573 1318 habens

1983 1353 2119 1406 duos
2153 1350 2318 1420 ﬁlios,
2349 1352 2402 1405 id
2439 1360 2520 1406 est
2550 1352 2686 1406 duos
2707 1353 2954 1423 populos,
2977 1351 3243 1423 signiﬁcat
3274 1355 3443 1407 Deum
3476 1355 3573 1406 ha-

1980 1439 2201 1493 bentem
2239 1439 2375 1493 duos
2404 1437 2562 1504 ﬁlios,
2610 1438 2881 1494 Gentilem
2937 1441 3144 1495 scilicet
3199 1448 3252 1494 et
3291 1440 3563 1495 Judwum.

1979 1529 2100 1582 Non
2123 1535 2304 1581 tamen
2324 1528 2468 1597 quod
2491 1527 2689 1599 singuli
2714 1544 2900 1581 eorum
2917 1527 3022 1581 sint
3045 1527 3270 1594 ﬁliiDei,
3285 1519 3393 1582 nisi
3416 1527 3574 1598 quiin

1981 1623 2207 1686 utroque
2234 1615 2456 1684 populo,
2483 1614 2634 1686 digni
2656 1614 2855 1669 fuerint
2877 1615 3100 1670 inventi.
3130 1618 3274 1671 Duos
3293 1617 3441 1684 ﬁlios
3468 1616 3573 1670 ha-

1982 1704 2103 1758 buit
2124 1703 2425 1766 Abraham,
2482 1720 2662 1758 unum
2693 1704 2757 1757 de
2787 1705 3021 1768 ancilla,
3058 1703 3111 1756 id
3167 1711 3249 1757 est
3280 1703 3476 1758 Ismael
3507 1703 3574 1758 de

1981 1793 2152 1860 Agar,
2187 1795 2243 1845 et
2265 1807 2444 1845 unum
2479 1791 2543 1845 de
2585 1791 2800 1850 Libera,
2827 1791 2880 1844 id
2909 1799 2991 1845 est
3020 1793 3168 1845 Isaac
3195 1791 3262 1845 de
3294 1791 3445 1846 Sara.
3480 1791 3571 1844 Fi-

1981 1878 2082 1931 lius
2113 1879 2182 1933 de
2211 1878 2410 1932 ancilla
2441 1877 2714 1950 signiﬁcat
2761 1878 3044 1932 Judaicum
3093 1878 3374 1948 populum,
3403 1876 3572 1933 ﬁlium

1986 1965 2220 2031 ancillae,
2252 1966 2307 2020 id
2338 1974 2417 2020 est
2449 1965 2608 2037 legis,
2643 1965 2732 2036 qui
2771 1966 2909 2020 bene
2940 1966 3188 2020 dicuntur
3217 1964 3312 2020 ﬁlii
3341 1966 3568 2033 ancillae,

1987 2054 2078 2124 qui
2108 2053 2252 2107 velut
2307 2054 2448 2108 servi
2497 2053 2801 2108 serviebant
2857 2055 3050 2109 timore
3102 2068 3278 2124 poena:
3306 2063 3358 2108 et
3385 2070 3570 2110 amore

1981 2142 2281 2196 carnalium
2357 2142 2412 2195 in
2487 2142 2813 2196 carnalibus.
2874 2142 3039 2196 Filius
3114 2150 3294 2197 autem
3381 2143 3569 2198 libera:

1982 2228 2250 2299 signiﬁcat
2325 2229 2582 2300 populum
2643 2229 2859 2285 ﬁdelem
2894 2273 2906 2295 ,
2970 2230 3059 2300 qui
3112 2229 3167 2284 in
3220 2231 3470 2286 libertate
3501 2231 3569 2284 ﬁ-

1982 2317 2069 2372 dei
2108 2319 2224 2372 Deo
2281 2334 2345 2371 ex
2422 2317 2712 2373 dilectione
2797 2318 2983 2384 servit,
3049 2335 3157 2373 non
3229 2336 3294 2374 ex
3379 2319 3568 2374 timore

1981 2421 2082 2460 nec
2103 2413 2332 2475 prOpter
2358 2405 2704 2476 temporalia,
2743 2407 2839 2460 sed
2868 2414 3090 2476 propter
3116 2414 3337 2461 aeterna.
3360 2408 3427 2460 Et
3446 2407 3570 2461 licet

1983 2500 2210 2563 uterque
2240 2501 2384 2547 esset
2413 2491 2554 2547 ﬁlius
2594 2493 2844 2559 Abrahzn,
2878 2502 3059 2548 tamen
3090 2494 3301 2549 diverso
3326 2493 3566 2550 222

1985 2581 2151 2635 modo
2187 2580 2318 2635 nati.
2356 2581 2462 2648 Qui
2491 2581 2635 2635 enim
2665 2580 2764 2635 fuit
2787 2581 2852 2637 de
2881 2583 3114 2649 ancilla,
3148 2582 3354 2638 scilicet
3375 2582 3572 2637 Ismael

1983 2669 2051 2723 de
2090 2671 2251 2740 Agar,
2286 2669 2373 2722 hic
2410 2673 2584 2724 natus
2617 2673 2700 2724 est
2729 2670 3039 2725 secundum
3077 2686 3326 2735 carnem,
3361 2670 3487 2740 quia
3519 2677 3572 2724 et

1982 2763 2134 2828 Agar
2156 2757 2446 2825 juvencula
2466 2765 2581 2811 erat
2614 2765 2666 2812 et
2695 2756 2946 2812 fecunda.
2981 2757 3238 2812 Similiter
3261 2756 3449 2828 legalis
3481 2773 3570 2828 po-

1982 2845 2142 2914 pulus
2173 2852 2326 2898 natus
2357 2853 2440 2899 est
2471 2845 2539 2899 de
2568 2845 2796 2911 ancilla,
2827 2845 2882 2899 id
2913 2853 2996 2899 est
3025 2845 3093 2900 de
3120 2845 3242 2917 lege
3274 2846 3573 2908 secundum

1983 2947 2228 2999 carnem,
2265 2932 2393 3004 quia
2426 2941 2477 2986 et
2515 2932 2568 2986 in
2615 2933 2922 2988 carnalibus
2952 2941 3004 2988 et
3032 2948 3218 2987 amore
3273 2933 3572 2988 carnalium

1985 3021 2258 3074 serviebat
2283 3039 2296 3086 ;
2331 3020 2376 3074 si
2406 3029 2686 3090 peccaret,
2721 3020 2899 3074 statim
2929 3020 2982 3074 in
3011 3036 3175 3075 carne
3204 3020 3382 3090 puniri
3411 3020 3571 3075 time-

1984 3109 2092 3162 bat.
2122 3108 2288 3162 Filius
2311 3113 2506 3164 autem
2535 3110 2629 3180 qui
2650 3108 2746 3162 fuit
2767 3109 2833 3164 de
2858 3110 3050 3171 libera,
3086 3107 3291 3163 scilicet
3313 3109 3482 3173 Isaac,
3503 3109 3571 3163 de

1983 3197 2117 3251 Sara
2147 3205 2306 3250 natus
2337 3205 2419 3250 est
2448 3212 2555 3250 non
2607 3197 2904 3252 secundum
2962 3213 3200 3251 carnem.
3258 3196 3394 3250 Sara
3427 3196 3572 3251 enim

1982 3285 2161 3339 vetula
2192 3293 2305 3338 erat
2338 3292 2390 3338 et
2424 3284 2638 3352 sterilis,
2673 3285 2770 3339 sed
2799 3301 2901 3356 per
2933 3286 3420 3356 repromissionem
3449 3285 3569 3340 Dei.

1982 3374 2129 3427 Deus
2161 3373 2325 3437 enim,
2360 3373 2497 3427 sicut
2529 3373 2617 3442 pie
2666 3372 3008 3442 promiserat,
3045 3373 3238 3427 virtute
3294 3389 3389 3427 sua
3419 3373 3571 3428 nasci

1981 3459 2105 3514 facit
2134 3458 2301 3513 ﬁlium
2333 3460 2400 3514 de
2430 3459 2602 3514 sterili
2640 3468 2692 3514 et
2721 3459 3015 3529 decrepita.
3050 3459 3310 3514 Similiter
3339 3461 3569 3530 populus

1982 3547 2178 3611 ﬁdelis,
2205 3548 2294 3618 qui
2325 3547 2421 3601 fuit
2443 3549 2510 3603 de
2557 3547 2749 3615 libera,
2784 3547 2837 3602 id
2868 3555 2949 3600 est.
2979 3556 3137 3601 natus
3167 3563 3231 3602 ex
3289 3546 3415 3614 ﬁde,
3451 3565 3572 3619 quae

1983 3636 2155 3690 libera
2185 3645 2268 3691 est
2296 3653 2393 3706 per
2425 3636 2790 3701 dilectionem,
2823 3651 2933 3690 non
2963 3636 3102 3690 sicut
3137 3651 3208 3690 ex
3249 3635 3444 3691 ancilla
3472 3652 3572 3706 per

1983 3725 2251 3778 timorem.
2277 3725 2376 3779 llic
2397 3724 2631 3795 populus
2660 3731 2818 3778 natus
2850 3731 2933 3778 est
2953 3740 3052 3794 per
3066 3723 3568 3794 repromissionem,

1983 3813 2108 3883 quia
2138 3814 2286 3868 Deus
2306 3812 2729 3868 misericorditer
2748 3812 3073 3882 promiserat
3104 3828 3162 3867 se
3191 3829 3290 3881 per
3311 3810 3475 3867 ﬁdem
3495 3813 3574 3867 fa-

1983 3915 2106 3954 cere
2163 3901 2536 3956 salvationem.
2600 3899 2726 3954 Ideo
2775 3908 2890 3954 erat
2928 3916 3026 3970 per
3074 3899 3571 3970 repromissionem,

1985 3989 2106 4060 quia
2135 4005 2244 4044 non
2275 3989 2441 4044 servit
2472 3990 2585 4042 Deo
2615 3988 2887 4042 desiderio
2913 3988 3230 4052 carnalium,
3255 4004 3374 4060 quae
3408 3988 3571 4056 videt,

1985 4077 2080 4130 sed
2111 4092 2299 4131 amore
2349 4076 2701 4146 spiritualium
2734 4092 2853 4147 quae
2910 4091 3070 4130 nemo
3135 4075 3300 4141 vidit,
3336 4076 3434 4130 sed
3476 4091 3576 4146 per

1985 4165 2156 4218 solam
2189 4163 2669 4234 repromissionem
2700 4163 2799 4218 Dei
2839 4163 3145 4217 habiturum
3169 4179 3227 4217 se
3261 4162 3502 4218 conﬁdit.

2058 4253 2188 4318 Quae
2226 4252 2437 4317 omnia,
2498 4251 2705 4306 scilicet
2752 4251 3021 4305 Abraham
3062 4250 3316 4305 habuisse
3348 4251 3486 4305 duos
3515 4251 3578 4305 ti-

1984 4340 2106 4404 lios,
2142 4341 2284 4394 hunc
2328 4339 2395 4393 de
2434 4339 2630 4393 ancilla
2686 4339 2982 4394 secundum
3024 4354 3263 4402 carnem,
3323 4340 3467 4395 hunc
3508 4340 3578 4394 de

290 4432 406 4486 lioli
437 4431 564 4496 mei,
598 4431 770 4485 dicite
817 4430 978 4484 mihi.
1026 4429 1142 4494 Vel,
1177 4431 1220 4483 si
1276 4429 1474 4499 placet,
1524 4445 1632 4482 non
1674 4437 1884 4499 Oportet
1911 4424 2156 4482 Dlibcra
2185 4444 2285 4497 per
2333 4427 2828 4496 repromissionem,
2881 4427 2998 4482 haec
3046 4427 3225 4482 omnia
3257 4427 3409 4483 dicta
3438 4431 3577 4483 sunt

285 4521 417 4574 illuc
446 4535 620 4589 usque
649 4517 974 4588 protendere
1005 4517 1082 4572 sic
1098 4517 1464 4571 continuando
1497 4532 1508 4570 :
1543 4519 1883 4572 [Emulami-

288 4611 354 4664 ni
383 4624 494 4672 me,
520 4606 666 4678 quod
693 4606 878 4676 utique
908 4605 1146 4671 debetis,
1182 4604 1305 4676 quia
1327 4620 1423 4659 vos
1453 4605 1583 4658 estis
1605 4603 1753 4659 ﬁlioli
1776 4605 1885 4658 mei

288 4712 428 4767 quos
457 4695 647 4749 iterum
671 4693 931 4764 parturio,
969 4700 1078 4746 etc.
1130 4693 1408 4746 Sententia
1449 4693 1743 4764 verborum
1775 4708 1884 4746 non

285 4790 543 4837 mutatur.
577 4782 643 4835 Et
675 4781 802 4852 quia
832 4780 1153 4851 confundor
1180 4780 1244 4833 in
1268 4780 1412 4834 vobis
1443 4780 1700 4844 seductis,
1721 4780 1884 4834 modo

286 4871 452 4927 dicite
480 4878 533 4925 et
573 4869 898 4938 respondete
944 4868 1075 4921 mihi
1110 4883 1121 4920 :
1162 4870 1254 4923 Vos
1313 4869 1411 4939 qui
1440 4868 1538 4922 sub
1566 4869 1682 4937 lege
1711 4869 1883 4922 vultis

286 4975 429 5021 esse,
461 4973 579 5012 non
623 4958 836 5027 legistis
885 4971 975 5011 vos
1037 4957 1252 5027 legem?
1284 4954 1729 5024 Complexionem
1760 4954 1886 5009 facit

286 5046 399 5100 illis
428 5045 682 5116 utrinque
706 5063 719 5110 ;
744 5043 1049 5108 ferientem,
1071 5043 1196 5114 quia
1217 5043 1262 5097 si
1284 5043 1462 5115 legem
1481 5058 1589 5096 non
1609 5042 1880 5113 legerunt,

288 5134 513 5189 stultum
535 5141 618 5188 est
638 5131 868 5186 transire
898 5131 965 5184 ad
985 5131 1118 5186 illud
1140 5131 1287 5202 quod
1317 5130 1584 5185 nesciunt.
1618 5130 1673 5184 Si
1703 5138 1886 5184 autem

287 5223 566 5295 legerunt,
622 5237 746 5276 cum
793 5220 986 5274 eadem
1016 5220 1102 5274 lex
1152 5218 1402 5275 veniente
1447 5217 1551 5272 ﬁde
1602 5219 1888 5289 prohibeat

289 5327 350 5366 se
383 5309 576 5376 teneri,
609 5307 901 5380 plurimum
957 5307 1229 5378 desipiunt
1283 5307 1375 5378 qui
1418 5323 1538 5361 eam
1569 5314 1753 5360 tenere
1784 5321 1885 5361 vo-

287 5399 424 5453 lunt.
460 5398 701 5453 Alterum
733 5405 913 5451 tamen
953 5397 1258 5451 membrum
1301 5393 1694 5467 complexionis
1723 5411 1886 5449 exse-

290 5488 493 5559 quitur,
525 5487 632 5540 hoc
675 5493 776 5553 est,
810 5485 857 5539 si
887 5484 1067 5556 legem
1104 5485 1381 5556 legerunt.

364 5575 627 5632 Dicerent
656 5573 733 5628 illi
766 5588 778 5627 :
813 5572 957 5642 Quid
984 5572 1110 5628 inde
1142 5573 1189 5627 si
1234 5573 1416 5644 legem
1445 5570 1679 5643 legimus
1707 5575 1728 5626 ?
1759 5571 1887 5628 Ideo

1982 4533 2082 4589 per
2120 4515 2469 4585 allegoriam,
2502 4514 2555 4568 id
2587 4522 2670 4568 est
2708 4531 2807 4584 per
2850 4514 3015 4568 alium
3047 4514 3380 4570 intellectum
3411 4531 3574 4586 quam

1985 4605 2054 4657 sit
2086 4603 2332 4657 litteralis
2372 4602 2458 4657 hic
2488 4602 2819 4657 habendum.
2864 4604 2986 4672 Ipse
3019 4609 3196 4657 tamen
3243 4619 3353 4657 non
3381 4603 3575 4674 singu-

1983 4691 2159 4746 lorum
2181 4690 2495 4760 allegoriam
2520 4689 2851 4760 exsequitur,
2885 4689 2990 4743 nisi
3022 4689 3197 4745 solum
3219 4691 3286 4744 de
3309 4690 3503 4745 ancilla
3522 4698 3577 4744 et

1983 4779 2175 4833 libera.
2211 4779 2350 4833 Vere
2382 4786 2503 4832 sunt
2533 4778 2674 4832 dicta
2695 4794 2794 4848 per
2815 4777 3155 4848 allegoriam.
3182 4779 3304 4832 Haec
3327 4780 3501 4846 enim,
3521 4778 3575 4831 id

1985 4875 2067 4921 est
2097 4865 2294 4920 ancilla
2323 4873 2376 4919 et
2406 4866 2596 4931 libera,
2659 4871 2815 4930 sunt,
2867 4865 2921 4918 id
2951 4874 3034 4919 est
3091 4864 3418 4936 signiﬁcant,
3466 4865 3575 4922 duo

1990 4957 2368 5017 Testamenta,
2395 4955 2561 5009 Vetus
2592 4961 2644 5008 et
2672 4955 2905 5008 Novum.
2937 4955 3117 5010 Unum
3139 4953 3361 5025 quidem
3394 4954 3434 5006 Τ
3439 4963 3585 5009 esta-

1985 5050 2244 5108 mentum,
2278 5041 2332 5094 id
2369 5048 2450 5095 est
2478 5041 2655 5111 legem
2686 5058 2963 5112 generans
2986 5040 3204 5096 ﬁliosi-n
3221 5044 3574 5111 servitutem,

1987 5130 2114 5202 quia
2143 5136 2196 5183 et
2227 5129 2419 5183 timore
2450 5145 2624 5199 poenae
2658 5137 2711 5183 et
2749 5146 2848 5200 pro
2887 5130 3200 5184 carnalibus
3230 5130 3568 5185 serviebant.

1988 5219 2124 5273 Illud
2154 5233 2320 5272 unum
2350 5217 2470 5272 dico
2493 5219 2677 5272 datum
2708 5219 2770 5272 in
2790 5223 2980 5273 monte
3001 5219 3178 5286 Sina;
3211 5219 3284 5272 ibi
3315 5219 3456 5273 enim
3490 5219 3575 5271 lex

1989 5307 2113 5361 data
2142 5305 2317 5360 fuitin
2345 5306 2584 5360 deserto.
2622 5306 2752 5360 Sina
2796 5306 3186 5376 interpretatur
3214 5307 3574 5371 mandatum,

1989 5403 2040 5450 et
2078 5411 2178 5465 per
2208 5402 2450 5449 montem
2479 5394 2812 5449 altitudinem
2871 5394 3142 5465 superbiae
3170 5393 3486 5463 accipimus,
3521 5402 3579 5446 ut

1987 5483 2235 5538 dieamus
2263 5499 2540 5554 generum
2571 5484 2634 5537 in
2662 5485 2995 5538 servitutem
3024 5484 3086 5537 in
3114 5486 3308 5537 monte
3329 5482 3486 5546 Sina,
3523 5481 3579 5536 id

1988 5578 2071 5628 est
2090 5571 2146 5625 in
2170 5571 2427 5644 superbia
2457 5570 2717 5626 mandati.
2741 5570 2913 5629 Judaei
2943 5569 3108 5637 enim,
3155 5569 3248 5643 qui
3277 5568 3378 5624 soli
3399 5569 3582 5644 legem
