3960 6050
366 190 471 244 3οἿ

909 190 966 244 S.
1008 186 1364 244 BRUNONIS
1404 186 2053 245 CARTHUSIANORUM
2091 185 2576 243 INSTITUTORIS
2616 184 2767 241 OPP.
2825 187 2999 243 PARS
3041 186 3114 241 II.

3561 189 3664 242 308

366 313 661 379 habebant,
716 312 1120 383 superbiebant,
1168 312 1413 368 dicentes
1444 328 1503 367 se
1546 311 1804 382 p0pulum
1836 310 1955 378 Dei,
1988 313 2044 371 A
2064 312 2148 365 Ad
2178 311 2431 379 litteram,
2469 327 2637 383 quare
2669 312 2746 367 sic
2794 311 3209 383 intelligendum
3259 312 3387 365 est?
3417 311 3557 365 Vere
3587 311 3661 365 li-

368 401 502 456 alios
532 416 641 456 non
672 400 957 471 populum,
999 400 1097 454 sed
1128 416 1310 455 canes.
1347 401 1527 455 Unum
1557 401 1965 454 Testamentum

372 490 554 544 datum
585 495 667 543 est
696 490 752 542 in
788 496 970 542 monte
1003 488 1146 554 Sina,
1168 505 1289 560 quae
1310 492 1397 543 est
1426 489 1595 558 Agar,
1627 487 1682 541 id
1710 495 1791 541 est
1814 485 1961 558 quod

366 578 773 632 Testamentum
804 574 1079 645 signiﬁcat
1132 579 1299 648 Agar.
1334 575 1539 631 Relatio
1570 575 1714 628 bona
1751 582 1831 628 est
1862 590 1961 644 per

372 682 514 737 quae,
547 665 673 735 quia
696 665 939 735 sequitur
974 664 1253 734 proprium
1278 663 1519 717 feminini
1548 662 1789 733 generis.
1812 665 1963 734 Agar

371 754 758 822 interpretatur
788 753 1082 816 alienatio,
1108 768 1173 806 ex
1203 751 1322 822 ipso
1355 750 1575 805 nomine
1601 750 1830 804 innuens
1866 750 1970 803 Ve-

373 848 458 895 tus
487 841 896 895 Testamentum
924 839 1273 893 alienandum
1302 854 1424 892 esse
1451 846 1504 892 et
1547 837 1965 892 destruendum.

372 927 523 982 Idem
552 926 873 997 signiﬁcavit
904 928 1006 982 hoc
1037 927 1181 996 quod
1230 941 1337 980 non
1388 926 1442 980 in
1475 933 1620 980 terra
1660 925 1967 995 repromis-

378 1015 569 1084 sionis,
602 1015 698 1069 sed
718 1015 771 1068 in
804 1015 1019 1069 deserto
1064 1014 1248 1067 datum
1296 1012 1412 1077 fuit,
1474 1013 1620 1084 quod
1688 1028 1971 1083 nunquam

375 1119 476 1173 per
502 1119 664 1172 opera
695 1102 852 1170 hujus
883 1102 1023 1174 legis
1054 1101 1267 1157 venturi
1305 1109 1488 1155 essent
1529 1101 1585 1155 in
1643 1116 1829 1156 veram
1856 1109 1969 1154 ter-

376 1206 491 1244 ram
546 1189 1003 1260 repromissionis.
1073 1191 1211 1245 Vere
1278 1191 1340 1244 in
1398 1190 1727 1245 servitutem
1760 1230 1774 1258 ,
1834 1204 1971 1243 nam

382 1279 521 1334 Sina
551 1282 635 1333 est
684 1294 843 1332 mons
900 1279 964 1332 in
1024 1278 1253 1333 Arabia.
1308 1278 1415 1331 Per
1463 1278 1566 1331 hoc
1604 1276 1748 1331 enim
1802 1276 1966 1346 quod,

379 1366 508 1419 dum
535 1373 722 1420 essent
752 1366 806 1419 in
841 1365 1146 1435 captivitate
1165 1406 1179 1432 ,
1228 1364 1566 1435 accipiebant
1596 1365 1736 1419 hanc
1767 1364 1967 1434 legem,

381 1452 789 1525 significabatur
819 1452 965 1524 quod
993 1453 1079 1507 lex
1107 1452 1163 1505 in
1193 1452 1505 1522 captivitate
1554 1452 1672 1505 data
1733 1466 1972 1523 genera-

379 1541 473 1594 bat
502 1556 597 1595 eos
614 1541 669 1593 in
696 1540 1043 1605 servitutem;
1077 1556 1352 1611 nunquam
1374 1556 1472 1609 per
1495 1556 1660 1609 opera
1680 1538 1818 1610 legis
1848 1554 1974 1593 ven-

381 1636 528 1683 turos
557 1628 612 1681 in
643 1628 968 1682 libertatem.
1006 1627 1154 1681 Idem
1184 1626 1514 1697 allegoricus
1545 1626 1715 1680 innuit
1731 1625 1972 1681 intellec-
1993 1654 2046 1713 B

381 1724 486 1769 tus.
520 1715 721 1770 Arabia
753 1716 895 1769 enim
935 1714 1232 1769 humilitas
1261 1715 1347 1769 vel
1378 1715 1618 1785 afﬂictio
1652 1715 1974 1785 interpreta-

381 1811 483 1857 tur.
519 1803 674 1859 Unde
702 1802 780 1857 sic
835 1801 1063 1856 dicimus
1098 1817 1110 1857 :
1143 1804 1281 1858 Sina
1310 1819 1471 1857 mons
1504 1806 1586 1858 est
1617 1804 1680 1857 in
1746 1803 1969 1867 Arabia,

379 1891 432 1945 id
463 1898 545 1945 est
605 1890 942 1956 mandatum,
994 1897 1049 1945 et
1078 1890 1333 1960 superbia
1390 1897 1473 1944 est
1502 1889 1557 1943 in
1612 1888 1821 1944 aﬂlictis
1853 1905 1968 1955 seu,

382 1978 528 2050 quod
556 1978 700 2032 idem
744 1986 844 2046 est,
881 1977 1203 2032 humiliatis.
1242 1976 1347 2032 Per
1374 1979 1480 2033 hoc
1527 1978 1671 2032 enim
1702 1978 1847 2049 quod
1880 1993 1974 2031 su-

381 2066 701 2137 perbiebant
721 2066 789 2120 de
809 2066 1084 2131 mandato,
1103 2074 1155 2120 et
1180 2066 1480 2135 saepissime
1500 2065 1645 2120 velut
1675 2065 1803 2119 mali
1835 2064 1976 2120 servi

381 2142 762 2226 afﬂigebantur
792 2170 891 2224 per
916 2154 1116 2224 legem,
1153 2162 1379 2224 apparet
1410 2153 1553 2224 quod
1574 2154 1659 2207 lex
1690 2153 1780 2207 illa
1801 2168 1975 2223 gene-

382 2249 560 2296 rasset
588 2257 682 2295 eos
711 2243 774 2296 in
804 2242 1154 2296 servitutem.
1198 2240 1324 2295 Sina
1370 2257 1527 2296 mons
1559 2247 1641 2295 est
1670 2240 1727 2293 in
1757 2241 1973 2308 Arabia,

385 2330 480 2402 qui
511 2344 667 2384 mons
701 2330 1042 2399 conjunctus
1075 2333 1179 2396 est,
1204 2329 1261 2384 id
1291 2336 1372 2384 est
1406 2328 1737 2383 assimilatus
1765 2329 1817 2384 ei
1845 2330 1976 2384 Hie-

381 2418 652 2483 rusalem,
686 2417 741 2471 id
767 2424 850 2472 est
878 2417 1105 2472 Iudaico
1139 2418 1340 2489 populo
1388 2418 1593 2473 videnti
1623 2419 1817 2483 Deum,
1851 2417 1978 2487 quia

386 2505 507 2560 aliae
544 2513 735 2577 gentes
774 2512 900 2561 tunc
921 2505 1184 2576 temporis
1204 2506 1521 2561 nesciebant
1549 2507 1744 2560 Deum.
1770 2505 1971 2559 Hieru-

388 2594 557 2649 salem
586 2594 731 2660 dico,
763 2610 884 2665 quce
912 2611 1068 2650 nunc
1091 2599 1193 2660 est,
1219 2594 1273 2648 id
1295 2601 1516 2664 estquae
1544 2594 1599 2647 in
1619 2593 1979 2664 prasentibus

384 2681 548 2749 videt,
582 2688 635 2736 et
676 2681 802 2736 colit
846 2682 1018 2736 Deum
1077 2698 1186 2737 non
1239 2682 1294 2736 in
1344 2681 1693 2753 spiritalibus,
1748 2689 1800 2736 et
1855 2681 1978 2737 ideo

387 2784 497 2824 non
528 2769 712 2825 visura
743 2768 798 2823 in
856 2768 1052 2824 futuro.

455 2857 612 2912 Mons
644 2856 736 2911 ille
757 2859 1098 2927 conjunctus
1130 2860 1237 2923 est,
1271 2872 1380 2911 non
1428 2857 1571 2927 quod
1618 2857 1833 2912 radices
1863 2857 1980 2926 ejus

382 2944 731 3017 porrigantur
776 2961 950 3016 usque
996 2943 1364 3010 Hierusalem,
1398 2944 1496 2999 sed
1525 2945 1851 2999 assimilatus
1879 2946 1979 2999 Ju-

382 3034 533 3097 daeis,
568 3032 695 3105 quia
726 3049 827 3103 per
862 3040 1103 3088 montem
1152 3033 1280 3087 Sina
1326 3033 1667 3103 significatur
1724 3033 1980 3103 superbia

384 3138 592 3189 eorum,
625 3138 729 3193 qua
759 3121 828 3176 de
868 3122 1118 3176 mandato
1158 3121 1563 3192 superbierunt.
1599 3122 1698 3177 Per
1726 3122 1980 3176 Arabiam

383 3209 722 3282 signiﬁcatur
750 3208 963 3265 aﬁlictio
994 3226 1198 3275 eorum,
1233 3226 1339 3282 qua
1359 3218 1653 3281 peccantes
1674 3226 1773 3280 per
1798 3210 1978 3282 legem

381 3297 761 3368 aﬁligebantur
790 3314 942 3353 more
976 3314 1277 3353 servorum.
1311 3299 1396 3367 Ei,
1448 3298 1808 3365 Hierusalem,
1859 3315 1980 3370 quae

382 3398 530 3438 nunc
559 3390 660 3451 est,
706 3389 758 3437 et
784 3399 905 3454 quae
952 3382 1117 3438 servit
1162 3383 1353 3438 timore
1398 3399 1598 3453 poenae,
1633 3399 1745 3437 non
1772 3397 1975 3437 amore.

388 3472 572 3527 Servit
621 3470 745 3525 dico
795 3486 926 3525 cum
964 3471 1101 3539 ﬁliis
1158 3472 1306 3539 suis,
1369 3471 1425 3525 id
1455 3478 1538 3525 est
1569 3487 1693 3527 cum
1723 3471 1977 3542 proser-

383 3558 470 3627 tis,
505 3558 598 3631 qui
628 3559 697 3613 de
726 3558 1028 3631 gentilitate
1066 3558 1121 3612 in
1154 3559 1623 3614 circumcisionem
1680 3567 1975 3614 transeunt.

393 3646 493 3701 Vel
523 3647 695 3702 servit
725 3653 840 3701 tota
868 3645 1088 3700 insimul
1110 3646 1404 3719 Synagoga
1425 3663 1545 3701 cum
1568 3645 1689 3700 ﬁliis
1721 3646 1833 3701 suis
1852 3662 1980 3717 pro-

383 3734 536 3805 priis.
571 3735 671 3790 Hic
700 3734 792 3789 illo
822 3750 1025 3805 genere
1055 3734 1352 3799 servitutis,
1372 3734 1459 3788 hic
1490 3734 1614 3789 alio.
1639 3734 1979 3791 Hierusalem

384 3838 505 3892 quae
535 3837 678 3877 nunc
707 3829 789 3876 est
819 3824 1011 3887 servit,
1050 3822 1143 3877 sed
1174 3823 1280 3877 illa
1334 3822 1685 3877 Hierusalem
1728 3840 1849 3894 quae
1894 3827 1979 3879 est

386 3926 632 3975 sursum,
668 3908 723 3963 id
754 3917 833 3964 est
857 3924 967 3964 non
995 3908 1252 3978 carnalia,
1288 3908 1384 3963 sed
1415 3909 1676 3979 spiritalia
1697 3918 1975 3981 appetens,

385 3997 504 4051 haec
548 4001 631 4052 est
667 3998 858 4061 libera,
893 3997 1021 4067 quia
1070 4012 1180 4051 non
1220 4013 1286 4051 ex
1318 3996 1531 4066 timore,
1564 3998 1661 4053 sed
1693 3998 1857 4053 servit
1913 4015 1978 4053 ex

385 4084 709 4141 dilectione:
733 4084 970 4141 223
996 4101 1096 4139 nec
1126 4085 1449 4155 temporalia
1471 4086 1681 4157 quaerit,
1708 4087 1803 4141 sed
1820 4095 1978 4142 aiter-

386 4190 473 4228 na.
508 4174 635 4229 Haec
665 4181 745 4228 est
771 4173 1015 4229 Ecclesia
1044 4171 1187 4240 ﬁdei,
1221 4190 1341 4246 quae
1376 4174 1625 4245 superior
1642 4175 1978 4230 Hierusalem

388 4267 472 4319 est
493 4266 681 4318 mater
700 4266 913 4319 nostra.
931 4261 1178 4318 Ecclesia
1208 4263 1349 4317 enim
1373 4279 1473 4318 nos
1503 4264 1690 4334 genuit
1718 4264 1774 4317 in
1806 4264 1978 4319 liber-

2070 400 2201 453 bera
2233 407 2331 467 est,
2368 415 2495 453 nam
2528 400 2605 456 sic
2634 400 2708 454 ait
2737 400 2903 455 Isaias
2939 414 2951 453 :
2985 398 3030 454 Ο
3061 408 3118 453 tu
3150 399 3349 453 sterilis
3379 398 3659 454 Ecclesia!

2069 486 2209 556 Quia
2241 488 2491 558 quaedam
2522 489 2757 555 steriles,
2790 505 2911 559 qua:
2940 495 3129 557 postea
3158 488 3375 557 pariunt
3402 503 3503 557 per
3531 502 3664 559 gra-

2070 574 2218 642 tiam,
2252 582 2311 629 ut
2364 575 2557 630 eadem
2599 576 2735 630 Sara
2764 584 2814 630 et
2844 575 3141 641 Elizabeth,
3193 574 3317 630 ideo
3349 574 3500 629 addit
3532 591 3544 628 :
3589 576 3666 629 Tu

2068 663 2309 729 sterilis,
2345 679 2467 734 qua:
2512 679 2628 718 non
2685 666 2865 735 paris,
2930 665 3124 719 laetare
3171 662 3371 717 animo.
3422 662 3666 733 Erumpe

2070 750 2231 804 etiam
2256 750 2513 805 exteriori
2544 750 2744 823 gaudio
2772 756 2829 806 et
2876 752 3095 818 clama,
3130 749 3185 803 id
3217 758 3298 804 est
3337 750 3506 805 invita
3530 749 3667 803 alios

2068 838 2137 892 ad
2164 838 2621 910 congaudendum
2654 839 2768 893 tibi.
2805 839 2884 893 Tu
2914 839 3036 894 dico
3067 854 3188 909 quae
3208 853 3318 892 non
3349 838 3527 892 solum
3549 854 3665 892 non

2067 928 2246 997 paris,
2283 926 2381 981 sed
2411 943 2515 982 nec
2542 927 2702 981 etiam
2732 928 3016 998 parturis,
3050 926 3105 980 id
3136 933 3219 980 est
3249 942 3345 996 spe
3374 941 3573 981 carens
3608 924 3663 978 in

2070 1022 2316 1083 tempore
2366 1013 2506 1086 legis
2553 1014 2622 1069 de
2653 1015 2933 1084 pariendo,
2994 1030 3105 1068 non
3143 1013 3380 1069 conaris.
3416 1013 3667 1068 Probavit

2072 1101 2216 1172 quod
2250 1102 2317 1155 sit
2356 1101 2566 1166 libera;
2599 1090 2795 1172 prebat
2825 1102 2987 1156 etiam
3028 1101 3174 1171 quod
3204 1102 3272 1155 sit
3327 1109 3521 1155 mater.
3554 1100 3666 1154 Lit-

2071 1197 2187 1243 tera
2217 1196 2396 1244 tamen
2441 1191 2735 1259 respondet
2782 1190 2851 1244 ad
2907 1190 3233 1260 proximum.
3286 1189 3408 1245 Ideo
3440 1190 3659 1255 laetare,

2072 1284 2210 1343 etc.,
2246 1277 2369 1347 quia
2425 1278 2534 1345 ﬁlii
2578 1278 2832 1342 desertas,
2884 1277 2939 1330 id
2971 1285 3051 1331 est
3095 1276 3377 1343 Ecclesiae,
3438 1293 3559 1346 qua;
3606 1276 3663 1330 in

2071 1372 2312 1434 tempore
2342 1365 2482 1437 legis
2511 1365 2913 1419 cohabitatione
2941 1380 2974 1419 a
3005 1365 3119 1420 Deo
3140 1364 3397 1420 derelicta
3427 1364 3525 1418 fuit
3554 1379 3664 1419 non

2072 1452 2380 1507 dilectione.
2447 1454 2508 1506 In
2565 1460 2805 1522 tempore
2861 1453 3022 1507 etiam
3065 1452 3205 1524 legis
3252 1453 3428 1523 magis
3477 1452 3666 1506 dilexit

2072 1540 2226 1594 Deus
2256 1539 2565 1594 libertatem
2594 1538 2723 1593 ﬁdei
2752 1556 2912 1611 quam
2944 1540 3256 1595 servitutem
3288 1540 3447 1611 legis.

2147 1627 2287 1692 Filii,
2323 1627 2564 1697 inquam,
2626 1627 2858 1682 desertae
2901 1628 3079 1697 magis
3122 1627 3277 1681 multi
3325 1635 3449 1681 sunt
3503 1642 3665 1697 quam

2076 1715 2181 1769 sint
2212 1714 2304 1768 ﬁlii
2335 1715 2447 1783 ejus
2500 1715 2671 1785 legis,
2726 1732 2845 1785 qua:
2883 1732 3025 1770 nunc
3067 1716 3231 1769 habet
3274 1715 3466 1771 virum.
3518 1716 3668 1770 Tunc

2074 1802 2221 1856 enim
2269 1802 2357 1856 lex
2387 1803 2590 1857 multos
2632 1803 2959 1873 generabat,
2994 1804 3091 1857 sed
3121 1803 3211 1874 qui
3261 1801 3447 1857 ﬁdeles
3491 1810 3664 1869 erant,

2073 1896 2131 1943 ut
2161 1890 2375 1961 Moyses
2414 1898 2468 1944 et
2529 1892 2828 1961 prOphetaa,
2862 1890 3112 1945 videntes
3158 1891 3415 1945 duritiam
3446 1906 3658 1956 eorum,

2075 1992 2175 2032 nec
2207 1977 2397 2031 saltem
2445 1978 2759 2050 cogitabant
2798 1992 2891 2033 eos
2921 1979 2990 2033 de
3028 1978 3393 2048 spiritualibus
3440 1979 3659 2046 docere,

2077 2080 2211 2135 quos
2252 2065 2490 2136 quotidie
2520 2065 2575 2118 in
2615 2066 2919 2120 carnalibus
2949 2066 3216 2121 mandatis
3236 2066 3493 2121 videbant
3517 2074 3665 2121 tran-

2076 2169 2394 2223 sgressores
2425 2170 2567 2208 esse.
2620 2154 2727 2208 Lex
2758 2154 2979 2224 quidem
3019 2162 3144 2209 tunc
3190 2154 3425 2208 habebat
3470 2155 3663 2222 virum,

2075 2241 2129 2294 id
2161 2248 2242 2295 est
2270 2242 2443 2295 Deum
2493 2241 2916 2308 cohabitatione,
2966 2257 3075 2296 non
3127 2250 3309 2296 tamen
3357 2242 3664 2298 dilectione.

2078 2329 2210 2384 Duae
2240 2336 2443 2383 matres
2474 2336 2597 2383 sunt
2630 2347 2642 2383 :
2675 2328 2849 2383 altera
2878 2329 3069 2395 libera,
3101 2329 3271 2384 altera
3298 2330 3512 2385 ancilla.
3562 2329 3668 2386 Sed

2077 2433 2178 2472 nos
2215 2419 2449 2487 fratres,
2483 2432 2588 2489 ego
2628 2424 2679 2472 et
2710 2416 3016 2488 quicunque
3048 2416 3261 2485 ﬁdeles,
3293 2434 3487 2474 sumus
3535 2418 3663 2486 ﬁlii,

2077 2519 2185 2559 non
2215 2505 2509 2570 servitutis,
2544 2505 2640 2559 sed
2669 2506 3078 2576 promissionis,
3112 2505 3166 2559 id
3202 2513 3283 2559 est
3311 2522 3412 2575 per
3430 2506 3668 2576 promis-

2079 2608 2193 2646 sam
2224 2593 2459 2665 gratiam
2491 2593 2611 2659 Dei,
2643 2593 2973 2661 seeundum,
3000 2592 3055 2647 id
3086 2601 3167 2647 est
3188 2593 3241 2647 in
3264 2594 3668 2649 similitudinem

2078 2681 2253 2747 Isaac,
2280 2681 2372 2752 qui
2403 2697 2513 2736 non
2561 2682 2684 2751 lege
2726 2681 2936 2747 carnis,
2970 2682 3067 2735 sed
3113 2682 3311 2737 virtute
3340 2682 3509 2737 divini
3536 2698 3669 2752 pro-

2078 2768 2230 2822 missi
2261 2776 2415 2821 natus
2441 2768 2559 2823 fuit.
2586 2767 2836 2823 Ostendit
2868 2784 2967 2822 nos
2997 2784 3121 2823 esse
3154 2777 3311 2824 natos
3343 2770 3398 2823 in
3427 2770 3671 2824 similitu-

2079 2856 2204 2910 dine
2236 2857 2408 2921 Isaac,
2442 2856 2569 2927 quia
2613 2856 2805 2911 eadem
2846 2856 3004 2926 signa
3049 2872 3280 2927 quorum
3326 2856 3503 2927 ﬁgura
3530 2874 3672 2928 prae-

2081 2949 2243 2998 cessit
2272 2944 2326 2997 in
2357 2943 2468 3009 illo,
2502 2944 2755 2999 videntur
2792 2943 2952 2998 hodie
3008 2945 3062 2998 in
3112 2942 3236 2998 ﬁliis
3277 2945 3558 3000 Ecclesiae.
3602 2947 3673 3000 Et

2000 3001 2047 3060 Ο
2080 3039 2257 3085 tamen
2284 3001 2604 3085 adversatur
2634 3031 2941 3099 conjunctio
2970 3031 3185 3100 litterae,
3218 3033 3322 3087 hoc
3344 3032 3505 3087 modo
3539 3047 3550 3085 :
3585 3033 3672 3087 Li-

2080 3127 2165 3174 cet
2200 3119 2368 3173 simus
2426 3118 2521 3173 ﬁlii
2565 3119 2971 3189 promissionis,
3006 3127 3186 3174 tamen
3233 3121 3499 3192 quomodo
3532 3125 3668 3176 tunc

2078 3207 2135 3260 in
2188 3215 2429 3277 tempore
2469 3207 2777 3273 Abraham,
2829 3207 2918 3262 hic
2965 3209 3060 3279 qui
3099 3208 3407 3263 secundum
3440 3224 3671 3264 carnem

2077 3299 2254 3351 natus
2287 3298 2501 3365 fuerat,
2536 3295 2591 3349 id
2621 3302 2702 3349 est
2724 3294 2935 3359 Ismael,
2962 3297 3400 3367 persequebatur
3419 3313 3546 3352 eum
3576 3298 3672 3368 qui

2079 3384 2387 3440 secundum
2417 3385 2687 3454 spiritum
2716 3391 2873 3437 natus
2904 3390 3006 3452 est,
3042 3383 3252 3439 scilicet
3272 3384 3444 3440 Isaac.
3476 3384 3673 3439 Ismael

2079 3472 2221 3527 enim
2253 3479 2383 3525 natu
2413 3472 2582 3539 major
2612 3471 2928 3526 verberabat
2975 3472 3125 3527 Isaac
3162 3472 3339 3526 adhuc
3385 3479 3672 3540 tenerum;

2080 3576 2243 3632 quem
2273 3559 2492 3614 videbat
2521 3559 2803 3614 dominum
2835 3560 2937 3614 sibi
2979 3568 3031 3614 et
3078 3560 3354 3613 hazredem
3409 3559 3669 3615 futurum.

2082 3651 2170 3703 Ita
2207 3649 2384 3703 etiam
2420 3648 2477 3700 lit
2507 3664 2682 3714 nunc,
2720 3649 2865 3719 quod
2898 3648 2989 3719 qui
3047 3647 3297 3703 carnales
3327 3655 3451 3701 sunt
3476 3664 3674 3719 perse-

2080 3743 2316 3807 quuntur
2372 3734 2640 3804 spiritales
2672 3744 2725 3790 et
2764 3736 3046 3808 afﬂigunt,
3096 3743 3148 3790 et
3186 3735 3313 3807 quia
3343 3736 3481 3791 sicut
3524 3737 3676 3791 Isaac

2079 3822 2418 3895 aﬁligebatur
2450 3824 2518 3877 ab
2551 3824 2777 3890 Ismael,
2810 3825 2882 3877 ita
2912 3832 2965 3878 et
3008 3840 3108 3879 nos
3150 3824 3458 3894 spirituales
3478 3823 3673 3897 aﬁligi-

2077 3927 2200 3964 mur
2230 3927 2262 3964 a
2293 3910 2618 3966 carnalibus.
2668 3912 2875 3983 Itaque,
2938 3911 3155 3981 fratres,
3187 3928 3284 3982 per
3313 3913 3674 3983 hocapparet

2079 3998 2223 4069 quod
2255 4014 2362 4054 non
2393 4015 2582 4053 sumus
2613 3997 2707 4052 ﬁlii
2738 3999 2988 4064 ancillae;
3022 4000 3220 4054 fuimus
3253 4000 3470 4070 quidem
3528 4000 3675 4055 servi

2077 4086 2208 4140 olim
2239 4086 2340 4140 sub
2382 4086 2538 4158 lege,
2601 4087 2696 4141 sed
2721 4087 2833 4155 jam
2864 4103 3050 4140 sumus
3090 4086 3185 4140 ﬁlii
3240 4087 3449 4153 liberae,
3480 4087 3535 4141 id
3592 4096 3675 4143 est

2078 4174 2294 4245 gratiae.
2346 4175 2453 4230 Sed
2483 4174 2752 4229 interserit
2782 4175 3027 4246 quaedam
3070 4175 3258 4231 dicens
3292 4194 3304 4229 :
3338 4175 3442 4243 Qui
3473 4191 3671 4231 secun-

2078 4263 2206 4316 dum
2238 4278 2460 4317 carnem
2491 4269 2631 4327 sunt,
2666 4272 3063 4333 persequuntur
3106 4278 3228 4329 nos,
3288 4263 3384 4318 sed
3436 4279 3543 4318 non
3593 4271 3676 4318 est

388 4357 556 4405 tatem
572 4349 717 4404 fidei.
743 4351 882 4405 Vere
902 4351 1074 4406 libera
1096 4370 1114 4417 ;
1138 4366 1262 4405 nam
1292 4351 1522 4420 laetatur,
1539 4352 1768 4422 erumpit
1789 4362 1840 4406 et
1860 4352 1977 4408 cla-
2008 4350 2060 4409 D
2082 4350 2409 4416 curandum;
2435 4350 2538 4420 ipsi
2559 4350 2703 4405 enim
2721 4350 3018 4419 ejicientur,
3044 4358 3098 4405 et
3113 4365 3213 4406 nos
3230 4350 3285 4404 in
3304 4351 3672 4406 hazreditatem

387 4446 500 4492 mat
525 4453 537 4493 :
560 4438 701 4492 Vere
724 4446 934 4505 mater;
967 4454 1093 4493 nam
1115 4437 1210 4493 ﬁlii
1229 4440 1345 4507 ejus
1362 4440 1537 4494 multi.
1565 4438 1723 4507 Quod
1753 4439 1831 4495 sic
1858 4440 1931 4494 ait
1963 4456 1975 4495 :

388 4526 585 4581 Libera
602 4532 684 4580 est
701 4532 875 4580 mater
896 4534 1102 4581 nostra.
1122 4527 1257 4581 Nam
1282 4528 1359 4582 sic
1379 4528 1445 4582 de
1469 4542 1530 4581 ea
1544 4527 1801 4597 scriptum
1824 4536 1905 4582 est
1926 4528 1981 4582 in

390 4613 527 4669 Isaia
562 4631 574 4668 :
607 4616 822 4671 Laztare
843 4622 919 4670 tu.
953 4614 1089 4669 Sara
1119 4615 1353 4682 sterilis,
1383 4632 1503 4687 quae
1552 4616 1715 4670 modo
1742 4632 1856 4671 non
1870 4634 1979 4687 pa—

387 4704 500 4768 ris,-
524 4718 753 4774 erumpe
775 4706 830 4758 et
845 4704 1048 4768 clama,
1070 4719 1191 4774 qua:
1220 4718 1334 4757 non
1364 4702 1620 4773 parturis
1646 4702 1777 4772 (Isa.
1804 4718 1879 4768 IV,
1903 4704 1975 4771 1),

389 4789 444 4843 id
476 4798 556 4845 est
584 4805 704 4861 quae
721 4806 822 4845 nec
851 4790 919 4844 de
936 4789 1198 4860 pariendo
1216 4789 1453 4843 laboras.
1474 4789 1601 4844 Ideo
1618 4789 1817 4855 lmtare,
1849 4793 1981 4862 quia

392 4880 570 4947 magis
595 4878 770 4931 multi
785 4878 893 4945 ﬁlii
920 4879 1006 4932 tui
1036 4877 1269 4932 deserta:
1286 4877 1430 4931 Sara:
1443 4894 1605 4947 quam
1626 4877 1731 4931 sint
1753 4877 1844 4933 ﬁlii
1864 4880 1980 4948 ejus

391 4966 561 5036 Agar,
583 4981 705 5035 qua:
725 4980 868 5019 nunc
900 4964 1063 5020 habet
1094 4967 1299 5020 virum.
1339 4965 1585 5019 Habebat
1626 4968 1774 5038 Agar
1799 4968 1977 5021 Abra-

388 5052 516 5104 ham
539 5051 957 5117 cohabitatione,
990 5067 1097 5106 non
1158 5060 1337 5108 tamen
1384 5052 1689 5108 dilectione.
1751 5055 1981 5109 Carebat

395 5140 529 5194 Sara
551 5138 827 5192 Abraham
864 5139 1277 5208 cohabitatione,
1333 5157 1495 5212 quem
1526 5149 1707 5197 tamen
1750 5143 1981 5197 habebat

390 5226 697 5293 dilectione,
732 5226 855 5298 quia
884 5227 1096 5282 colebat
1136 5236 1187 5283 et
1219 5230 1479 5302 diligebat
1522 5246 1640 5285 eam
1709 5238 1766 5284 ut
1795 5230 1979 5301 legiti-

387 5331 535 5370 mam
582 5331 828 5370 uxorem.
862 5316 1050 5383 Isaias,
1077 5317 1166 5389 qui
1196 5327 1318 5387 post
1360 5318 1521 5390 longa
1552 5318 1747 5373 saecula
1783 5317 1880 5371 fuit
1910 5319 1980 5372 ab

391 5405 689 5477 Abraham,
724 5404 918 5460 frustra
948 5404 1026 5461 sic
1056 5405 1366 5480 loqueretur
1430 5408 1500 5463 de
1547 5407 1679 5463 Sara
1727 5414 1779 5461 et
1808 5409 1974 5481 Agar.

2078 4438 2435 4493 introibimus.

2150 4526 2309 4594 Quod
2339 4527 2418 4581 sic
2457 4526 2529 4580 ait
2567 4542 2579 4581 :
2619 4527 2759 4595 Quid
2806 4527 2945 4583 dicit
3003 4528 3347 4600 Scriptura?
3387 4528 3448 4583 In
3476 4529 3671 4583 eodem

2079 4615 2264 4684 Moyse
2308 4614 2580 4669 invenitur
2633 4615 2780 4686 quia,
2813 4630 2937 4670 cum
2985 4615 3116 4670 Sara
3169 4615 3394 4670 vidisset
3433 4618 3581 4688 Agar
3620 4623 3673 4670 et

2078 4718 2306 4772 puerum
2350 4702 2466 4771 ejus
2506 4703 2883 4773 superbientes
2905 4710 3099 4758 contra
3126 4720 3184 4757 se
3215 4711 3268 4758 et
3297 4704 3474 4771 Isaac,
3508 4704 3579 4758 ait
3599 4704 3671 4759 ad

2080 4791 2355 4845 Abraham
2388 4804 2399 4844 :
2430 4791 2577 4860 Ejiee
2636 4792 2913 4845 ancillam
2961 4795 3017 4845 et
3062 4792 3251 4859 ﬁlium
3339 4793 3461 4861 ejus
3507 4793 3670 4860 (Gen.

2080 4894 2203 4947 xxx,
2240 4878 2347 4947 16).
2373 4877 2629 4932 Similiter
2656 4876 2750 4931 ﬁlii
2771 4878 2963 4948 gratiae
2984 4879 3167 4934 dicunt
3200 4894 3211 4931 :
3245 4879 3496 4946 Domine,
3531 4879 3668 4949 ejice

2081 4966 2351 5033 ancillam,
2384 4966 2437 5018 id
2470 4972 2551 5019 est
2572 4966 2839 5037 lcgem,et
2860 4966 3027 5020 ﬁlium
3054 4967 3257 5034 ejus,id
3281 4975 3363 5021 est
3382 4966 3667 5023 Iudaicum

2079 5053 2357 5125 p0pulum.
2375 5054 2495 5108 Non
2520 5055 2673 5109 enim
2694 5055 2850 5121 ﬁlius
2875 5055 3122 5120 ancillae,
3143 5055 3196 5108 id
3216 5062 3297 5109 est
3315 5055 3473 5126 legis,
3496 5055 3672 5111 haeres

2081 5144 2189 5197 erit
2217 5142 2270 5195 in
2301 5141 2569 5211 promissa
2597 5142 2923 5197 beatitudine
2953 5159 3083 5198 cum
3101 5144 3220 5211 ﬁlio
3267 5143 3471 5211 liberae,
3505 5143 3560 5197 id
3590 5150 3672 5197 est

2079 5229 2224 5296 ﬁdei,
2258 5230 2713 5301 quemadmodum
2774 5229 2916 5284 ﬁlius
2956 5233 3104 5300 Agar
3152 5231 3364 5286 ancillae
3410 5245 3521 5286 non
3576 5229 3674 5284 fuit

2079 5318 2257 5372 limres
2277 5333 2398 5373 cum
2430 5317 2540 5372 ﬁlio
2554 5318 2700 5373 Sara
2716 5318 2922 5373 liberae.
2941 5319 3150 5390 Itaque,
3169 5321 3400 5388 fratres,
3410 5321 3534 5390 jam
3556 5334 3670 5376 non

2079 5423 2274 5463 sumus
2295 5407 2404 5475 ﬁlii
2433 5407 2661 5463 ancillw
2682 5407 2844 5480 (sicut
2865 5407 3168 5478 expositum
3188 5408 3310 5477 est),
3337 5407 3431 5463 sed
3463 5407 3669 5473 liberat,
