3960 6050
253 199 361 251 309

922 190 1303 248 EXPOSITIO
1340 191 1415 247 IN
1450 187 1829 246 EPISTOLAS
1868 187 2092 244 PAULI.
2127 221 2196 231 —
2224 191 2298 246 ΙΝ
2334 190 2554 245 EPIST.
2585 189 2678 245 AD
2726 189 2882 245 GAL.

3447 188 3551 243 310

256 336 368 392 qua
400 319 679 385 libertate,
714 316 769 371 id
798 324 879 372 est
908 332 1009 387 per
1037 317 1180 371 hanc
1225 316 1532 370 libertatem
1562 329 1725 386 quam
1755 313 1852 366 ha-
1888 313 1944 372 A
1965 330 2066 383 per
2094 314 2295 386 legem.
2329 314 2396 369 Et
2425 314 2548 368 ideo
2597 313 2724 384 quia
2772 312 2931 367 liberi
2978 312 3109 367 estis
3157 316 3307 367 state
3327 355 3339 377 ,
3372 311 3426 365 id
3475 319 3558 366 est

254 406 469 474 bemus,
506 407 763 464 Christus
799 405 1009 459 habens
1040 404 1290 460 eamdem
1321 403 1584 459 liberavit
1622 418 1722 458 nos
1763 416 1865 472 per

258 510 400 550 eam.

755 606 999 663 224
1041 606 1266 661 CAPUT
1296 605 1362 660 V.

335 745 360 771 α
395 723 543 778 State
571 730 625 777 et
650 720 819 776 nolite
864 720 1061 775 iterum
1104 720 1241 792 jugo
1274 718 1548 775 servitutis
1578 717 1861 774 contineri.

261 834 287 863 ι
319 812 466 867 Ecce
497 826 603 882 ego
662 808 859 864 Paulus
890 809 1012 863 dico
1042 808 1197 863 vobis
1245 806 1524 879 quoniam,
1556 806 1603 861 si
1624 805 1862 861 circum-

263 922 285 946 ε
324 898 601 963 cidamini,
635 897 880 953 Christus
909 896 1041 950 nihil
1089 895 1244 950 vobis
1291 894 1550 965 proderit.
1583 892 1865 949 Testiﬁcor

262 1007 285 1036 ι
322 994 505 1041 autem
536 1001 748 1039 rursum
780 983 926 1038 omni
957 983 1161 1037 homini
1207 981 1613 1038 circumcidenti
1639 997 1697 1035 se
1729 996 1865 1051 quo-

266 1098 289 1121 ε
328 1073 479 1128 niam
509 1073 721 1128 debitor
741 1080 823 1128 est
846 1072 1111 1127 universae
1132 1070 1272 1143 legis
1298 1071 1580 1126 faciendae.
1600 1069 1863 1124 Evacuati

265 1187 289 1209 α
326 1162 459 1217 estis
490 1178 523 1215 a
552 1161 789 1226 Christo,
825 1160 916 1230 qui
944 1160 998 1213 in
1028 1159 1153 1231 lege
1191 1156 1597 1227 justiﬁcamini;
1633 1174 1663 1211 a
1692 1156 1864 1227 gratia

264 1274 287 1297 α
324 1249 623 1305 excidistis.
657 1249 771 1302 Nos
803 1248 947 1302 enim
978 1247 1169 1317 spiritu
1209 1263 1275 1301 ex
1304 1244 1411 1301 fide
1455 1262 1605 1315 spem
1644 1244 1863 1313 justitiae

257 1362 279 1386 ιη
320 1345 719 1408 exspectamus.
750 1337 892 1390 Nam
921 1335 977 1389 in
1008 1334 1226 1388 Christo
1244 1335 1393 1398 lesu,
1426 1349 1601 1404 neque
1632 1333 1860 1388 circum-

263 1450 286 1472 α
320 1426 460 1481 cisio
490 1424 694 1496 aliquid
725 1423 896 1491 valet,
938 1438 1116 1493 neque
1161 1421 1504 1493 praeputium,
1557 1421 1654 1476 sed
1703 1419 1859 1487 fides,

261 1538 285 1559 α
322 1530 446 1586 quae
475 1529 575 1583 per
605 1511 920 1568 charitatem
952 1509 1340 1582 [dilectionem]
1369 1517 1642 1579 Operatur.
1676 1510 1865 1563 Curre-

265 1624 289 1649 ιι
328 1602 475 1655 batis
504 1601 643 1655 bene
679 1614 690 1654 :
722 1599 841 1670 quis
870 1614 969 1654 vos
988 1598 1273 1653 fascinavit
1303 1596 1623 1669 [impedivit]
1652 1596 1861 1651 veritati

265 1712 289 1737 «ι
324 1704 437 1745 non
456 1688 681 1744 obedire
711 1688 738 1742 ?
764 1686 981 1742 Nemini
1002 1685 1411 1742 consenseritis.
1436 1684 1724 1739 Persuasio
1745 1685 1862 1739 haec

266 1803 289 1823 α
326 1793 438 1831 non
469 1785 549 1832 est
581 1792 646 1830 ex
678 1791 743 1829 eo
775 1775 867 1846 qui
913 1774 1129 1830 vocavit
1174 1789 1293 1827 vos.
1325 1772 1591 1828 Modicum
1624 1772 1861 1826 fermen-

270 1887 294 1915 ι
334 1874 448 1919 tum
480 1873 648 1918 totam
677 1878 918 1917 massam
965 1862 1259 1931 corrumpit
1289 1862 1342 1931 (Ι
1373 1860 1492 1915 Cor.
1528 1876 1581 1926 v,
1618 1864 1692 1929 6).
1744 1862 1863 1930 Ego

267 1977 292 2001 κ
332 1951 550 2008 confido
579 1952 634 2004 in
662 1950 817 2005 vobis
858 1950 913 2003 in
955 1949 1185 2003 Domino
1230 1948 1374 2020 quod
1419 1948 1553 2002 nihil
1583 1947 1727 2001 aliud
1768 1962 1861 2001 sa-

270 2064 293 2087 σε
328 2040 511 2111 pictis.
537 2038 641 2107 Qui
670 2046 851 2093 autem
878 2038 1160 2093 conturbat
1177 2052 1295 2105 vos,
1318 2036 1552 2106 portabit
1576 2035 1859 2104 judicium,

267 2152 290 2175 u
331 2128 641 2200 quicunque
674 2134 758 2181 est
784 2126 892 2180 ille.
926 2127 1046 2196 Ego
1074 2132 1274 2189 autem,
1305 2124 1512 2190 fratres,
1546 2124 1591 2177 si
1635 2123 1863 2179 circum-

265 2240 288 2264 α
328 2217 594 2272 cisionem
626 2214 804 2268 adhuc
832 2213 1090 2283 praedico,
1122 2212 1250 2283 quid
1298 2212 1473 2267 adhuc
1519 2211 1864 2282 persecutio-

268 2328 291 2351 α
329 2320 455 2359 nem
480 2302 694 2373 patior?
714 2302 861 2372 Ergo
880 2308 1201 2356 evacuatum
1228 2308 1307 2355 est
1329 2299 1643 2354 scandalum
1665 2299 1861 2355 crucis.

269 2416 293 2439 α
338 2392 561 2447 Utinam
592 2398 643 2445 et
671 2388 1059 2444 abscindantur
1088 2388 1180 2459 qui
1226 2404 1324 2443 vos
1367 2387 1719 2442 conturbant!
1755 2388 1864 2442 Vos

269 2504 292 2527 α
331 2480 478 2535 enim
510 2477 566 2531 in
593 2477 896 2531 libertatem
925 2475 1104 2531 vocati
1126 2476 1274 2541 estis,
1309 2474 1526 2541 fratres,
1558 2482 1765 2529 tantum
1795 2490 1863 2529 ne

268 2591 293 2615 α
330 2569 633 2622 libertatem
684 2565 740 2618 in
785 2565 1130 2620 occasionem
1175 2564 1317 2618 detis
1363 2563 1578 2625 carnis,
1629 2564 1726 2618 sed
1768 2579 1866 2633 per

268 2679 292 2703 α
330 2655 644 2711 charitatem
673 2652 894 2723 spiritus
942 2653 1141 2706 servite
1196 2651 1449 2706 invicem.
1499 2650 1691 2705 Omnis
1720 2650 1864 2704 enim

268 2768 291 2791 ιι
326 2744 416 2799 lex
445 2743 500 2796 in
531 2757 639 2796 uno
672 2755 926 2795 sermone
968 2739 1223 2809 impletur
1257 2754 1269 2792 :
1303 2739 1512 2809 Diliges
1556 2739 1864 2809 proximum

267 2856 289 2878 ι
330 2840 479 2885 tuum
512 2830 651 2885 sicut
688 2828 916 2899 teipsum
949 2829 1165 2896 (Matth.
1218 2842 1360 2892 xxn,
1394 2828 1505 2895 39).
1541 2826 1680 2894 Quia
1709 2826 1755 2880 si
1782 2827 1865 2880 in-

264 2942 289 2971 ι
331 2920 509 2975 vicem
539 2917 797 2972 mordetis
818 2924 873 2971 et
900 2915 1201 2981 comeditis,
1227 2915 1405 2969 videte
1443 2931 1510 2969 ne
1540 2915 1605 2967 ab
1632 2915 1865 2970 invicem

269 3030 292 3059 ι
332 3004 751 3063 consumamini.
818 3003 952 3059 Dico
1013 3010 1192 3059 autem
1275 3003 1328 3057 in
1379 3002 1609 3058 Christo.
1670 3003 1869 3073 Spiritu
1899 2996 1946 3059 C

266 3121 288 3144 α
327 3094 602 3150 ambulate
632 3101 687 3148 et
714 3092 985 3147 desideria
1015 3091 1191 3147 carnis
1222 3107 1329 3146 non
1374 3089 1683 3161 perﬁcietis.
1731 3092 1866 3145 Caro

268 3209 290 3232 ιι
327 3184 475 3239 enim
522 3180 855 3251 concupiscit
901 3180 1165 3234 adversus
1212 3179 1477 3249 spiritum,
1518 3179 1736 3248 spiritus
1765 3195 1866 3232 au-

267 3296 290 3321 α
331 3280 440 3327 tem
472 3270 737 3325 adversus
764 3283 1005 3323 carnem.
1040 3268 1170 3322 Haec
1200 3266 1342 3321 enim
1386 3266 1489 3320 sibi
1519 3266 1751 3321 invicem
1780 3266 1868 3319 ad-

266 3382 291 3411 ι
328 3366 636 3427 versantur,
669 3364 723 3411 ut
754 3372 863 3411 non
895 3371 1233 3426 quaecunque
1262 3354 1355 3409 illa
1382 3353 1615 3409 faciatis.
1650 3353 1788 3421 Quia
1821 3354 1867 3408 si

267 3472 291 3496 α
331 3447 526 3519 spiritu
572 3444 864 3509 ducemini,
914 3459 1024 3497 non
1069 3443 1199 3498 estis
1243 3442 1343 3497 sub
1398 3441 1542 3513 lege.
1588 3441 1867 3496 Manifesta

270 3560 293 3582 υ
334 3543 515 3591 autem
544 3540 667 3587 sunt
695 3548 862 3603 Opera
891 3531 1092 3597 carnis,
1127 3546 1247 3601 qua
1276 3538 1401 3584 sunt
1429 3529 1732 3599 fornicatio,
1766 3530 1866 3584 im-

268 3650 290 3673 (ι
332 3622 618 3687 munditia,
649 3620 997 3690 impudicitia,
1029 3619 1261 3683 luxuria,
1314 3618 1579 3673 idolorum
1613 3618 1862 3685 servitus,

269 3738 291 3761 ει
334 3710 620 3775 veneficia,
658 3708 974 3773 inimicitiae,
1022 3706 1417 3771 contentiones,
1468 3705 1863 3770 aemulationes,

268 3826 290 3849 αι
330 3801 444 3865 irae,
477 3799 625 3863 rixze,
662 3796 1054 3863 dissensiones,
1088 3804 1268 3857 sectze,
1293 3794 1526 3861 invidiae,
1552 3794 1864 3859 homicidia,

267 3908 290 3931 α
331 3882 637 3945 ebrietates,
670 3878 1114 3942 comessationes,
1148 3884 1199 3931 et
1229 3877 1312 3931 his
1333 3876 1546 3941 similia,
1578 3892 1700 3946 quae
1729 3892 1870 3945 prae-

270 3995 292 4019 κ
331 3972 456 4026 dico
486 3968 658 4032 vobis,
691 3966 827 4022 sicut
857 3965 1105 4037 praedixi,
1130 3964 1385 4035 quoniam
1405 3963 1497 4035 qui
1518 3963 1646 4018 talia
1674 3970 1864 4035 agunt,

269 4084 290 4107 α
344 4073 577 4130 regnum
627 4055 726 4110 Dei
785 4070 895 4109 non
942 4060 1358 4124 consequentur.
1410 4053 1637 4107 Fructus
1685 4059 1867 4107 autem

271 4172 293 4193 α
333 4146 555 4217 spiritus
586 4150 668 4198 est
697 4142 952 4206 charitas,
986 4141 1263 4212 gaudium,
1298 4155 1421 4210 pax,
1455 4139 1730 4211 patientia,
1766 4140 1867 4195 be-

266 4261 287 4282 υ
318 4234 583 4306 nignitas,
608 4230 840 4295 bonitas,
867 4229 1265 4302 longanimitas,
1306 4228 1682 4293 mansuetudo,
1709 4227 1864 4293 fides,

272 4348 294 4371 α
331 4321 620 4386 modestia,
671 4318 1019 4383 continentia,
1071 4317 1309 4372 castitas.
1359 4316 1633 4371 Adversus
1674 4316 1864 4383 hujus-

273 4437 294 4459 ιι
334 4410 484 4466 modi
512 4425 623 4464 non
643 4416 725 4462 est
754 4406 861 4461 lex.
897 4405 999 4474 Qui
1028 4412 1205 4459 autem
1236 4412 1359 4458 sunt
1387 4404 1606 4469 Christi,
1641 4419 1865 4458 carnem

275 4526 295 4547 υ
326 4515 481 4554 suam
530 4494 910 4551 crucifixerunt
957 4508 1077 4547 cum
1123 4492 1265 4547 vitiis
1316 4500 1369 4547 et
1412 4492 1866 4561 concupiscentiis

273 4612 294 4634 υ
329 4588 378 4655 (ι
404 4589 558 4641 Petr.
591 4598 648 4647 ιι,
685 4582 793 4649 lt).
828 4581 882 4635 Si
913 4580 1143 4635 vivimus
1164 4580 1371 4651 spiritu,
1409 4580 1603 4650 spiritu
1625 4580 1868 4635 etambu-

272 4700 295 4721 α
332 4676 531 4729 lemus.
563 4672 683 4726 Non
714 4668 1015 4724 efficiamur
1041 4669 1216 4722 inanis
1246 4669 1437 4739 gloria:
1486 4667 1691 4738 cupidi,
1723 4668 1867 4723 invi-

274 4786 297 4809 α
334 4777 456 4819 cem
486 4763 867 4831 provocantes,
899 4755 1133 4811 invicem
1162 4756 1484 4811 invidentes.
1522 4780 1544 4805 ι»

919 4929 1231 4971 ΕΧΡΟΞΙἸἹΟ.

342 5062 493 5116 Licet
537 5059 681 5115 enim
732 5058 978 5114 Christus
1024 5057 1123 5111 sub
1170 5056 1294 5129 lege
1322 5055 1505 5120 fuerit,
1555 5054 1642 5110 lex
1688 5062 1872 5109 tamen

268 5166 381 5206 non
412 5157 493 5204 est
524 5148 799 5203 dominata
828 5147 878 5203 ei
908 5147 997 5218 qui
1035 5152 1316 5217 peccatum
1370 5159 1478 5199 non
1518 5143 1739 5209 habuit;
1774 5142 1871 5198 sed

271 5256 340 5294 ex
372 5237 490 5292 sola
535 5236 783 5292 libertate
830 5234 984 5300 fecit,
1033 5232 1292 5305 quidquid
1340 5232 1485 5287 fecit.
1517 5232 1583 5285 Et
1626 5232 1747 5302 quia
1781 5230 1873 5285 ﬁlii

272 5327 464 5381 liberm
495 5341 681 5379 sumus
707 5343 721 5390 ;
756 5332 805 5379 et
827 5339 928 5395 per
950 5322 1217 5377 Christum
1239 5320 1544 5376 libertatem
1576 5320 1874 5390 apprehen-

273 5415 474 5478 dimus,
505 5412 643 5468 sicut
674 5429 739 5467 ex
770 5411 961 5467 eadem
1008 5410 1131 5481 lege
1175 5417 1360 5479 aperte
1399 5407 1689 5479 colligitur,
1724 5407 1874 5461 insa-

274 5503 367 5559 nia
395 5508 481 5557 est
508 5509 586 5567 ut,
619 5501 710 5574 qui
738 5515 835 5571 per
862 5498 1025 5554 fidem
1054 5497 1192 5553 liber
1224 5504 1325 5563 est,
1360 5512 1579 5552 servum
1609 5511 1668 5551 se
1712 5495 1877 5553 iaciat

1881 1655 1933 1713 B

1966 410 2315 471 perseverate
2346 402 2401 455 in
2430 403 2533 457 hac
2552 402 2801 455 libertate
2822 400 2969 466 fidei,
2994 405 3048 455 et
3075 401 3253 455 nolite
3273 400 3559 454 contineri

1956 492 2091 561 jugo
2121 491 2435 555 servitutis,
2470 490 2522 542 id
2573 497 2655 543 est
2684 488 2841 543 atteri
2870 504 3037 543 onere
3067 487 3207 559 legis
3236 490 3465 541 iterum.
3490 486 3559 539 Et

1965 577 2103 631 bene
2121 579 2353 643 iterum,
2379 577 2501 649 quia
2522 579 2571 631 si
2593 593 2689 631 vos
2711 576 2901 631 fideles
2922 577 3030 644 jam
3053 574 3555 640 circumcidimini,

1964 663 2108 718 idem
2139 673 2219 719 est
2250 665 2395 735 quod
2426 665 2494 719 ad
2527 664 2672 718 idola
2709 664 2971 729 converti,
3020 663 3215 735 quibus
3245 670 3406 717 antea
3434 678 3558 715 ser-

1964 752 2215 807 viebatis.
2250 753 2513 808 Dicerent
2541 752 2616 805 illi
2650 771 2662 806 :
2695 752 2961 807 Nolumus
2992 767 3206 807 omnem
3235 751 3419 821 legem
3441 766 3562 803 sus-

1965 840 2149 910 cipere
2215 840 2318 894 nisi
2377 841 2547 894 solam
2620 840 3087 895 circumcisionem
3152 855 3313 909 quam
3377 837 3561 891 habuit

1964 928 2254 993 Abraham,
2299 928 2389 999 qui
2434 928 2529 982 fuit
2580 928 2696 981 sine
2740 928 2881 998 lege.
2935 928 3134 982 Contra
3166 927 3269 982 hoc
3312 926 3557 979 Paulus:

1962 1015 2140 1069 Nolite
2172 1016 2439 1071 contineri
2467 1018 2600 1087 jugo
2628 1016 2783 1085 legis,
2809 1017 3073 1088 quoniam
3099 1015 3376 1079 Christus,
3400 1014 3455 1067 id
3478 1020 3562 1067 est

1964 1102 2101 1157 fides
2133 1104 2346 1168 Christi,
2382 1104 2530 1158 nihil
2549 1104 2799 1173 proderit
2824 1105 2986 1168 vobis,
3006 1103 3049 1156 si
3071 1100 3556 1169 circumcidamini,

1965 1199 2016 1245 et
2047 1207 2176 1246 ecce
2209 1209 2301 1262 ego
2332 1193 2565 1255 Paulus,
2600 1192 2753 1259 cujus
2792 1192 3080 1246 auctoritas
3112 1190 3312 1260 ubique
3341 1189 3562 1260 vulgata

1966 1288 2065 1346 est,
2103 1280 2206 1334 hoc
2246 1280 2365 1334 dico
2396 1287 2449 1332 et
2498 1278 2701 1332 afﬁrmo
2737 1280 2880 1333 vobis
2911 1279 3055 1349 quod
3103 1278 3149 1331 si
3197 1277 3560 1333 circumcida-

1964 1367 2113 1433 mini,
2151 1366 2286 1421 ﬁdes
2316 1366 2514 1421 Christi
2553 1382 2660 1420 non
2709 1366 2950 1435 proderit
2990 1365 3161 1419 vobis.
3213 1365 3337 1419 Non
3385 1364 3559 1417 solum

1966 1454 2091 1525 quia
2120 1455 2362 1508 Christus
2392 1470 2499 1508 non
2529 1454 2770 1524 proderit
2810 1453 2983 1517 vobis,
3032 1454 3129 1507 sed
3159 1452 3317 1507 etiam
3346 1460 3564 1522 propter

1964 1541 2306 1611 importabile
2337 1556 2474 1595 onus
2504 1541 2643 1610 legis
2675 1556 2783 1594 non
2813 1540 3022 1595 debetis
3053 1539 3386 1595 circumcidi.
3420 1537 3561 1605 Quia

1964 1630 2043 1684 sic
2073 1630 2145 1683 ait
2181 1646 2195 1682 :
2233 1629 2514 1696 Testiﬁcor
2544 1644 2792 1689 rursum,
2819 1628 2871 1680 id
2905 1635 2985 1681 est
3007 1627 3089 1681 vel
3117 1628 3255 1682 sicut
3284 1626 3412 1681 olim
3431 1626 3558 1680 dum

1967 1733 2112 1771 eram
2143 1716 2195 1769 in
2226 1715 2348 1787 lege
2380 1713 2718 1770 testificabar.
2752 1715 2848 1768 Vel
2878 1732 3128 1778 rursum,
3154 1715 3207 1768 id
3230 1722 3312 1769 est
3342 1714 3557 1779 iterum,

1963 1804 2067 1859 hoc
2096 1804 2309 1858 adduco
2340 1803 2408 1856 ad
2438 1803 2582 1856 idem
2629 1802 3050 1857 dissuadendum
3099 1803 3245 1873 quod
3285 1819 3385 1871 per
3411 1817 3559 1871 pra:-

1963 1891 2133 1945 missa
2163 1891 2565 1945 dissuadebam.
2589 1889 2874 1944 Testificor
2903 1892 3057 1945 omni
3079 1890 3296 1945 homini
3316 1890 3559 1944 circum-

1964 1980 2180 2035 cidenti
2202 1996 2260 2035 se
2281 1981 2566 2051 quoniam,
2594 1978 2644 2031 id
2670 1986 2750 2032 est
2771 1978 2935 2048 quod,
2959 1978 3074 2047 ipse
3088 1987 3171 2032 est
3192 1977 3409 2032 debitor
3429 1977 3559 2031 uni-

1965 2084 2140 2123 versae
2175 2068 2307 2137 legis
2335 2066 2643 2137 faciendas.
2674 2065 3025 2121 Circumcisio
3047 2065 3191 2119 enim
3212 2064 3379 2136 exigit
3397 2072 3451 2117 ut
3474 2080 3560 2118 se-

1967 2164 2198 2226 quantur
2245 2163 2445 2209 caetera
2493 2169 2662 2223 opera
2709 2153 2868 2224 legis,
2922 2153 3378 2223 quemadmodum
3424 2151 3561 2206 fides

1964 2252 2087 2314 post
2116 2242 2438 2312 baptismum
2470 2240 2635 2311 exigit
2662 2248 2719 2294 ut
2767 2248 3063 2311 sequantur
3108 2256 3275 2310 opera
3316 2238 3461 2293 ﬁdei.
3492 2239 3563 2292 Et

1965 2347 2033 2385 ne
2062 2330 2260 2400 putetis
2290 2345 2388 2383 vos
2419 2345 2583 2399 posse
2614 2328 2944 2394 circumcidi,
2996 2328 3101 2381 nisi
3131 2344 3268 2382 onus
3298 2327 3435 2398 legis
3465 2342 3565 2396 per

1964 2419 2147 2474 omnia
2174 2418 2416 2487 portetis.
2440 2417 2583 2471 Vere
2604 2416 2848 2469 Christus
2877 2416 3007 2469 nihil
3038 2414 3277 2486 proderit
3319 2414 3557 2470 225

1966 2506 2162 2571 vobis;
2213 2522 2335 2559 nam
2386 2506 2432 2559 si
2488 2503 2989 2569 circumcidamini,
3040 2504 3300 2559 evacuati
3343 2506 3480 2557 estis
3528 2518 3563 2556 a

1970 2595 2207 2659 Christo,
2231 2592 2287 2648 id
2320 2601 2401 2648 est
2429 2593 2601 2646 inanis
2648 2592 2791 2647 facta
2839 2600 2921 2646 est
2950 2591 3104 2646 vobis
3151 2590 3286 2645 fides
3330 2588 3553 2645 Christi.

1965 2682 2223 2737 Dicerent
2254 2681 2330 2734 illi
2363 2698 2376 2734 :
2409 2680 2671 2734 Malumus
2702 2696 2733 2733 a
2763 2679 2977 2733 Christo
3000 2678 3250 2734 evacuari
3272 2693 3434 2749 quam
3454 2692 3564 2731 non

1967 2769 2298 2833 circumcidi,
2335 2768 2475 2823 sicut
2502 2770 2648 2822 Deus
2686 2767 2985 2821 mandavit.
3036 2767 3118 2821 Ad
3167 2768 3270 2821 hoc
3318 2766 3511 2819 Paulus
3548 2782 3562 2820 :

1965 2859 2087 2911 Non
2118 2858 2292 2911 solum
2325 2872 2357 2909 a
2396 2856 2631 2921 Christo,
2666 2856 2761 2909 sed
2794 2855 2957 2910 etiam
2988 2855 3287 2910 excidistis
3318 2871 3351 2909 a
3373 2854 3561 2923 gratia

1968 2945 2068 3000 Dei
2097 2961 2214 3010 vos,
2242 2946 2561 3016 quicunque
2591 2944 2654 2997 in
2680 2944 2795 3014 lege
2807 2943 3233 3012 justiﬁcamini,
3270 2942 3324 2995 id
3355 2949 3437 2995 est
3464 2956 3562 3011 per

1967 3035 2144 3106 legem
2207 3030 2648 3101 justiﬁcationem
2714 3030 2974 3102 qumritis.
3040 3030 3139 3085 llic
3183 3030 3323 3084 bene
3373 3029 3561 3083 deter-

1965 3122 2128 3176 minat
2160 3120 2433 3192 quomodo
2480 3119 2769 3189 prohibeat
2817 3117 3304 3183 circumcisionem,
3356 3116 3563 3172 scilicet

1965 3218 2023 3264 ut
2054 3226 2153 3279 per
2184 3224 2306 3262 eam
2336 3224 2445 3262 non
2476 3215 2714 3278 quierant
2739 3204 3195 3273 justiﬁcationem,
3229 3221 3350 3260 cum
3380 3213 3563 3259 tamen

1966 3313 2162 3368 passus
2205 3296 2273 3349 sit
2314 3295 2627 3351 circumcidi
2675 3295 3032 3357 Timotheum,
3086 3303 3141 3347 ut
3188 3294 3398 3349 tolleret
3427 3308 3459 3347 a
3502 3309 3562 3347 se

1968 3384 2351 3454 suspicionem,
2404 3391 2633 3453 uterque
2676 3391 2859 3437 tamen
2906 3382 3104 3435 Paulus
3152 3390 3204 3435 et
3250 3382 3563 3435 Timotheus

1966 3472 2275 3543 intelligens
2324 3470 2455 3524 nihil
2504 3469 2755 3524 conterre
2797 3469 3018 3537 justitiae
3064 3468 3557 3524 circumcisionem.

1966 3562 2107 3617 Vere
2127 3575 2287 3614 nemo
2313 3558 2639 3627 justificatur
2669 3556 2720 3610 in
2752 3556 2912 3629 lege;
2963 3573 3099 3611 nam
3132 3573 3231 3612 nos
3264 3556 3436 3610 solum
3468 3556 3561 3627 qui

1967 3664 2154 3702 sumus
2184 3664 2257 3703 ex
2294 3648 2420 3715 fide,
2474 3648 2869 3717 exspectamus
2902 3660 3056 3716 spem
3092 3645 3359 3715 justitiaz,
3394 3643 3448 3696 id
3480 3650 3563 3697 est

1966 3735 2353 3790 beatitudinem
2383 3750 2504 3805 quae
2534 3749 2597 3787 ex
2624 3733 2830 3801 justitia
2882 3740 3151 3802 speratur.
3190 3732 3251 3785 Et
3283 3731 3426 3801 quod
3460 3747 3559 3785 ex-

1967 3824 2231 3894 spectatio
2262 3831 2449 3877 nostra
2478 3829 2623 3876 certa
2656 3821 2741 3887 sit;
2773 3828 2984 3876 constat
3010 3836 3073 3873 ex
3106 3836 3171 3875 eo
3203 3818 3329 3890 quia
3357 3834 3557 3889 exspe-

1967 3920 2177 3967 ctamus
2206 3927 2305 3981 per
2336 3910 2613 3980 Spiritum,
2648 3909 2725 3964 sic
2756 3924 2855 3963 nos
2903 3924 3127 3978 sperare
3176 3907 3559 3962 insinuantem.

1968 4001 2097 4054 Ideo
2128 4016 2193 4053 ex
2222 3999 2328 4053 fide
2358 4006 2561 4053 tantum
2593 4014 2745 4067 spem
2767 3997 3029 4051 habemus
3054 4016 3066 4061 ;
3092 4013 3226 4050 nam
3246 3996 3307 4050 in
3342 3995 3561 4051 Christo

1969 4090 2120 4152 Iesu,
2153 4088 2206 4141 id
2238 4096 2319 4142 est
2350 4088 2403 4141 in
2431 4087 2536 4140 fide
2568 4086 2766 4140 Christi
2802 4087 2953 4150 Jesu,
2986 4100 3163 4153 neque
3203 4083 3559 4138 circumcisio

1969 4176 2182 4247 aliquid
2216 4177 2384 4239 valet,
2412 4190 2588 4245 neque
2604 4176 2973 4245 prmputium,
2998 4174 3093 4227 sed
3115 4172 3230 4225 sola
3250 4172 3406 4239 ﬁdes,
3440 4188 3563 4242 quas

1968 4272 2147 4318 tamen
2169 4279 2277 4317 non
2302 4264 2365 4317 sit
2388 4262 2581 4328 otiosa,
2607 4262 2700 4317 sed
2713 4266 3013 4332 Operetur;
3035 4275 3135 4315 nec
3147 4257 3559 4325 contumeliose,

1884 4344 1939 4408 D
1967 4352 2063 4407 sed
2090 4368 2192 4423 per
2222 4352 2583 4405 dilectionem
2615 4349 2713 4403 Dei
2746 4358 2797 4403 et
2842 4348 3094 4417 proximi.

2038 4439 2199 4494 Fides
2230 4439 2340 4493 sola
2391 4437 2535 4493 valet
2584 4436 2637 4490 in
2686 4436 2921 4504 Christo,
2954 4444 3007 4489 et
3056 4436 3108 4489 in
3158 4435 3262 4490 hac
3312 4433 3419 4489 ﬁde
3468 4450 3565 4490 vos

1968 4528 2123 4594 bene,
2148 4528 2201 4581 id
2232 4535 2314 4581 est
2335 4543 2430 4596 per
2473 4524 2821 4580 dilectionem
2865 4524 3197 4591 currebatis,
3227 4523 3281 4576 id
3314 4530 3396 4577 est
3427 4538 3564 4592 0pc-

1968 4616 2237 4671 rabimini.
2274 4615 2381 4669 Sed
2411 4616 2535 4685 quis
2564 4613 2855 4684 impedivit
2878 4628 2968 4667 vos
2990 4612 3130 4666 male
3147 4610 3428 4665 suadendo
3452 4627 3565 4664 non

1970 4705 2186 4760 obedire
2210 4704 2460 4767 veritati,
2482 4718 2639 4771 quam
2662 4716 2691 4753 a
2712 4716 2800 4754 me
2822 4698 3086 4754 didicistis
3106 4700 3133 4751 ἱ)
3157 4700 3417 4753 Utautem
3441 4697 3568 4751 obe-

1969 4792 2125 4846 dialis
2171 4790 2406 4856 veritati,
2455 4804 2521 4843 ne
2589 4787 2978 4844 consenseritis
3026 4786 3187 4841 alicui
3243 4784 3562 4853 carnalium,

1971 4880 2093 4951 quia
2125 4879 2240 4934 haec
2267 4878 2558 4950 persuasio
2588 4892 2779 4931 eorum
2807 4892 2923 4931 non
2951 4879 3034 4930 est
3065 4891 3137 4929 ex
3168 4889 3248 4941 eo,
3281 4873 3335 4927 id
3365 4880 3448 4927 est
3481 4889 3569 4927 se-

1972 4967 2207 5022 cundum
2239 4967 2431 5034 Deum,
2468 4967 2563 5037 qui
2592 4972 2694 5035 per
2722 4964 2953 5036 gratiam
2984 4978 3135 5017 suam
3168 4965 3327 5017 vocat
3354 4976 3457 5015 vos
3500 4960 3568 5015 ad

1971 5071 2226 5125 regnum.
2267 5054 2394 5108 Ideo
2425 5069 2492 5107 ne
2523 5052 2929 5120 consenseritis,
2970 5050 3097 5121 quia
3128 5050 3410 5106 modicum
3446 5052 3568 5121 fer-

1972 5147 2250 5207 mentum,
2286 5142 2339 5195 id
2369 5148 2452 5195 est
2483 5140 2570 5195 vel
2600 5139 2791 5194 saltem
2814 5154 3137 5206 consensus,
3171 5138 3256 5193 vel
3286 5138 3404 5193 sola
3436 5153 3569 5207 per-

1975 5231 2177 5295 suasio,
2211 5229 2295 5285 vel
2326 5228 2399 5283 illi
2429 5229 2588 5298 pauci
2616 5227 2757 5281 male
2788 5227 3099 5293 suadentes,
3149 5227 3269 5291 hoc,
3323 5227 3564 5296 inquam,

1974 5318 2245 5373 modicum
2275 5318 2590 5389 corrumpit
2614 5320 2791 5371 totam
2812 5332 3077 5379 massam,
3105 5323 3155 5369 et
3186 5313 3312 5368 facit
3333 5313 3569 5378 acidam,

1975 5408 2028 5461 id
2058 5415 2139 5461 est
2166 5406 2251 5461 vel
2280 5414 2443 5461 totam
2471 5404 2792 5469 Ecclesiam,
2828 5404 2913 5459 vel
2944 5402 3123 5458 omnia
3170 5403 3312 5456 bona
3342 5416 3561 5454 eorum.

1974 5496 2246 5552 Modicum
2275 5495 2494 5568 quidem
2526 5493 2845 5551 fermentum
2895 5490 3195 5561 corrumpit
3222 5496 3393 5544 totam
3422 5504 3573 5546 mas-
