3934 6054
425 65 521 115 311

960 62 1022 117 S.
1085 58 1438 115 BRUNONIS
1496 44 2142 114 CARTHUSIANORUM
2198 46 2681 103 INSTITUTORIS
2712 45 2864 104 OPP.
2894 51 3072 109 PARS
3102 50 3171 103 II.

3605 57 3723 110 312

426 200 578 249 sam;
621 183 720 239 sed
751 198 849 238 vos
886 199 994 237 non
1034 184 1469 255 corrumpemiui.
1495 185 1601 254 Ego
1633 185 1775 239 enim
1806 184 2092 252 σθηβάοΑ
2125 185 2274 249 estis,
2311 185 2610 240 secundum
2660 183 2898 253 spiritum
2942 181 3302 236 ambulabitis.
3352 182 3529 236 Etiam
3578 180 3736 235 aliud

426 273 491 327 in
524 272 691 337 vobis,
723 279 775 325 et
796 272 900 326 hoc
928 273 991 325 in
1024 274 1279 336 Domino,
1312 273 1367 325 id
1398 280 1478 326 est
1505 289 1605 341 per
1635 280 2021 342 cooperantem

428 360 583 415 vobis
613 360 845 429 gratiam
875 359 993 423 Dei,
1028 360 1169 431 quod
1197 360 1344 415 nihil
1377 360 1536 414 aliud
1582 362 1815 431 sapietis
1861 375 2019 429 quam

429 449 574 518 quod
604 463 798 500 sanum
825 454 926 512 est,
960 455 1013 501 et
1045 463 1149 519 ego
1177 463 1275 501 vos
1333 447 1513 501 docui.
1566 448 1677 501 Vos
1724 463 1832 500 non
1876 445 2021 499 aliud

427 534 645 605 sapietis
670 555 684 600 ;
718 535 813 590 sed
842 534 932 589 ille
962 537 1057 607 qui
1086 535 1388 590 conturbat
1417 552 1527 602 vos,
1560 534 1613 587 id
1638 543 1718 588 est
1746 535 1837 606 qui
1864 535 2019 603 puri-

422 630 591 677 tatem
618 621 745 677 fidei
778 630 969 676 vestrae
1016 622 1339 677 admistione
1388 621 1718 675 infidelitatis
1750 622 2020 676 turbidam

421 710 569 775 facit,
602 709 691 764 ille
719 710 967 781 portabit
991 710 1299 779 judicium,
1334 709 1388 763 id
1422 717 1505 763 est
1553 710 1839 763 sustinebit
1869 710 2019 763 dam-

425 797 740 863 nationem;
772 797 982 851 etiamsi
1012 798 1080 851 sit
1122 798 1330 861 Petrus,
1370 804 1460 851 aut
1489 798 1716 868 angelus
1745 798 1813 851 de
1846 798 2010 852 coelo.

428 886 588 940 Modo
620 886 915 955 respondet
944 885 1013 939 ad
1043 884 1175 939 illud
1194 886 1337 956 quod
1359 886 1708 955 imponebant
1734 885 1837 954 ipsi
1866 902 2021 955 pseu-

427 974 516 1037 do,
548 973 752 1027 scilicet
784 973 930 1043 quod
972 973 1123 1044 prius
1171 973 1387 1043 quidem
1432 973 1747 1027 destruebat
1783 973 2019 1028 circum-

428 1060 727 1126 cisionem;
798 1061 932 1127 sed,
1004 1062 1167 1114 modo
1233 1061 1623 1130 Hierosolymis
1685 1069 2019 1116 correctusa

426 1151 585 1204 Petro
616 1156 668 1203 et
699 1149 768 1203 ab
797 1148 935 1217 aliis,
969 1149 1296 1218 praedicabat
1333 1148 1822 1203 circumcisionem.
1861 1148 2019 1216 Quod

424 1236 618 1291 falsum
651 1252 774 1291 esse
802 1237 1125 1306 comprobat
1165 1236 1355 1291 dicens
1389 1252 1401 1290 :
1438 1236 1519 1289 Illi
1549 1252 1646 1291 vos
1675 1236 2015 1304 conturbant,

421 1325 519 1378 sed
548 1340 654 1395 ego
685 1340 793 1378 non
823 1324 1086 1378 conturbo
1117 1339 1231 1377 vos.
1272 1325 1331 1379 Si
1360 1328 1569 1389 autem,
1606 1322 1825 1390 fratres,
1862 1324 2018 1378 sicuti

419 1411 495 1465 illi
518 1411 816 1480 imponunt,
841 1412 1023 1465 adhuc
1042 1412 1284 1482 praedico
1303 1412 1812 1475 circumcisionem,
1839 1411 2019 1467 adhuc

2123 272 2324 327 bonum
2350 272 2477 327 inde
2499 272 2766 342 provenit,
2792 271 2917 341 quia
2938 270 3213 325 desideria
3237 273 3448 335 carnis,
3482 280 3535 324 et
3556 270 3602 322 si
3624 286 3734 339 per

2121 360 2587 431 impugnationem
2618 358 2882 423 sentiatis,
2904 373 3020 412 non
3040 365 3221 411 tamen
3242 365 3362 411 actu
3390 358 3727 428 perﬁcietis.

2123 448 2229 501 Sed
2277 447 2404 501 licet
2451 463 2561 501 non
2610 445 2921 516 perﬁciatis.
2973 453 3149 499 tamen
3190 461 3319 500 caro
3367 446 3729 515 concupiscit

2121 537 2385 590 adversus
2417 536 2725 606 spiritum;
2757 542 2809 588 et
2839 533 2917 587 sic
2964 533 3427 603 impugnationem
3470 532 3718 586 sentitis.

2122 622 2221 676 Vel
2269 621 2511 675 dicamus
2560 622 2751 675 iterum
2785 622 2965 674 :Bene
3022 620 3145 675 dico
3195 619 3463 676 desideria
3511 620 3727 684 carnis,

2121 726 2245 764 nam
2274 725 2404 764 caro
2435 709 2767 778 concupiscit
2788 709 3049 762 adversus
3070 708 3334 777 spiritum,
3369 714 3425 763 et
3452 709 3726 778 spiritus,

2121 798 2175 851 id
2205 804 2284 851 est
2314 797 2448 851 ratio
2488 796 2822 866 concupiscit
2864 812 2931 849 ea
2979 812 3100 866 quae
3129 804 3254 849 sunt
3299 796 3565 851 adversus
3598 812 3733 850 car-

2121 901 2271 939 nem.
2310 886 2449 939 Vere
2480 899 2610 940 caro
2639 891 2693 939 et
2735 884 2952 953 spiritus
2997 883 3133 938 alter
3182 884 3445 938 adversus
3486 883 3727 937 alterum

2120 973 2472 1042 concupiscit.
2506 975 2629 1027 Haec
2672 973 2843 1037 enim,
2876 971 2932 1025 id
2963 980 3043 1025 est
3080 987 3207 1027 caro
3238 979 3289 1025 et
3337 972 3579 1041 spiritus,
3614 972 3725 1025 ad-

2120 1065 2423 1115 versantur
2454 1062 2576 1125 sibi,
2608 1076 2717 1115 non
2748 1075 2878 1115 caro
2910 1060 3077 1124 carni,
3110 1074 3213 1114 nec
3234 1059 3452 1129 spiritus
3485 1059 3721 1128 spiritui,

2122 1149 2218 1201 sed
2248 1149 2508 1209 invicem.
2555 1148 2607 1201 id
2639 1155 2721 1201 est
2752 1163 2883 1201 caro
2904 1148 2958 1201 in
2980 1147 3248 1218 spiritum,
3275 1147 3496 1216 spiritus
3526 1148 3582 1199 in
3603 1163 3726 1201 car-

2118 1252 2263 1290 nem.
2300 1237 2689 1300 Adversantur,
2732 1234 2805 1289 ita
2834 1240 2901 1289 ut
2933 1252 3047 1291 non
3095 1236 3327 1305 faciatis
3373 1236 3565 1289 omnia
3614 1236 3727 1289 illa

2120 1339 2461 1395 quaecunque
2482 1324 2673 1390 vultis,
2701 1339 2797 1377 seu
2816 1323 3085 1388 carnales,
3110 1339 3206 1376 seu
3229 1323 3516 1392 spiritales.
3542 1323 3724 1376 Nemo

2121 1412 2262 1465 enim
2293 1411 2429 1465 adeo
2456 1412 2650 1477 justus,
2705 1411 2793 1481 qui
2825 1426 2933 1464 non
2982 1411 3048 1463 ad
3092 1410 3265 1466 vicem
3313 1411 3493 1465 cadat.
3542 1411 3723 1464 Nemo

420 1498 566 1563 ideo,
599 1498 740 1568 quia,
778 1499 904 1551 dum
937 1506 1053 1551 erat
1082 1499 1321 1564 Judaeus,
1372 1498 1703 1567 praedicabat
1748 1515 1869 1552 eam
1903 1515 1915 1553 :
1950 1500 2012 1563 si,
2038 1522 2094 1583 Β
2122 1499 2261 1553 adeo
2291 1500 2465 1551 malus
2496 1498 2587 1568 qui
2615 1513 2717 1552 nos
2755 1499 2825 1552 ab
2854 1499 3034 1568 aliquo
3064 1499 3209 1569 quod
3249 1514 3375 1553 caro
3413 1498 3625 1562 suadet,
3661 1514 3725 1551 se

422 1586 664 1655 inquam,
699 1585 777 1640 sic
806 1585 1046 1655 praedico
1076 1586 1273 1651 adhuc,
1326 1586 1461 1640 sicut
1491 1602 1523 1639 a
1564 1586 1827 1655 principio
1875 1603 2021 1657 prae-

423 1673 709 1728 dicationis
729 1673 904 1743 patior
926 1673 1364 1742 persecutionem
1394 1689 1426 1728 a
1465 1674 1683 1727 Judzeis.
1720 1674 1853 1742 Quia
1885 1675 2022 1729 sicut

421 1761 704 1831 imponunt
733 1761 777 1814 si
810 1761 1048 1830 praedico
1098 1761 1587 1826 circumcisionem,
1622 1778 1747 1833 ergo
1779 1779 2019 1817 evacua-

425 1852 546 1904 tum
577 1852 659 1902 est
685 1848 1023 1903 scandalum
1055 1850 1260 1904 crucis.
1299 1849 1471 1903 Judaei
1502 1850 1646 1903 enim
1677 1850 2019 1904 scandaliza-

422 1936 616 1989 bantur
647 1935 703 1988 in
733 1937 838 1991 hoc
869 1937 1015 2007 quod
1044 1952 1143 2005 per
1173 1938 1341 1989 solam
1391 1953 1611 1993 crucem
1658 1938 2019 2007 praedicabam

415 2022 700 2092 justiﬁcari
731 2024 1023 2078 hominem.
1067 2023 1225 2090 Quod
1258 2025 1301 2078 si
1330 2025 1479 2079 cruci
1526 2024 1854 2079 admisceam
1905 2025 2011 2080 cir-

421 2111 829 2175 cumcisionem,
865 2120 915 2165 et
946 2127 1011 2165 ex
1044 2120 1274 2182 utroque
1305 2112 1481 2167 dicam
1499 2112 1798 2180 justiﬁcari,
1822 2113 2018 2183 placati

421 2205 545 2252 sunt
573 2198 703 2251 mihi
746 2198 937 2253 Judaei.
988 2200 1109 2269 Ego
1152 2215 1263 2253 non
1312 2216 1409 2255 vos
1458 2201 1743 2265 conturbo,
1796 2202 1891 2255 sed
1940 2201 2017 2254 illi

420 2286 739 2341 conturbant
769 2302 892 2341 vos.
932 2289 997 2340 Et
1023 2288 1246 2341 utinam
1267 2304 1373 2341 non
1399 2289 1572 2342 solum
1594 2289 1849 2359 pellicula
1879 2306 2017 2359 prte-

419 2373 572 2444 putii,
606 2374 699 2428 sed
725 2376 959 2445 penitus
979 2376 1393 2430 abscinduntur
1421 2376 1498 2428 illi
1530 2378 1625 2448 qui
1671 2393 1762 2431 vos
1793 2381 2017 2433 contur-

419 2461 575 2516 bant.
600 2462 721 2516 Non
742 2462 993 2534 intelligit
1020 2463 1214 2517 Paulus
1239 2464 1606 2519 membrorum
1629 2464 2012 2527 abscisionem,

418 2549 515 2603 sed
565 2549 702 2603 sicut
760 2550 961 2604 abscisi
1010 2550 1242 2605 testiculi
1290 2567 1401 2604 non
1466 2560 1752 2622 generant,
1807 2554 1884 2607 sic
1930 2553 2016 2605 isti

415 2636 824 2701 abscindantur,
860 2653 929 2691 ne
960 2638 1256 2708 quemlibet
1284 2654 1550 2708 generare
1580 2640 1791 2709 possint
1846 2640 1901 2693 in
1922 2656 2013 2693 er—

417 2739 544 2779 rore
573 2740 692 2778 suo.
726 2725 1057 2779 Conturbant
1106 2726 1291 2795 utique
1336 2741 1451 2791 vos,
1503 2727 1631 2780 dum
1680 2728 1735 2781 in
1782 2728 2015 2782 servitu-

415 2818 526 2866 tem
555 2811 695 2881 legis
724 2813 975 2884 redigere
1007 2813 1212 2866 volunt.
1250 2815 1389 2869 Nam
1419 2830 1529 2878 vos,
1563 2817 1798 2884 fratres,
1832 2816 2016 2869 vocati

417 2902 555 2956 estis
574 2901 639 2955 in
661 2900 984 2955 libertatem
1016 2901 1134 2954 Dei.
1171 2903 1285 2955 Hoc
1316 2902 1689 2956 tantummodo
1719 2903 1917 2970 videte,
1943 2919 2013 2957 ne

418 2987 735 3043 libertatem
757 2996 994 3042 vestram
1013 2990 1158 3043 detis
1180 2991 1241 3043 in
1254 2991 1601 3044 occasionem
1625 2991 1835 3055 carnis,
1860 2990 1915 3044 id
1932 2999 2013 3045 est

415 3091 484 3129 ne
513 3084 740 3146 propter
787 3076 1091 3129 libertatem
1139 3076 1391 3131 licentius
1437 3092 1535 3131 vos
1571 3093 1736 3146 posse
1784 3093 2012 3147 peccare

415 3163 670 3219 credatis.
703 3163 818 3217 Nec
848 3164 952 3218 hoc
982 3163 1212 3228 faciatis,
1236 3165 1335 3219 sed
1356 3167 1632 3220 servitute
1654 3168 1896 3221 invicem
1911 3183 2013 3238 per

411 3250 754 3307 charitatem
782 3253 1040 3324 spiritus,
1073 3253 1125 3306 id
1155 3260 1253 3321 est,
1288 3269 1385 3324 per
1439 3253 1731 3324 spiritalem
1761 3254 2011 3310 dilectio-

411 3355 537 3393 nem
577 3347 804 3411 agentes
817 3380 829 3393 .

482 3430 723 3497 Accepta
751 3428 1043 3483 occasione
1073 3428 1187 3483 vult
1233 3429 1545 3495 ostendere,
1579 3430 1658 3485 eis
1701 3430 2011 3485 facilitatem

410 3530 566 3571 novre
582 3516 719 3587 legis
737 3533 860 3588 quae
880 3517 936 3571 in
951 3533 1059 3572 uno
1081 3534 1334 3573 sermone
1348 3518 1616 3588 impletur,
1633 3527 1684 3573 et
1700 3520 1799 3573 hac
1817 3521 2011 3573 iterum

409 3604 694 3659 occasione
723 3605 944 3674 corripit
974 3622 1069 3660 eos
1099 3622 1128 3658 a
1157 3606 1512 3671 detractione,
1546 3607 1735 3661 dicens
1760 3625 1773 3660 :
1799 3607 2009 3661 Servite

408 3691 642 3747 invicem
672 3709 769 3762 per
798 3692 1135 3746 charitatem.
1184 3694 1325 3748 Nam
1373 3695 1553 3749 omnis
1597 3696 1691 3748 lex
1730 3696 2007 3765 impletur

419 3778 661 3834 226
694 3781 755 3833 in
786 3795 899 3833 uno
938 3795 1224 3843 sermone,
1266 3781 1322 3833 in
1370 3782 1474 3836 hoc
1519 3781 1722 3836 scilicet
1759 3797 1770 3834 :
1804 3783 2009 3853 Diliges

408 3867 738 3937 proximum
772 3870 933 3921 tuum
957 3868 1108 3922 sicut
1138 3870 1401 3937 teipsum,
1435 3868 1575 3921 sicut
1605 3869 1659 3921 in
1691 3868 1920 3939 epistola
1940 3871 2008 3924 ad

408 3953 683 4007 Romanos
716 3954 1065 4023 exposuimus
1097 3957 1273 4025 (Rom.
1314 3956 1417 4025 in).
1451 3957 1559 4010 Lex
1590 3957 1835 4026 prtrcipit
1867 3958 2007 4012 dile-

409 4040 663 4108 ctionem,
689 4043 830 4113 quod
850 4044 898 4097 si
921 4050 1244 4113 spernentes
1266 4042 1442 4116 legem
1456 4045 1698 4099 invicem
1711 4047 2003 4112 mordetis,

411 4130 751 4185 detrahendo
781 4130 920 4185 alter
946 4131 1120 4200 alteri,
1183 4147 1285 4186 nec
1339 4133 1514 4186 solum
1568 4134 1847 4198 mordetis,
1909 4134 2006 4188 sed

2042 2867 2090 2930 Ο

2124 1586 2414 1656 aliquando
2444 1586 2712 1641 cohibeat.
2747 1587 2891 1639 Dixit
2941 1587 3085 1657 quod
3132 1586 3176 1639 si
3224 1586 3475 1651 vivimus,
3523 1586 3718 1655 spiritu

2121 1674 2402 1727 ambulare
2449 1689 2758 1743 possumus.
2812 1673 2947 1741 Quia
3002 1674 3047 1726 si
3121 1674 3367 1743 spiritum
3411 1674 3715 1744 sequimur,

2120 1762 2390 1815 desideria
2424 1762 2601 1816 carnis
2631 1777 2739 1816 non
2788 1761 3115 1831 perﬁcimus,
3166 1762 3287 1832 quia
3333 1777 3459 1816 caro
3508 1770 3724 1831 pugnat

2118 1849 2384 1903 adversus
2418 1849 2684 1918 spiritum.
2718 1850 2798 1903 De
2838 1864 2945 1918 qua
2987 1864 3170 1919 pugna
3202 1850 3384 1903 carnis
3414 1856 3466 1903 et
3498 1850 3721 1919 spiritus

2118 1938 2281 1991 modo
2311 1938 2423 1992 vult
2451 1937 2763 2005 dijudicare,
2785 1937 2973 1992 dicens
3007 1955 3019 1990 :
3052 1938 3190 1991 Caro
3218 1945 3411 1992 contra
3426 1938 3674 2008 spiritum
3701 1956 3716 2002 ;

2119 2026 2338 2095 spiritus
2366 2032 2572 2096 pugnat
2593 2033 2784 2079 contra
2814 2040 3056 2080 carnem.
3084 2026 3224 2091 Quia
3248 2027 3297 2080 si
3328 2042 3421 2080 vos
3437 2026 3718 2080 ducimini

2117 2114 2346 2185 spiritu,
2378 2113 2430 2166 id
2464 2121 2545 2167 est
2575 2113 2799 2177 ratione,
2825 2114 2951 2183 jam
2980 2129 3096 2167 non
3126 2116 3263 2169 estis
3292 2115 3390 2169 sub
3433 2116 3568 2183 lege.
3606 2115 3715 2167 Lex

2117 2201 2261 2255 enim
2290 2200 2467 2270 posita
2498 2209 2579 2254 est
2607 2209 2665 2254 ut
2704 2210 3024 2271 peccatores
3073 2201 3343 2266 cohibeat,
3395 2202 3488 2255 sed
3540 2202 3585 2254 si
3619 2218 3715 2255 se-

2116 2289 2350 2343 cundum
2395 2286 2641 2357 Spiritum
2687 2289 2863 2360 agitis,
2906 2290 3017 2356 jam
3065 2304 3172 2343 non
3215 2290 3473 2358 peccatis,
3524 2297 3576 2343 et
3624 2289 3718 2360 qui

2116 2392 2224 2430 non
2253 2384 2463 2445 peccat,
2498 2376 2639 2430 liber
2666 2384 2748 2430 est
2778 2392 2806 2429 a
2839 2376 2981 2446 lege.
3009 2376 3112 2443 Qui
3143 2377 3331 2445 spiritu
3352 2378 3582 2443 ducitur,
3606 2394 3715 2431 non

2116 2472 2197 2518 est
2228 2464 2328 2517 sub
2368 2464 2528 2535 lege;
2576 2464 2666 2533 qui
2700 2471 2880 2518 autem
2927 2480 3123 2530 carne,
3172 2465 3217 2516 is
3266 2464 3564 2534 captivatur
3613 2466 3715 2518 sub

2114 2552 2258 2622 lege.
2293 2551 2452 2618 Quod
2486 2552 2897 2622 asquipollenter
2924 2551 2996 2605 ait
3028 2569 3039 2606 :
3076 2551 3259 2622 Opera
3290 2553 3508 2622 spiritus
3538 2554 3713 2606 nemi-

2114 2655 2240 2693 nem
2272 2639 2527 2711 redigunt
2560 2640 2657 2692 sub
2687 2640 2844 2711 lege;
2880 2640 2975 2693 sed
3006 2656 3173 2711 opera
3203 2642 3395 2695 carnis
3440 2640 3530 2693 illa
3573 2646 3713 2695 sunt

2114 2728 2448 2797 manifesta,
2485 2742 2593 2780 non
2623 2735 2835 2796 Oportet
2883 2728 3252 2797 imprOperare
3296 2743 3379 2781 ea.
3413 2729 3715 2797 Turpitudo

2117 2814 2260 2867 enim
2292 2830 2477 2869 eorum
2508 2815 2759 2869 omnibus
2790 2823 3020 2869 estnota
3046 2824 3097 2869 et
3127 2815 3432 2884 captivitas.
3454 2817 3582 2869 Ideo
3604 2832 3713 2871 non

2113 2910 2267 2957 curat
2309 2903 2565 2956 detestari
2613 2902 2792 2957 carnis
2842 2919 3025 2973 opera,
3074 2903 3200 2973 quia
3248 2904 3365 2957 sola
3391 2920 3575 2958 eorum
3610 2921 3715 2959 no-

2112 2991 2255 3044 mina
2286 2991 2413 3044 satis
2455 2990 2736 3061 assignant
2780 2990 3096 3046 fmditatem.
3144 2991 3320 3060 Opera
3367 2992 3546 3046 carnis
3590 2993 3715 3048 dico

2112 3095 2232 3149 qua:
2254 3082 2390 3133 sunt
2408 3079 2543 3145 haec,
2562 3078 2768 3133 scilicet
2780 3081 3105 3149 fornicatio,
3120 3080 3508 3147 immunditia,
3525 3082 3601 3134 im
3606 3099 3711 3152 pu-

2112 3166 2329 3232 dicitia,
2366 3168 2620 3221 luxuria.
2659 3166 3089 3221 Fornicationem
3138 3175 3293 3222 vocat
3324 3184 3446 3222 cum
3488 3169 3711 3223 meretri

2111 3254 2283 3318 cibus,
2316 3255 2403 3308 vel
2431 3254 2736 3325 conjugatis
2766 3254 2974 3323 pollui;
3030 3254 3445 3323 immunditiam,
3479 3257 3712 3326 turpitu-

2111 3342 2292 3396 dinem
2342 3342 2486 3394 illam
2537 3359 2656 3412 quae
2702 3342 2760 3395 ﬁt
2808 3350 3006 3412 praeter
3046 3351 3313 3397 naturam.
3362 3345 3429 3398 Et
3458 3345 3616 3398 etiam
3661 3345 3713 3399 in

2110 3429 2332 3484 incestis
2362 3430 2584 3498 osculis,
2616 3437 2669 3483 et
2699 3429 2753 3482 in
2783 3431 3100 3485 tractatione
3147 3431 3368 3499 polluta.
3420 3433 3710 3501 Impudici-

2110 3517 2239 3571 tiam
2269 3524 2427 3572 vocat
2457 3517 2637 3583 etiam,
2673 3517 2717 3570 si
2748 3533 2858 3571 non
2890 3519 2958 3571 sit
3002 3517 3311 3583 fornicator,
3346 3519 3429 3573 vel
3474 3520 3709 3574 immun-

2112 3605 2233 3670 dus,
2268 3606 2364 3658 sed
2395 3605 2448 3657 in
2480 3605 2664 3658 verbis
2694 3613 2747 3659 et
2779 3605 2981 3673 habitu,
3015 3614 3066 3659 et
3097 3607 3393 3660 motatione
3427 3608 3709 3662 membro-

2111 3710 2231 3747 rum
2279 3709 2388 3747 non
2436 3693 2501 3747 sit
2550 3694 2745 3762 pudice
2810 3702 3163 3764 temperatus.
3214 3696 3501 3749 Luxuriam
3554 3705 3709 3751 vocat

2109 3781 2531 3851 superfluitatem
2572 3782 2770 3845 carnis,
2826 3783 2940 3836 sive
2972 3782 3026 3835 in
3074 3783 3225 3853 gula.
3280 3784 3391 3838 sive
3438 3784 3493 3837 in
3544 3785 3703 3839 coitu.

2111 3869 2243 3937 Quae
2271 3869 2483 3923 luxuria
2515 3870 2679 3924 etiam
2711 3870 2894 3924 haberi
2925 3878 3103 3939 potest
3135 3870 3189 3924 in
3236 3887 3404 3928 uxore
3435 3871 3479 3925 si
3511 3889 3707 3943 super-

2109 3957 2215 4012 ﬂue
2261 3973 2326 4011 ea
2372 3965 2571 4012 utatur.

2180 4044 2355 4114 Opera
2391 4044 2567 4099 carnis
2606 4045 2766 4099 etiam
2798 4053 2922 4099 sunt
2947 4048 3191 4101 servitus
3222 4047 3523 4115 idolorum,
3548 4065 3709 4104 vene-

2110 4133 2261 4201 ﬁcia,
2294 4133 2637 4199 inimicitiae,
2662 4134 2717 4187 id
2748 4141 2829 4187 est
2861 4134 3024 4205 longa
3054 4135 3198 4199 odia,
3233 4137 3624 4191 contentiones
3656 4138 3707 4191 in

410 4217 572 4273 etiam
602 4220 913 4287 comeditis,
947 4219 998 4272 id
1033 4226 1115 4273 est
1144 4220 1283 4274 bona
1315 4221 1545 4290 proximi
1602 4238 1699 4291 per
1748 4221 2007 4276 invidiam
2036 4217 2090 4278 D
2113 4220 2316 4284 verbis,
2349 4222 2762 4285 armulationes,
2797 4223 2939 4292 quod
2964 4222 3189 4292 quilibet
3221 4224 3471 4278 invidens
3499 4224 3709 4279 laborat

406 4305 624 4377 penitus
651 4306 943 4361 devoratis.
981 4308 1165 4363 Videte
1187 4324 1261 4363 ne
1281 4311 1716 4376 consumamini,
1752 4309 1805 4362 id
1837 4318 1915 4364 est
1938 4326 2005 4364 ne

408 4393 745 4448 devoremiui
766 4396 1026 4460 invicem,
1054 4395 1105 4449 id
1125 4404 1293 4460 esttu,
1313 4397 1435 4467 quia
1453 4397 1697 4451 detrahis
1712 4398 1960 4466 proximo
1991 4416 2005 4464 ;

407 4480 519 4550 ille,
554 4481 679 4552 quia
727 4482 958 4536 detrahit
1002 4482 1115 4536 tibi.
1170 4485 1528 4555 Posteaquam
1578 4485 1711 4539 satis
1756 4486 2008 4555 probavit

404 4568 588 4642 legem
618 4585 727 4624 non
756 4585 879 4623 esse
910 4571 1219 4636 tenendam,
1275 4571 1463 4641 incipit
1508 4588 1651 4627 nunc
1697 4573 2005 4641 approbare

404 4656 568 4712 ﬁdem
597 4666 649 4712 et
696 4657 944 4729 gratiam.
998 4658 1196 4714 Littera
1246 4660 1324 4715 sic
1365 4660 1653 4732 jungitur:
1705 4660 1893 4714 Videte
1938 4678 2006 4716 ne

404 4746 798 4801 consumamini
846 4746 1141 4801 secundum
1225 4748 1533 4802 suasionem
1591 4748 1786 4816 carnis,
1856 4765 2004 4803 mor-

404 4834 586 4889 dendo
618 4842 670 4889 et
699 4834 1036 4890 comedendo
1067 4851 1165 4889 vos
1195 4835 1427 4891 invicem
1454 4854 1467 4901 ;
1518 4836 1613 4892 sed
1644 4837 1763 4892 dico
1814 4838 1963 4891 vobis
1988 4856 2005 4891 :

404 4922 701 4976 Ambulate
725 4924 953 4993 spiritu,
980 4922 1034 4977 id
1058 4931 1140 4977 est
1160 4923 1405 4993 perficite
1446 4924 1586 4979 bene
1609 4926 1888 4995 operando
1919 4942 2005 4980 se-

406 5008 644 5066 cundum
683 5011 828 5080 quod
881 5011 1128 5065 hortatur
1175 5027 1272 5065 vos
1322 5012 1560 5081 spiritus,
1611 5012 1665 5066 id
1716 5021 1797 5066 est
1844 5013 2001 5067 ratio.

405 5096 702 5153 Ambulate
732 5097 856 5152 dico
881 5097 1093 5167 spiritu,
1128 5106 1178 5152 et
1201 5100 1304 5154 hoc
1325 5100 1388 5153 in
1414 5100 1649 5163 Christo,
1675 5100 1728 5153 id
1750 5107 1831 5154 est
1860 5101 2005 5171 quod

405 5192 612 5240 tantum
644 5184 767 5239 licet
796 5184 978 5240 facere
1010 5202 1107 5256 per
1137 5187 1406 5241 Christum
1440 5205 1453 5251 ;
1488 5194 1539 5240 et
1583 5202 1692 5240 non
1738 5187 1902 5252 aliud,
1950 5196 2006 5241 ut

408 5273 528 5346 quis
579 5274 879 5331 secundum
944 5274 1213 5331 rationem
1278 5281 1546 5348 operetur.
1595 5274 1651 5329 Si
1689 5274 1742 5328 in
1788 5275 2003 5331 Christo

2108 4324 2370 4378 usurpare
2419 4309 2520 4361 sibi
2564 4309 2763 4363 bonum
2823 4310 3066 4363 alterius.
3121 4312 3257 4365 Sunt
3304 4312 3463 4365 etiam
3501 4314 3621 4378 irae,
3654 4312 3707 4365 id

2108 4404 2189 4449 est
2248 4396 2438 4450 subitae
2499 4397 2894 4451 commotiones
2939 4398 3122 4451 animi.
3176 4399 3243 4451 Et
3304 4400 3370 4453 de
3417 4399 3496 4453 ira
3539 4402 3701 4465 rixae,

2109 4484 2327 4552 quando
2347 4500 2438 4537 res
2464 4483 2642 4553 agitur
2662 4484 2878 4556 pugnis.
2923 4486 3054 4540 Sunt
3091 4486 3282 4540 iterum
3311 4488 3701 4554 dissensiones,

2108 4587 2228 4641 quae
2259 4587 2404 4640 saepe
2432 4570 2563 4624 fiunt
2592 4572 2645 4625 in
2677 4572 2945 4627 Ecclesia.
2993 4574 3129 4627 Sunt
3158 4575 3319 4628 etiam
3369 4580 3550 4638 sectm,
3603 4593 3701 4645 pro

2108 4674 2215 4729 quo
2245 4658 2298 4711 in
2328 4658 2518 4713 Graeco
2546 4660 2780 4713 habetur
2797 4661 3054 4715 haareses.
3091 4662 3226 4719 Sunt
3258 4663 3421 4716 etiam
3452 4664 3698 4728 invidiae,

2106 4747 2160 4799 id
2191 4754 2272 4800 est
2301 4747 2475 4800 malus
2502 4747 2641 4800 livor
2667 4748 2832 4801 animi
2857 4767 2870 4812 ;
2906 4749 2996 4819 qui
3026 4749 3151 4804 licet
3196 4766 3254 4803 se
3292 4766 3402 4804 non
3451 4766 3705 4806 consecu-

2108 4842 2287 4888 turum
2320 4835 2454 4889 sciat
2484 4851 2595 4889 rem
2627 4836 2877 4905 proximi,
2913 4836 3115 4891 invidet
3144 4845 3328 4891 tamen
3357 4839 3435 4903 ei,
3471 4855 3703 4910 eumque

2108 4937 2224 4976 eam
2256 4922 2456 4975 habere
2486 4923 2677 4977 nollet.
2714 4925 2911 4977 Iterum
2944 4923 3265 4990 homicidia,
3301 4927 3617 4990 ebrietates,
3646 4927 3696 4981 id

2106 5016 2189 5063 est
2232 5019 2504 5063 consueta:
2552 5027 2709 5079 supra
2756 5012 2977 5065 modum
3019 5012 3343 5081 potationes.
3392 5022 3443 5067 et
3485 5031 3696 5069 comes-

2105 5098 2351 5151 sationes
2374 5101 2429 5151 et
2448 5098 2660 5152 similia
2685 5098 2770 5151 his
2786 5116 2907 5170 qua:
2923 5099 3084 5154 modo
3103 5102 3342 5172 praedico
3364 5103 3527 5165 vobis,
3553 5104 3699 5157 sicut

2107 5186 2240 5238 olim
2277 5186 2543 5256 prtedixi,
2599 5201 2721 5240 cum
2778 5187 2930 5240 vobis
2977 5187 3211 5257 primum
3262 5189 3592 5258 prmdicavi,
3644 5199 3695 5244 ut

2106 5272 2344 5330 caveatis
2400 5274 2470 5327 ab
2519 5273 2642 5339 illis,
2733 5277 3001 5347 quoniam
3068 5279 3163 5349 qui
3210 5278 3350 5332 talia
3397 5284 3598 5348 agunt,
3648 5278 3697 5333 hi
