3960 6050
240 171 347 221 313

894 165 1273 223 EXPOSITIO
1312 166 1385 221 IN
1420 165 1801 223 EPISTOLAS
1839 165 2064 222 PAULI.
2097 196 2165 207 ——

2230 166 2302 222 ΙΝ
2332 162 2557 222 EPIST.
2591 168 2683 222 AD
2719 167 2877 223 GAL.
3428 169 3533 224 3N

242 308 362 347 non
406 294 818 363 consequentur
873 307 1110 361 regnum
1166 294 1283 359 Dei,
1350 291 1395 345 si
1449 290 1505 345 in
1553 292 1658 346 hoc
1716 292 1912 352 actuA
1945 313 1965 339 ι
2002 290 2143 345 enim
2174 291 2522 347 seminaverit
2552 293 2734 358 homo,
2784 293 2901 347 haec
2932 298 2984 345 et
3030 298 3218 347 metet.
3264 291 3532 360 Quoniam

246 379 487 435 227
515 379 895 448 comprehensi
927 388 1072 434 sunt.
1113 381 1240 434 Hinc
1268 380 1525 450 praedicta
1556 387 1679 433 sunt
1709 395 1840 449 ope-

244 484 306 522 ra
356 466 681 531 carnis;sed
728 482 898 537 opera
955 467 1174 537 spiritus
1206 473 1343 523 sunt
1407 468 1547 522 haec.
1616 468 1685 520 Et
1729 483 1838 521 non

242 556 317 609 ait
354 572 536 625 opera,
590 556 688 609 sed
756 556 824 609 ad
877 556 1425 621 commendationem,
1486 556 1560 609 ait
1613 559 1836 625 fructus

245 644 512 715 Spiritus.
546 642 642 695 His
686 643 826 697 enim
870 644 1125 713 operibus
1158 642 1259 697 frui
1307 644 1530 713 prodest
1560 651 1612 697 et
1668 659 1836 713 opor-

247 738 345 785 tet.
381 731 631 795 Fructus,
669 731 910 801 inquam,
964 731 1192 801 Spiritus
1235 739 1317 785 est
1355 732 1624 797 charitas,
1670 731 1725 785 id
1757 738 1838 784 est

243 818 463 873 dilectio
492 818 591 872 Dei
622 826 673 871 et
703 818 957 888 proximi,
1009 820 1076 874 de
1134 836 1240 890 qua
1288 819 1545 874 charitate
1594 819 1838 889 sequitur

238 907 511 976 gaudium
542 911 597 960 et
633 923 776 977 pax.
818 907 1086 961 Gaudium
1115 914 1272 962 vocat
1319 907 1499 961 laztam
1547 907 1837 961 conscien-

241 993 413 1057 tiam;
448 1008 638 1062 pacem
672 994 739 1047 ad
775 1010 965 1047 omnes
1014 1011 1079 1048 ex
1134 995 1423 1049 dilectione
1465 994 1834 1049 concordiam.

240 1081 341 1134 Est
363 1080 525 1134 etiam
546 1082 773 1135 Fructus
794 1082 1023 1153 Spiritus
1047 1084 1474 1151 longanimitas,
1500 1082 1553 1135 id
1587 1090 1669 1136 est
1687 1098 1832 1151 spes.

238 1168 297 1222 Si
329 1168 473 1222 enim
504 1169 680 1223 tardat
713 1170 996 1223 retributio
1024 1189 1037 1235 ;
1069 1186 1177 1224 non
1205 1179 1383 1224 tamen
1424 1171 1601 1223 minus
1635 1176 1832 1239 sperat,

236 1257 326 1311 vel
385 1256 730 1325 impatienter
787 1266 1080 1327 exspectat.
1154 1260 1219 1311 Et
1276 1266 1357 1312 est
1414 1274 1548 1327 opus
1606 1257 1837 1326 Spiritus

237 1345 548 1415 patientia,
585 1361 689 1414 qua
733 1361 1071 1415 quaecunque
1131 1346 1423 1399 toleramus
1479 1346 1706 1399 adversa
1739 1365 1757 1411 ;
1787 1350 1839 1397 et

240 1432 485 1499 bonitas,
554 1432 607 1485 id
640 1440 721 1486 est
753 1433 838 1502 pia
869 1432 1085 1487 affectio
1115 1433 1281 1486 animi
1314 1451 1328 1499 ;
1358 1433 1518 1487 etiam
1548 1432 1722 1485 sinon
1742 1433 1837 1485 ha-

240 1520 331 1573 bet
361 1519 491 1589 quid
520 1520 719 1572 tribuat
751 1538 765 1584 ;
790 1521 1126 1591 benignitas,
1149 1520 1201 1573 id
1235 1529 1317 1574 est
1346 1520 1572 1592 largitas
1596 1536 1837 1575 commu-

1940 400 1961 428 ι
2000 379 2090 449 qui
2150 380 2380 433 seminat
2430 380 2483 433 in
2542 380 2721 434 carne
2760 396 2876 445 sua,
2932 380 2999 433 de
3048 395 3209 433 carne
3268 388 3319 433 et
3375 386 3535 433 metet

1941 488 1963 516 ι
2002 468 2444 536 corruptionem;
2482 468 2569 538 qui
2627 476 2809 521 autem
2881 467 3111 521 seminat
3182 467 3236 520 in
3311 467 3530 536 Spiritu,

1939 577 1960 601 «ο
1999 555 2067 609 de
2126 555 2325 624 Spiritu
2381 563 2545 609 metet
2593 556 2758 609 vitam
2816 564 3094 610 aeternam.
3165 556 3372 609 Bonum
3430 570 3531 608 au-

1940 666 1960 688 u
1999 650 2102 696 tem
2137 642 2395 697 facientes
2442 659 2549 697 non
2582 642 2934 707 deficiamus;
2966 650 3207 712 tempore
3255 643 3397 696 enim
3433 658 3531 696 suo

1940 751 1963 780 ι
1996 738 2281 795 metemus,
2324 746 2432 785 non
2465 730 2801 785 deficientes.
2837 731 2986 803 Ergo
3017 731 3145 784 dum
3184 738 3396 800 tempus
3429 731 3528 783 ha-

1941 839 1963 867 (
2001 818 2213 879 bemus,
2274 833 2569 886 cperemur
2640 819 2841 872 bonum
2897 818 2965 871 ad
3022 834 3230 883 omnes,
3290 818 3527 871 maxime

1941 926 1962 954 ι
2000 914 2177 958 autem
2202 906 2271 958 ad
2311 906 2641 961 domesticos
2698 904 2842 959 fidei.
2896 906 3084 960 Videte
3143 906 3390 975 qualibus
3446 906 3530 958 lit-

1942 1016 1963 1039 α
2001 992 2131 1046 teris
2165 993 2355 1062 scripsi
2387 993 2541 1047 vobis
2588 1008 2711 1047 mea
2767 1009 2947 1047 manu.
3016 993 3339 1064 Quicunque
3386 994 3532 1047 enim

1946 1104 1967 1127 α
2015 1080 2202 1134 volunt
2273 1081 2492 1149 placere
2568 1081 2621 1134 in
2676 1097 2859 1143 carne,
2918 1081 2973 1133 hi
3020 1089 3221 1151 cogunt
3277 1096 3375 1135 vos
3430 1080 3531 1135 cir-

1940 1186 1967 1216 α
2000 1168 2529 1233 cumcidi;tantum,
2590 1177 2646 1221 ut
2694 1168 2871 1223 crucis
2934 1168 3129 1221 Christi
3191 1168 3530 1238 persecutio-

1941 1276 1962 1304 ι
2000 1271 2122 1309 nem
2157 1270 2264 1308 non
2341 1255 2631 1323 patiantur.
2702 1256 2893 1326 Neque
2946 1256 3089 1309 enim
3153 1256 3243 1326 qui
3301 1256 3531 1310 circum-

1942 1363 1963 1391 «
1990 1343 2270 1409 δίᾶυηίυιε,
2304 1343 2482 1415 legem
2516 1343 2845 1408 custodiunt,
2906 1344 3001 1397 sed
3050 1344 3234 1397 volunt
3264 1360 3361 1398 vos
3418 1343 3530 1398 cir-

1941 1452 1963 1481 ι
1999 1431 2253 1491 cumcidi,
2314 1439 2371 1483 ut
2428 1432 2482 1484 in
2554 1448 2716 1485 carne
2790 1438 2968 1484 vestra
3017 1431 3338 1502 glorientur.
3406 1430 3533 1485 Mihi

1941 1542 1962 1563 ‹‹
2000 1526 2179 1572 autem
2208 1518 2347 1571 absit
2407 1518 2632 1589 gloriari
2688 1519 2794 1571 nisi
2851 1520 2904 1571 in
2942 1534 3105 1574 cruce
3158 1519 3374 1573 Domini
3430 1535 3533 1573 no-

238 1606 463 1661 nicandi
492 1624 612 1677 quae
643 1608 838 1662 habet:
875 1609 1273 1673 mansuetudo,
1323 1608 1466 1679 quod
1499 1607 1571 1662 ita
1601 1615 1909 1695 attracta-B
1943 1630 1964 1654 «
2011 1606 2110 1659 stri
2139 1607 2265 1660 Jesu
2298 1606 2517 1671 Christi,
2568 1623 2667 1676 per
2717 1623 2877 1677 quem
2934 1608 3065 1660 mihi
3112 1607 3347 1661 mundus
3404 1623 3535 1661 cru-

241 1695 366 1747 bilis
397 1702 449 1749 et
466 1693 698 1748 affabilis
714 1703 795 1749 est
811 1696 1099 1762 omnibus;
1134 1704 1186 1749 et
1203 1697 1339 1764 ﬁdes
1364 1712 1485 1765 quae
1501 1703 1646 1750 recte
1668 1695 1839 1749 credit

239 1782 295 1835 in
328 1784 534 1847 Deum;
566 1784 861 1851 modestia,
920 1784 975 1836 id
1018 1792 1098 1837 est
1140 1785 1496 1853 temperantia
1543 1784 1837 1837 verborum

238 1878 293 1923 et
327 1878 484 1923 actus
512 1889 525 1936 ;
559 1872 941 1935 continentia,
963 1888 1065 1941 qua
1093 1871 1252 1925 etiam
1284 1890 1316 1925 a
1348 1871 1507 1925 licitis
1525 1871 1760 1926 continet
1779 1888 1837 1925 se

238 1957 754 2027 aliquis;castitas,
810 1959 956 2028 quod
1000 1966 1145 2013 caste
1188 1960 1356 2013 utitur
1410 1958 1585 2023 licitis,
1648 1966 1703 2011 ut
1760 1959 1840 2011 vir

237 2060 434 2099 uxore.
469 2046 595 2099 Haec
625 2054 747 2100 sunt
768 2062 935 2115 Opera
986 2047 1235 2117 Spiritus,
1271 2056 1321 2101 et
1363 2048 1624 2102 adversus
1673 2062 1838 2116 opera

238 2133 567 2203 hujusmodi
606 2150 720 2188 non
751 2138 835 2188 est
866 2136 960 2189 lex
992 2155 1009 2199 ;
1042 2134 1179 2189 sicut
1225 2151 1384 2204 supra
1444 2134 1694 2199 diximus,
1730 2150 1835 2187 non

236 2221 373 2275 estis
405 2221 505 2275 sub
534 2221 673 2291 lege.
727 2223 852 2277 Hazc
907 2229 1031 2275 sunt
1076 2238 1241 2291 Opera
1299 2223 1492 2276 carnis.
1544 2223 1669 2276 Haac
1718 2230 1838 2275 sunt

236 2325 413 2379 opera
432 2309 689 2378 Spiritus;
706 2312 800 2381 qui
820 2315 1013 2365 autem
1032 2315 1168 2364 sunt
1186 2310 1411 2375 Christi,
1427 2311 1653 2381 faciunt
1671 2327 1838 2381 opera

237 2398 516 2469 Spiritus.
549 2396 708 2465 Quod
741 2398 819 2452 sic
847 2398 919 2451 ait
963 2416 975 2451 :
1011 2398 1436 2467 Cruciﬁxerunt
1488 2399 1546 2452 hi
1571 2401 1666 2469 qui
1702 2403 1841 2453 sunt

242 2484 476 2548 Christi,
507 2501 738 2539 carnem
770 2502 951 2555 suam,
1003 2486 1149 2556 quod
1192 2486 1369 2539 nullos
1410 2502 1604 2539 sensus
1663 2502 1836 2556 quan-

235 2571 405 2625 diuin
438 2572 651 2626 Christo
683 2581 824 2640 sunt,
876 2573 1141 2628 inclinare
1191 2581 1392 2644 queunt
1421 2574 1490 2629 ad
1547 2574 1694 2628 vitia.
1758 2574 1839 2627 Illi

237 2660 365 2714 dico
398 2667 663 2714 certantes
705 2677 832 2715 cum
875 2662 1030 2715 vitiis
1070 2670 1121 2715 et
1161 2678 1282 2716 cum
1332 2664 1828 2733 concupiscentiis.

236 2747 383 2801 Vitia
414 2747 611 2817 accipit
642 2748 697 2800 in
726 2756 847 2803 actu
874 2767 887 2812 ;
921 2748 1411 2818 concupiscentias,
1446 2750 1499 2803 in
1530 2750 1827 2805 voluntate.

235 2836 362 2890 Non
385 2834 560 2889 solum
593 2850 810 2890 carnem
851 2835 1250 2906 crucifigamus,
1284 2853 1351 2891 ne
1385 2838 1586 2891 malum
1638 2854 1837 2907 opere-

236 2940 396 2988 mur;
432 2924 529 2977 sed
553 2924 715 2978 etiam
745 2925 1097 2979 ambulemus
1118 2926 1367 2996 Spiritu,
1390 2925 1443 2979 id
1479 2934 1559 2980 est
1595 2925 1839 2995 proficia-

238 3028 363 3066 mus
398 3012 535 3065 bene
566 3012 841 3081 operando
873 3014 1172 3067 secundum
1203 3014 1349 3083 quod
1380 3014 1635 3069 admonet
1666 3014 1835 3080 ratio;
1861 2985 1907 3044 Ο

228 3102 441 3168 justum
498 3107 581 3153 est
628 3108 686 3152 ut
727 3100 1067 3154 ambulemus
1142 3100 1364 3171 Spiritu,
1413 3104 1543 3172 quia
1607 3103 1838 3155 vivimus

238 3189 511 3259 Spiritu;
542 3196 595 3241 et
626 3189 670 3240 si
715 3188 989 3255 justiﬁcati
1031 3188 1264 3241 vivimus
1313 3189 1533 3258 Spiritu,
1597 3189 1839 3260 sequitur

236 3284 296 3329 ut
353 3275 514 3329 etiam
589 3276 929 3329 ambulemus
996 3276 1217 3346 Spiritu.
1294 3277 1435 3330 Vivit
1516 3278 1678 3331 homo
1743 3294 1840 3345 per

232 3362 676 3431 justiticationem
706 3364 853 3417 fidei.
887 3365 1143 3418 Ambulat
1170 3381 1294 3419 cum
1326 3372 1586 3434 operatur
1630 3381 1690 3417 ea
1722 3381 1839 3434 qua:

238 3450 378 3505 fides
411 3452 597 3523 exigit.
630 3452 699 3505 Et
730 3452 776 3505 si
799 3452 1029 3506 vivimus
1060 3460 1113 3507 et
1142 3453 1516 3515 ambulamus,
1538 3452 1591 3505 in
1605 3453 1703 3507 hac
1719 3467 1838 3506 am-

237 3539 513 3594 bulatione
544 3555 652 3593 non
681 3542 1005 3610 efﬁciamur
1024 3541 1216 3611 cupidi
1240 3542 1452 3606 inanis,
1488 3540 1542 3593 id
1573 3548 1653 3595 est
1684 3556 1841 3593 mun-

236 3629 393 3682 dana:
424 3628 640 3699 gloria.
680 3629 804 3682 Non
861 3637 946 3682 est
999 3637 1282 3697 peccatum
1324 3628 1369 3681 si
1419 3628 1558 3683 bene
1613 3636 1839 3698 agentes

237 3715 545 3779 laudamur,
598 3716 696 3770 sed
777 3716 823 3769 si
898 3716 1108 3770 laudari
1196 3717 1612 3786 cupimus;non
1672 3716 1839 3770 simus

236 3804 423 3874 cupidi
472 3804 647 3856 inanis
686 3804 893 3875 gloria).
954 3805 1068 3858 Nos
1111 3804 1233 3859 dico
1291 3806 1379 3875 qui
1439 3805 1542 3859 hoc
1591 3805 1839 3875 cupimus

233 3893 483 3946 invicem
513 3896 881 3962 provocantes
916 3910 929 3957 ;
963 3892 1089 3962 quia
1110 3892 1363 3961 superbia
1378 3909 1499 3963 qua:
1513 3908 1621 3946 non
1642 3892 1840 3962 patitur

232 3996 448 4051 parem,
480 3979 586 4032 nisi
643 3979 970 4048 praeferatur
1012 3980 1284 4045 omnibus,
1338 3981 1671 4051 indignatur,
1708 3995 1841 4049 pro-

232 4084 445 4123 vocans
478 4068 547 4121 ad
578 4067 752 4121 litem.
822 4068 886 4121 Et
923 4068 969 4121 si
1014 4083 1124 4121 non
1154 4077 1336 4136 aperte
1392 4084 1690 4139 provocare
1738 4084 1838 4121 au-

230 4157 446 4221 dentes,
473 4155 661 4209 saltem
721 4155 902 4209 animo
951 4155 1270 4210 invidentes
1319 4158 1595 4222 invicem,
1657 4155 1711 4209 id
1760 4164 1841 4211 est

230 4244 367 4298 alter
394 4244 573 4298 alteri.

871 4314 1095 4369 CAPUT
1128 4314 1223 4367 VI.

311 4452 331 4475 α
372 4429 607 4491 Fratres,
670 4436 719 4483 et
758 4428 802 4481 si
858 4436 1267 4498 praeoccupatus
1339 4428 1499 4483 fuerit
1566 4430 1729 4484 homo
1785 4431 1839 4484 in

236 4540 258 4564 α
294 4516 477 4586 aliquo
508 4516 724 4579 delicto,
778 4532 875 4570 vos
932 4516 1022 4586 qui
1078 4516 1382 4586 spirituales
1433 4517 1595 4583 estis,
1651 4519 1837 4586 hujus-

240 4628 260 4648 α
300 4604 450 4657 modi
488 4603 737 4658 instruite
796 4604 849 4657 in
910 4604 1097 4674 spiritu
1154 4604 1421 4669 lenitatis,
1482 4606 1839 4660 considerans

237 4716 259 4739 α
298 4692 552 4761 teipsum,
586 4708 653 4745 ne
684 4700 735 4745 et
778 4699 836 4744 ut
893 4692 1134 4745 tenteris.
1197 4692 1343 4745 Alter
1388 4692 1613 4747 alterius
1670 4710 1839 4748 onera

239 4804 259 4826 α
298 4787 526 4849 portate,
561 4787 612 4833 et
648 4780 724 4832 sic
773 4778 1137 4848 adimplebitis
1181 4779 1362 4850 legem
1420 4768 1640 4835 Christi.
1698 4783 1838 4835 Nam

242 4890 262 4913 α
300 4868 347 4920 si
380 4866 501 4937 quis
549 4867 816 4920 existimat
858 4883 915 4920 se
962 4866 1163 4937 aliquid
1218 4883 1341 4921 esse
1399 4883 1521 4921 cum
1565 4869 1697 4922 nihil
1748 4870 1833 4937 sit,

238 4978 259 4999 «ι
305 4956 426 5025 ipse
444 4972 503 5008 se
533 4955 760 5009 seducit.
798 4954 949 5025 Opus
981 4964 1159 5008 autem
1200 4972 1356 5007 suum
1410 4956 1606 5025 probet
1661 4974 1834 5011 unus-

238 5062 259 5085 «
298 5039 554 5109 quisque,
589 5047 640 5092 et
663 5038 741 5092 sic
770 5038 825 5092 in
875 5038 1167 5107 semetipso
1220 5047 1421 5092 tantum
1468 5040 1702 5111 gloriam
1735 5043 1836 5095 ha-

242 5149 263 5172 ε
300 5126 470 5193 bebit,
496 5135 549 5179 et
604 5142 709 5180 non
750 5127 804 5179 in
850 5127 1042 5180 altero.
1080 5128 1462 5197 Unusquisque
1506 5130 1647 5182 enim
1698 5146 1837 5183 onus

238 5236 261 5259 α
298 5231 460 5267 suum
513 5215 768 5284 portabit.
823 5214 1195 5269 Communicet
1233 5224 1412 5269 autem
1452 5216 1497 5269 is
1547 5218 1638 5286 qui
1686 5226 1836 5271 cate—

240 5324 261 5348 α
296 5303 544 5357 chizatur
600 5302 799 5367 verbo,
877 5302 971 5372 qui
1017 5318 1075 5356 se
1132 5303 1428 5357 catechizat
1480 5304 1533 5356 in
1582 5305 1835 5358 omnibus

241 5414 260 5435 α
300 5390 481 5445 bonis.
521 5390 699 5445 Nolite
737 5406 943 5445 errare.
997 5391 1142 5445 Deus
1199 5406 1305 5445 non
1372 5390 1639 5448 irridetur.
1702 5392 1836 5463 Quae

1860 4333 1911 4391 D
1941 4343 2159 4413 pitetur,

1943 1717 1963 1741 α
2002 1693 2193 1749 ciﬁxus
2260 1702 2360 1760 est,
2444 1703 2494 1748 et
2552 1710 2656 1765 ego
2719 1696 2919 1748 mundo
2955 1694 2965 1747 l
3000 1696 3059 1747 In
3119 1695 3333 1749 Christo
3390 1695 3535 1749 enim

1943 1805 1964 1833 π
2000 1783 2149 1851 Jesu,
2223 1798 2399 1852 neque
2474 1782 2814 1837 circumcisio
2889 1782 3092 1851 aliquid
3145 1782 3305 1847 valet,
3360 1799 3535 1853 neque

1944 1870 2343 1941 «praeputium,
2402 1871 2501 1924 sed
2556 1886 2694 1923 nova
2753 1878 3021 1924 creatura.
3108 1871 3175 1923 Et
3230 1870 3535 1940 quicunque

1941 1982 1961 2005 «
2000 1959 2138 2013 hanc
2188 1959 2439 2024 regulam
2488 1958 2656 2012 secuti
2694 1958 2912 2021 fuerint,
2948 1973 3052 2026 pax
3100 1974 3265 2026 super
3313 1956 3436 2011 illos
3483 1966 3535 2012 et

1943 2066 1965 2095 ¢
2002 2046 2379 2100 misericordia
2458 2053 2508 2100 et
2570 2062 2734 2115 super
2784 2045 2951 2099 Israel
3019 2045 3144 2099 Dei.
3202 2046 3282 2099 De
3336 2052 3535 2101 caetero

1943 2154 1964 2183 ι
2001 2150 2161 2187 nemo
2192 2134 2323 2186 mihi
2384 2133 2646 2188 molestus
2717 2132 2802 2186 sit.
2885 2133 3003 2204 Ego
3068 2132 3212 2187 enim
3281 2133 3536 2204 stigmata

1942 2242 1964 2271 ‹
2002 2222 2217 2276 Domini
2282 2224 2413 2275 Jesu
2499 2222 2553 2275 in
2608 2236 2837 2290 corpore
2902 2236 3024 2274 meo
3082 2229 3262 2291 porto.
3351 2221 3534 2275 Gratia

1944 2332 1963 2355 ‹‹
2000 2309 2215 2363 Domini
2243 2311 2373 2365 Jesu
2416 2310 2609 2364 Christi
2658 2325 2781 2363 cum
2840 2307 3029 2378 spiritu
3076 2317 3276 2378 vestro,
3318 2309 3529 2364 fratres.

1942 2419 1964 2448 ι
2000 2400 2190 2452 Amen.
2232 2422 2252 2445 η

2576 2482 2889 2522 EXPOSITIO.

2012 2586 2252 2641 228
2286 2587 2574 2657 Postquam
2605 2586 2658 2639 in
2688 2586 3070 2641 communitate
3100 2602 3316 2640 omnem
3350 2587 3536 2643 Eccle-

1938 2674 2077 2728 siam
2098 2674 2334 2728 correxit
2364 2682 2416 2727 et
2445 2674 2716 2742 instruxit,
2734 2690 2874 2728 nunc
2896 2674 3111 2728 divisim
3125 2675 3383 2729 admonet
3401 2692 3535 2745 pra:-

1937 2762 2093 2827 latos,
2119 2768 2177 2815 ut
2207 2761 2260 2815 in
2290 2762 2508 2816 lenitate
2548 2762 2814 2815 instruant
2842 2770 3129 2831 peccantes
3162 2763 3425 2827 subditos,
3484 2771 3538 2817 et

1939 2865 2241 2905 econverso
2269 2850 2525 2903 admonet
2566 2850 2811 2904 subditos
2834 2858 2890 2903 ut
2909 2866 3067 2921 aequo
3095 2850 3278 2905 animo
3303 2851 3356 2904 in
3390 2851 3536 2906 omni

1939 2937 2246 2992 obedientia
2302 2937 2519 2991 audiant
2570 2938 2838 3007 prmlatos,
2899 2938 3133 2993 dicens:
3170 2938 3309 3005 Quia
3356 2939 3534 2993 vivitis

1941 3026 2164 3095 Spiritu,
2200 3025 2471 3079 ambulate
2517 3026 2717 3095 Spiritu
2753 3044 2766 3090 ;
2798 3042 2889 3080 vos
2933 3034 3111 3079 autem
3158 3028 3252 3097 qui
3296 3029 3533 3097 spirita-

1942 3115 2019 3168 les
2069 3114 2233 3177 estis,
2286 3112 2341 3166 id
2399 3120 2480 3166 est
2555 3114 2760 3182 praelati
2798 3114 3010 3167 :omnis
3074 3114 3217 3168 enim
3260 3113 3533 3184 perfectus

1939 3201 2103 3255 etiam
2136 3200 2182 3253 si
2242 3200 2423 3256 ofﬁcio
2490 3208 2690 3269 careat,
2750 3200 3071 3270 imperfecto
3120 3210 3295 3255 tamen
3342 3202 3534 3271 prmia-

1940 3295 2024 3341 tus
2082 3296 2210 3353 est;
2258 3304 2376 3354 vos,
2430 3288 2671 3359 inquam,
2734 3289 3004 3358 spiritales
3060 3289 3184 3345 licet
3226 3291 3290 3344 in
3344 3292 3532 3362 aliquo

1940 3375 2144 3431 delicto
2176 3380 2607 3447 praeoccupatus
2636 3378 2815 3445 fuerit
2849 3378 3054 3448 aliquis
3079 3396 3091 3443 ;
3115 3393 3217 3432 nec
3248 3378 3445 3432 mirum
3488 3379 3533 3433 si

1938 3472 2129 3534 peccat
2184 3464 2308 3534 quia
2369 3465 3003 3534 homo:praeoccupatus
3059 3466 3189 3520 dicit
3234 3481 3342 3520 non
3390 3467 3534 3537 quod

1939 3568 2004 3605 ex
2045 3551 2314 3605 industria
2368 3552 2691 3621 peccaverit,
2767 3552 2863 3606 sed
2920 3552 3047 3623 quia
3094 3553 3381 3622 providere
3432 3554 3534 3609 sibi

1937 3639 2183 3703 nescivit,
2212 3654 2328 3704 vos,
2376 3640 2618 3710 inquam,
2664 3639 2872 3709 praelati
2930 3642 3202 3695 instruite
3260 3642 3535 3695 hominem

1939 3728 2263 3797 hujusmodi
2294 3730 2353 3781 in
2393 3728 2623 3798 spiritu,
2668 3743 2776 3782 non
2816 3727 3037 3795 furoris,
3073 3730 3171 3783 sed
3225 3729 3280 3782 in
3341 3730 3535 3799 spiritu

1942 3816 2221 3870 lenitatis.
2268 3816 2425 3870 Nunc
2474 3816 2541 3870 de
2586 3816 2775 3885 plurali
2807 3817 2993 3870 transit
3050 3817 3117 3871 ad
3176 3817 3531 3887 singularem,

1938 3903 2169 3973 loquens
2232 3903 2480 3958 similiter
2541 3904 2761 3958 cuilibet
2817 3905 3063 3974 praelato.
3138 3906 3271 3959 Cum
3317 3905 3533 3961 lenitate

1938 3992 2155 4063 corrige
2186 3992 2591 4061 delinquentem
2634 4000 2709 4056 tu,
2770 3993 3079 4064 quicunque
3117 3994 3355 4063 praelate,
3404 4011 3535 4049 con-

1939 4078 2197 4134 siderans
2232 4080 2494 4151 teipsum,
2534 4096 2605 4135 ne
2654 4085 2718 4135 tu
2767 4082 2946 4135 etiam
2987 4083 3225 4136 tenteris
3265 4082 3531 4137 similiter.

1941 4166 2097 4236 Saepe
2156 4167 2299 4221 enim
2376 4169 2522 4221 Deus
2577 4168 2655 4222 sic
2712 4168 2799 4237 pie
2857 4168 3093 4238 disponit
3164 4177 3239 4233 ut,
3300 4170 3389 4240 qui
3446 4170 3535 4224 in-

1940 4255 2220 4326 dignando
2249 4255 2510 4310 obhorret
2540 4272 2724 4311 casum
2756 4256 3004 4326 proximi,
3056 4258 3110 4310 in
3150 4258 3294 4311 idem
3338 4259 3535 4328 praeci-

2240 4343 2325 4399 vel
2379 4343 2433 4397 in
2510 4345 2681 4414 pejus.
2731 4345 2845 4399 Nec
2897 4345 3071 4399 solum
3101 4346 3374 4400 instruatis
3428 4347 3531 4402 de-

1940 4432 2289 4501 linquentem,
2327 4433 2425 4485 sed
2457 4433 2618 4486 etiam
2648 4437 2871 4502 portate
2900 4450 3073 4488 onera
3089 4436 3239 4489 alter
3269 4437 3531 4503 alterius,

1942 4519 2194 4589 praelatus
2235 4536 2371 4573 onus
2413 4520 2631 4573 subditi.
2695 4522 2908 4575 Portate
2964 4523 3085 4576 dico
3132 4524 3531 4594 compatiendo,

1941 4607 2167 4671 orando,
2205 4615 2255 4660 et
2273 4608 2568 4675 jejunando
2600 4615 2659 4661 ut
2687 4606 2775 4660 fiat
2807 4608 2853 4662 ei
2888 4610 3159 4664 remissio.
3210 4615 3278 4666 Et
3326 4613 3406 4666 sic
3456 4612 3535 4665 vi-

1939 4694 2121 4748 cissim
2155 4696 2526 4765 supportando
2548 4711 2644 4749 vos
2677 4696 3057 4767 adimplebitis
3083 4700 3258 4767 legem
3304 4698 3529 4753 Christi.

1940 4782 2184 4835 Christus
2208 4783 2349 4836 enim
2384 4783 2599 4837 nescius
2637 4784 2866 4852 peccati,
2906 4784 3033 4838 dum
3072 4793 3298 4854 peccata
3346 4793 3535 4839 nostra

1940 4868 1995 4922 in
2028 4885 2187 4924 cruce
2221 4871 2473 4940 portavit,
2506 4872 2645 4925 hanc
2676 4872 2729 4925 in
2759 4888 2818 4925 se
2865 4872 3045 4943 legem
3075 4872 3267 4938 attulit,
3300 4881 3356 4925 ut
3403 4873 3537 4928 alter

1941 4957 2271 5027 sicportaret
2317 4967 2597 5028 peccatum
2643 4960 2891 5028 proximi.
2935 4960 3230 5015 Considera
3278 4960 3532 5031 teipsum,

1938 5060 2007 5098 ne
2065 5045 2310 5100 similiter
2357 5047 2603 5101 tenteris.
2663 5049 2801 5101 Nam
2865 5049 2915 5102 si
2957 5050 3080 5120 quis
3138 5048 3535 5104 inconsiderate

1937 5147 2127 5203 agens,
2153 5135 2449 5188 existimat
2472 5152 2527 5189 se
2551 5150 2666 5189 esse
2690 5136 2921 5207 aliquid,
2943 5153 3074 5191 cum
3092 5153 3156 5190 ex
3189 5153 3248 5192 se
3268 5139 3416 5193 nihil
3436 5140 3530 5201 sit,

1938 5228 1990 5274 et
2021 5220 2065 5273 si
2086 5221 2261 5293 gratia
2293 5222 2346 5275 in
2378 5237 2442 5276 eo
2479 5222 2680 5293 aliquid
2712 5224 2798 5289 sit,
2836 5225 2950 5293 ipse
2973 5224 3051 5279 sic
3072 5225 3300 5295 opinans
3318 5227 3535 5282 seducit

1936 5309 2206 5380 seipsum,
2234 5310 2286 5363 id
2317 5319 2399 5364 est
2428 5311 2682 5364 seductor
2714 5312 2794 5364 sui
2825 5311 2995 5381 ipsius
3026 5322 3127 5367 est.
3164 5314 3341 5367 Nolite
3374 5314 3535 5366 sedu-

1938 5396 2007 5463 ci,
2025 5398 2123 5453 sed
2136 5400 2514 5471 unusquisque
2525 5398 2743 5468 probet,
2761 5400 2814 5453 id
2835 5409 2917 5454 est
2938 5401 3139 5468 videat,
3166 5416 3234 5455 an
3248 5399 3533 5470 probabile
