3960 6050
434 189 538 241 315

993 188 1050 242 S.
1091 139 1444 242 BRUNONIS
1484 179 2129 240 CARTHUSIANORUM
2165 179 2648 237 INSTITUTORIS
2687 179 2838 236 OPP.
2879 182 3056 238 PARS
3094 183 3162 237 II.

3621 188 3727 240 316

438 311 506 365 sit
536 326 674 383 Opus
702 328 885 376 suum,
922 314 979 366 et
1007 311 1364 380 sicprobatus
1387 308 1609 363 habebit
1635 310 1873 379 gloriam
1903 313 2025 359 tan-
2057 307 2105 366 A
2128 320 2330 359 meam.
2370 306 2437 358 Et
2451 304 2537 358 his
2569 320 2689 375 quae
2720 304 2912 375 scripsi
2932 306 3156 361 obedire
3188 306 3420 373 debetis,
3454 323 3563 363 non
3592 307 3723 363 illis.

434 400 714 453 tummodo
743 400 806 454 in
836 399 1152 469 semetipso,
1185 398 1241 451 id
1269 405 1349 451 est
1380 397 1522 467 apud
1556 412 1614 451 se
1634 396 1689 449 in
1740 393 2021 450 conscien-

438 487 530 551 tia,
565 492 621 542 et
650 489 848 541 nonin
879 488 1079 550 altero,
1114 485 1169 539 id
1188 494 1271 539 est
1298 501 1407 539 non
1428 485 1483 538 in
1504 482 1941 539 consideratione
1979 488 2031 535 et

438 581 750 645 contemptu
780 574 1017 629 alterius.
1052 575 1111 627 In
1143 590 1201 629 se
1250 574 1408 627 debet
1439 571 1664 644 gloriari
1708 586 1816 624 non
1864 570 1920 622 in
1947 568 2030 621 al-

438 669 579 716 tero.
631 664 772 717 Nam
816 664 1196 734 unusquisque
1242 678 1337 715 seu
1379 662 1576 729 justus,
1630 675 1726 713 seu
1756 664 2025 728 peccator,

435 747 685 818 portabit
712 745 768 799 in
796 746 884 799 die
914 746 1005 800 illo
1034 762 1176 801 onus
1223 762 1408 810 suum,
1444 744 1499 797 id
1555 751 1637 797 est
1692 740 2026 810 manipulum

437 850 613 899 suum,
650 850 811 904 quem
854 849 1021 903 opera
1078 848 1175 886 sua
1223 832 1480 902 colligere
1526 831 1694 902 digna
1752 837 1892 895 sunt,
1932 844 2029 881 seu

434 921 654 990 bonum,
702 937 797 975 seu
844 921 1069 975 malum.
1132 920 1229 974 Vel
1286 920 1356 973 ita
1399 919 1467 973 de
1507 926 1789 988 peccatore
1820 910 2057 969 tantum.

435 1024 615 1063 sermo
649 1009 732 1063 sit.
767 1011 864 1073 Tu,
899 1018 954 1062 ut
990 1010 1153 1078 juste,
1188 1024 1257 1062 ne
1304 1006 1554 1079 glorieris
1610 1006 1662 1058 in
1719 1012 2028 1072 contemptu

433 1097 754 1165 peccatoris.
847 1098 988 1151 Nam
1040 1096 1409 1166 unusquisque
1466 1101 1720 1164 peccator
1794 1090 2029 1162 portabit

434 1198 568 1238 onus
601 1201 773 1247 suum,
808 1185 863 1239 id
895 1194 977 1239 est
1004 1186 1218 1255 pondus
1250 1182 1457 1253 peccati
1488 1182 1593 1235 sui.

505 1272 809 1326 Admonitis
848 1273 1100 1342 praelatis,
1154 1271 1343 1341 quales
1381 1287 1440 1324 se
1487 1270 1722 1323 debeant
1771 1267 2027 1322 exhibere

431 1359 689 1424 subditis,
750 1361 1004 1414 admonet
1033 1358 1275 1413 subditos
1308 1366 1363 1411 ut
1394 1365 1710 1412 reverenter
1768 1356 2028 1409 obediant

432 1447 689 1516 prtelatis,
721 1447 910 1501 dicens
945 1465 957 1500 :
982 1446 1238 1500 Praelatus
1260 1462 1383 1501 cum
1404 1445 1620 1499 lenitate
1641 1444 1868 1497 instruat
1891 1444 2025 1497 sub-

436 1534 631 1587 ditum.
677 1535 726 1588 Is
755 1539 945 1589 autem
996 1536 1090 1607 qui
1120 1533 1570 1596 cathechinatur,
1617 1532 1671 1586 id
1702 1540 1785 1585 est
1825 1532 1914 1602 qui
1936 1531 2025 1584 in-

433 1622 677 1689 struitur,
710 1622 833 1677 licet
865 1639 972 1677 non
1004 1623 1250 1692 exemplo
1282 1622 1407 1676 boni
1429 1621 1607 1691 operis
1640 1638 1653 1674 :
1688 1621 1784 1673 sed
1832 1620 2025 1674 saltem
2048 1655 2100 1714 B

433 1710 591 1764 verbo
616 1710 714 1777 :is,
750 1710 987 1781 inquam,
1021 1711 1398 1766 communicet
1426 1717 1477 1763 et
1510 1708 1727 1762 obediat
1747 1712 1802 1763 et
1824 1708 1885 1762 in
1903 1724 2022 1762 om-

431 1796 597 1851 nibus
630 1798 788 1852 bonis
819 1815 938 1869 quae
966 1798 1093 1853 facit
1115 1799 1443 1852 ethortatur.
1479 1798 1544 1851 Ei
1573 1796 1696 1852 dico
1726 1797 1819 1868 qui
1848 1812 1905 1851 se
1934 1813 2029 1851 ca-

437 1884 699 1951 techizat,
726 1886 781 1939 id
813 1894 894 1940 est
925 1887 1013 1957 qui
1043 1886 1257 1940 instruit
1284 1886 1459 1939 illum.
1485 1885 1618 1939 Dico
1633 1884 2028 1939 communicate

433 1972 518 2025 his
550 1973 639 2043 qui
659 1989 759 2027 vos
788 1974 1078 2039 instruunt,
1115 1981 1165 2027 et
1195 1974 1370 2030 nolite
1402 1990 1612 2037 errare,
1647 1972 1702 2025 id
1732 1980 1813 2027 est
1859 1971 2026 2026 nolite

433 2076 532 2115 vos
552 2076 839 2127 excusare,
872 2063 1112 2117 dicentes
1140 2077 1249 2116 non
1280 2078 1400 2115 esse
1431 2060 1797 2115 obediendum
1828 2060 1906 2113 eis
1934 2059 2027 2130 qui

434 2148 603 2203 verbo
634 2149 773 2203 bene
803 2150 1018 2218 docent,
1053 2159 1104 2204 et
1134 2165 1242 2203 non
1274 2149 1351 2203 sic
1380 2157 1565 2220 agunt,
1600 2148 1722 2202 ideo
1753 2147 1917 2202 nolite
1947 2147 2027 2201 sic

435 2250 643 2301 errare,
676 2236 804 2306 quia
846 2239 991 2291 Deus
1020 2254 1133 2291 non
1185 2236 1480 2301 irridetur,
1516 2235 1570 2289 id
1600 2243 1681 2289 est
1709 2251 1819 2289 non
1877 2235 2025 2289 calva

431 2322 721 2377 occasione
749 2324 1063 2394 decipietur.
1101 2324 1259 2391 Quod
1290 2324 1334 2377 si
1368 2324 1725 2393 deciperetur,
1750 2322 2025 2376 irrisibilis

435 2418 597 2465 esset.
633 2412 773 2465 Vere
812 2428 921 2466 non
974 2412 1240 2476 irridetur,
1301 2413 1432 2484 quia
1483 2428 1604 2483 qua:
1658 2412 2027 2465 seminaverit

436 2499 616 2564 homo,
653 2500 769 2555 haec
786 2502 980 2571 utique
1011 2505 1204 2556 metet.
1240 2502 1305 2554 Et
1333 2516 1459 2555 vere
1516 2500 1781 2553 seminata
1836 2504 2021 2567 metet,

434 2588 701 2657 quoniam
723 2588 816 2658 qui
836 2589 1082 2642 seminat
1102 2590 1164 2642 in
1195 2605 1365 2643 carne
1386 2604 1509 2651 sua,
1541 2587 1593 2641 id
1616 2596 1697 2641 est
1727 2586 1817 2658 qui
1839 2601 2025 2655 Opera-

433 2681 520 2727 tur
549 2675 915 2745 corruptibilia
953 2676 1128 2731 carnis
1175 2675 1463 2741 desideria,
1492 2675 1580 2729 hic
1617 2676 1802 2748 utique
1850 2677 2025 2729 metet

434 2761 500 2816 de
515 2778 688 2817 carne
701 2765 1117 2833 corruptionem
1129 2806 1141 2829 ,
1158 2764 1278 2834 quia
1296 2763 1581 2817 seminavit
1593 2762 2019 2832 corruptionem.

438 2849 541 2916 Qui
554 2866 680 2905 vero
709 2853 1029 2905 seminatin
1052 2852 1287 2920 Spiritu,
1330 2851 1383 2903 id
1406 2858 1486 2904 est
1516 2850 1812 2904 secundum
1860 2849 2023 2903 ratio-

434 2952 579 3002 nem,
622 2936 711 2992 hic
741 2942 915 2993 metet
934 2939 999 2993 de
1027 2940 1245 3010 Spiritu
1272 2939 1579 3009 spiritalia,
1613 2938 1836 3004 scilicet,
1859 2936 2021 2991 vitam

2133 393 2457 464 Quicunque
2469 394 2623 447 enim
2643 394 2841 448 volunt
2860 394 3202 465 placereillis
3224 394 3426 450 Iudaeis
3446 397 3508 450 in
3527 412 3722 461 carne,

2129 480 2183 533 id
2214 487 2295 534 est
2326 480 2377 532 in
2408 479 2717 534 carnalibus
2738 481 3033 551 persuasis,
3061 482 3118 536 hi
3141 487 3345 554 cogunt
3366 499 3457 538 vos
3488 486 3729 539 circum-

2129 568 2260 623 cidi.
2308 568 2518 639 Cogunt
2546 568 2747 638 utique,
2799 569 2924 639 quia
2967 569 3277 640 importuno
3326 587 3577 627 sermone
3625 587 3727 627 vos

2129 655 2461 725 compellunt
2499 656 2566 709 ad
2608 657 2661 709 id
2708 658 2855 727 quod
2897 657 3196 712 rationibus
3240 660 3597 730 comprobare
3628 676 3727 715 ne-

2130 742 2328 797 sciunt.
2370 744 2581 815 Cogunt
2602 759 2700 797 vos
2721 744 3055 809 circumcidi,
3090 746 3194 802 hoc
3227 748 3619 803 tantummodo
3643 748 3727 801 in-

2129 831 2432 897 tendentes,
2452 834 2517 886 ut
2538 848 2653 886 non
2672 834 2977 902 patiantur
2997 849 3029 887 a
3044 834 3245 889 Judaais
3262 837 3725 907 persecutionem

2128 920 2313 974 crucis
2348 918 2571 983 Christi,
2608 936 2766 990 quam
2787 920 3106 989 praedicant.
3138 921 3308 976 Judaei
3335 922 3478 975 enim
3502 938 3723 978 crucem

2130 1005 2328 1060 Christi
2346 1022 2467 1061 cum
2498 1007 2909 1062 circumcisione
2939 1008 3077 1063 bene
3114 1010 3484 1064 concedebant
3513 1010 3725 1079 praedi-

2129 1093 2262 1147 cari.
2295 1096 2435 1149 Vere
2467 1095 2589 1149 ideo
2611 1102 2817 1149 tantum
2848 1112 2915 1150 ne
2945 1097 3232 1166 patiantur,
3267 1097 3390 1167 quia
3431 1113 3618 1151 amore
3647 1098 3728 1152 le-

2129 1181 2214 1253 gis
2237 1181 2365 1234 nihil
2388 1181 2615 1237 faciunt.
2648 1182 2803 1249 Quod
2826 1183 2905 1238 sic
2933 1183 3005 1236 ait
3029 1200 3041 1237 :
3066 1184 3131 1237 Hi
3152 1184 3361 1253 pseudo
3379 1187 3726 1255 quicircum-

2128 1269 2403 1323 ciduntur
2416 1286 2527 1323 non
2545 1271 3077 1341 custodiuntlegem,
3094 1273 3188 1326 sed
3200 1287 3300 1341 pro
3316 1287 3380 1326 eo
3396 1272 3510 1326 solo
3526 1274 3725 1327 volunt

2128 1373 2220 1411 vos
2241 1357 2592 1421 circumcidi,
2616 1362 2679 1411 ut
2700 1359 3019 1427 glorientur
3038 1359 3181 1427 apud
3199 1359 3335 1413 alios
3362 1362 3425 1414 in
3440 1376 3612 1415 carne
3634 1377 3723 1415 ve

2128 1448 2252 1499 stra
2282 1444 2622 1499 circumcisa.
2656 1445 2819 1499 Aiunt
2866 1445 3010 1499 enim
3047 1446 3152 1499 illis
3189 1462 3200 1500 :
3242 1447 3435 1501 Videte
3462 1456 3725 1518 quantum

2128 1532 2522 1587 incrementum
2553 1548 2650 1602 per
2679 1548 2778 1587 nos
2798 1532 2884 1587 lex
2915 1541 3098 1588 vestra
3127 1534 3342 1600 habeat,
3377 1535 3452 1588 illi
3482 1535 3725 1607 glorian-

2130 1628 2215 1674 tur
2244 1620 2297 1673 in
2330 1636 2511 1675 carne.
2548 1620 2651 1675 Sed
2675 1621 2818 1675 mihi
2846 1622 2991 1675 absit
3031 1623 3286 1692 gloriari,
3312 1624 3427 1677 nisi
3455 1624 3517 1677 in
3557 1640 3724 1679 cruce

2131 1708 2356 1764 Domini
2382 1708 2563 1761 nostri
2605 1709 2734 1763 Jesu
2780 1707 3029 1763 Christi!
3058 1708 3179 1778 Ego
3214 1710 3357 1764 enim
3380 1726 3479 1766 nec
3513 1726 3719 1782 quaero,

2132 1812 2233 1850 nec
2264 1795 2501 1865 praedico
2519 1794 2769 1866 gloriam,
2800 1794 2905 1848 nisi
2935 1796 3131 1850 crucis.
3149 1800 3256 1852 Per
3285 1814 3447 1869 quem
3477 1814 3718 1852 crucem.

2132 1883 2274 1937 Crux
2306 1882 2450 1937 enim
2483 1882 2779 1936 secundum
2814 1882 3168 1948 Priscianum,
3203 1885 3271 1938 de
3301 1884 3479 1939 dubiis
3501 1885 3721 1957 generi-

2130 1970 2230 2024 bus
2261 1977 2341 2024 est
2376 1989 2389 2036 ;
2422 1978 2473 2024 et
2491 1970 2790 2024 secundum
2822 1970 3161 2037 Haimonem,
3192 1970 3247 2025 in
3279 1972 3490 2039 Graeco,
3514 1988 3721 2027 mascu-

2129 2057 2256 2123 lini,
2292 2066 2343 2111 et
2390 2058 2514 2111 ideo
2555 2057 2844 2112 translator
2892 2058 3062 2113 noluit
3115 2068 3325 2114 mutare
3382 2060 3719 2115 relationem.

2128 2145 2233 2199 Per
2267 2162 2427 2215 quem
2468 2160 2705 2209 crucem,
2739 2144 2824 2199 vel
2878 2162 2979 2216 per
3010 2163 3171 2217 quem
3226 2147 3497 2202 Christum
3548 2136 3759 2203 cruci?

2132 2231 2317 2296 xum,
2348 2232 2491 2303 quod
2514 2231 2657 2286 idem
2677 2231 2840 2286 valet.
2865 2235 3105 2289 Mundus
3126 2240 3211 2290 est
3226 2235 3369 2290 mihi
3389 2237 3723 2305 crucixus,

2127 2320 2202 2373 ita
2232 2320 2376 2390 quod
2415 2319 2547 2372 nihil
2586 2320 2819 2389 amplius
2871 2321 2938 2375 de
2968 2322 3081 2375 suis
3111 2322 3491 2378 oblectamenti
3530 2322 3726 2379 oerat

2126 2407 2258 2461 mihi
2278 2408 2529 2462 mundus.
2544 2407 2665 2479 Ego
2683 2407 2845 2461 etiam
2868 2408 3157 2465 crucixus
3175 2427 3293 2465 sum
3315 2411 3518 2466 mundo
3541 2431 3555 2478 ;
3576 2412 3723 2482 quod

2128 2495 2173 2548 si
2202 2495 2331 2549 mihi
2354 2494 2590 2549 mundus
2615 2494 2793 2565 aliqua
2814 2495 2989 2565 offert,
3022 2498 3093 2551 ita
3112 2513 3240 2553 crux
3259 2499 3455 2554 Christi
3488 2516 3573 2554 me
3595 2515 3726 2555 con-

2128 2581 2398 2636 rmatum
2437 2583 2684 2638 astrinxit
2744 2585 2892 2654 quod
2929 2574 3037 2639 non
3089 2586 3294 2654 possim
3331 2586 3607 2642 declinare
3654 2586 3723 2640 ab

2124 2670 2232 2724 illa.
2258 2671 2385 2726 Ideo
2428 2671 2482 2725 in
2523 2687 2681 2727 cruce
2712 2681 2915 2727 tantum
2962 2673 3188 2745 glorior,
3236 2676 3368 2745 quia
3389 2676 3449 2729 in
3501 2674 3723 2731 Christo

2125 2761 2256 2814 Jesu
2272 2774 2448 2831 neque
2474 2761 2830 2816 circumcisio
2864 2762 3013 2815 valet
3048 2762 3282 2833 aliquid,
3313 2778 3489 2833 neque
3504 2779 3721 2834 praepu-

2129 2848 2290 2910 tium,
2312 2848 2406 2901 sed
2420 2849 2765 2905 solummodo
2786 2865 2927 2903 nova
2952 2852 3237 2914 creatura,
3257 2849 3311 2902 id
3333 2858 3414 2904 est
3443 2848 3579 2905 des
3600 2868 3723 2921 quae

2122 2933 2344 2989 innovat
2374 2942 2629 3000 mentem,
2660 2945 2711 2991 et
2731 2936 2893 2991 etiam
2930 2951 3147 2990 carnem
3179 2953 3344 3007 quam
3388 2936 3509 2992 facit
3530 2953 3563 2992 a
3597 2954 3723 3009 pec-

432 2997 710 3080 teternam.
746 3028 1035 3097 Postquam
1061 2997 1311 3080 divisim
1336 2997 1610 3096 praelatos,
1662 2997 1858 3080 deinde
1888 3026 2023 3079 sub-
2127 3022 2262 3077 catis
2292 3022 2539 3078 liberam.
2574 2997 2697 3079 Non
2757 3024 2880 3079 ideo
2942 3024 3147 3078 addidit
3186 2997 3523 3095 praeputium,
3574 2997 3722 3096 quod

432 3112 572 3167 ditos
612 3114 884 3179 instruxit,
944 3114 1137 3168 iterum
1193 3130 1410 3168 omnem
1466 3113 1768 3169 Ecclesiam
1821 3114 2024 3167 mistim

433 3200 706 3267 admonet,
741 3200 927 3255 dicens
962 3201 1111 3255 :Vos
1158 3201 1367 3271 praelati
1406 3201 1459 3255 in
1508 3201 1728 3255 lenitate
1778 3201 2024 3257 subditos

433 3287 698 3343 instruite.
734 3289 844 3344 Vos
876 3289 1074 3343 subditi
1104 3290 1155 3343 in
1189 3289 1336 3343 omni
1366 3290 1510 3344 bono
1553 3289 1637 3343 his
1668 3289 1757 3360 qui
1804 3306 1902 3344 vos
1935 3290 2023 3343 in-

435 3383 666 3443 struunt,
700 3378 1112 3433 communicate.
1158 3377 1362 3432 Omnes
1411 3387 1610 3446 autem,
1662 3386 1772 3432 tam
1816 3378 2026 3448 przelati

436 3479 599 3535 quam
628 3465 848 3529 subditi,
865 3482 1019 3536 aeque
1034 3466 1237 3520 bonum
1259 3468 1536 3536 facientes
1560 3482 1673 3522 non
1698 3467 2024 3534 deciamus

434 3553 569 3608 bene
595 3554 893 3624 operando.
922 3555 1035 3608 Nec
1060 3553 1293 3609 deficere
1333 3554 1595 3608 debemus
1626 3554 1679 3608 in
1722 3554 2021 3624 operando,

436 3641 561 3711 quia
592 3648 859 3697 metemus
888 3643 1195 3696 mercedem
1226 3642 1404 3711 operis
1434 3651 1678 3711 tempore
1711 3657 1828 3709 suo,
1862 3642 1915 3695 id
1944 3650 2026 3696 est

434 3736 753 3799 opportuno,
788 3745 901 3783 non
936 3729 1257 3797 decientes
1288 3730 1343 3782 in
1372 3730 1643 3784 metendo.
1677 3730 1744 3784 Et
1770 3729 1893 3799 quia
1918 3745 2028 3783 me-

431 3824 606 3870 temus
634 3832 744 3871 non
787 3816 1120 3882 decientes,
1157 3833 1305 3887 ergo,
1343 3817 1475 3871 dum
1501 3823 1719 3888 tempus
1766 3817 2027 3887 operandi

436 3904 720 3973 habemus,
752 3904 805 3957 id
827 3912 909 3959 est
937 3905 991 3957 in
1022 3905 1127 3959 hoc
1145 3906 1349 3958 mundo
1374 3922 1386 3958 :
1411 3922 1707 3977 operemur
1727 3905 1931 3960 bonum
1952 3906 2025 3961 ad

436 4006 650 4056 omnes,
682 3993 937 4046 maxime
968 3996 1161 4046 tamen
1200 3993 1272 4047 ad
1302 3993 1630 4049 domesticos
1660 3993 1815 4061 dei.
1872 3993 2027 4047 Prius

435 4079 578 4133 enim
610 4078 861 4134 delibus
882 4080 1195 4134 necessaria
1235 4080 1539 4135 ministrare
1587 4081 1871 4146 debemus,
1932 4081 2029 4137 de-

434 4166 561 4222 hinc
592 4166 638 4221 si
668 4167 1075 4237 superabundat
1102 4168 1262 4222 etiam
1279 4166 1606 4223 infidelibus.

482 4251 564 4305 Ab
574 4252 678 4307 hoc
694 4251 816 4306 loco
827 4252 1117 4321 Apostolus
1128 4252 1348 4322 prOpria
1360 4268 1520 4306 manu
1532 4252 2027 4324 praescripsitEpis

2129 3109 2330 3181 aliquid
2361 3118 2573 3180 putaret
2604 3112 2736 3166 illud
2766 3113 2944 3167 valere
2972 3112 3041 3166 ad
3075 3111 3256 3177 dem,
3282 3113 3379 3168 sed
3400 3121 3457 3167 ut
3478 3114 3728 3168 ostende-

2128 3207 2206 3253 ret
2273 3198 2744 3254 circumcisionem
2787 3215 2894 3253 non
2940 3200 3061 3270 plus
3120 3200 3369 3256 conferre
3396 3201 3450 3255 in
3505 3201 3721 3257 Christo

2131 3301 2295 3357 quam
2325 3287 2663 3357 prmpulium.
2697 3289 2817 3360 Ego
2859 3295 3063 3342 tantum
3097 3287 3307 3359 glorior
3358 3290 3412 3342 in
3444 3304 3628 3355 cruce,
3661 3295 3719 3345 et

2127 3378 2443 3447 quicunque
2466 3376 2612 3431 hanc
2638 3377 2895 3446 regulam
2917 3376 3096 3431 crucis
3130 3378 3309 3431 secuti
3329 3380 3567 3447 fuerint,
3590 3386 3647 3431 ut
3664 3377 3719 3432 in

2128 3478 2188 3517 ea
2204 3470 2404 3516 tantum
2418 3462 2736 3535 glorientur,
2750 3480 2867 3534 pax
2878 3462 2935 3517 t
2948 3479 3116 3534 super
3128 3465 3255 3519 illos
3270 3464 3485 3518 Galatas
3505 3465 3593 3535 qui
3612 3480 3721 3520 non

2126 3558 2508 3620 peccaverunt,
2527 3552 3000 3619 etmisericordia,
3029 3551 3082 3605 id
3105 3559 3186 3606 est
3208 3553 3445 3606 secunda
3468 3553 3717 3608 remissio

2128 3638 2212 3692 his
2245 3638 2334 3709 qui
2358 3638 2491 3708 lapsi
2531 3646 2673 3692 sunt.
2706 3639 2773 3692 Et
2802 3655 2913 3692 non
2956 3646 3161 3693 tantum
3210 3656 3375 3710 super
3419 3640 3559 3707 illos,
3621 3641 3719 3695 sed

2128 3727 2291 3781 etiam
2312 3743 2480 3797 super
2526 3742 2743 3780 omnem
2792 3726 2984 3791 Israel,
3043 3743 3152 3781 non
3182 3728 3273 3799 qui
3303 3727 3462 3782 fuerit
3514 3729 3717 3797 carnis,

2129 3815 2225 3869 sed
2256 3814 2375 3868 Dei.
2402 3815 2461 3868 In
2493 3814 2703 3869 Christo
2734 3822 2941 3868 tantum
2963 3815 3186 3887 quaerite
3215 3815 3467 3887 gloriam.
3501 3817 3576 3872 De
3606 3833 3719 3872 cce-

2132 3902 2339 3967 tero,id
2360 3902 2531 3956 estde
2572 3902 2983 3957 circumcisione
3032 3902 3220 3973 (quam
3277 3903 3527 3971 excludo)
3555 3921 3718 3960 nemo

2128 3991 2272 4046 mihi
2298 3992 2568 4046 molestus
2592 3991 2687 4045 sit.
2709 3989 2809 4044 Vel
2837 3990 2910 4045 ita
2940 3990 2995 4043 in
3025 3990 3297 4059 praterito
3332 4007 3418 4046 me
3448 3991 3721 4048 molestati

2129 4079 2279 4145 estis,
2314 4078 2411 4134 sed
2441 4079 2509 4134 de
2538 4086 2753 4145 caetero,
2788 4078 2842 4132 id
2873 4086 2955 4132 est
2985 4079 3203 4146 amodo,
3244 4079 3423 4135 videte
3472 4097 3540 4136 ne
3597 4080 3719 4151 quis

2127 4168 2259 4222 mihi
2279 4167 2541 4222 molestus
2588 4166 2673 4221 sit.
2714 4166 2832 4221 Nec
2869 4166 3081 4222 debetis
3112 4183 3199 4222 me
3236 4162 3575 4223 molestare.
3608 4170 3718 4241 Ego

2128 4258 2280 4311 enim
2301 4261 2458 4327 porto
2489 4255 2551 4308 in
2581 4271 2805 4325 corpore
2839 4270 2957 4311 meo
3013 4256 3285 4325 stigmata
3321 4257 3546 4312 Domini
3587 4258 3719 4313 Iesu

432 4338 699 4404 tolam,ne
718 4338 923 4393 Galatae
944 4340 1444 4413 ambigerenthanc
1458 4340 1756 4411 Epistolam
1781 4341 2021 4397 229
2046 4342 2096 4401 D
2131 4345 2361 4400 Christi.
2396 4343 2604 4413 Stigma
2634 4342 2827 4397 dicitur
2848 4342 3084 4413 signum,
3128 4344 3272 4414 quod
3302 4342 3360 4397 t
3392 4344 3570 4400 calido
3602 4344 3717 4400 fer-

431 4443 554 4481 esse
611 4426 792 4493 Pauli,
852 4428 973 4499 quia
1030 4429 1345 4484 destruebat
1401 4430 1489 4484 hic
1534 4429 2019 4498 circumcisionem,

431 4516 500 4570 de
530 4530 637 4587 quo
665 4515 740 4569 illi
770 4516 979 4585 pseudo
993 4516 1454 4572 dixerantGalatis
1476 4519 1621 4588 quod
1643 4518 1804 4571 modo
1828 4518 2023 4571 Paulus

429 4604 649 4659 doceret
678 4603 1175 4659 circumcisionem.
1214 4606 1367 4661 Unde
1398 4606 1475 4660 sic
1506 4606 1579 4659 ait
1605 4606 1699 4660 :Ut
1727 4605 1843 4659 haec
1874 4622 2020 4674 prae-

433 4700 586 4763 cepta
616 4691 850 4747 credatis
869 4708 991 4747 esse
1022 4708 1160 4757 mea,
1188 4694 1365 4747 videte
1382 4693 1638 4764 qualibus
1660 4694 1868 4747 litteris
1887 4694 2022 4748 scri-

429 4782 517 4851 psi
548 4781 715 4845 vobis,
740 4780 805 4833 ab
836 4781 961 4835 hinc
988 4797 1113 4835 mea
1143 4780 1359 4850 propria
1391 4797 1587 4846 manu,
1621 4789 1677 4834 ut
1709 4780 2018 4849 cognitione

432 4868 713 4938 scriptura:
769 4884 905 4923 meae
955 4868 1087 4924 certi
1143 4868 1332 4923 essetis
1370 4868 1510 4922 hanc
1566 4868 1866 4939 Epistolam
1897 4884 2018 4924 esse

2124 4448 2203 4486 ro.
2238 4432 2335 4486 Hic
2380 4439 2563 4485 autem
2602 4430 2797 4484 Paulus
2832 4438 3053 4486 catenas
3107 4440 3159 4485 et
3206 4439 3398 4486 caetera
3452 4440 3719 4488 tormenta

2124 4519 2413 4585 sustinens,
2461 4534 2560 4588 pro
2593 4518 2806 4572 Christo
2855 4518 3132 4591 stigmata,
3164 4518 3218 4572 id
3250 4527 3331 4574 est
3362 4519 3540 4592 signa,
3573 4521 3719 4593 quod

2122 4607 2281 4661 miles
2311 4606 2511 4660 Christi
2543 4615 2705 4671 esset,
2731 4605 2787 4659 in
2831 4621 3063 4676 corpore
3086 4607 3358 4677 portabat.
3393 4609 3586 4663 Gratia
3614 4611 3718 4664 Do-

2120 4696 2266 4749 mini
2287 4694 2468 4749 nostri
2488 4695 2621 4748 Jesu
2640 4694 2849 4749 Christi
2864 4696 2940 4749 sit
2971 4711 3100 4750 cum
3120 4696 3330 4767 spiritu
3352 4700 3563 4765 vestro,
3594 4698 3714 4767 fra-

2123 4789 2259 4840 tres.
2296 4784 2493 4838 Amen.

433 5039 2025 5053 *_-

1166 5227 1657 5285 ARGUMENTUM
1696 5231 1767 5284 IN
1804 5228 2195 5286 EPISTOLAM
2234 5232 2437 5288 PAULI
2474 5232 2568 5287 AD
2607 5233 2969 5289 EPHESIOS.

499 5402 722 5483 Ephesii
753 5410 876 5483 su_nt
904 5403 1107 5483 Asiani.
1143 5404 1207 5459 Hi
1238 5412 1462 5476 accepto
1496 5405 1661 5483 3.1199
1690 5404 1960 5483 veritatis,
1993 5408 2340 5476 perstiterunt
2388 5408 2443 5464 in
2491 5408 2615 5466 de.
2650 5411 2762 5466 Hos
2791 5410 3063 5467 collaudat
3110 5410 3429 5483 Apostolus,
3470 5412 3716 5467 scribens

429 5476 509 5533 eis
538 5475 606 5530 ab
636 5474 769 5530 urbe
797 5475 969 5533 Roma
998 5476 1067 5531 de
1098 5491 1317 5532 carcere
1339 5518 1351 5544 ,
1373 5474 1481 5553 'per
1508 5476 1785 5533 Tichicum
1814 5474 2123 5535 diaconum.
