3960 6050
201 203 314 256 317

819 197 1199 256 EXPOSITIO
1237 200 1311 255 IN
1348 197 1730 255 EPISTOLAS
1770 201 1992 257 PAULI.
2027 230 2097 243 —-
2125 201 2200 257 IN
2235 201 2459 257 EPIST.
2507 202 2600 257 AD
2640 200 2892 256 EPHES.

3401 203 3503 255 318

2038 358 2073 369 Δ

1069 509 1513 573 PROLOGUS
1556 513 1634 572 B.
1680 508 2099 571 BRUNONIS
2142 510 2226 570 IN
2268 509 2637 571 EAMDEM.

282 671 533 739 Ephesus
555 668 747 725 civitas
777 675 861 723 est
890 668 943 722 in
965 667 1114 723 Asia.
1135 667 1257 722 Non
1288 668 1405 723 hac
1434 675 1518 722 est
1536 667 1668 722 Asia
1688 683 1807 739 qua
1830 670 1882 728 Α
1910 667 2138 733 recidat,
2171 666 2247 720 ita
2276 683 2494 737 semper
2553 668 2713 723 habet
2745 683 2850 739 quo
2906 675 3132 723 crescat.
3186 666 3315 739 Agit
3348 665 3512 720 etiam

212 757 410 811 dividit
444 758 653 823 orbem,
688 757 786 811 sed
817 764 901 810 est
920 755 1198 826 provincia
1220 755 1469 825 quadam
1499 756 1554 809 in
1575 754 1810 821 Gracia,

208 844 421 899 habens
450 853 659 915 septem
693 844 961 910 civitates,
995 858 1223 914 quarum
1258 843 1507 913 Ephesus
1535 850 1810 913 metropo-

206 932 280 987 lis
331 941 430 1000 est,
463 934 657 1005 quibus
705 934 974 997 Joannes,
1037 931 1314 1003 relegatus
1356 931 1411 984 in
1442 932 1696 985 Pathmos
1725 930 1813 985 in-

207 1021 406 1085 sulam,
464 1021 677 1091 scripsit
735 1019 1144 1090 Apocalypsim.
1208 1019 1272 1073 Hi
1345 1019 1567 1089 Ephesii
1625 1018 1811 1073 audito

208 1110 382 1164 verbo
404 1106 527 1163 fidei
557 1124 590 1161 a
624 1108 807 1173 Paulo,
844 1107 1210 1167 crediderunt,
1247 1114 1299 1161 et
1328 1122 1491 1176 opera
1529 1106 1655 1161 fidei
1687 1106 1806 1161 lau-

210 1196 475 1250 dabiliter
517 1195 761 1250 230
801 1195 1012 1265 operati
1041 1202 1183 1248 sunt.
1237 1193 1446 1262 Quibus
1496 1195 1809 1264 Apostolus,

211 1285 345 1339 dum
369 1285 553 1339 Roma
582 1291 727 1338 esset
744 1284 801 1336 in
830 1298 1069 1347 carcere,
1095 1282 1313 1351 scripsit
1332 1283 1472 1336 hanc
1490 1282 1809 1352 Epistolam,

213 1372 448 1427 sollicite
476 1371 773 1441 providens
804 1370 884 1425 eis
914 1387 983 1424 ne
1028 1369 1165 1424 forte
1196 1370 1263 1425 de
1308 1386 1374 1424 eo
1432 1370 1578 1441 quod
1608 1370 1663 1423 in
1706 1369 1813 1425 fide

208 1460 352 1515 bene
382 1460 737 1529 perstiterant
768 1458 1143 1528 superbirent,
1177 1465 1229 1511 et
1257 1458 1363 1513 hoc
1384 1458 1565 1512 virtuti
1593 1474 1703 1511 sua
1733 1473 1815 1512 as-

208 1548 505 1603 criberent.
530 1546 717 1614 Quod,
753 1546 895 1601 sicut
924 1546 1224 1615 incaperat
1253 1546 1308 1599 in
1339 1545 1417 1599 eis
1438 1545 1815 1600 misericordia

209 1636 330 1701 Dei,
365 1636 456 1705 pie
487 1634 922 1689 consummabat.
960 1634 1019 1687 In
1067 1634 1170 1689 hac
1212 1641 1390 1687 autem
1421 1634 1663 1704 Epistola
1692 1649 1814 1688 ma-

208 1724 405 1778 teriam
437 1723 603 1777 habet
633 1722 899 1777 beneficia
949 1722 1070 1776 Dei.
1104 1722 1186 1776 De
1218 1721 1413 1792 quibus
1442 1722 1495 1775 in
1530 1723 1675 1777 hunc
1703 1737 1817 1776 mo-

209 1812 341 1866 dum
372 1811 507 1882 agit,
542 1811 844 1865 ostendens
875 1826 937 1864 ea
968 1823 1090 1864 esse
1121 1824 1231 1864 non
1279 1826 1344 1863 ex
1375 1809 1568 1864 merito
1634 1810 1815 1864 homi-

210 1900 312 1963 nis,
353 1899 453 1953 sed
479 1914 545 1953 ex
578 1898 918 1969 beneplacito
940 1898 1059 1954 Dei.
1082 1897 1332 1952 Ostendit
1361 1898 1523 1952 etiam
1552 1896 1818 1952 beneﬁcia

212 1988 311 2042 Dei
343 2003 468 2042 esse
498 1986 839 2055 hujusmodi,
892 1986 1038 2057 quod
1093 2001 1252 2041 nemo
1284 1994 1428 2040 tanta
1482 1985 1815 2056 perfectione

210 2075 463 2129 ascendit
492 2075 548 2128 in
578 2075 703 2142 illis,
734 2074 863 2145 quin
909 2074 1086 2129 adhuc
1134 2074 1472 2145 relinquatur
1519 2074 1569 2129 ei
1601 2090 1707 2145 quo
1738 2089 1819 2127 as-

210 2162 452 2218 cendere
482 2162 677 2233 possit.
705 2162 855 2218 Sicut
886 2162 1031 2217 enim
1064 2162 1228 2218 homo
1259 2178 1476 2233 semper
1518 2163 1678 2216 habet
1707 2177 1813 2233 quo

1912 755 2021 820 hic,
2054 755 2327 825 quomodo
2356 764 2533 825 patres
2563 756 2798 811 debeant
2830 772 3069 826 praesse
3101 753 3224 808 filiis
3243 797 3255 818 ,
3290 753 3383 807 lilii
3403 770 3508 823 pa-

1914 842 2159 897 rentibus
2181 842 2391 910 subjici.
2425 842 2682 897 Similiter
2725 845 2792 897 de
2842 843 3073 898 dominis
3105 850 3156 897 et
3183 841 3396 907 servis;
3436 842 3506 895 de

1910 930 2169 985 uxoribus
2217 940 2268 984 et
2299 930 2530 999 maritis,
2566 940 2767 1002 quanta
2797 928 3265 986 confaderatione
3290 929 3393 983 sibi
3422 928 3509 984 vi-

1912 1018 2098 1073 cissim
2136 1034 2238 1088 pro
2267 1020 2429 1073 modo
2461 1020 2787 1073 conditionis
2827 1027 2880 1073 et
2910 1035 3072 1073 sexus
3102 1018 3335 1072 debeant
3385 1017 3513 1071 sub-

1914 1106 2136 1161 servire.
2171 1107 2250 1159 De
2272 1105 2549 1161 beneficiis
2580 1107 2679 1161 Dei
2709 1108 2762 1160 in
2792 1107 2937 1161 hunc
2968 1106 3190 1160 modum
3220 1106 3342 1160 ideo
3372 1105 3505 1177 agit,

1913 1210 1981 1248 ne
2011 1193 2232 1263 Ephesii
2263 1194 2332 1247 de
2370 1194 2514 1248 bono
2535 1195 2681 1265 quod
2702 1202 2870 1264 agunt
2893 1194 3241 1250 occasionem
3271 1194 3508 1247 habeant

1914 1281 2281 1350 superbiendi,
2316 1282 2443 1334 dum
2473 1282 2605 1334 nihil
2636 1298 2702 1336 ex
2733 1298 2821 1345 se,
2856 1282 2953 1335 sed
2984 1289 3151 1335 totum
3208 1296 3267 1335 se
3302 1281 3507 1334 habere

1912 1369 2135 1423 audiunt
2175 1386 2240 1424 ex
2272 1369 2642 1424 misericordia
2681 1369 2806 1423 Dei.
2874 1370 3072 1423 Iterum
3128 1369 3249 1423 ideo
3294 1384 3363 1422 ne
3393 1376 3510 1422 tor-

1912 1464 2077 1527 peant
2100 1456 2154 1509 in
2186 1457 2327 1511 bene
2355 1457 2569 1528 agendo
2593 1499 2605 1523 ,
2640 1458 2769 1510 dum
2802 1457 3025 1511 audiunt
3068 1472 3127 1510 se
3160 1471 3321 1525 posse
3351 1456 3510 1511 inve-

1914 1544 2033 1599 nire
2062 1560 2169 1615 quo
2199 1553 2444 1599 crescant
2506 1545 2559 1599 in
2607 1544 2873 1615 obsequio
2904 1544 3023 1598 Dei.
3074 1545 3187 1597 Hos
3244 1544 3512 1614 Ephesios

1916 1632 2110 1686 Paulus
2140 1632 2428 1686 discedens
2458 1632 2525 1685 ab
2557 1632 2637 1686 eis
2668 1633 2722 1685 in
2762 1649 2929 1686 unum
2959 1631 3297 1699 convocavit,
3325 1631 3512 1686 dicens

1916 1720 1994 1773 eis
2020 1738 2033 1773 :
2056 1722 2200 1775 Ecce
2232 1736 2419 1774 sanam
2444 1719 2604 1775 fidem
2636 1720 2831 1774 tradidi
2865 1720 3039 1783 vobis,
3074 1719 3253 1774 videte
3283 1735 3351 1773 ne
3372 1720 3516 1775 hanc

1916 1808 2123 1862 irritam
2154 1808 2382 1863 faciatis.
2412 1809 2533 1880 Ego
2576 1808 2721 1861 enim
2771 1808 2966 1862 amodo
2994 1807 3132 1862 liber
3162 1824 3302 1873 sum,
3337 1807 3433 1861 sed
3464 1806 3511 1860 si

1916 1896 2059 1951 male
2090 1896 2334 1967 egeritis,
2379 1898 2526 1951 Deus
2572 1896 2676 1951 hoc
2724 1895 2964 1966 requiret
2994 1910 3027 1949 a
3054 1895 3207 1950 vobis
3240 1894 3386 1965 (Act.
3412 1908 3506 1960 xx,

1915 1985 2026 2054 2'7).
2062 1985 2166 2039 Pro
2196 1984 2279 2037 his
2307 1984 2490 2040 verbis
2524 1992 2576 2039 et
2605 1983 2912 2053 hujusmodi
2944 1982 3253 2039 solertiores
3296 1981 3510 2036 fuerunt

1917 2071 2203 2143 providere
2243 2072 2365 2128 sibi.

1137 2481 1685 2567 EPISTOLA
1750 2482 1895 2565 AD
2000 2480 2582 2566 EPHESIOS.

726 2688 953 2745 CAPUT
994 2688 1286 2745 PRIMUM.

282 2815 304 2845 ι
346 2794 543 2849 Paulus
589 2794 864 2865 apostolus
911 2794 1040 2849 Jesu
1070 2794 1273 2849 Christi
1328 2810 1429 2864 per
1478 2793 1812 2849 voluntatem

212 2906 233 2930 ιι
276 2882 400 2946 Dei,
434 2882 636 2937 sanctis
668 2882 923 2937 omnibus
950 2883 1040 2953 qui
1098 2890 1221 2936 sunt
1265 2882 1488 2952 Ephesi,
1524 2890 1577 2936 et
1631 2881 1811 2936 fideli-

1919 2714 1939 2737 α
1978 2689 2079 2745 tias
2118 2705 2290 2761 agens
2320 2705 2420 2760 pro
2450 2689 2626 2756 vobis,
2660 2690 2981 2745 memoriam
3031 2688 3196 2744 vestri
3224 2688 3429 2744 faciens
3457 2689 3513 2743 in

1919 2799 1941 2828 α
1976 2778 2312 2833 orationibus
2362 2779 2520 2844 meis,
2576 2786 2635 2832 ut
2665 2780 2830 2844 Deus,
2893 2778 3108 2833 Domini
3168 2777 3338 2832 nostri
3381 2778 3511 2833 Jesu

1918 2887 1939 2916 ι
1976 2866 2176 2920 Christi
2207 2868 2363 2921 Pater
2392 2866 2597 2937 gloria,
2631 2866 2721 2921 det
2754 2867 2911 2921 vobis
2943 2866 3203 2936 Spiritum
3234 2865 3512 2936 sapientia

212 2991 235 3019 ι
269 2971 376 3025 bus
408 2970 463 3024 in
521 2970 736 3025 Christo
789 2970 947 3035 Jesu’
993 2970 1172 3041 gratia
1228 2970 1383 3025 vobis
1411 2977 1463 3025 et
1491 2985 1595 3040 pax
1626 2985 1657 3024 ε
1693 2971 1808 3025 Deo
1841 2991 1886 3050 Ο
1922 2977 1943 3001 α
1982 2962 2034 3009 et
2064 2954 2412 3009 revelationis
2446 2954 2501 3008 in
2539 2954 2815 3024 agnitione
2846 2954 2997 3023 ejus;
3032 2954 3361 3009 illuminatos
3381 2969 3512 3009 ocu-

210 3078 232 3108 ι
266 3067 424 3127 patre
454 3066 662 3123 nostro,
695 3066 745 3112 et
778 3058 1010 3113 Domino
1043 3059 1171 3113 Jesu
1201 3058 1434 3113 Christo.
1485 3059 1810 3113 Benedictus

211 3167 234 3197 ι
266 3147 419 3201 Deus
450 3154 503 3201 et
532 3148 691 3201 Pater
737 3146 953 3200 Domini
986 3146 1161 3201 nostri
1188 3146 1317 3201 Jesu
1349 3147 1579 3211 Christi,
1605 3147 1697 3218 qui
1727 3146 1815 3201 be-

213 3255 235 3284 ι
270 3234 487 3289 nedixit
510 3250 610 3289 nos
640 3235 694 3288 in
727 3234 876 3289 omni
904 3233 1287 3290 benedictione
1318 3234 1583 3304 spirituali
1610 3235 1665 3287 in
1695 3250 1812 3289 coe-

213 3344 234 3373 ι
269 3322 499 3376 lestibus
528 3323 581 3376 in
613 3322 859 3387 Christo,
896 3322 1034 3377 sicut
1066 3322 1230 3393 elegit
1288 3338 1389 3377 nos
1434 3322 1489 3376 in
1542 3322 1662 3393 ipso
1690 3331 1813 3377 ante

212 3433 233 3458 α
268 3410 459 3464 mundi
499 3410 977 3476 constitutionem,
1008 3418 1065 3464 ut
1103 3426 1348 3465 essemus
1397 3410 1568 3465 sancti
1595 3418 1649 3465 et
1704 3411 1812 3464 im-

212 3517 234 3541 a
270 3494 525 3549 maculati
554 3495 608 3549 in
650 3502 948 3565 conspectu
976 3494 1091 3562 ejus
1123 3495 1179 3548 in
1218 3496 1501 3550 charitate.
1536 3494 1639 3563 Qui
1667 3511 1811 3564 pra-

212 3608 232 3629 ι-
270 3583 564 3638 destinavit
611 3598 710 3638 vos
742 3583 796 3636 in
843 3582 1189 3652 adoptionem
1238 3582 1469 3638 filiorum
1499 3599 1596 3653 per
1624 3583 1813 3637 Jesum

180 3693 234 3733 ,ι
272 3671 548 3726 Christum
580 3671 635 3724 in
664 3672 862 3741 ipsum,
907 3671 1206 3726 secundum
1240 3672 1581 3741 propositum
1612 3671 1812 3726 volun-

212 3781 235 3811 ι
271 3760 397 3814 tatis
430 3775 544 3814 sua
570 3801 582 3824 ,
617 3759 671 3813 in
703 3758 918 3814 laudem
962 3758 1154 3828 gloria
1210 3759 1395 3830 gratia
1452 3775 1593 3825 sua,
1626 3758 1681 3812 in
1709 3774 1812 3829 qua

211 3870 232 3895 ι
272 3846 606 3919 gratiﬁcavit
635 3862 736 3901 nos
765 3847 821 3900 in
849 3847 1047 3901 dilecto
1077 3847 1211 3901 Filio
1243 3862 1360 3914 suo,
1396 3846 1449 3900 in
1480 3862 1587 3917 quo
1636 3847 1811 3901 habe-

214 3957 234 3986 ι
268 3936 401 3989 mus'
426 3935 862 4005 redemptionem
894 3950 991 4005 per
1024 3934 1344 4006 sanguinem
1374 3935 1490 4003 ejus
1531 3935 1585 3988 in
1620 3935 1813 3989 remis-

212 4045 234 4073 ε
273 4024 486 4078 sionem
508 4030 877 4093 peccatorum,
900 4024 1197 4077 secundum
1212 4023 1428 4077 divitias
1451 4023 1643 4095 gratia
1674 4025 1809 4091 ejus,

212 4135 235 4159 α
271 4129 396 4183 qua
428 4111 887 4182 superabundavit
916 4111 971 4164 in
1016 4111 1173 4166 nobis
1202 4112 1257 4165 in
1284 4111 1435 4165 omni
1466 4112 1729 4182 sapientia
1758 4120 1812 4167 et

213 4221 235 4249 ι
271 4200 583 4271 prudentia,
646 4208 702 4253 ut
733 4206 918 4254 notum
948 4198 1151 4254 faceret
1205 4199 1362 4254 nobis
1411 4208 1810 4255 sacramentum

212 4312 232 4334 -
272 4288 567 4343 voluntatis
596 4304 728 4354 sua,
762 4288 1061 4343 secundum
1084 4288 1485 4357 beneplacitum
1515 4289 1633 4356 ejus
1663 4289 1807 4359 quod

212 4400 233 4422 α
280 4377 565 4446 proposuit
604 4375 661 4430 in
718 4391 784 4431 eo
812 4419 825 4442 ,
859 4376 913 4429 in
971 4376 1379 4446 dispensatione
1451 4375 1806 4446 plenitudinis

219 4488 239 4513 ι
280 4474 583 4535 temporum
640 4464 944 4519 instaurare
998 4465 1181 4519 omnia
1229 4464 1284 4518 in
1342 4464 1570 4529 Christo,
1604 4481 1725 4535 qua
1753 4466 1809 4519 in

221 4576 243 4601 α
276 4553 433 4608 calis
468 4553 606 4607 etin
635 4560 780 4608 terra
810 4560 935 4606 sunt
966 4552 1019 4606 in
1062 4553 1201 4622 ipso.
1265 4554 1323 4606 In
1362 4568 1469 4622 quo
1507 4552 1670 4607 etiam
1708 4569 1808 4608 nos

220 4660 240 4691 ι
276 4649 429 4696 sorte
468 4642 643 4696 vocati
685 4657 893 4706 sumus,
952 4640 1325 4710 pradestinati
1353 4641 1649 4696 secundum
1678 4657 1808 4711 pro-

216 4753 237 4775 ιι
276 4730 514 4799 positum
544 4730 679 4797 ejus,
714 4730 805 4800 qui
850 4737 1101 4800 operatur
1130 4729 1313 4783 omnia
1342 4730 1643 4784 secundum
1672 4745 1808 4785 con-

214 4836 236 4857 -
276 4813 397 4867 silia
427 4812 716 4867 voluntatis
739 4829 871 4877 sua,
898 4821 955 4866 ut
981 4812 1149 4866 simus
1167 4812 1221 4865 in
1246 4812 1466 4867 laudem
1486 4813 1675 4883 gloria
1691 4814 1808 4880 ejus

215 4924 235 4945 α
274 4916 377 4955 nos
408 4900 498 4971 qui
528 4908 654 4956 ante
682 4900 1023 4970 speravimus
1051 4901 1106 4954 in
1137 4899 1366 4955 Christo.
1395 4901 1455 4954 In
1486 4916 1593 4971 quo
1627 4909 1679 4954 et
1711 4917 1808 4956 vos

214 5014 235 5037 «ι
273 5005 400 5045 cum
430 4989 720 5044 audissetis
749 4989 980 5043 verbum
1019 4988 1293 5055 veritatis,
1327 4989 1688 5061 Evangelium
1728 5006 1818 5045 sa-

211 5102 232 5125 u
271 5077 402 5131 Iutis
432 5085 628 5131 vestra
657 5076 956 5146 recepistis.
984 5077 1043 5130 In
1073 5092 1179 5147 quo
1209 5084 1258 5131 et
1297 5077 1429 5132 cred
1451 5086 1605 5133 entes
1626 5078 1823 5150 signati

206 5190 226 5212 ι
264 5168 401 5220 estis
432 5165 650 5235 Spiritu
702 5164 1079 5235 promissionis
1111 5174 1327 5231 sancto,
1361 5166 1453 5236 qui
1513 5176 1593 5221 est
1622 5167 1823 5239 pignus

201 5280 221 5299 α
262 5254 477 5323 (arrha)
500 5253 842 5307 hareditatis
880 5261 1081 5309 nostra
1110 5253 1164 5309 in
1187 5254 1616 5324 redemptionem
1643 5255 1826 5327 acqui-

203 5363 225 5393 ι
262 5340 482 5396 sitionis
510 5340 566 5395 in
595 5341 811 5396 laudem
848 5342 1051 5412 gloria
1091 5342 1282 5413 ipsius.
1318 5344 1611 5413 Propterea
1641 5351 1692 5399 et
1720 5360 1824 5414 ego

202 5454 223 5475 α
264 5430 499 5483 audiens
527 5428 689 5484 fidem
737 5437 976 5485 vestram
1055 5448 1176 5502 qua
1206 5439 1288 5486 est
1319 5431 1375 5485 in
1433 5431 1647 5485 Christo
1676 5432 1822 5505 Jcsu,

212 5542 233 5566 ιι
273 5525 330 5574 et
358 5517 706 5576 dilectionem
734 5518 789 5574 in
834 5535 1023 5576 omnes
1053 5527 1303 5589 sanctos,
1359 5535 1471 5576 non
1500 5535 1656 5576 cesso
1692 5535 1826 5593 gra-

1830 4341 1881 4399 D

1921 3064 1942 3091 ι
1980 3042 2067 3101 los.
2093 3042 2275 3097 cordis
2307 3042 2502 3108 vestri,
2538 3051 2594 3096 ut
2623 3043 2806 3097 sciatis
2837 3060 2957 3113 qua
3007 3042 3075 3095 sit
3121 3058 3247 3111 spes
3273 3042 3512 3097 vocatio-

1918 3154 1939 3195 ᾳ
1982 3130 2061 3184 nis
2095 3131 2231 3199 ejus,
2256 3138 2308 3186 et
2337 3147 2459 3201 qua
2490 3131 2691 3185 divitia
2721 3131 2909 3201 gloria
2958 3130 3287 3186 hareditatis
3318 3131 3435 3199 ejus
3455 3129 3512 3183 in

1918 3240 1939 3268 ι
1982 3219 2205 3283 sanctis,
2240 3226 2293 3273 et
2322 3235 2444 3289 qua
2493 3218 2561 3273 sit
2597 3218 3012 3288 supereminens
3056 3218 3373 3289 magnitudo
3401 3217 3513 3272 vir-

1917 3328 1938 3353 α
1977 3306 2107 3359 tutis
2152 3306 2269 3374 ejus
2288 3306 2343 3360 in
2376 3322 2496 3371 nos,
2532 3307 2622 3377 qui
2653 3307 2930 3362 credimus
2976 3307 3277 3361 secundum
3321 3322 3515 3377 Opera-

1917 3416 1938 3444 ι
1976 3394 2177 3448 tionem
2225 3394 2482 3464 potentia
2530 3395 2745 3449 virtutis
2778 3396 2917 3463 ejus,
2942 3411 3104 3465 quam
3135 3402 3390 3464 Operatus
3434 3401 3517 3450 est

1916 3505 1937 3529 «
1974 3482 2029 3535 in
2059 3482 2270 3537 Christo
2302 3483 2448 3551 Jesu,
2476 3484 2746 3539 suscitans
2782 3484 2931 3537 illum
2970 3498 3000 3536 a
3030 3482 3279 3537 mortuis.
3305 3484 3371 3537 Et
3392 3497 3515 3539 con-

1915 3597 1937 3619 ι
1978 3572 2205 3626 stituens
2234 3572 2301 3625 ad
2346 3572 2623 3626 dexteram
2670 3587 2824 3625 suam
2867 3571 2922 3624 in
2978 3570 3291 3626 caelestibus
3350 3586 3515 3641 super

1916 3683 1937 3706 α
1981 3675 2194 3713 omnem
2227 3660 2608 3730 principatum,
2634 3667 2686 3714 et
2714 3666 3056 3730 potestatem,
3075 3667 3128 3713 et
3155 3658 3428 3725 virtutem,
3463 3666 3516 3714 et

1919 3771 1939 3795 α
1976 3748 2416 3803 dominationem.
2461 3750 2528 3803 Et
2571 3764 2733 3803 omne
2774 3764 2972 3803 nomen
3024 3748 3169 3818 quod
3206 3747 3516 3802 nominatur

1918 3860 1938 3883 α
1981 3852 2089 3891 non
2120 3837 2293 3891 solum
2326 3837 2381 3890 in
2411 3838 2516 3893 hoc
2546 3837 2778 3903 saculo,
2812 3836 2909 3891 sed
2940 3836 3100 3891 etiam
3132 3836 3187 3889 in
3216 3834 3429 3900 futuro;
3462 3843 3517 3891 et

1920 3946 1943 3975 α
1978 3925 2160 3979 omnia
2191 3925 2418 3993 subjecit
2460 3926 2562 3979 sub
2624 3925 2853 3995 pedibus
2885 3926 3021 3993 ejus.
3049 3925 3117 3979 Et
3163 3925 3340 3994 ipsum
3370 3923 3516 3979 dedit

1915 4033 1937 4063 α
1972 4021 2133 4083 caput
2162 4029 2326 4083 supra
2357 4030 2579 4069 omnem
2634 4013 2976 4080 Ecclesiam,
3010 4028 3131 4084 qua
3186 4020 3269 4068 est
3318 4027 3516 4083 corpus

1918 4122 1939 4151 α
1976 4101 2147 4172 ipsius
2200 4101 2432 4157 231
2489 4110 2541 4156 et
2589 4102 2867 4172 plenitudo
2924 4102 3039 4170 ejus
3081 4100 3173 4172 qui
3234 4100 3420 4156 omnia
3459 4100 3516 4155 in
3592 4112 3603 4124 '

1920 4210 1942 4240 ι
1978 4189 2228 4244 omnibus
2259 4189 2608 4260 adimpletur.
2651 4210 2674 4241 ›

2526 4363 2838 4403 EXPOSITIO.

1990 4464 2225 4527 Paulus,
2267 4470 2372 4517 etc.
2399 4464 2614 4518 Paulus
2643 4464 2934 4535 apostolus
2959 4462 3167 4520 Christi
3183 4466 3331 4530 Jesu,
3357 4481 3517 4536 quem

1919 4552 2165 4605 Christus
2197 4551 2355 4605 Jesus
2385 4550 2703 4620 Apostolum
2724 4550 2977 4622 gentibus
3014 4552 3373 4607 consecravit.
3400 4555 3516 4609 Un-

1919 4641 1987 4695 de
2006 4648 2228 4710 apparet
2246 4640 2388 4711 quod
2413 4639 2568 4694 vobis
2589 4639 2883 4709 Apostolus
2912 4640 2998 4694 sit.
3024 4642 3257 4706 Paulus,
3277 4640 3515 4712 inquam,

1919 4730 2209 4800 apostolus
2249 4728 2478 4793 Christi,
2513 4743 2622 4782 non
2663 4743 2762 4796 per
2797 4727 3050 4781 meritum
3080 4744 3258 4792 suum,
3293 4728 3388 4781 sed
3416 4744 3519 4799 per

1922 4817 2095 4871 solam
2126 4818 2479 4873 voluntatem
2511 4823 2560 4870 et
2590 4816 2792 4869 bonum
2814 4815 3069 4885 placitum
3091 4816 3209 4871 Dei.
3235 4816 3325 4870 Sic
3347 4823 3399 4869 et
3420 4832 3517 4871 vos

1921 4906 2065 4976 quod
2097 4906 2223 4959 boni
2254 4905 2386 4959 estis
2417 4920 2525 4958 non
2576 4903 2769 4959 merito
2808 4911 3021 4970 vestro,
3055 4904 3153 4959 sed
3201 4904 3389 4974 gratia
3418 4904 3519 4960 Dei

1922 4992 2187 5048 referatis.
2224 4992 2441 5058 Paulus,
2502 4991 2744 5062 inquam,
2781 4993 3085 5063 apostolus,
3130 5008 3232 5064 per
3257 4994 3519 5049 volunta-

1925 5086 2037 5137 tem
2060 5082 2158 5136 Dei
2172 5080 2356 5136 scribit
2373 5080 2629 5135 omnibus
2648 5082 2882 5147 sanctis,
2917 5080 2969 5133 id
2994 5087 3073 5134 est
3104 5079 3519 5151 perfectioribus

1926 5170 2016 5241 qui
2040 5170 2093 5223 in
2123 5169 2405 5225 virtutibus
2428 5167 2617 5223 sanciti
2648 5175 2808 5232 sunt;
2839 5168 3027 5223 scribit
3049 5169 3213 5223 etiam
3243 5171 3517 5239 ﬁdelibus,

1924 5258 1981 5313 id
2001 5265 2081 5312 est
2098 5257 2273 5311 minus
2289 5256 2561 5327 perfectis,
2587 5255 2677 5327 qui
2698 5263 2875 5310 tamen
2898 5256 3037 5311 bene
3058 5266 3411 5313 servaverunt
3437 5259 3521 5311 in-

1926 5346 2235 5418 tegritatem
2267 5344 2411 5400 ﬁdei.
2452 5344 2735 5400 Fidelibus
2770 5344 2891 5400 dico
2936 5345 2999 5399 in
3038 5346 3257 5401 Christo
3292 5348 3440 5411 Jesu,
3465 5345 3520 5400 id

1926 5442 2009 5490 est
2031 5434 2120 5506 qui
2141 5433 2301 5490 fidem
2320 5433 2520 5488 Christi
2539 5434 2669 5489 Jesu
2709 5433 3033 5489 custodiunt.
3068 5436 3290 5491 Sanctis
3312 5434 3435 5489 dico
3462 5438 3519 5489 et

1926 5523 2183 5593 ﬁdelibus
2212 5523 2308 5594 qui
2335 5526 2470 5577 sunt
2499 5521 2722 5595 Ephesi.
2743 5520 2906 5594 Optat
2931 5522 3033 5579 hoc
3077 5521 3288 5578 Paulus.
3321 5522 3519 5583 Gratia
