3960 6050
418 115 522 166 319

974 115 1037 169 S.
1076 114 1432 172 BRUNONIS
1469 113 2116 172 CARTHUSIANORUM
2153 112 2637 170 INSTITUTORIS
2673 113 2827 169 OPP.
2869 114 3045 170 PARS
3081 114 3147 168 II.

3606 116 3713 171 320

421 236 490 290 sit
518 235 673 291 vobis
702 253 1082 307 perseverans,
1128 240 1219 310 qui
1251 255 1359 294 non
1402 239 1751 310 peccavistis;
1789 239 1873 292 his
1922 238 2009 309 qui
2032 239 2089 300 Α
2118 237 2603 305 immortalitatem,
2638 239 2734 294 sed
2763 246 2819 293 ut
2848 246 3019 293 totum
3049 237 3271 293 referret
3294 237 3484 309 gratiae
3512 236 3611 292 Dei
3642 239 3707 291 in

424 324 617 378 saltem
650 325 705 378 in
736 326 1036 381 venialibus
1080 327 1219 397 lapsi
1260 336 1401 395 sunt,
1436 328 1504 381 sit
1532 328 1704 399 gratia
1762 327 2015 381 secundae

428 412 791 467 remissionis.
824 414 903 468 Sit
949 415 1111 467 etiam
1144 415 1298 469 vobis
1322 433 1442 486 paa:
1469 432 1502 469 a
1528 418 1633 470 Deo
1676 418 1841 469 Patre
1881 430 2013 469 nos-

431 503 538 563 tro,
574 504 631 555 et
659 503 894 555 Domino
923 504 1054 557 Jesu
1087 502 1323 568 Christo,
1359 504 1496 557 sicut
1529 519 1672 572 smpe
1712 502 2015 571 expositum

428 594 530 641 est.
555 589 624 642 Ut
649 590 897 643 ostendat
927 606 1085 644 omne
1120 590 1440 645 beneﬁcium
1472 607 1594 644 esse
1625 606 1689 644 ex
1721 590 2019 645 misericor-

430 675 518 728 dia
550 676 670 741 Dei,
705 677 759 729 in
789 677 977 747 primis
1000 679 1067 732 de
1099 677 1378 733 beneﬁciis
1401 679 1513 732 suis
1528 680 1641 732 Deo
1664 678 1864 749 gratias
1881 679 2013 749 agit,

429 761 619 817 dicens
653 779 665 817 :
702 765 1033 820 Benedictus
1062 768 1136 820 sit
1169 768 1313 821 Deus
1343 771 1398 820 et
1435 769 1602 820 Pater
1646 767 1868 821 Domini
1888 782 2017 821 ηοε-

435 851 513 904 tri
542 853 672 906 Jesu
706 851 934 916 Christi,
1018 852 1108 923 qui
1138 854 1179 907 si
1224 855 1382 907 Pater
1413 862 1490 907 est
1523 854 1748 921 Christi,
1774 869 1873 907 nos
1916 870 2016 907 au-

430 944 536 991 tem
569 937 674 991 ﬁde
704 938 795 991 ﬁlii
817 939 1046 1005 Christi;
1076 940 1154 995 sic
1178 957 1275 1010 per
1326 941 1597 994 Christum
1644 941 1809 1007 Pater
1860 941 2018 994 nobis

430 1033 531 1079 est.
566 1026 875 1081 Benedictio
906 1037 1091 1082 nostra
1127 1029 1180 1081 in
1212 1031 1345 1094 Deo,
1380 1029 1511 1081 nihil
1561 1028 1705 1081 aliud.
1735 1036 1815 1082 est
1855 1045 2016 1099 quam

430 1112 650 1166 laudare
662 1122 713 1167 et
735 1114 1087 1184 magniﬁcare
1104 1117 1333 1187 gloriam
1355 1116 1489 1183 ejus.
1515 1116 1824 1170 Benedictio
1841 1125 2017 1171 autem

432 1200 1061 1267 Deiinnobis,exaltatio
1079 1204 1246 1257 nostri
1285 1213 1366 1258 est
1406 1212 1457 1257 et
1496 1211 1790 1272 provectus
1824 1213 2019 1259 nostrze

433 1288 645 1342 salutis.
674 1289 774 1344 Hic
819 1306 961 1345 nunc
993 1292 1307 1361 exsequitur
1346 1292 1479 1345 duas
1512 1291 1805 1345 electiones
1835 1293 1934 1345 Dei
1967 1292 2022 1345 in

428 1376 607 1430 nobis.
644 1376 898 1441 Primam,
932 1394 1039 1448 qua
1068 1394 1168 1433 nos
1205 1380 1274 1433 ab
1304 1386 1505 1432 aeterno
1526 1379 1659 1432 tales
1679 1379 1882 1433 futuros
1903 1379 2018 1433 ele-

432 1463 548 1534 git;
588 1464 815 1518 alteram
847 1466 901 1518 in
921 1473 1185 1535 tempore,
1212 1468 1426 1536 quando
1456 1467 1611 1520 nobis
1643 1467 1897 1536 Spiritum
1921 1483 2020 1522 co-

433 1560 750 1619 operantem
780 1553 938 1606 nobis
968 1554 1394 1631 misericorditer
1426 1554 1637 1619 infudit,
1672 1563 1721 1608 et
1745 1556 2019 1627 utriusque
2042 1583 2091 1641 Β

434 1639 717 1693 electionis
767 1641 1157 1710 completiones
1207 1626 1470 1713 adjungit.
1533 1642 1769 1695 Primum
1810 1626 2019 1712 ponens

434 1741 552 1779 eam
586 1743 706 1795 quae
737 1735 980 1797 tempore
1009 1730 1199 1783 ultima
1231 1728 1305 1795 ﬁt,
1339 1729 1393 1782 in
1425 1745 1532 1799 qua
1561 1729 2020 1785 immortalitatem

432 1821 484 1867 et
514 1814 1001 1883 impassibilitatem
1020 1818 1391 1887 recuperaturi
1420 1834 1624 1871 sumus.
1661 1819 1809 1873 Hanc
1840 1827 2019 1873 autem

432 1901 561 1972 quia
590 1901 807 1971 dignior
847 1912 961 1968 est,
1006 1906 1258 1974 proponit
1301 1906 1349 1958 ei
1390 1921 1513 1975 quae
1569 1906 1890 1975 completur,
1929 1908 2019 1960 ubi

432 1989 615 2043 anima
645 2006 745 2059 per
771 1991 1204 2047 misericordiam
1229 1993 1326 2047 Dei
1358 1994 1426 2045 ab
1472 2008 1638 2047 onere
1669 2003 2017 2062 peccatorum

434 2076 713 2141 liberatur,
749 2079 935 2133 dicens
990 2096 1001 2132 :
1053 2084 1385 2137 Benedictus
1433 2081 1500 2135 sit
1544 2084 1687 2137 Deus
1736 2086 1831 2154 qui
1859 2084 2021 2138 bene-

433 2165 602 2229 dixit,
639 2166 691 2218 id
723 2174 804 2219 est
834 2167 1089 2222 exaltavit
1118 2186 1236 2224 nos.
1263 2173 1389 2227 Ideo
1408 2191 1508 2243 per
1526 2175 1854 2245 praeteritum
1876 2173 2021 2243 quod

436 2251 675 2306 futurum
698 2263 778 2308 est
798 2254 1121 2325 designavit,
1148 2266 1202 2311 ut
1223 2263 1527 2317 ostenderet
1551 2281 1610 2317 se
1648 2264 1784 2317 adeo
1814 2269 2019 2317 certum

436 2340 504 2393 de
534 2342 637 2396 hac
669 2341 843 2396 futura
867 2344 1263 2412 benedictione,
1297 2352 1570 2418 quomodo
1618 2351 1811 2421 aliquis
1843 2357 2021 2404 certus

438 2429 603 2482 estde
628 2446 692 2484 eo
722 2432 867 2500 quod
917 2432 1061 2486 videt
1094 2436 1421 2503 praeterisse.
1476 2440 1602 2493 Ideo
1636 2439 1795 2494 etiam
1828 2438 1907 2491 sic
1925 2438 2017 2500 ait,

435 2516 559 2586 quia
587 2517 849 2572 intellexit
870 2529 1084 2575 sanctos
1108 2523 1219 2590 jam
1244 2526 1539 2579 secundum
1586 2527 1793 2580 animas
1826 2542 2021 2579 conre-

435 2619 607 2673 gnare
638 2606 867 2661 Christo.
896 2609 1196 2665 Benedixit
1226 2629 1325 2667 nos
1348 2614 1490 2668 Deus
1522 2616 1583 2668 in
1620 2616 1774 2670 omni
1796 2615 2023 2669 benedi-

437 2694 644 2746 ctione.
672 2693 854 2761 Omni,
881 2695 1003 2749 ideo
1021 2697 1144 2767 quia
1167 2698 1468 2754 suﬁiciens:
1496 2703 1887 2756 Benedictione
1904 2701 2024 2755 dico

434 2781 774 2849 spiritualis,
790 2782 912 2836 licet
929 2784 1070 2837 enim
1095 2788 1390 2841 secundum
1408 2804 1606 2860 corpus
1628 2789 1717 2843 ﬁat
1733 2791 1846 2844 haec
1867 2790 2029 2844 bene-

434 2866 618 2935 dictio,
646 2877 825 2924 tamen
855 2879 936 2924 est
985 2872 1299 2941 spiritualis,
1324 2876 1447 2946 quia
1494 2877 1631 2930 sicut
1671 2877 1892 2946 spiritus
1922 2878 2025 2931 ho-

434 2955 597 3009 minis
627 2956 743 3012 solo
788 2958 978 3012 intuitu
1010 2960 1200 3030 gloria
1230 2963 1325 3016 Dei
1357 2964 1759 3031 sustentabitur,
1792 2966 1872 3019 sic
1901 2980 2019 3019 cor-

433 3058 536 3112 pus
558 3045 753 3113 pabulo
766 3046 988 3101 visionis
1006 3048 1105 3102 Dei
1122 3051 1465 3105 saturabitur.
1483 3054 1877 3107 Benedictione
1898 3053 2019 3108 dico

437 3131 621 3185 habita
660 3132 770 3200 jam
819 3135 1143 3204 quibusdam
1196 3140 1495 3194 secundum
1527 3140 1756 3205 animas,
1782 3148 1831 3195 et
1862 3141 2021 3211 plene

438 3219 644 3274 sanctis
674 3222 926 3276 omnibus
958 3224 1301 3293 honoranda,
1355 3244 1462 3282 non
1493 3228 1547 3281 in
1574 3229 1677 3283 hac
1708 3236 1871 3293 terra,
1924 3230 2020 3283 sed

436 3308 501 3361 in
529 3309 861 3376 caelestibus,
908 3320 965 3365 ut
1028 3313 1183 3366 etiam
1241 3315 1501 3387 dignitate
1556 3317 1660 3371 loci
1714 3317 2021 3372 benedictio

437 3395 552 3450 haec
574 3399 1056 3455 commendabilior
1076 3402 1160 3454 sit.
1187 3404 1487 3458 Benedixit
1504 3405 1647 3469 dico,
1674 3405 1752 3460 sic
1772 3407 1834 3459 in
1868 3406 2024 3460 Chri-

432 3490 519 3538 sto
549 3486 699 3550 Jesu,
733 3486 787 3539 id
828 3495 909 3541 est
957 3489 1009 3542 in
1051 3490 1368 3559 operatione
1408 3492 1605 3546 Christi
1636 3495 1796 3558 Jesu,
1833 3493 1885 3545 in
1916 3508 2022 3564 quo

438 3571 593 3627 Pater
639 3574 823 3628 omnia
862 3585 1133 3645 Operatur.

506 3660 743 3716 Ostensa
763 3662 1075 3732 impletione
1106 3666 1326 3720 alterius
1358 3667 1662 3730 electionis,
1699 3666 1876 3720 subdit
1906 3667 2023 3721 ele-

438 3748 672 3803 ctionem
703 3767 822 3820 quae
840 3753 1135 3806 secundum
1157 3754 1592 3820 justiﬁcationem
1617 3755 1812 3809 animm
1833 3755 2021 3824 imple-

436 3844 525 3890 tur
551 3838 657 3891 hoc
686 3846 949 3906 tempore,
982 3840 1348 3894 determinans
1388 3842 1701 3911 praedictam
1750 3843 2024 3912 impletio-

438 3940 563 3977 nem
595 3941 717 3979 esse
747 3941 811 3979 ex
834 3926 1209 3982 misericordia
1230 3929 1325 3983 Dei
1348 3946 1445 4001 per
1466 3930 1807 3997 electionem,
1834 3931 1901 3985 de
1920 3948 2025 4002 qua

441 4012 639 4078 subdit,
673 4013 861 4068 dicens
895 4030 906 4067 :
942 4015 1030 4070 Sic
1060 4032 1161 4070 nos
1207 4018 1355 4071 Deus
1403 4035 1465 4072 ex
1498 4018 1673 4090 gratia
1729 4019 2020 4085 benedixit,

440 4101 589 4156 sicut
619 4117 693 4156 ea:
723 4102 837 4156 sola
863 4102 1034 4173 gratia
1066 4104 1231 4175 elegit
1261 4121 1361 4159 nos
1392 4111 1526 4161 ante
1558 4108 2025 4162 constitutionem

438 4191 657 4245 mundi.
683 4190 785 4245 Ubi
814 4191 1031 4261 planum
1054 4200 1263 4246 estnon
1284 4195 1634 4263 prmeessisse
1650 4196 1903 4249 meritum
1937 4197 2031 4250 ho-

2116 327 2495 398 adOptionem,
2521 328 2574 381 id
2597 335 2678 381 est
2700 327 2751 380 in
2770 327 3233 397 incorruptionem
3252 326 3483 379 ﬁliorum
3504 341 3568 379 ex
3588 325 3707 380 sola

2116 414 2404 484 adoptione
2453 415 2551 468 Dei
2581 414 2740 469 nobis
2784 429 3120 469 concessam.
3180 414 3540 483 Adoptionem
3583 412 3708 468 dico

2116 500 2424 555 habendam
2450 518 2552 573 per
2581 504 2764 557 Jesum
2804 501 3111 556 Christum.
3150 502 3265 555 Nos
3298 500 3420 555 dico
3449 508 3710 555 venturos

2116 588 2171 641 in
2193 589 2389 658 ipsum,
2414 597 2470 642 ut
2494 590 2631 644 sicut
2651 590 2785 660 ipse,
2812 590 2891 644 sic
2908 597 2958 643 et
2988 605 3088 643 nos
3109 587 3445 643 immortales
3465 588 3709 643 232

2117 684 2169 730 et
2208 676 2590 746 impassibiles.
2625 678 3057 732 Prcedestinavit
3085 677 3206 732 dico
3238 677 3548 731 secundum
3569 692 3707 746 pro-

2116 766 2364 836 positum
2386 766 2699 819 voluntatis
2719 781 2853 830 suce,
2875 765 2928 819 id
2951 772 3034 818 est
3057 765 3352 821 secundum
3374 764 3712 819 voluntatem

2120 868 2271 906 suam
2301 853 2660 922 propositam.
2697 853 3060 922 Propositam,
3094 853 3149 907 id
3180 860 3262 907 est
3301 852 3378 906 sic
3408 852 3475 905 ab
3505 860 3710 906 teterno

2118 940 2576 1010 pratordinatam;
2613 942 2697 996 vel
2730 941 3089 1011 propositam,
3119 941 3173 994 id
3195 948 3275 994 est
3289 940 3523 995 oblatam
3537 939 3714 992 omni-

2121 1028 2219 1080 bus
2276 1028 2569 1093 salvandis,
2602 1029 2706 1081 nisi
2742 1029 2900 1098 culpa
2951 1044 3139 1083 eorum
3196 1027 3521 1097 impedierit.
3554 1029 3705 1082 Prce-

2118 1117 2446 1183 destinavit,
2481 1116 2719 1187 inquam.
2754 1133 2818 1171 ex
2879 1116 2995 1170 sola
3041 1117 3314 1171 voluntate
3368 1116 3431 1169 in
3483 1114 3707 1169 laudem

2119 1205 2331 1273 glorier,
2355 1205 2553 1274 grati/2
2581 1222 2738 1270 sure;
2770 1204 2823 1257 id
2855 1211 2936 1258 est
2967 1204 3035 1257 ad
3066 1205 3171 1259 hoc
3200 1211 3258 1257 ut
3297 1202 3546 1257 laudetur
3574 1219 3708 1272 gra-

2120 1291 2187 1344 tia
2221 1308 2333 1358 sua,
2367 1291 2421 1344 in
2467 1306 2574 1361 qua
2621 1292 2792 1363 gratia
2850 1291 3129 1362 multiplex
3188 1300 3269 1345 est
3328 1291 3527 1361 gloria.
3579 1290 3716 1344 Sunt

2121 1379 2264 1432 enim
2314 1380 2559 1449 quadam
2606 1379 2796 1451 gratiae
2827 1379 2951 1446 Dei,
2994 1386 3051 1432 ut
3083 1379 3182 1432 ista
3236 1377 3557 1448 temporalia
3590 1393 3711 1447 quae

2120 1466 2207 1536 pie
2236 1467 2527 1532 ministrat;
2562 1467 2615 1519 in
2644 1467 2839 1536 quibus
2868 1482 2976 1520 non
3008 1474 3089 1520 est
3119 1454 3493 1538 gloriandum,
3528 1464 3623 1518 sed
3654 1464 3708 1517 in

2122 1554 2529 1624 incorruptione
2553 1554 2830 1624 multiplex
2852 1562 2933 1608 est
2954 1554 3148 1625 gloria.
3173 1555 3240 1607 Et
3259 1554 3361 1607 hoc
3388 1552 3589 1606 dixisse
3608 1552 3712 1605 de-

2122 1643 2430 1708 bueramus,
2465 1643 2586 1713 quia
2616 1643 2848 1712 primum
2878 1642 3066 1712 incipit
3092 1641 3449 1697 communiter
3476 1656 3507 1694 a
3537 1641 3711 1694 bene-

2120 1730 2463 1795 dictionibus,
2490 1747 2611 1801 quaz
2640 1729 2996 1800 ﬁuntpublice
3026 1730 3277 1785 omnibus
3298 1729 3475 1796 justis.
3501 1727 3711 1782 Dehinc

2122 1819 2403 1873 descendit
2432 1819 2498 1871 ad
2521 1819 2637 1873 illas
2657 1836 2776 1889 qua
2796 1818 2929 1872 ﬁunt
2948 1818 3229 1888 apostolis.
3245 1817 3426 1872 Tertio
3440 1816 3619 1870 subdit
3641 1815 3711 1869 de

2121 1906 2248 1970 illis,
2282 1922 2418 1977 quas
2444 1908 2588 1960 Deus
2616 1907 2765 1961 dedit
2795 1907 3064 1976 Ephesiis.

2192 1994 2374 2047 Posita
2405 1994 2605 2063 duplici
2655 1994 2918 2049 electione
2945 2002 2995 2047 et
3026 1993 3291 2063 dignioris
3350 1991 3715 2062 completione

2121 2082 2423 2151 praemissa,
2479 2082 2659 2135 subdit
2715 2081 3133 2151 completionem
3192 2080 3430 2148 alterius,
3476 2079 3715 2135 dicens:

2122 2172 2186 2224 In
2217 2186 2323 2241 qua
2356 2170 2529 2238 gratia
2560 2170 2904 2239 gratiﬁcavit
2938 2187 3059 2237 nos,
3092 2170 3145 2223 id
3176 2178 3257 2223 est
3286 2176 3476 2239 gratos
3508 2184 3608 2222 nos
3629 2167 3716 2222 fe-

2122 2258 2193 2312 cit
2228 2260 2289 2312 in
2319 2258 2523 2312 dilecto
2545 2259 2686 2311 Filio
2717 2273 2835 2322 suo,
2862 2258 2915 2310 id
2935 2266 3016 2311 est
3046 2258 3101 2310 in
3124 2256 3229 2310 ﬁde
3250 2256 3433 2311 dilecti
3467 2255 3583 2309 Filii
3609 2255 3713 2320 sui,

2124 2361 2286 2415 quem
2318 2344 2440 2415 quia
2471 2345 2645 2415 diligit
2676 2353 2727 2399 et
2757 2361 2855 2399 nos
2877 2344 3019 2398 ﬁlios
3052 2345 3173 2398 Filii
3200 2345 3282 2398 sui
3310 2344 3505 2415 diligit.
3531 2344 3591 2398 In
3610 2359 3714 2415 quo

2123 2434 2265 2488 Filio
2296 2434 2560 2487 habemus
2592 2434 3052 2504 redemptionem.
3078 2434 3193 2487 Nec
3213 2449 3313 2503 per
3328 2432 3435 2485 vile
3456 2431 3711 2501 pretium,

2125 2522 2221 2575 sed
2249 2537 2347 2590 per
2368 2523 2702 2590 sanguinem
2735 2523 2867 2575 Filii
2897 2520 3147 2576 effusum.
3183 2521 3242 2574 In
3287 2536 3390 2591 quo
3420 2520 3583 2573 etiam
3606 2519 3712 2573 ha-

2126 2609 2314 2663 bemus
2344 2610 2733 2663 remissionem
2760 2613 3139 2679 peccatorum.
3175 2607 3379 2662 Omnes
3408 2607 3607 2660 habent
3636 2622 3721 2660 re-

2125 2696 2522 2765 demptionem,
2573 2696 2696 2766 quia
2745 2695 2975 2765 pretium
3032 2695 3305 2751 suﬂ‘iciens
3358 2694 3715 2765 redemptioni

2127 2783 2367 2838 omnium
2402 2783 2447 2836 si
2476 2783 2693 2847 vellent,
2728 2784 2910 2838 datum
2965 2791 3065 2839 est.
3102 2784 3210 2837 Sed
3268 2782 3321 2836 hi
3364 2783 3462 2837 soli
3517 2782 3713 2836 habent

2128 2871 2521 2935 remissionem,
2556 2871 2646 2941 qui
2678 2888 2737 2925 se
2766 2871 2963 2943 dignos
2995 2871 3365 2941 redemptione
3384 2870 3581 2925 Christi
3612 2885 3713 2923 ex-

2129 2960 2437 3013 hibuerunt.
2471 2960 2744 3014 Habemus
2778 2960 3166 3015 remissionem
3199 2958 3509 3014 secundum
3558 2957 3707 3011 divi-

2132 3049 2241 3102 tias
2263 3049 2403 3117 ejus,
2437 3048 2491 3101 id
2512 3055 2595 3101 est
2623 3048 2921 3101 secundum
2942 3048 3176 3120 gratiam
3206 3047 3323 3115 ejus
3353 3047 3406 3100 in
3433 3046 3537 3099 hoc
3566 3044 3711 3098 divi-

2130 3144 2258 3203 tem,
2292 3135 2419 3205 quia
2458 3143 2510 3189 et
2566 3135 2851 3207 originalia
2917 3143 2969 3190 et
3020 3134 3271 3200 actualia,
3296 3142 3349 3188 et
3396 3133 3510 3187 sive
3536 3147 3711 3202 pauca

2128 3222 2373 3290 fuerint,
2461 3223 2577 3277 sive
2656 3224 2821 3277 multa
2856 3266 2869 3289 ,
2953 3222 3132 3276 omnia
3207 3222 3324 3276 sine
3410 3219 3715 3275 differentia

2128 3312 2357 3366 remisit.
2402 3311 2748 3365 Enumeratis
2804 3309 3081 3365 beneﬁciis
3156 3327 3276 3380 quae
3327 3308 3524 3363 sanctis
3581 3307 3716 3361 ﬁunt

2129 3399 2183 3452 in
2245 3399 2499 3469 publico,
2558 3399 2624 3452 ab
2687 3401 2791 3453 hac
2865 3398 3282 3464 communitate,
3332 3395 3713 3452 descenditad

2127 3487 2421 3556 apostolos,
2454 3486 2643 3541 dicens
2676 3504 2689 3539 :
2727 3488 2857 3553 Qum
2896 3487 3071 3559 gratia
3100 3486 3409 3541 abundavit
3443 3486 3503 3540 in
3551 3485 3710 3539 nobis

2128 3574 2407 3644 apostolis,
2441 3590 2629 3644 super,
2692 3575 2747 3627 id
2802 3583 2885 3628 est
2941 3574 3119 3646 magis
3151 3589 3308 3645 quam
3368 3573 3420 3626 in
3480 3572 3712 3627 ceteris.
3754 3614 3773 3625 .

2127 3663 2194 3715 Et
2225 3662 2447 3733 dignum
2482 3660 2597 3728 fuit,
2635 3662 2763 3732 quia
2811 3662 2879 3715 ab
2923 3662 3021 3716 .his
3077 3660 3347 3730 accepturi
3403 3667 3560 3713 erant
3603 3660 3711 3713 alii.

2129 3749 2441 3803 Abundavit
2472 3749 2595 3804 dico
2652 3751 2715 3803 in
2764 3752 2919 3804 omni
2966 3750 3250 3821 sapientia
3277 3752 3333 3804 et
3385 3747 3712 3818 prudentia.

2129 3836 2456 3906 Sapientiam
2496 3838 2562 3891 de
2593 3838 2901 3909 cognitione
2944 3838 3252 3892 divinorum
3280 3835 3409 3890 dicit
3433 3853 3445 3888 :
3468 3835 3716 3905 pruden-

2126 3925 2276 3991 tiam,
2309 3925 2464 3995 quasi
2494 3926 2890 3995 providentiam
2936 3942 3038 3995 qua
3088 3924 3286 3979 Paulus
3337 3924 3475 3978 bene
3506 3922 3714 3977 sciebat

2126 4013 2415 4082 providere
2448 4014 2558 4067 suis
2593 4013 2876 4068 Ecclesiis.
2902 4012 3081 4077 Omni,
3108 4028 3217 4066 non
3246 4010 3371 4082 quia
3398 4010 3578 4065 omnia
3599 4009 3712 4065 sci-

2127 4110 2263 4167 rent,
2289 4102 2385 4156 sed
2416 4102 2539 4172 quia
2563 4101 2821 4171 quidquid
2844 4101 2945 4155 sibi
2974 4116 3202 4155 necesse
3232 4107 3368 4166 erat,
3392 4107 3500 4152 tam
3528 4098 3596 4151 de
3625 4097 3715 4150 di—

2125 4191 2265 4245 vinis
2298 4206 2459 4260 quam
2490 4190 2558 4243 de
2579 4189 2849 4253 humanis,
2875 4188 2928 4241 in
2945 4196 3193 4258 promptu
3208 4187 3500 4242 habebant.
3523 4186 3594 4239 Ita
3615 4202 3711 4240 su-

438 4276 619 4331 minis.
655 4280 833 4349 Elegit
861 4296 962 4334 nos
992 4280 1114 4334 dico
1146 4283 1205 4335 in
1236 4283 1354 4352 ipso
1378 4282 1597 4337 Christo
1624 4284 1677 4336 in
1709 4300 1815 4354 quo
1845 4284 2026 4339 omnia
2056 4278 2107 4336 D
2126 4278 2533 4350 perabundavit
2563 4281 2626 4331 ut
2654 4278 2810 4332 nobis
2860 4276 3116 4345 apostolis
3144 4280 3343 4331 notum
3390 4277 3607 4344 faceret
3625 4290 3708 4328 sa-

439 4364 586 4433 fecit,
618 4366 704 4420 vel
736 4367 788 4420 in
822 4367 940 4437 ipso
972 4384 1379 4437 permansuros.
1413 4371 1497 4425 Ad
1522 4372 1625 4426 hoc
1654 4371 1814 4441 elegit
1845 4376 1910 4427 ut
1941 4389 2025 4427 es-

440 4470 626 4509 semus
656 4456 844 4509 sancti
864 4459 919 4510 et
944 4458 1305 4512 immaculati
1328 4478 1345 4513 :
1370 4459 1541 4512 sancti
1560 4460 1830 4528 positione
1855 4460 2023 4514 bono-

440 4557 579 4607 rum,
633 4542 964 4597 immaculati
1022 4545 1405 4600 emundatione
1445 4546 1730 4601 malorum.
1766 4549 2026 4601 Essemus

439 4630 624 4701 utique
656 4631 788 4685 tales
818 4633 879 4686 in
910 4638 1215 4704 conspectu
1245 4637 1384 4704 ejus,
1417 4634 1467 4687 id
1496 4643 1579 4688 est
1599 4643 1653 4688 ut
1672 4637 2024 4705 conspicere-

437 4735 560 4772 mus
591 4735 712 4773 eum
742 4720 913 4773 solum
936 4728 998 4774 et
1028 4721 1078 4774 in
1109 4721 1259 4775 nullo
1296 4722 1555 4775 mundum
1606 4724 2021 4777 attenderemus.

440 4806 558 4871 Vel,
590 4808 652 4861 in
684 4812 983 4879 conspectu
1005 4810 1145 4877 ejus,
1171 4809 1223 4863 id
1257 4818 1338 4863 est
1365 4810 1455 4879 qui
1487 4810 1555 4862 ab
1588 4826 1653 4864 eo
1679 4811 2025 4880 conspicere-

439 4910 582 4948 mur.
614 4895 793 4966 Elegit
823 4913 942 4961 nos,
978 4896 1121 4962 dico,
1166 4896 1229 4951 in
1260 4899 1573 4964 charitate,
1607 4897 1660 4951 id
1691 4906 1769 4953 est
1800 4898 1855 4951 in
1911 4898 2026 4953 sola

439 4981 748 5038 dilectione.
784 4984 939 5039 Dicta
970 4985 1233 5040 electione
1263 5001 1382 5055 quae
1405 4986 1491 5039 hic
1513 4986 1811 5056 completur
1831 5002 2027 5041 secun-

439 5070 567 5124 dum
592 5071 855 5138 justitiam
893 5073 1106 5138 animae,
1149 5073 1330 5127 subdit
1369 5073 1518 5127 illam
1567 5074 1886 5128 electionem
1926 5092 2026 5129 cu-

433 5159 641 5227 jusjam
673 5161 963 5230 praeposuit
986 5161 1423 5231 completionem,
1458 5161 1647 5216 dicens
1682 5179 1693 5214 :
1728 5164 1904 5232 Elegit
1925 5180 2026 5218 nos

439 5252 507 5301 ut
527 5264 772 5303 essemus
802 5251 1025 5314 sancti;
1057 5250 1185 5320 quia
1216 5249 1377 5303 etiam
1395 5248 1845 5320 praedestinavit,
1869 5250 1922 5303 id
1946 5260 2028 5305 est

438 5336 823 5404 praeordinavit
854 5337 923 5388 ab
952 5344 1189 5399 aeterno;
1216 5335 1302 5390 vel
1344 5336 1661 5405 praeparavit
1694 5336 1749 5390 in
1782 5345 2027 5407 tempore

439 5439 540 5479 nos
561 5425 624 5478 in
645 5424 1002 5495 adoptionem
1022 5424 1273 5491 ﬁliorum
1288 5424 1614 5479 habendam.
1638 5424 1823 5480 Noluit
1843 5426 2026 5482 dicere

2126 4370 2503 4431 crumentum,
2537 4364 2591 4417 id
2623 4372 2705 4418 est
2730 4372 3000 4419 secretum
3032 4364 3345 4418 voluntatis
3376 4379 3511 4426 suae,
3545 4361 3598 4415 id
3630 4368 3713 4415 est

2126 4455 2371 4509 ordinem
2393 4452 2780 4522 redemptionis
2802 4454 3072 4506 humanae.
3094 4451 3499 4506 Sacramentum
3518 4448 3714 4505 dicitur

2127 4542 2283 4613 quasi
2304 4549 2593 4608 secretum,
2626 4556 2691 4594 eo
2729 4541 2871 4610 quod
2892 4556 2999 4593 non
3022 4539 3291 4604 omnibus,
3322 4538 3417 4593 sed
3438 4537 3626 4607 paucis
3641 4536 3712 4589 il-

2124 4630 2216 4683 lud
2246 4630 2403 4683 liceat
2439 4628 2705 4698 aspicere.
2750 4629 2950 4681 Notum
2972 4627 3133 4683 faciet
3164 4632 3566 4681 sacramentum
3590 4626 3713 4694 hoc,

2128 4718 2335 4772 scilicet
2356 4717 2661 4770 instaurare
2682 4718 2992 4771 secundum
3029 4716 3232 4771 bonum
3271 4715 3547 4785 placitum
3569 4716 3712 4784 ejus,

2126 4822 2234 4860 non
2267 4806 2564 4861 secundum
2603 4804 2852 4858 meritum
2893 4804 3146 4869 hominis,
3184 4803 3307 4874 quia
3357 4801 3563 4856 nullum
3604 4808 3721 4855 erat

2127 4894 2268 4967 quod
2288 4894 2486 4947 bonum
2503 4892 2764 4962 placitum
2785 4894 2847 4946 in
2870 4908 2929 4947 eo
2952 4892 3165 4945 Christo
3195 4892 3514 4962 proposuit,
3554 4889 3610 4943 id
3635 4895 3719 4943 est

2124 4980 2507 5052 praeordinavit
2536 4981 2603 5033 ab
2630 4988 2854 5035 aeterno.
2890 4979 2986 5035 Vel
3014 4980 3323 5051 proposuit,
3358 4978 3412 5032 id
3435 4986 3517 5031 est
3539 4977 3714 5047 palam

2128 5069 2391 5140 exposuit,
2423 5071 2570 5123 Deus
2601 5069 2803 5123 bonum
2834 5068 3090 5138 placitum
3136 5083 3311 5134 suum,
3338 5066 3383 5120 si
3416 5066 3565 5121 velit.
3592 5068 3727 5120 Pro-'

2126 5160 2314 5230 posuit
2332 5158 2454 5214 dico
2470 5160 2534 5213 in
2553 5159 2970 5228 dispensatione
2980 5156 3360 5228 plenitudinis
3375 5159 3716 5225 temporum,

2126 5248 2181 5301 id
2203 5256 2285 5301 est
2312 5247 2365 5301 in
2396 5246 2728 5317 plenitudine
2748 5254 3071 5316 temporum.
3088 5246 3325 5313 Tempus
3344 5243 3485 5297 enim
3507 5241 3713 5313 gratiae,

2127 5335 2402 5405 plenitudo
2433 5342 2737 5404 temporum
2792 5334 3007 5388 dicitur.
3050 5332 3147 5386 Vel
3193 5331 3315 5403 quia
3370 5330 3550 5385 omnia
3595 5336 3720 5382 ante

2127 5424 2381 5495 praedicta
2441 5432 2495 5478 et
2553 5429 2863 5493 exspectata
2911 5421 2966 5476 in
3014 5435 3080 5476 eo
3117 5435 3218 5491 per
3262 5418 3536 5475 Christum
3567 5416 3723 5473 fuere
