3960 6050
170 232 267 286 321

776 223 1150 280 EXPOSITIO
1198 224 1273 278 IN
1309 218 1686 278 EPISTOLAS
1716 217 1937 272 PAULI.
1978 249 2047 258 —
2092 220 2166 273 IN
2217 218 2433 274 EPIST.
2477 222 2570 275 AD
2618 220 2862 276 EPHES.

3366 226 3469 280 322

172 352 465 422 completa.
502 350 599 405 Vel
627 349 926 420 plenitudo,
959 348 1013 403 id
1045 356 1126 403 est
1156 347 1276 401 finis
1300 356 1351 401 et
1382 344 1772 402 consummatio
1803 343 1849 401 A
1875 342 1993 410 Dei,
2027 343 2160 413 ipsis
2198 344 2388 398 collata
2438 344 2707 413 Ephesiis,
2761 343 2949 399 dicens
2982 360 2994 396 :
3030 345 3094 398 In
3125 361 3227 415 quo
3259 344 3471 400 Christo

175 448 487 510 temporum
546 455 666 509 qua:
713 439 861 492 Deus
903 445 1025 491 ante
1086 445 1298 506 tempus
1356 434 1540 507 gratiae
1580 432 1772 504 praeire

178 528 547 583 constituerat.
596 526 933 581 Plenitudine
982 526 1104 581 dico
1150 540 1391 596 congrue
1439 523 1769 593 dispensata.

178 616 333 671 Prius
363 615 505 669 enim
538 614 703 669 voluit
734 615 881 668 Deus
930 612 1160 683 experiri
1208 612 1473 678 homines,
1527 610 1671 681 quod
1704 609 1772 661 li-

178 704 389 757 bertate
419 702 626 756 arbitrii
658 710 710 755 et
740 702 970 756 naturali
998 701 1122 773 lege
1146 700 1278 753 nihil
1298 707 1538 770 possent.
1564 697 1773 753 Dehinc

177 792 441 861 scriptam
472 790 651 860 legem
682 790 920 857 tradidit,
953 805 1052 859 per
1082 804 1244 859 quam
1275 788 1467 842 iterum
1498 788 1771 856 impoten-

174 888 258 934 tes
309 879 544 933 evadere
589 885 872 948 peccatum
919 884 1303 947 apparuerunt.
1356 876 1424 929 Et
1484 883 1771 945 postquam

175 969 345 1021 homo
376 966 615 1035 undique
647 982 705 1020 se
726 965 980 1036 cognovit
1012 965 1381 1034 impotentem,
1407 971 1531 1017 tunc
1554 963 1773 1016 demum

178 1054 439 1125 apposuit
493 1054 640 1108 Deus
695 1061 995 1123 opportune
1041 1052 1271 1122 gratiam
1324 1052 1476 1119 cujus
1506 1050 1773 1119 adjutorio

175 1151 368 1212 posset
398 1143 559 1195 homo
591 1142 735 1211 quod
766 1157 865 1209 per
895 1158 953 1194 se
986 1156 1092 1194 non
1125 1147 1360 1209 poterat.

248 1232 582 1285 Instaurare
612 1229 733 1283 dico
764 1230 955 1282 omnia
987 1230 1047 1283 in
1072 1228 1307 1293 Christo,
1333 1227 1387 1281 id
1405 1235 1486 1281 est
1508 1243 1607 1296 per
1628 1225 1775 1280 Chri-

176 1326 340 1381 stum,
379 1334 502 1388 quce
527 1318 590 1371 in
612 1317 763 1371 caelis
794 1320 929 1371 sunt
957 1315 1293 1385 imperfecta,
1327 1320 1383 1370 et
1399 1332 1519 1387 qua:
1534 1316 1596 1369 in
1621 1319 1774 1369 terra

175 1415 299 1459 sunt
330 1422 433 1474 per
462 1412 746 1475 peccatum
789 1411 1061 1473 corrupta.
1094 1404 1175 1457 Ad
1209 1404 1309 1457 hoc
1340 1403 1483 1456 enim
1518 1404 1659 1456 Deus
1690 1401 1773 1455 fe-

178 1494 248 1547 cit
274 1492 556 1547 hominem
586 1500 639 1545 et
667 1492 894 1546 redemit
923 1498 980 1544 ut
1010 1491 1422 1545 diminutionem
1454 1492 1774 1562 angelorum

178 1580 537 1652 reintegraret
584 1579 791 1634 salvato
837 1579 1075 1633 homine.
1137 1580 1265 1633 Ideo
1323 1579 1480 1633 etiam
1529 1578 1775 1632 Christus

176 1684 404 1723 carnem
435 1667 641 1737 accepit
668 1676 725 1720 ut
766 1668 1036 1721 hominem
1085 1674 1393 1736 corruptum
1440 1666 1493 1720 in
1534 1667 1773 1737 peccatis

178 1764 509 1811 restauraret
540 1756 595 1808 in
616 1756 837 1824 justitia.
898 1755 1004 1809 Sed
1034 1756 1137 1810 hoc
1186 1760 1511 1809 restaurare
1542 1754 1774 1807 diversis

178 1845 358 1898 modis
393 1844 674 1912 accipitur.
710 1844 956 1897 Christus
1002 1844 1145 1897 enim
1177 1843 1274 1896 fuit
1313 1859 1476 1898 causa
1506 1850 1774 1897 restaura-

178 1932 342 1986 tionis
393 1931 709 2001 angelorum
743 1950 756 1997 ;
789 1947 897 1985 non
929 1940 1186 2002 quantum
1216 1932 1284 1984 ad
1320 1947 1413 1985 eos
1445 1930 1765 1986 necessitas.

182 2019 380 2091 Angeli
410 2019 551 2073 enim
582 2019 703 2088 puri
737 2026 903 2083 erant,
936 2019 1061 2073 licet
1107 2018 1430 2090 quibusdam
1473 2018 1637 2073 sociis
1667 2018 1774 2071 im-

177 2108 393 2161 minuti.
427 2107 674 2161 Christus
722 2122 853 2161 vero
895 2123 1057 2161 causa
1098 2114 1149 2161 et
1179 2108 1475 2162 necessitas
1505 2115 1774 2161 restaura-

178 2196 339 2249 tionis
372 2195 671 2249 hominum.
722 2196 892 2249 Causa
939 2203 996 2249 ut
1038 2212 1138 2265 per
1186 2211 1308 2249 eum
1352 2195 1778 2267 reintegraretur

177 2283 368 2353 lapsus
401 2283 743 2354 angelorum.
778 2282 1089 2338 Necessitas
1120 2283 1243 2337 ideo
1275 2283 1400 2353 quia
1428 2283 1531 2337 nisi
1560 2291 1776 2337 restau-

176 2379 396 2424 raretur
426 2385 458 2423 a
491 2371 720 2437 Christo,
772 2370 1014 2440 perditus
1062 2378 1175 2424 erat
1204 2386 1314 2440 =per
1342 2378 1645 2440 peccatum.
1679 2372 1776 2425 In-

178 2463 448 2512 staurare
474 2458 596 2513 dico
615 2475 735 2530 qua:
752 2459 816 2511 in
840 2462 991 2512 terra
1014 2462 1166 2525 sunt,
1189 2458 1263 2511 ita
1282 2459 1423 2529 quod
1439 2460 1501 2513 in
1520 2461 1634 2530 ipso
1653 2475 1778 2528 per-

178 2553 456 2599 maneant.
491 2546 608 2598 Nisi
660 2545 802 2598 enim
850 2544 904 2598 in
936 2544 1042 2599 [ide
1087 2547 1204 2614 ejus
1235 2546 1649 2616 permanserint,
1684 2563 1776 2600 re-

178 2632 441 2689 stauratio
463 2632 617 2687 23
632 2633 700 2687 3
720 2649 908 2687 eorum
924 2633 1069 2687 nulla
1088 2633 1203 2687 erit.
1224 2633 1318 2687 Vel
1343 2634 1500 2687 aliter
1520 2652 1531 2686 :
1555 2635 1778 2690 Instau-

175 2738 312 2776 rare
343 2722 410 2774 in
433 2720 649 2776 Christo
679 2736 745 2776 ea
774 2738 895 2793 quae
925 2722 986 2775 in
1016 2722 1169 2775 caelis
1199 2726 1356 2788 sunt,
1385 2722 1442 2776 id
1463 2730 1542 2776 est
1564 2731 1779 2777 sanctos

180 2824 417 2877 quorum
446 2807 637 2861 animze
661 2809 774 2875 jam
822 2808 877 2861 in
927 2808 1078 2862 caelis
1125 2817 1357 2878 regnant
1389 2825 1509 2864 cum
1541 2810 1774 2878 Christo,

178 2900 232 2949 et
267 2910 335 2950 ea
368 2912 491 2965 qua:
510 2896 569 2948 in
596 2900 746 2949 terra
776 2899 929 2963 sunt,
963 2898 1025 2949 in
1046 2896 1181 2967 ipso,
1201 2896 1257 2950 id
1290 2904 1371 2950 est
1395 2897 1589 2965 justos,
1615 2898 1703 2969 qui
1735 2897 1779 2950 si

179 2984 359 3038 adhuc
391 2984 808 3038 conversatione
836 2991 1089 3038 tenentur
1132 2985 1186 3037 in
1219 2991 1381 3049 terra,
1434 2986 1659 3054 puritate
1691 2994 1778 3039 ta-

178 3088 310 3126 men
337 3071 463 3125 vitze
484 3072 595 3138 jam
624 3071 680 3124 in
709 3070 827 3141 ipso
870 3080 1013 3126 sunt.
1066 3071 1323 3126 Dicerent
1370 3073 1591 3142 Ephesii
1625 3091 1636 3126 :
1677 3074 1780 3129 Vos

182 3159 409 3230 quidem
440 3158 667 3229 apostoli
699 3159 766 3212 ad
816 3167 1018 3212 tantam
1060 3160 1395 3213 altitudinem
1434 3160 1609 3215 vocati
1654 3162 1783 3214 estis

184 3247 253 3300 ad
317 3263 478 3317 quam
528 3262 626 3301 nos
674 3262 836 3316 posse
866 3246 1151 3316 pervenire
1185 3248 1405 3301 stultum
1439 3264 1560 3302 esse
1593 3248 1784 3302 saltem

184 3334 419 3404 Opinari.
456 3334 538 3387 Ad
568 3335 674 3388 hoc
702 3334 902 3388 Paulus
937 3352 947 3389 :
982 3336 1047 3389 In
1083 3352 1186 3407 quo
1212 3336 1428 3390 Christo
1460 3337 1633 3390 etiam
1681 3353 1784 3392 nos

183 3421 419 3491 apostoli
446 3422 627 3477 vocati
655 3438 872 3487 sumus,
906 3438 1013 3476 non
1036 3423 1229 3477 merito
1252 3432 1458 3489 nostro,
1483 3439 1585 3478 nec
1605 3424 1783 3495 digni-

184 3512 295 3562 tate
329 3509 567 3580 generis,
601 3509 698 3564 sed
726 3514 896 3575 sorte,
928 3510 981 3564 id
1012 3519 1093 3565 est
1122 3511 1305 3565 divina
1331 3511 1615 3566 electione.
1652 3512 1784 3566 Sors

184 3596 385 3651 dicitur
419 3597 832 3665 divinarelectio,
871 3606 928 3651 ut
961 3598 1177 3669 quando
1209 3600 1785 3668 humanumjudicium

186 3682 393 3749 deﬁcit,
442 3684 728 3739 conferunt
776 3702 834 3739 se
873 3686 1120 3740 homines
1163 3687 1231 3740 ad
1276 3686 1595 3742 electionem
1649 3688 1774 3742 Dei.

181 3773 309 3827 Non
342 3772 516 3826 solum
546 3773 721 3844 gratia
743 3774 915 3828 vocati
946 3790 1151 3842 sumus,
1174 3775 1271 3828 sed
1300 3775 1463 3829 etiam
1492 3776 1787 3846 prwdesti-

184 3860 339 3925 nati,
374 3860 428 3913 id
447 3868 527 3914 est
545 3861 851 3930 praeparati,
878 3878 1062 3915 sumus
1090 3862 1402 3917 secundum
1429 3866 1783 3935 propositum

187 3950 333 4018 ejus,
388 3947 441 4001 id
487 3956 569 4002 est
621 3949 921 4004 secundum
966 3950 1112 4021 quod
1161 3950 1332 4020 pietas
1376 3951 1490 4018 ejus
1530 3953 1597 4006 de
1628 3952 1785 4006 nobis

185 4035 492 4105 proposuit.
529 4037 664 4106 Ejus
693 4036 835 4105 dico,
862 4040 958 4109 qui
987 4038 1125 4093 sicut
1146 4039 1262 4093 haec
1292 4039 1344 4091 in
1366 4039 1546 4104 nobis,
1568 4040 1646 4094 sic
1667 4055 1787 4110 ope-

186 4129 360 4179 ratur
390 4126 580 4179 omnia
608 4128 669 4179 in
700 4125 928 4197 singulis
949 4128 1256 4181 secundum
1275 4128 1575 4182 consilium
1596 4128 1788 4181 volun-

192 4214 336 4267 tatis
366 4230 501 4280 sum,
522 4213 575 4266 id
598 4221 677 4268 est
702 4215 1003 4268 secundum
1025 4215 1363 4269 voluntatem
1384 4232 1534 4269 suam
1558 4215 1784 4271 consilio

186 4309 239 4355 et
268 4300 602 4356 discretione
633 4310 904 4373 agentem.
962 4302 1057 4357 Vel
1108 4303 1182 4357 ita
1216 4322 1227 4356 :
1258 4304 1379 4357 Non
1425 4303 1599 4358 solum
1630 4310 1787 4359 vocat

1804 3037 1851 3097 Ο

1876 446 1965 485 vos
1996 431 2174 485 vocati
2211 431 2339 485 estis
2370 432 2508 487 sicut
2556 448 2675 500 nos,
2733 438 2783 485 et
2841 431 3205 501 przedestinati
3244 449 3351 487 non
3402 449 3467 486 ex

1873 518 2065 572 merito
2098 527 2297 587 vestro,
2331 520 2428 573 sed
2468 537 2595 574 cum
2624 520 2923 574 audissetis
2940 521 3163 575 verbum
3186 522 3461 590 veritatis,

1874 606 1996 675 quia
2026 622 2089 660 ex
2123 607 2237 661 sola
2267 607 2442 679 gratia
2471 607 2616 661 misit
2644 608 2712 661 ad
2744 624 2839 661 vos
2865 609 3268 678 praedicatores,
3295 617 3344 663 et
3368 625 3464 665 vos

1873 693 2096 747 interius
2146 694 2437 765 inspiratos
2468 696 2659 749 audire
2717 696 2861 751 fecit.
2912 698 3027 752 Nec
3056 697 3231 751 solum
3262 697 3459 765 vocati,

1873 782 1969 835 sed
1999 782 2053 835 in
2085 799 2190 852 quo
2223 784 2435 837 Christo
2466 800 2562 837 vos
2584 785 2744 837 etiam
2767 785 3053 839 credentes
3073 788 3284 857 signati
3305 789 3457 852 estis,

1873 877 1930 922 ut
1959 871 2263 939 appareatis
2295 873 2361 925 de
2392 872 2580 925 militia
2610 873 2826 941 Christi,
2853 875 3069 945 Spiritu
3102 880 3315 931 sancto.
3341 875 3463 945 Spi-

1871 957 1977 1011 ritu
2009 958 2131 1013 dico
2158 961 2565 1032 promissionis,
2598 960 2652 1014 id
2696 970 2776 1015 est
2806 960 2892 1016 vel
2939 979 3100 1032 quem
3128 964 3274 1017 Deus
3303 964 3462 1017 nobis

1872 1046 2139 1114 promisit,
2175 1048 2260 1100 vel
2300 1048 2390 1118 qui
2439 1048 2686 1116 Spiritus,
2722 1050 2835 1117 jam
2884 1051 3179 1104 secundum
3227 1052 3463 1105 animam

1874 1133 2135 1188 deiﬁcans
2166 1151 2285 1198 nos,
2319 1135 2582 1204 promittit
2627 1137 2782 1190 nobis
2832 1137 3294 1194 immortalitatem
3334 1156 3461 1195 cor-

1873 1221 2022 1290 poris
2051 1222 2102 1274 iu
2135 1221 2333 1276 futuro.
2362 1222 2465 1288 Qui
2487 1223 2717 1292 Spiritus
2748 1229 2831 1280 est
2840 1226 3060 1296 pignus,
3109 1227 3164 1279 id
3186 1235 3268 1281 est
3299 1228 3461 1282 arrha

1874 1317 1925 1362 et
1974 1310 2293 1380 principium
2348 1311 2611 1365 habenda
2645 1312 2989 1367 hereditatis
3034 1318 3259 1380 nostrae,
3304 1316 3462 1371 nobis

1874 1398 2153 1467 promissae
2182 1398 2234 1451 in
2283 1398 2461 1453 futura
2507 1399 2703 1469 gloria.
2740 1402 2944 1472 Signati
2988 1402 3118 1456 estis
3147 1404 3209 1456 in
3241 1404 3462 1459 redem-

1868 1488 2143 1556 ptionem,
2180 1487 2234 1540 id
2264 1494 2346 1541 est
2376 1495 2431 1540 ut
2462 1488 2771 1558 appareatis
2785 1489 2949 1543 dehis
2970 1506 3107 1561 quos
3122 1491 3364 1545 Christus
3386 1506 3463 1546 re-

1874 1574 2059 1627 demit.
2104 1576 2549 1645 Redemptionem
2580 1577 2702 1632 dico
2731 1579 3141 1648 acquisitionis.
3194 1580 3294 1633 Per
3322 1580 3465 1635 hanc

1794 1692 1846 1752 B
1876 1662 2019 1715 enim
2049 1670 2101 1715 et
2130 1678 2228 1716 nos
2257 1663 2431 1717 Deum
2464 1664 2809 1734 acquirimus,
2835 1673 2886 1719 et
2916 1668 3062 1720 Deus
3089 1682 3196 1721 non
3226 1667 3466 1738 acquisi-

1876 1750 1967 1804 vit.
2013 1752 2195 1806 Vocati
2241 1751 2371 1805 estis
2401 1756 2455 1806 et
2494 1754 2724 1821 signati,
2776 1761 2878 1808 etc.
2927 1755 2991 1807 In
3024 1755 3245 1810 laudem
3275 1757 3468 1826 gloria:

1874 1838 2067 1908 ipsius,
2102 1838 2154 1891 id
2187 1847 2267 1891 est
2300 1846 2356 1891 ut
2390 1855 2490 1909 per
2521 1855 2617 1893 vos
2645 1840 2892 1894 laudetur
2926 1842 3104 1913 gloria
3134 1844 3270 1910 ejus.
3305 1843 3465 1897 Modo

1876 1925 2199 1979 determinat
2230 1926 2583 1981 intentionem
2636 1944 2809 1993 suam,
2853 1929 3041 1984 dicens
3074 1946 3087 1983 :
3121 1928 3256 1997 Quia
3289 1931 3466 1986 vocati

1875 2013 2207 2079 credidistis,
2244 2022 2294 2068 et
2328 2015 2529 2085 Spiritu
2550 2024 2739 2070 sancto
2762 2016 2958 2087 signati
2996 2018 3163 2084 estis;
3200 2021 3464 2091 Pr0pter-

1876 2117 1941 2155 ea
1972 2118 2064 2171 ego
2122 2102 2199 2170 (et
2230 2102 2403 2157 sancti
2436 2103 2525 2173 qui
2553 2119 2771 2159 mecum
2802 2106 2967 2174 sunt,)
3000 2120 3097 2177 ago
3118 2108 3335 2177 gratias
3364 2122 3464 2178 pro

1877 2190 2039 2255 vobis,
2074 2198 2126 2242 et
2152 2206 2323 2260 agens
2354 2191 2553 2261 gratias
2601 2208 2709 2246 non
2767 2208 2943 2248 cesso.
2998 2194 3097 2249 Hic
3128 2195 3264 2249 bene
3296 2196 3469 2249 innuit

1877 2293 1983 2331 non
2014 2294 2135 2333 esse
2167 2280 2492 2349 torpendum
2522 2280 2627 2333 illis
2650 2281 2938 2335 securitate
2969 2299 3080 2337 sua:
3105 2283 3345 2351 justitiae,
3371 2284 3468 2338 sed

1877 2366 2024 2419 omni
2053 2367 2187 2420 hora
2218 2367 2284 2421 de
2315 2367 2652 2423 incremento
2701 2368 3049 2438 perfectionis
3095 2371 3463 2426 laborandum.

1878 2454 2004 2523 Ego,
2039 2453 2277 2524 inquam,
2313 2472 2428 2510 non
2458 2473 2605 2511 cesso
2623 2457 2863 2511 audiens
2885 2458 3053 2525 ﬁdem
3076 2463 3320 2513 vestram
3346 2477 3467 2532 qua:

1879 2544 1961 2594 est
1992 2542 2051 2594 in
2083 2541 2297 2597 Christo
2312 2544 2462 2598 Jesu.
2499 2545 2611 2599 Hoc
2632 2546 2701 2598 ad
2732 2545 2907 2599 minus
2938 2546 3208 2615 perfectos
3229 2549 3465 2618 respicit,

1878 2628 1946 2682 de
1978 2629 2175 2698 quibus
2204 2630 2259 2682 in
2285 2631 2546 2701 principio
2575 2633 2666 2697 ait,
2699 2633 2955 2701 ﬁdelibus
2978 2635 3037 2688 in
3064 2635 3284 2690 Christo
3305 2638 3460 2692 Jesu.

1881 2717 2127 2772 Audiens
2184 2718 2344 2772 etiam
2402 2719 2763 2775 dilectionem
2820 2726 3063 2777 vestram
3121 2723 3359 2777 habitam
3407 2726 3470 2780 in

1879 2821 2071 2859 omnes
2113 2810 2355 2860 sanctos.
2376 2807 2488 2861 Hoc
2518 2808 2586 2861 ad
2614 2809 2967 2877 perfectiores
2986 2811 3225 2881 respicit.
3253 2813 3331 2867 De
3353 2812 3471 2884 qui-

1880 2892 1983 2945 bus
2013 2892 2216 2947 ibidem
2238 2894 2311 2947 ait
2342 2897 2597 2950 omnibus
2626 2900 2860 2952 sanctis.
2898 2900 3017 2953 Non
3052 2916 3220 2965 cesso,
3254 2902 3471 2971 gratias

1881 2996 2050 3050 agens
2092 2998 2193 3051 pro
2232 2980 2398 3047 vobis,
2448 2986 2667 3053 faciens
2695 2987 3029 3040 memoriam
3059 2989 3228 3042 vestri
3257 2990 3471 3043 oratio-

1881 3069 2046 3123 nibus
2073 3070 2231 3135 meis,
2266 3086 2366 3139 pro
2388 3071 2650 3124 habendis
2663 3072 2839 3127 bonis.
2861 3073 3025 3141 Quasi
3046 3074 3251 3130 diceret
3279 3092 3290 3129 :
3320 3076 3467 3131 Sicut

1875 3156 1988 3223 jam
2018 3165 2241 3227 accepta
2272 3158 2412 3211 bona
2459 3158 2702 3231 intelligo
2742 3177 2863 3215 esse
2912 3178 2977 3215 ex
3025 3163 3200 3234 gratia
3241 3163 3359 3227 Dei,
3395 3164 3474 3219 sic

1888 3244 2063 3298 sentio
2095 3246 2162 3299 de
2192 3246 2447 3299 omnibus
2478 3263 2599 3316 quae
2628 3248 2863 3302 habituri
2895 3250 3043 3303 estis.
3080 3250 3240 3305 Facio
3256 3267 3470 3307 memo-

1882 3330 2013 3383 riam
2036 3333 2220 3397 vestri,
2256 3338 2322 3387 ut
2341 3336 2485 3388 Deus
2516 3336 2739 3389 Domini
2760 3339 3082 3393 nostriJesu
3114 3339 3345 3405 Christi,
3371 3356 3472 3396 cu-

1877 3418 1967 3485 jus
2000 3421 2297 3474 secundum
2346 3423 2640 3476 humanam
2693 3432 2935 3477 naturam
2966 3426 3112 3480 Deus
3148 3436 3247 3492 est,
3284 3436 3337 3481 et
3366 3428 3472 3481 Pa-

1882 3514 1966 3560 ter
1995 3507 2185 3578 gloriae
2217 3509 2331 3575 ejus
2362 3528 2376 3575 ;
2410 3510 2654 3564 Christus
2703 3511 2845 3566 enim
2891 3514 3185 3567 secundum
3215 3515 3473 3570 deitatem

1883 3612 2001 3665 quae
2032 3595 2086 3649 in
2118 3612 2182 3649 eo
2213 3596 2389 3666 gloria
2421 3606 2519 3664 est,
2555 3599 2651 3652 Dei
2685 3599 2850 3653 Filius
2872 3608 2970 3661 est.
3001 3609 3058 3655 ut
3080 3603 3225 3657 Deus
3242 3610 3295 3656 et
3318 3605 3475 3657 Pater

1884 3684 1977 3737 det
2004 3685 2147 3739 vobis
2164 3685 2441 3756 Spiritum
2462 3687 2757 3758 sapientiae
2779 3693 2834 3743 et
2854 3690 3473 3754 revelationis,utreve-

1885 3772 1992 3826 late
2020 3772 2240 3842 possitis
2272 3772 2577 3845 intelligere
2598 3776 2856 3846 mysteria
2880 3776 2997 3831 Dei.
3020 3777 3309 3847 Sapientiae
3329 3779 3472 3848 dico,

1886 3868 1937 3913 et
1967 3860 2314 3915 revelationis
2373 3862 2569 3918 habitae
2600 3865 2663 3918 in
2709 3866 3000 3935 agnitione
3029 3867 3165 3936 ejus,
3217 3874 3275 3921 ut
3302 3868 3479 3923 Deum

1886 3948 2111 4018 ejusque
2143 3950 2403 4020 mysteria
2434 3952 2798 4023 cognoscatis.

1957 4038 2059 4090 Det
2089 4037 2251 4091 etiam
2282 4038 2435 4093 vobis
2464 4042 2820 4096 illuminatos
2840 4043 3047 4107 oculos,
3067 4058 3177 4097 non
3209 4044 3331 4100 dico
3361 4061 3481 4102 cor-

1886 4124 2055 4193 poris,
2089 4125 2185 4179 sed
2216 4126 2597 4182 cordisvestri.
2623 4129 2845 4198 Trangit
2876 4130 2963 4184 hic
2994 4131 3211 4185 stultum
3231 4149 3479 4189 errorem

1888 4213 2251 4283 quorumdam
2309 4214 2571 4283 (maxime
2636 4217 2945 4287 gentilium)
3004 4218 3095 4288 qui
3126 4219 3179 4271 in
3206 4220 3480 4289 primitiva

1888 4297 2013 4363 ﬁde,
2077 4301 2167 4370 qui
2224 4311 2621 4357 consueverant
2676 4304 2821 4358 idola
2874 4321 2991 4372 sua,
3042 4323 3163 4376 quae
3210 4308 3483 4364 habebant

184 4402 288 4442 nos
321 4403 390 4442 ex
420 4389 615 4458 gratia,
646 4390 741 4443 sed
774 4390 932 4444 etiam
963 4392 1059 4462 qui
1089 4393 1299 4455 omnia,
1334 4408 1452 4462 quae
1480 4399 1602 4461 post
1624 4407 1788 4446 voca-
1812 4381 1865 4440 D
1892 4404 2053 4441 manu
2084 4396 2337 4451 tractare,
2374 4389 2617 4445 234
2646 4393 2905 4461 putabant
2926 4409 3067 4449 caeca
3099 4404 3277 4450 mente
3306 4398 3482 4452 Deum

190 4476 397 4530 tionem
429 4485 742 4548 sequuntur,
768 4482 1037 4549 aperatur
1065 4478 1119 4531 in
1139 4479 1300 4532 nobis
1320 4480 1633 4535 secundum
1665 4496 1791 4534 con-

188 4566 392 4619 silium
422 4582 538 4619 sua:
568 4567 901 4631 voluntatis,
928 4567 1062 4621 sicut
1092 4567 1293 4622 dictum
1324 4575 1423 4621 est.
1458 4568 1587 4622 Ideo
1616 4567 1791 4623 vocati

188 4660 240 4706 et
270 4653 660 4722 praedestinati,
697 4658 763 4708 ut
792 4656 970 4710 simus
999 4655 1062 4708 in
1097 4656 1321 4710 laudem
1347 4656 1542 4725 gloriae
1571 4659 1711 4727 ejus,
1736 4656 1791 4709 id

188 4748 272 4794 est
293 4748 355 4793 ut
386 4740 548 4812 digna
578 4741 735 4796 laude
764 4741 1133 4812 glorificemus
1150 4744 1324 4797 Deum
1347 4743 1437 4813 qui
1458 4744 1568 4798 vult
1585 4743 1792 4797 laudari

188 4844 221 4882 a
250 4828 433 4883 nobis.
448 4828 569 4883 Non
588 4830 734 4900 quod
762 4830 879 4884 laus
908 4838 1094 4885 nostra
1114 4831 1407 4902 quidquam
1427 4831 1671 4886 conferat
1692 4831 1789 4897 illi,

190 4916 289 4969 sed
348 4924 405 4969 ut
449 4917 646 4971 haheat
692 4933 912 4972 causam
962 4918 1339 4974 benefaciendi
1381 4920 1557 4974 nobis.
1615 4919 1793 4973 Simus

188 5005 335 5069 dico,
371 5020 474 5058 nos
504 5006 599 5077 qui
629 5010 933 5078 antequam
966 5022 1063 5061 vos
1096 5010 1447 5079 speravimus
1464 5009 1525 5063 in
1551 5008 1787 5063 Christo.

192 5093 250 5145 In
281 5100 533 5163 tempore
564 5101 770 5148 tantum
800 5110 897 5149 vos
926 5096 1304 5164 praecedimus,
1327 5097 1422 5151 sed
1458 5097 1502 5150 si
1532 5096 1712 5161 vultis,
1739 5097 1793 5150 in

191 5180 368 5251 gloria
415 5197 527 5235 non
572 5182 953 5251 praecedimus.
1000 5184 1106 5239 Sed
1168 5184 1414 5239 fortassis
1472 5185 1793 5254 praecedetis

189 5283 311 5337 nos,
345 5284 471 5324 cum
500 5269 641 5325 dona
674 5270 773 5324 Dei
802 5271 856 5324 in
890 5271 1004 5325 sole
1036 5271 1300 5327 electione
1331 5272 1651 5341 consistant,
1684 5288 1795 5327 non

187 5354 243 5409 in
272 5372 500 5429 genere,
534 5357 619 5412 vel
651 5358 703 5412 in
732 5358 1005 5429 prioritate
1036 5360 1314 5431 temporis.

257 5440 429 5495 Nunc
475 5440 545 5494 ab
603 5441 865 5511 apostolis
922 5443 1251 5499 descensum
1273 5443 1399 5500 facit
1427 5443 1498 5500 ad
1530 5441 1796 5501 beneﬁcia

1890 4492 2005 4529 rem
2019 4476 2325 4544 hujusmodi
2339 4494 2608 4549 esse,quae
2621 4489 2672 4533 et
2693 4481 2864 4536 oculis
2885 4482 3066 4536 carnis
3082 4483 3275 4550 videri,
3301 4494 3353 4540 et
3368 4502 3482 4540 ma-

1890 4563 2051 4618 nibus
2070 4573 2257 4635 posset
2278 4566 2509 4636 palpari.
2532 4568 2633 4623 Det
2652 4570 2797 4624 vobis
2819 4570 3177 4629 illuminatos
3189 4575 3393 4642 oculos,
3415 4578 3482 4629 ut

1891 4653 2084 4709 sciatis
2108 4671 2248 4725 quae,
2282 4654 2336 4707 id
2367 4662 2449 4709 est
2479 4672 2638 4725 quam
2667 4656 2830 4728 digna
2868 4674 2973 4724 res,
3006 4668 3059 4713 et
3091 4677 3258 4732 quam
3288 4661 3482 4716 valens

1891 4743 1967 4795 sit
1996 4758 2137 4812 spes.
2169 4743 2292 4796 Non
2324 4750 2529 4797 tantum
2586 4760 2677 4798 res
2718 4754 2948 4816 sperata,
3002 4748 3101 4801 sed
3138 4748 3481 4804 solummodo

1893 4845 2114 4899 sperare
2146 4830 2365 4884 beatum
2395 4839 2494 4885 est.
2530 4832 2661 4898 Quae
2689 4834 2764 4887 sit
2793 4850 2915 4905 spes
2943 4836 3251 4891 vocationis
3272 4836 3485 4904 eius,id

1893 4924 1975 4970 est
2003 4916 2082 4971 rei
2112 4917 2180 4971 ad
2211 4934 2373 4988 quam
2401 4934 2688 4986 vocamus,
2725 4920 2809 4975 vel
2842 4931 3174 4989 vocatorum,
3195 4923 3249 4978 id
3279 4932 3360 4978 est
3381 4924 3487 4981 ele-

1894 5013 2101 5060 ctorum
2132 5006 2268 5073 ejus.
2304 5009 2372 5061 Et
2393 5024 2515 5078 qua:
2546 5008 2899 5079 suntﬁivitia:
2918 5012 3112 5081 gloriae
3133 5012 3487 5070 licereditatis

1894 5095 2031 5164 ejus,
2066 5093 2119 5148 id
2152 5102 2234 5148 est
2286 5111 2449 5165 quam
2480 5096 2650 5168 digna
2696 5097 2765 5150 sit
2810 5099 3102 5154 hazreditas
3132 5101 3268 5169 ejus,
3301 5101 3358 5155 in
3386 5118 3490 5173 qua

1895 5189 2017 5234 sunt
2037 5181 2255 5249 divitias,
2291 5183 2343 5236 id
2377 5191 2458 5237 est
2488 5184 2638 5238 nulla
2675 5186 2920 5255 penuria,
2970 5188 3066 5242 sed
3097 5190 3274 5244 omnis
3308 5190 3484 5260 cepia.

1894 5266 1953 5319 In
1984 5284 2090 5339 qua
2121 5269 2283 5325 etiam
2312 5280 2393 5326 est
2423 5272 2626 5345 gleriaf,
2660 5272 2712 5326 id
2770 5282 2851 5328 est
2880 5291 3207 5345 permanens
3236 5277 3491 5349 gaudium

1896 5354 2012 5411 sine
2025 5358 2345 5415 admistione
2359 5360 2682 5416 deloris.Haz
2690 5364 2952 5418 reditatis
2964 5365 3086 5420 dico
3103 5365 3492 5420 distribuendae

1894 5444 1950 5498 in
1981 5446 2313 5517 quibuslibet
2351 5450 2573 5506 sanctis.
2604 5450 2674 5504 Et
2704 5457 2761 5504 ut
2791 5450 2972 5507 sciatis
3016 5470 3137 5523 quas
3168 5453 3236 5508 sit
3263 5453 3490 5525 magni-
