3960 6050
484 195 587 251 323

1043 188 1100 243 S.
1142 184 1494 242 BRUNONIS
1533 173 2176 239 CARTHUSIANORUM
2212 172 2694 232 INSTITUTORIS
2733 173 2885 229 OPP.
2926 172 3102 228 PARS
3139 173 3205 227 II.

3661 172 3767 227 324

488 315 619 371 tudo
641 314 894 378 virtutis,
927 311 982 365 id
1013 318 1096 365 est
1124 310 1291 364 virtus
1320 309 1437 377 ejus
1468 321 1667 378 magna
1687 312 1738 359 et
1768 303 2077 371 incompre-
2100 299 2156 359 A
2186 322 2207 345 «
2244 300 2445 355 ceteri.
2476 301 2624 355 Deus
2655 306 2831 353 autem
2864 298 2954 369 qui
2983 297 3137 352 dives
3169 303 3251 351 est
3288 295 3342 348 in
3371 294 3770 361 misericordia,

485 402 788 458 hensibilis.
850 400 919 454 Et
961 415 1085 454 cum
1139 399 1255 453 haec
1312 395 1625 467 magnitudo
1682 393 1853 446 futura
1886 389 1953 444 sit
1980 403 2078 459 per

486 507 676 547 omnes
732 497 967 553 sanctos,
1000 488 1425 558 supereminens
1455 492 1638 537 tamen
1666 480 1848 534 futura
1892 481 1955 532 in
1979 493 2076 531 nos

482 582 778 656 apostolos,
814 579 905 650 qui
934 577 1082 648 prius
1112 574 1232 628 aliis
1282 572 1628 629 credidimus.
1662 570 1727 622 Et
1760 566 1906 638 quod
1934 567 2076 656 hanc

486 651 740 726 virtutem
771 670 920 722 Deus
959 671 1216 735 operetur
1246 661 1300 714 in
1332 676 1453 726 nos,
1486 658 1659 729 probo
1687 671 1783 725 per
1815 656 1919 708 hoc
1950 651 2077 722 quia

483 762 590 831 jam
625 762 709 814 est
742 759 1006 828 cperatus
1039 768 1163 807 eam
1194 753 1253 805 in
1279 749 1520 804 Christo.
1553 744 1707 813 Quod
1727 743 1804 797 sic
1824 741 1931 795 ait:
1957 739 2078 794 Vir-

488 856 652 904 tutem
682 849 823 900 hanc
851 844 1082 897 futuram
1106 841 1159 893 in
1188 854 1289 893 nos
1317 835 1527 891 afﬁrmo
1556 832 1862 888 secundum
1884 845 2079 900 opera-

489 940 697 993 tionem
718 933 989 1006 potentiw
1005 928 1238 984 virtutis
1269 928 1408 997 ejus,
1427 923 1481 976 id
1503 930 1584 976 est
1601 919 1898 974 secundum
1917 916 2079 971 virtu-

486 1034 595 1080 tem
654 1005 773 1092 ejus
830 1017 1193 1091 potentialiter
1249 1019 1585 1083 operantem,
1634 1025 1801 1078 quam
1830 1005 2079 1062 virtutem

487 1116 750 1185 Operatus
781 1114 865 1164 est
894 1108 956 1161 in
990 1104 1223 1160 Christo.
1260 1104 1327 1156 Et
1366 1101 1505 1153 hanc
1554 1097 1807 1151 virtutem
1838 1091 2075 1162 exponit,

486 1182 798 1272 approbans
827 1212 928 1266 per
956 1196 1060 1248 hoc
1108 1191 1252 1262 quod
1293 1187 1543 1241 similiter
1573 1192 1623 1239 et
1651 1182 1825 1254 possit
1862 1189 1914 1234 et
1942 1195 2078 1249 ope-

486 1268 632 1345 retur
658 1289 713 1341 in
762 1284 941 1340 nobis.
988 1282 1259 1352 Operatus
1310 1280 1393 1330 est
1438 1275 1709 1329 virtutem
1739 1273 1801 1325 in
1836 1268 2075 1333 Christo,

486 1378 771 1433 suscitans
802 1374 968 1429 illum
990 1367 1303 1430 emortuis,
1336 1380 1435 1433 per
1467 1360 1611 1432 quod
1643 1368 1695 1414 et
1725 1374 1824 1413 nos
1856 1355 2084 1410 suscita-

486 1467 583 1532 bit,
620 1473 671 1519 et
699 1467 924 1533 apparet
956 1457 1101 1529 quod
1131 1453 1319 1525 possit.
1354 1454 1422 1506 Et
1446 1451 1631 1514 illum,
1676 1446 1879 1501 scilicet
1918 1442 2075 1533 Chrit

487 1529 649 1619 stum,
688 1529 1002 1605 suscitatum
1029 1542 1433 1600 constituensa
1466 1538 1783 1601 dexteram,
1816 1533 1871 1586 id
1902 1538 1983 1586 est
2012 1529 2081 1583 ad

488 1641 848 1712 aequalitatem
878 1651 1040 1689 suam
1069 1635 1131 1687 in
1166 1628 1498 1690 caelestibus,
1549 1632 1601 1678 et
1632 1623 1705 1676 ita
1734 1620 1879 1692 quod
1910 1636 2081 1691 supra

489 1709 711 1787 omnem
726 1724 1137 1797 principatum,
1160 1723 1215 1773 et
1242 1718 1595 1788 potestatem,
1620 1715 1675 1766 et
1702 1712 1993 1772 virtutem,
2027 1709 2083 1761 et

490 1816 957 1873 dominationem.

557 1904 657 1959 Hic
688 1908 919 1974 quatuor
950 1895 1173 1952 ordines
1202 1891 1524 1964 angelorum
1551 1888 1817 1942 habemus
1852 1903 1866 1951 ;
1901 1891 1956 1938 et
1984 1898 2084 1953 per

486 1996 591 2050 hoc
613 1972 760 2063 quod
778 1987 1025 2058 sequitur
1044 1998 1205 2039 omne
1218 1996 1444 2044 nomen,
1469 1974 1820 2046 intelligimus
1842 1972 2082 2041 reliquos

486 2057 723 2139 ordines.
760 2057 921 2144 Quod
949 2087 1148 2128 nomen
1180 2070 1532 2130 nominatur,
1567 2063 1621 2116 id
1642 2069 1723 2116 est
1753 2057 2083 2115 nominabile

489 2178 589 2235 est,
624 2184 739 2222 non
760 2166 941 2220 solum
970 2163 1032 2216 in
1055 2159 1152 2213 hoc
1169 2156 1391 2219 steculo,
1416 2153 1509 2207 sed
1534 2153 1706 2206 etiam
1720 2148 2083 2218 quodcunque

488 2233 860 2314 nominabitur
913 2252 963 2304 si
1017 2250 1233 2319 futuro.
1270 2243 1385 2296 Hoc
1426 2239 1547 2294 ideo
1589 2236 1817 2301 addidit,
1861 2250 1929 2288 ne
1962 2233 2083 2304 quis

489 2348 750 2416 objiceret
780 2342 828 2396 ei
858 2358 871 2393 :
908 2336 1216 2393 Secundum
1245 2334 1348 2387 hoc
1380 2328 1525 2401 quod
1552 2343 1740 2398 parum
1774 2325 1841 2378 de
1873 2321 2084 2392 angelis

488 2410 652 2492 modo
686 2426 1035 2503 cognoscitis,
1062 2422 1302 2480 concedo
1324 2418 1596 2474 Christum
1624 2430 1785 2483 supra
1807 2411 1935 2482 poni
1952 2410 2078 2474 illis,

490 2524 589 2581 sed
636 2498 936 2577 secuhdum
976 2515 1080 2568 hoc
1121 2508 1266 2582 quod
1311 2509 1378 2562 de
1424 2505 1531 2560 illis
1576 2504 1629 2556 in
1660 2502 1840 2555 futuro
1869 2498 2081 2569 plenius

489 2607 851 2684 cognoscetis,
904 2618 1028 2659 caro
1081 2597 1277 2654 Christi
1334 2610 1445 2649 non
1497 2596 1898 2661 supraponetur
1942 2585 2072 2639 illis.

492 2674 689 2756 Cohtra
719 2698 822 2750 hoc
853 2692 925 2746 ait
960 2709 971 2743 :
1003 2690 1126 2743 Non
1175 2685 1349 2739 solum
1392 2680 1535 2753 quod
1565 2678 1870 2733 nominatur
1898 2674 1953 2726 in
1979 2674 2081 2726 hoc

492 2786 709 2850 saculo,
745 2781 842 2836 sed
873 2778 1032 2834 etiam
1063 2788 1228 2844 supra
1260 2785 1419 2825 omne
1448 2768 1577 2821 illud
1611 2763 1755 2835 quod
1776 2763 1844 2816 de
1871 2758 2082 2850 angelis

406 2914 411 2916 τ
492 2847 852 2946 cognoscatur
899 2866 953 2920 in
996 2864 1195 2930 futuro,
1247 2874 1371 2913 eum
1430 2851 1775 2925 supraposuit
1829 2847 2080 2903 omnibus

491 2972 546 3020 et
562 2940 754 3018 bmnia
785 2952 1067 3027 supposuit
1097 2949 1165 3004 ei.
1217 2945 1451 3014 Quidam
1484 2940 1629 2996 enim
1661 2944 1786 2992 sunt
1816 2950 2080 3006 suprapo-

489 3052 577 3107 siti
605 3047 808 3109 multis,
841 3022 1090 3116 qui,licet
1116 3034 1419 3099 inferiores,
1454 3046 1564 3084 non
1592 3036 1771 3081 tamen
1802 3031 1923 3078 sunt
1945 3022 2080 3076 sub-

484 3139 614 3209 jecti
644 3137 744 3192 eis.
794 3110 949 3189 unde
997 3128 1115 3182 ait:
1156 3122 1354 3181 Omnia
1413 3117 1649 3187 subjecit
1705 3114 1803 3209 sub
1848 3110 2081 3209 pedibus

493 3200 615 3297 eius
636 3223 810 3295 (Psal.
845 3234 967 3284 vm,
1003 3216 1076 3285 8),
1110 3212 1167 3267 id
1197 3218 1279 3266 est
1309 3216 1417 3262 tam
1446 3205 1604 3277 plena
1636 3200 1989 3297 subjectione,

490 3284 580 3369 ille
638 3284 729 3384 qui
760 3308 991 3381 pedibus
1038 3284 1424 3361 substernitur,
1487 3294 1573 3349 vel
1603 3292 1702 3347 sub
1728 3288 1974 3384 pediti—us,
2026 3284 2081 3338 id

491 3412 573 3460 est
604 3375 703 3456 sub
732 3375 1059 3453 humanitate
1114 3387 1315 3445 Christi
1361 3384 1540 3441 omnia
1590 3378 1835 3448 subjecit.
1868 3375 2083 3429 Diceret

489 3492 580 3547 ille
612 3505 624 3543 :
657 3490 724 3543 Et
752 3486 879 3557 quid
908 3498 1004 3554 per
1031 3481 1135 3534 hoc
1164 3476 1384 3547 probas,
1433 3471 1480 3525 si
1526 3468 1794 3557 Christum
1847 3462 2081 3557 suscita:

489 3590 606 3635 tum
633 3548 797 3647 super
853 3548 1035 3627 omnia
1088 3565 1287 3638 posuit,
1347 3570 1400 3616 et
1447 3557 1629 3614 omnia
1675 3554 1779 3625 ipsi
1810 3548 2082 3647 subjecit?

488 3671 634 3724 Bene
663 3636 761 3736 per
787 3664 891 3716 hoc
917 3636 1112 3730 probo,
1146 3654 1218 3707 ait
1247 3650 1460 3717 Paulus,
1495 3644 1637 3736 quod
1682 3645 1868 3736 ipsum
1921 3636 2080 3692 Chri-

491 3765 634 3811 stum
650 3730 797 3809 Deus
810 3748 960 3804 dedit
980 3747 1332 3815 caputsupra
1354 3751 1577 3793 omnem
1596 3730 1901 3786 Ecclesium
1920 3747 1938 3793 ;
1961 3741 2081 3815 qua:

492 3841 742 3898 Ecclesia
769 3840 853 3892 est
877 3813 1077 3905 corpus
1096 3830 1274 3899 ipsius
1303 3821 1521 3879 Christi.
1547 3822 1614 3875 Et
1635 3817 1830 3888 putatis
1854 3815 2006 3905 quod
2026 3813 2081 3866 in

489 3931 663 4001 capite
693 3902 985 4000 gloriosus,
1021 3926 1071 3973 et
1100 3918 1153 3971 in
1186 3929 1409 3984 corpore
1440 3914 1716 3963 remaneat
1745 3902 2078 4000 ignominio-

492 3990 623 4074 sus?
654 3990 904 4070 Ecclesia
933 4016 1014 4063 est
1045 4020 1262 4075 corpus,
1295 4005 1347 4056 et
1380 3996 1671 4071 plenitudo
1702 3996 1821 4065 ejus
1860 3990 2074 4055 Christi,

490 4105 583 4180 qui
613 4101 866 4159 Christus
895 4113 995 4168 per
1025 4109 1147 4148 eam
1198 4087 1538 4158 adimpletur.
1590 4081 1707 4180 i‘iisi
1764 4078 1907 4179 enim
1949 4077 2079 4147 justi

491 4168 882 4251 resuscitentur
934 4183 1112 4240 eundo
1169 4194 1342 4251 usque
1411 4174 1481 4229 ad
1552 4170 1795 4226 ultimum
1848 4168 2077 4237 justum,

490 4299 692 4355 corpus
723 4276 919 4334 Christi
974 4277 1217 4327 remanet
1253 4263 1652 4337 imperfectum.
1697 4258 1801 4355 Qui
1830 4255 2076 4310 Christus

643 4363 977 4440 plenitudine
1005 4356 1269 4416 Ecclesiae
1311 4353 1715 4440 adimpleatur,
1751 4345 1867 4440 ipse
1897 4352 2074 4440 tamen
2097 4337 2149 4396 D

491 4468 575 4516 est
603 4432 815 4521 omnia,
840 4453 894 4506 id
916 4459 995 4506 est
1015 4446 1192 4505 omnis
1212 4441 1494 4516 perfectio,
1538 4438 1592 4491 in
1625 4434 1898 4498 omnibus,
1922 4432 1978 4485 id
2000 4438 2081 4485 est

488 4549 543 4604 in
576 4543 809 4619 singulis
839 4537 1118 4603 membris,
1152 4534 1279 4606 quia
1307 4547 1411 4586 nec
1438 4530 1559 4599 ipsa
1592 4522 1832 4579 membra
1852 4526 2081 4591 possunt

492 4634 788 4707 adimplere
818 4646 960 4697 eum,
991 4625 1095 4682 nisi
1121 4639 1218 4695 per
1249 4621 1447 4691 ipsum.

1129 4768 1351 4827 CAPUT
1388 4766 1455 4823 II.

563 4940 585 4966 (ι
621 4914 690 4971 Et
771 4925 871 4967 vos
926 4898 1368 4979 [conviviﬁcavit]
1424 4912 1546 4953 cum
1628 4894 1821 4950 essetis
1876 4887 2077 4945 mortui

492 5029 514 5055 «ι
551 5001 760 5060 delictis
790 5007 843 5053 et
872 4978 1109 5067 peccatis
1165 4987 1393 5053 vestris,
1451 4985 1507 5039 in
1554 4983 1746 5055 quibus
1786 4978 2076 5051 aliquando

494 5116 515 5140 α
552 5087 864 5146 ambulastis
883 5080 1179 5138 secundum
1209 5075 1463 5131 saeculum
1493 5072 1678 5126 mundi
1707 5071 2079 5139 hujus,secun-

494 5204 515 5227 α
552 5178 682 5232 dum
709 5173 1008 5245 principem
1037 5164 1320 5239 potestatis
1352 5162 1496 5217 aeris
1514 5161 1673 5245 hujus
1696 5158 1949 5229 spiritus;
1984 5155 2075 5226 qui

498 5285 520 5311 ιι
554 5241 984 5328 nunc—operatur
1025 5253 1078 5307 in
1120 5250 1259 5304 ﬁlios
1312 5244 1646 5309 difﬁdentiaa,
1679 5242 1734 5296 in
1783 5241 1975 5313 quibus
2025 5244 2077 5291 et

493 5373 517 5403 ε
551 5365 652 5405 nos
681 5326 872 5403 omnes
902 5340 1187 5414 aliquando
1226 5333 1533 5394 conversati
1562 5347 1748 5387 sumus
1778 5329 1833 5383 in
1862 5326 2077 5382 deside-

494 5462 517 5493 α
550 5439 648 5495 riis
677 5433 858 5493 carnis
887 5440 1104 5496 nostrae,
1139 5426 1399 5484 facientes
1437 5422 1767 5480 voluntatem
1811 5415 1993 5473 carnis
2024 5420 2077 5469 et

495 5550 518 5579 α
551 5524 958 5598 cogitationum.
990 5521 1055 5576 Et
1104 5531 1319 5574 eramus
1347 5520 1537 5569 natura
1578 5508 1672 5563 ﬁlii
1715 5506 1826 5571 irae,
1859 5504 1994 5559 sicut
2023 5510 2077 5559 et

2182 406 2203 429 «ι
2236 392 2467 454 propter
2495 382 2715 436 nimiam
2748 382 3065 437 charitatem
3095 395 3244 434 suam
3277 394 3384 451 qua
3430 378 3616 432 dilexit
3646 393 3773 442 nos,

2182 493 2203 521 ι
2238 479 2291 525 et
2335 487 2455 526 cum
2512 487 2757 525 essemus
2814 468 3011 524 mortui
3062 467 3317 538 peccatis,
3381 464 3779 521 conviviﬁcavit

2183 581 2203 605 ‹‹
2236 576 2336 613 nos
2358 560 2412 612 in
2444 560 2678 625 Christo,
2700 558 2856 626 cujus
2885 556 3061 629 gratia
3078 556 3208 610 estis
3239 553 3449 610 salvati.
3479 555 3545 607 Et
3574 569 3775 609 conre-

2183 668 2204 693 α
2240 647 2514 702 suscitavit
2541 655 2593 700 et
2623 646 2908 701 considere
2930 644 3056 699 fecit
3082 644 3137 697 in
3154 643 3463 697 caelestibus
3484 641 3536 695 in
3561 642 3775 696 Christo

2182 756 2205 785 ι
2238 736 2380 801 Iesu,
2443 742 2500 787 ut
2544 734 2853 788 ostenderet
2899 733 2955 785 in
3007 731 3218 786 saeculis
3269 729 3779 801 supervenientibus

2183 846 2203 869 ιι
2242 822 2582 877 abundantes
2598 822 2810 876 divitias
2834 820 3026 891 gratiae
3048 836 3156 873 suae
3170 819 3224 872 in
3247 818 3481 872 bonitate
3496 832 3658 887 super
3672 832 3775 871 nos

2183 934 2204 957 α
2245 910 2398 965 23
2412 911 2482 965 5
2510 910 2565 963 in
2581 909 2794 964 Christo
2815 906 3150 962 Jesu.Gratia
3163 906 3303 960 enim
3319 905 3504 959 salvati
3527 905 3657 959 estis
3674 921 3778 974 per

2185 1020 2206 1044 «
2240 996 2403 1052 fidem
2432 1005 2485 1053 et
2514 998 2617 1052 hoc
2650 1011 2757 1051 non
2789 1013 2854 1050 ex
2884 996 3040 1050 vobis
3074 1013 3088 1060 ;
3122 994 3223 1048 Dei
3254 993 3398 1047 enim
3430 992 3630 1046 donum
3666 998 3771 1056 est,

2184 1108 2205 1132 α
2244 1102 2349 1140 non
2387 1100 2458 1139 ex
2501 1085 2776 1155 operibus,
2802 1091 2857 1137 ut
2879 1099 2948 1137 ne
2971 1083 3091 1153 quis
3121 1081 3403 1153 glorietur.
3428 1079 3605 1150 Ipsius
3627 1078 3774 1133 enim

2184 1197 2205 1220 ιι
2241 1190 2429 1228 sumus
2461 1173 2683 1237 factura,
2735 1170 2899 1226 creati
2928 1171 2982 1223 in
3031 1169 3243 1224 Christo
3273 1169 3401 1221 Jesu
3430 1167 3483 1220 in
3514 1166 3774 1237 Operibus

2185 1284 2207 1311 α
2239 1262 2416 1330 bonis,
2450 1278 2571 1332 qua:
2600 1259 2926 1330 praeparavit
2947 1259 3093 1312 Deus
3125 1264 3180 1311 ut
3211 1256 3267 1310 in
3289 1256 3395 1310 illis
3416 1254 3773 1309 ambulemus.

2186 1372 2208 1400 ι
2244 1352 2473 1419 Propter
2504 1349 2647 1420 quod
2675 1362 2949 1402 memores
2979 1353 3149 1400 estote
3180 1345 3326 1415 quod
3358 1343 3648 1414 aliquando
3676 1359 3776 1397 vos

2188 1459 2208 1485 α
2241 1437 2333 1508 qui
2363 1444 2554 1509 gentes
2585 1436 2742 1490 eratis
2790 1436 2844 1489 in
2888 1449 3075 1498 carne,
3126 1433 3217 1503 qui
3266 1430 3593 1487 dicebamini
3623 1448 3771 1501 pra:-

2188 1547 2208 1570 u
2241 1526 2449 1595 putium
2479 1525 2546 1578 ab
2593 1540 2654 1578 ea
2681 1540 2800 1594 quae
2845 1522 3040 1577 dicitur
3092 1519 3437 1575 circumcisio
3495 1518 3550 1570 in
3605 1533 3775 1573 carne

2101 1645 2153 1703 Β
2186 1636 2207 1660 ι(
2243 1612 2587 1677 manufacta;
2622 1612 2713 1682 qui
2742 1611 2908 1665 eratis
2938 1609 3027 1665 illo
3057 1609 3113 1661 in
3135 1616 3379 1678 tempore
3401 1606 3516 1660 sine
3534 1606 3771 1671 Christo,

2187 1723 2208 1750 α
2240 1701 2457 1754 alienati
2486 1715 2518 1753 a
2548 1698 2963 1754 conversatione
3019 1696 3186 1751 Israel
3226 1703 3278 1749 et
3322 1694 3562 1763 hospites
3599 1702 3773 1747 testa-

2186 1812 2207 1835 α
2244 1795 2569 1852 mentorum,
2617 1785 2994 1856 promissionis
3043 1799 3196 1854 spem
3241 1798 3351 1837 non
3396 1782 3679 1846 habentes,
3723 1787 3776 1834 et

2186 1898 2209 1926 «
2244 1876 2361 1930 sine
2390 1878 2506 1930 Deo
2545 1875 2601 1928 in
2630 1876 2735 1929 hoc
2793 1873 3027 1927 mundo:
3063 1887 3207 1926 nunc
3266 1878 3445 1925 autem
3476 1870 3530 1922 in
3558 1868 3775 1923 Christo

2186 1987 2207 2011 α
2243 1965 2372 2017 Jesu
2404 1979 2523 2031 vos,
2585 1962 2677 2032 qui
2731 1961 3021 2032 aliquando
3060 1958 3220 2014 eratis
3252 1959 3435 2029 longe,
3485 1956 3614 2011 facti
3643 1956 3775 2011 estis

2187 2073 2208 2101 α
2243 2068 2436 2122 prope,
2493 2051 2550 2105 in
2607 2049 2871 2121 sanguine
2928 2047 3144 2103 Christi.
3179 2049 3301 2117 Ipse
3360 2045 3501 2100 enim
3554 2052 3634 2098 est
3665 2059 3774 2114 pax

2186 2162 2207 2187 «ι
2244 2148 2453 2206 nostra,
2486 2139 2579 2209 qui
2610 2137 2737 2193 fecit
2765 2145 2997 2207 utraque
3028 2152 3216 2201 unum,
3248 2134 3555 2189 etmedium
3585 2132 3774 2203 parie-

2188 2249 2209 2277 ‹
2245 2236 2353 2281 tem
2382 2226 2631 2281 maceriae
2687 2224 2904 2279 solvens
2959 2223 3270 2278 inimicitias
3326 2221 3381 2274 in
3438 2236 3601 2275 carne
3651 2235 3770 2273 sua.

2187 2338 2207 2363 α
2246 2316 2447 2385 Legem
2477 2313 2857 2367 mandatorum
2908 2310 3141 2366 decretis
3192 2325 3481 2375 evacuans,
3532 2316 3588 2361 ut
3636 2307 3774 2361 duos

2188 2424 2209 2453 «
2246 2403 2443 2457 condat
2485 2403 2538 2455 in
2601 2401 2779 2470 seipso
2836 2400 2891 2452 in
2946 2414 3053 2453 uno
3104 2414 3246 2453 novo
3305 2396 3525 2451 homine
3566 2394 3774 2452 faciens

2186 2514 2207 2538 «
2243 2506 2454 2560 pacem,
2501 2497 2557 2542 ut
2588 2487 2898 2543 reconciliet
2926 2488 3115 2541 ambos
3146 2486 3200 2539 in
3232 2501 3339 2539 uno
3370 2500 3623 2553 corpore,
3657 2484 3774 2537 Deo

2187 2601 2207 2624 α
2243 2595 2342 2648 per
2371 2593 2609 2643 crucem,
2644 2573 2967 2630 interﬁciens
3022 2573 3334 2628 inimicitias
3365 2572 3419 2625 in
3452 2571 3768 2640 semetipso.

2188 2688 2209 2715 α
2242 2668 2311 2720 Et
2339 2665 2567 2720 veniens
2599 2662 2994 2735 evangelizavit
3033 2677 3223 2732 pacem
3270 2660 3425 2715 vobis
3468 2659 3557 2730 qui
3604 2658 3772 2728 longe

2187 2776 2208 2799 α
2246 2752 2439 2819 fuistis,
2497 2760 2550 2808 et
2596 2767 2789 2822 pacem
2844 2751 2928 2804 his
2987 2750 3078 2820 qui
3135 2764 3321 2819 prope,
3380 2747 3635 2818 quoniam
3676 2761 3777 2816 per

2187 2863 2208 2888 «ι
2244 2841 2421 2911 ipsum
2474 2841 2736 2894 habemus
2794 2854 3075 2893 accessum
3108 2837 3268 2891 ambo
3316 2836 3371 2888 in
3418 2851 3527 2888 uno
3573 2833 3775 2904 Spiritu

2187 2951 2208 2975 α
2242 2930 2309 2982 ad
2340 2930 2571 2983 Patrem.
2603 2928 2755 2999 Ergo
2808 2927 2921 2995 jam
2979 2941 3089 2980 non
3146 2924 3275 2979 estis
3305 2923 3547 2994 hospites
3588 2930 3641 2976 et
3667 2921 3772 2975 ad-

2184 3039 2206 3067 ι
2240 3033 2412 3085 venae,
2436 3016 2532 3071 sed
2563 3016 2691 3070 estis
2720 3014 2866 3070 cives
2911 3021 3220 3067 sanctorum
3252 3019 3303 3066 et
3333 3010 3619 3065 domestici
3648 3009 3769 3075 Dei,

2185 3127 2207 3156 α
2244 3102 2659 3175 supermdiﬁcati
2716 3118 2883 3173 super
2938 3101 3348 3155 fundamentum
3400 3098 3773 3169 apostolorum

2184 3214 2205 3240 α
2243 3200 2295 3247 et
2349 3193 2750 3263 prophetarum,
2811 3190 2931 3260 ipso
3004 3203 3214 3243 summo
3289 3186 3537 3258 angulari
3591 3184 3771 3255 lapide

2186 3302 2207 3331 α
2241 3280 2455 3335 Christo
2484 3280 2611 3334 Jesu
2645 3298 2658 3345 ;
2692 3278 2748 3331 in
2778 3294 2885 3349 quo
2929 3277 3105 3331 omnis
3151 3275 3436 3330 aedificatio
3466 3282 3774 3329 constructa

2186 3392 2207 3418 α
2242 3368 2435 3425 crescit
2461 3368 2516 3422 in
2548 3367 2805 3436 templum
2861 3373 3107 3420 sanctum
3166 3364 3220 3417 in
3252 3362 3502 3428 Domino,
3560 3362 3616 3415 in
3668 3377 3773 3432 quo

2184 3479 2205 3505 α
2243 3465 2297 3511 et
2315 3473 2414 3511 vos
2426 3454 2837 3511 cozediﬁcamini
2858 3453 2914 3507 in
2932 3452 3300 3508 habitaculum
3320 3449 3769 3523 [tabernaculum]

2186 3570 2207 3595 (ι
2240 3545 2341 3601 Dei
2370 3545 2425 3599 in
2456 3543 2656 3614 Spiritu
2687 3549 2896 3597 sancto.
2938 3565 2959 3589 ι)

2816 3704 3134 3744 EXPOSITIO.

2250 3824 2396 3880 Dixit
2427 3822 2675 3893 superius
2714 3821 2982 3891 Ephesios
3012 3837 3077 3875 ex
3108 3818 3370 3874 electione
3402 3817 3501 3874 Dei
3529 3824 3768 3883 vocatos,

2183 3914 2384 3984 Spiritu
2441 3919 2626 3966 sancto
2684 3910 2949 3981 signatos,
3013 3924 3180 3979 seque
3227 3923 3329 3978 pro
3386 3906 3464 3961 eis
3506 3922 3665 3961 orare
3714 3913 3774 3960 ut

2182 4002 2327 4073 quod
2382 4002 2529 4054 Deus
2576 3998 2665 4069 pie
2714 3998 2877 4067 coepit
2930 3997 2984 4051 in
3033 3996 3137 4049 illis
3176 3995 3488 4067 quotidiano
3530 3993 3773 4064 perﬁciat

2179 4090 2513 4144 incremento
2545 4104 2557 4153 ;
2591 4094 2643 4140 et
2674 4094 2957 4156 postquam
3001 4091 3110 4138 tam
3158 4084 3355 4155 dignos
3405 4098 3498 4138 eos
3536 4082 3669 4137 dixit
3715 4081 3772 4135 in

2178 4178 2281 4232 hac
2311 4176 2550 4231 novitate
2580 4174 2795 4244 gratiae,
2830 4173 3043 4227 reducit
3074 4172 3153 4226 eis
3180 4172 3249 4225 ad
3275 4170 3595 4226 memoriam
3623 4169 3772 4240 prio-

2179 4281 2293 4319 rem
2324 4272 2520 4318 statum
2549 4278 2710 4333 quem
2740 4262 3049 4315 habuerunt
3096 4260 3151 4313 in
3179 4259 3436 4330 peccatis,
3468 4266 3528 4312 ut
3556 4274 3769 4313 memo-

2180 4370 2269 4408 res
2298 4350 2652 4407 immunditiis
2710 4366 2823 4404 suae
2870 4364 2980 4403 non
3009 4348 3241 4402 audeant
3282 4362 3634 4417 praesumere,
3664 4346 3771 4401 nisi

2179 4442 2248 4496 de
2302 4439 2475 4511 gratia
2534 4437 2653 4502 Dei,
2686 4437 2841 4508 quasi
2896 4436 3088 4491 merito
3129 4451 3226 4489 suo
3262 4434 3464 4505 aliquid
3514 4432 3771 4488 novitatis

2179 4528 2486 4584 habuerint.
2545 4526 2745 4581 Iterum
2793 4532 3018 4596 propter
3072 4525 3175 4579 hoc
3253 4529 3635 4579 commemorat
3690 4521 3772 4576 eis

2179 4624 2379 4671 statum
2407 4613 2759 4680 inﬁdelitatis,
2794 4621 2851 4667 ut
2880 4629 3003 4669 cum
3034 4612 3249 4667 videant
3278 4612 3422 4683 quod
3451 4610 3625 4682 gratia
3669 4609 3772 4666 Dei

2179 4721 2274 4761 eos
2334 4705 2402 4760 de
2460 4702 2713 4772 injustitia
2766 4702 2831 4755 ad
2884 4700 3145 4771 justitiam
3202 4700 3473 4766 traxerit,
3558 4706 3771 4754 certum

2178 4794 2417 4849 habeant
2448 4792 2613 4864 quod,
2647 4791 2696 4846 si
2719 4791 2834 4859 jam
2885 4790 3016 4858 justi
3047 4790 3310 4856 laborent,
3364 4789 3512 4844 Deus
3542 4788 3633 4858 qui
3662 4786 3771 4841 illis

2177 4881 2391 4951 injustis
2423 4880 2664 4947 contulit,
2697 4879 2865 4934 multo
2904 4878 3134 4949 amplius
3163 4885 3217 4932 et
3245 4877 3501 4931 libentius
3526 4875 3775 4932 conferet

2172 4970 2281 5038 jam
2310 4966 2633 5038 justiﬁcatis.
2668 4967 2712 5020 si
2759 4966 3065 5036 promereri
3122 4965 3408 5021 voluerint.
3462 4963 3663 5018 Littera
3693 4962 3773 5016 sic

2170 5057 2450 5126 jungitur:
2484 5056 2598 5109 Nos
2641 5054 2873 5125 apostoli
2917 5054 3266 5118 credidimus,
3313 5060 3366 5107 et
3393 5068 3492 5107 vos
3520 5050 3770 5105 similiter

2177 5143 2525 5210 credidistis;
2556 5142 2642 5197 vel
2701 5142 2776 5195 ibi
2810 5159 2823 5195 :
2856 5143 3003 5197 Deus
3078 5141 3355 5197 suscitavit
3408 5139 3679 5194 Christum
3733 5155 3771 5192 a

2176 5234 2435 5297 mortuis,
2471 5239 2524 5286 et
2553 5247 2651 5287 vos
2682 5230 2925 5285 similiter
2963 5230 3237 5285 suscitavit
3265 5246 3295 5283 a
3324 5236 3497 5283 morte
3524 5224 3770 5298 peccati;

2177 5321 2263 5377 vel
2292 5335 2417 5376 cum
2472 5319 2638 5374 verbo
2697 5319 2842 5391 quod
2899 5318 3122 5374 inferius
3179 5318 3446 5388 sequitur,
3495 5315 3574 5370 sic
3628 5328 3769 5369 con-

2177 5416 2389 5465 struere
2416 5424 2726 5480 possumus.
2761 5406 3033 5462 Christum
3080 5406 3233 5462 dedit
3272 5407 3445 5477 caput
3471 5419 3643 5474 supra
3659 5404 3769 5458 Ec-

2177 5498 2427 5566 clesium,
2464 5504 2516 5553 et
2544 5511 2634 5553 vos
2684 5496 3093 5565 conviviﬁeavit
3137 5493 3375 5551 Christo.
3434 5491 3773 5562 Quocumque
