3960 6050
242 188 350 243 325

794 182 1176 241 EXPOSITIO
1234 186 1310 240 IN
1362 184 1742 241 EPISTOLAS
1797 183 2021 240 PAULI.
2053 214 2113 225 -
2151 184 2226 239 IN
2280 184 2504 240 EPIST.
2568 185 2662 239 AD
2716 185 2967 240 EPHES.

3428 191 3530 246 326

248 318 433 364 tamen
457 309 736 378 jungatur,
771 308 847 363 ibi
868 317 1046 364 tamen
1076 310 1274 380 pendet
1305 310 1593 379 sententia,
1628 309 1719 364 ubi
1741 310 1842 364 ait:
1866 310 1921 367 A
1948 308 2082 363 catis
2112 310 2289 364 etiam
2318 326 2417 365 nos
2446 309 2696 379 apostoli,
2745 309 2884 364 sicut
2933 325 3029 363 vos
3076 308 3300 379 Ephesii
3320 325 3528 382 omnes,

251 396 530 452 Christum
560 396 715 451 dedit
741 402 913 469 caput
932 413 1105 469 supra
1136 399 1464 465 Ecclesiam,
1498 406 1550 453 et
1579 414 1675 454 vos
1703 398 1852 451 dedit

250 484 502 540 membra
544 484 736 554 ipsius.
787 487 908 551 Vos,
949 487 1206 556 inquam,
1248 502 1377 541 cum
1410 487 1603 541 essetis
1640 486 1853 541 mortui

251 574 478 629 delictis
500 576 556 627 et
575 574 843 644 peccatis.
868 574 1065 627 Mortui
1094 574 1238 639 ideo,
1274 574 1401 644 quia
1448 575 1521 627 ita
1552 574 1850 643 consepulti

248 669 477 732 peccato
525 660 670 731 quod
725 660 870 714 nulla
924 660 977 715 vi
1024 662 1260 715 humana
1313 669 1567 731 poterant
1623 662 1851 717 evadere

250 748 507 819 laqueum
536 748 768 818 peccati.
820 748 1030 803 Delicta
1068 757 1241 816 vocat,
1275 751 1493 820 quando
1528 750 1672 820 quod
1705 752 1851 804 Deus

250 836 497 906 praecipit
528 851 634 890 non
670 834 921 891 faciendo
942 836 1266 891 deserimus.
1289 838 1514 893 Peccata
1543 838 1673 892 dicit
1698 846 1851 892 actus

254 924 401 991 illos,
436 923 713 987 fornicari,
747 923 932 990 furari,
967 933 1018 979 et
1047 925 1376 993 hujusmodi.
1426 928 1679 981 Peccatis
1727 926 1850 980 dico

251 1014 480 1077 vestris,
504 1013 558 1066 id
587 1020 669 1065 est
691 1028 812 1083 quae
846 1013 957 1080 jam
1000 1014 1409 1068 consuescendo
1440 1013 1495 1066 in
1527 1014 1650 1081 illis,
1697 1013 1849 1085 quasi

249 1108 439 1154 vestra
463 1101 683 1170 propria
696 1099 971 1154 feceratis.
1005 1100 1287 1168 Quomodo
1317 1102 1373 1154 in
1390 1102 1631 1171 peccatis
1652 1101 1850 1155 fuerint

249 1189 584 1258 exsequitur,
604 1187 793 1242 dicens
815 1203 826 1240 :
848 1189 912 1241 In
933 1188 1129 1259 quibus
1150 1189 1389 1258 peccatis
1407 1205 1504 1243 vos
1521 1190 1846 1261 aliquando,

248 1276 305 1330 id
358 1283 443 1330 est
501 1283 747 1345 tempore
797 1274 1157 1341 infidelitatis,
1204 1278 1555 1343 ambulastis,
1588 1277 1643 1331 id
1672 1285 1751 1332 est
1781 1278 1849 1331 de

248 1363 399 1418 malo
430 1364 485 1417 in
517 1364 673 1434 pejus
695 1363 1181 1434 praecipitabamini
1199 1407 1211 1430 ,
1239 1366 1549 1419 secundum
1577 1368 1849 1421 saeculum

248 1452 456 1507 mundi
487 1450 674 1520 huius,
707 1452 763 1505 id
795 1459 877 1505 est
920 1460 1212 1522 sequentes
1260 1453 1691 1519 saecularitatem,
1730 1468 1849 1523 quae

248 1554 530 1610 nunquam
550 1539 618 1593 de
646 1540 781 1605 Deo,
814 1539 912 1594 sed
934 1555 1153 1609 semper
1202 1540 1430 1595 sollicita
1459 1548 1541 1595 est
1598 1541 1667 1595 de
1696 1557 1849 1594 mun-

1951 397 2110 450 etiam
2159 398 2368 462 Petrus,
2402 398 2725 468 aliquando,
2778 396 2831 450 id
2876 404 2959 451 est
2987 404 3108 451 ante
3167 395 3349 463 fidem,
3397 414 3534 453 eon-

1950 486 2157 540 versati
2188 502 2408 539 sumus.
2451 486 2589 540 Vere
2618 485 2673 538 in
2694 485 2967 554 peccatis;
3002 502 3123 539 nam
3154 486 3215 540 in
3245 485 3537 541 desideriis

1950 576 2141 628 carnis
2169 578 2400 641 nostrae,
2433 574 2650 643 utquod
2674 588 2799 627 caro
2816 574 3166 645 suggerebat,
3194 573 3539 629 desiderare-

1948 677 2089 714 mus.
2116 662 2229 716 Nec
2261 662 2438 716 solum
2468 661 2522 715 in
2540 661 2846 727 desideriis,
2899 662 2996 715 sed
3043 662 3202 716 etiam
3260 664 3539 732 facientes

1950 764 2115 819 opere
2142 750 2495 805 voluntatem
2526 751 2737 814 carnis,
2773 751 2911 804 sicut
2938 751 3227 804 comedere
3249 751 3319 805 ad
3346 768 3540 822 super-

1951 835 2229 903 ﬂuitatem,
2265 846 2316 892 et
2347 838 2626 891 luxuriari.
2670 838 2950 893 Facientes
3001 839 3158 893 etiam
3208 840 3539 895 voluntatem

1950 925 2377 994 cogitationum,
2411 926 2466 978 in
2494 925 2688 996 quibus
2729 941 2837 980 non
2867 926 2939 980 ita
2967 941 3093 980 caro
3142 927 3442 982 delectatur
3482 938 3540 983 ut

1949 1012 2196 1067 laborare
2233 1013 2301 1067 de
2357 1013 2535 1084 gloria
2589 1014 2824 1078 mundi;
2859 1014 2964 1079 vel,
3026 1014 3262 1069 dictante
3320 1017 3541 1071 avaritia

1949 1100 2114 1154 multa
2184 1101 2293 1170 pati
2342 1117 2443 1170 pro
2498 1101 2899 1172 congregandis
2970 1100 3171 1155 multis.
3249 1104 3364 1159 Nec
3412 1112 3537 1159 tan-

1950 1192 2063 1237 tum
2114 1184 2169 1237 in
2225 1185 2526 1239 actualibus
2580 1185 2716 1249 istis,
2774 1185 2869 1238 sed
2917 1185 3081 1239 etiam
3133 1203 3377 1253 eramus,
3438 1205 3537 1243 nos

1948 1271 2137 1337 Judaei,
2224 1273 2337 1341 ﬁlii
2382 1273 2504 1338 iras,
2577 1272 2631 1325 id
2714 1279 2795 1326 est
2869 1273 3039 1345 geniti
3123 1275 3192 1328 ad
3253 1275 3539 1331 vindictam

1951 1360 2306 1425 tolerandam,
2358 1365 2588 1425 natura,
2631 1359 2688 1414 id
2718 1368 2796 1414 est
2837 1369 3059 1431 propter
3129 1362 3395 1434 originale
3439 1381 3540 1420 nos

1950 1447 2141 1513 Judaei,
2178 1449 2320 1503 sicut
2352 1456 2404 1502 et
2435 1447 2635 1514 caeteri,
2672 1448 2797 1503 licet
2845 1456 2971 1503 tunc
3001 1449 3139 1504 falso
3196 1451 3543 1520 Opinaremur

1948 1551 2049 1606 per
2078 1536 2550 1591 circumcisionem
2579 1536 2832 1591 mundari
2861 1553 2892 1590 a
2918 1545 3139 1607 peccato
3152 1538 3308 1593 Adae.
3336 1541 3419 1593 Ira
3440 1542 3543 1596 Dei

247 1608 431 1681 danis.
470 1628 537 1681 Et
556 1635 615 1680 ut
644 1627 821 1697 magis
872 1608 1129 1701 aggravet
1176 1635 1480 1697 peccatum,
1539 1629 1688 1683 addit
1734 1608 1916 1716 nonﬁ
1955 1624 2087 1678 nihil
2117 1625 2261 1679 aliud
2293 1634 2374 1679 est
2405 1642 2564 1695 quam
2594 1625 2853 1679 vindicta.
2894 1626 2949 1679 Si
2999 1626 3395 1695 continuemus,
3452 1629 3540 1684 vel

248 1714 428 1771 solum
451 1715 750 1770 secundum
771 1716 1048 1781 saculum,
1073 1715 1170 1769 sed
1183 1716 1345 1769 etiam
1366 1717 1672 1771 secundum
1687 1720 1845 1788 prin-

248 1806 435 1874 cipem
473 1803 808 1874 spirituum,
851 1802 906 1857 id
941 1811 1023 1857 est
1081 1804 1380 1857 secundum
1425 1804 1698 1859 diabolum
1757 1805 1848 1875 qui

246 1890 506 1961 princeps
527 1898 627 1957 est,
659 1890 945 1961 imperium
975 1890 1184 1944 habens
1214 1906 1381 1961 super
1428 1901 1654 1946 caeteros
1687 1892 1846 1946 mali-

247 1994 388 2049 gnos
419 1978 638 2048 spiritus
673 1996 687 2042 ;
722 1978 808 2033 vel
837 1978 1147 2034 secundum
1173 1980 1492 2050 principem
1522 1980 1766 2050 spiritus,
1790 1988 1848 2033 ut

247 2066 531 2121 collective
544 2066 897 2137 accipiamus,
917 2067 1072 2137 quasi
1089 2066 1480 2121 daemoniorum
1502 2087 1515 2134 ;
1541 2068 1627 2123 vel
1647 2085 1847 2123 secun-

247 2155 381 2210 dum
396 2156 715 2227 principem
736 2157 1068 2226 spirituum,
1089 2154 1144 2207 id
1161 2162 1240 2209 est
1262 2155 1492 2210 aliorum
1512 2156 1841 2211 daemonum.

248 2242 401 2297 Sicut
429 2241 575 2296 enim
616 2242 670 2295 in
699 2242 859 2297 bonis
913 2242 1124 2315 angelis
1167 2242 1388 2315 quidam
1444 2244 1649 2314 praalati
1698 2252 1842 2313 sunt,

244 2331 469 2402 quidam
499 2330 719 2399 subditi,
750 2330 829 2386 sic
860 2330 915 2384 in
942 2332 1200 2403 malignis
1230 2332 1607 2388 distinctiones
1637 2332 1844 2387 eazdem

246 2426 393 2486 sunt,
429 2425 482 2473 et
505 2426 687 2472 tamen
737 2435 877 2473 unus
925 2419 1075 2474 solus
1112 2421 1363 2474 omnibus
1411 2420 1667 2490 praelatus
1724 2436 1845 2474 esse

245 2505 511 2561 creditur.
533 2507 854 2576 Principem
871 2506 995 2562 dico
1007 2510 1305 2579 potestatis
1320 2509 1468 2563 aeris
1482 2510 1670 2579 huius,
1688 2508 1740 2561 id
1763 2515 1845 2561 est

247 2594 340 2664 qui
373 2601 700 2664 potestatem
731 2593 895 2648 habet
923 2594 978 2647 in
1008 2595 1111 2650 hoc
1142 2611 1307 2661 aere;
1340 2603 1645 2650 commovet
1700 2596 1845 2649 enim

245 2680 571 2751 plerumque
601 2689 792 2735 ventos
823 2690 875 2736 et
905 2682 1149 2737 turbines
1171 2683 1225 2737 in
1263 2698 1413 2749 aere,
1434 2683 1631 2753 quibus
1650 2690 1846 2737 noceat

242 2768 578 2834 hominibus,
612 2776 664 2822 et
704 2768 967 2824 fructibus
1004 2778 1182 2835 terrm,
1220 2778 1277 2825 ut
1315 2778 1507 2825 ventus
1544 2770 1637 2824 ille
1685 2770 1776 2840 qui
1808 2785 1841 2823 a

242 2856 477 2928 regione
532 2856 735 2911 deserti
763 2858 1010 2923 veniens,
1044 2858 1256 2912 subruit
1301 2858 1543 2923 domum,
1602 2865 1655 2912 et
1700 2856 1840 2912 filios

244 2944 352 2998 Job
385 2944 655 3014 oppressit
677 2944 917 2999 236
949 2945 1017 2998 ab
1039 2961 1105 3000 eo
1134 2947 1251 3016 (Job
1272 2961 1308 3013 ι,
1345 2945 1454 3017 19),
1484 2946 1844 3017 permissione

243 3039 433 3088 tamen
454 3032 573 3101 Dei,
595 3032 836 3087 creditur
854 3033 1148 3087 immissus.
1171 3033 1331 3103 Quod
1343 3033 1612 3105 malignos
1625 3034 1847 3105 spiritus

243 3120 374 3175 ideo
404 3120 460 3174 in
479 3136 607 3176 aere
652 3122 967 3177 conversari
1005 3122 1153 3177 Deus
1192 3122 1477 3193 disposuit,
1526 3123 1648 3195 quia
1690 3122 1736 3176 si
1792 3122 1849 3177 in

243 3216 396 3263 terra
424 3222 546 3263 cum
576 3209 889 3263 hominibus
922 3218 1124 3275 essent,
1163 3218 1214 3265 et
1252 3210 1459 3266 fructus
1508 3218 1670 3265 terra:
1717 3226 1847 3265 cor-

240 3304 579 3365 rumperent,
616 3304 669 3350 et
698 3296 945 3351 homines
977 3298 1126 3367 ipsos
1173 3298 1585 3352 intolerabiliter
1630 3297 1845 3369 aﬁlige-

241 3391 387 3438 rent.
422 3384 524 3438 Per
553 3384 658 3439 hoc
683 3391 863 3438 autem
893 3385 1038 3455 quod
1069 3401 1163 3440 eos
1203 3386 1418 3441 vocavit
1452 3384 1692 3456 spiritus,
1735 3385 1847 3439 vult

241 3472 495 3528 curiosos
525 3472 757 3526 reddere
802 3473 1051 3527 homines
1109 3481 1167 3528 ut
1222 3473 1448 3543 provide
1496 3480 1679 3545 agant,
1722 3473 1845 3544 quia

242 3560 421 3615 hostis
451 3560 541 3631 qui
572 3559 835 3626 imminet,
876 3560 1163 3616 invisibilis
1208 3569 1309 3616 est.
1352 3562 1459 3616 Per
1487 3562 1591 3616 hoc
1648 3560 1845 3615 iterum

243 3647 397 3718 quod
424 3647 481 3701 in
510 3663 641 3702 aere
690 3638 991 3713 esse'dixit,
1054 3648 1122 3703 de
1176 3648 1372 3704 eodem
1416 3665 1517 3704 nos
1565 3648 1841 3715 admonet,

240 3736 374 3806 quia
402 3735 685 3789 insidiator
721 3750 893 3806 prope
932 3743 1033 3789 est.

321 3824 427 3891 Qui
454 3822 707 3892 princeps
750 3822 994 3877 diabolus
1027 3838 1201 3893 nunc,
1247 3824 1464 3895 quando
1519 3841 1618 3879 vos
1666 3823 1843 3897 gratia

240 3910 345 3965 Dei
375 3911 441 3963 ab
464 3926 528 3965 eo
549 3910 817 3975 liberavit,
842 3916 1109 3981 operatur
1123 3913 1185 3965 in
1225 3912 1371 3979 ﬁlios
1400 3912 1752 3982 difﬁdentiae,
1786 3911 1841 3965 id

239 3998 416 4053 estde
437 4013 667 4068 quorum
700 3998 871 4053 salute
908 4014 1009 4052 nos
1066 3998 1646 4069 diffidimus;Spiritus
1696 4000 1841 4053 enim

237 4084 589 4157 significabat
616 4085 785 4140 Paulo
807 4085 862 4139 in
896 4086 1091 4157 quibus
1138 4086 1387 4142 laborare
1426 4087 1668 4152 deberet,
1702 4095 1755 4141 et
1785 4088 1841 4140 in

237 4173 439 4245 quibus
470 4189 599 4237 non,
635 4174 815 4229 sciens
846 4190 942 4228 cor
984 4190 1170 4229 eorum
1227 4174 1592 4245 impaenitens.
1627 4174 1745 4239 Vel,
1777 4175 1839 4228 in

236 4263 389 4329 ﬁlios
422 4262 758 4333 difﬁdentiae
780 4304 793 4328 ,
827 4262 918 4334 qui
948 4262 1194 4317 diﬁidunt
1223 4263 1291 4318 de
1322 4263 1524 4329 salute;
1557 4263 1840 4318 audientes

1869 2997 1917 3059 Ο

1948 1714 2015 1766 ad
2046 1712 2178 1767 illud
2208 1714 2353 1783 quod
2386 1714 2459 1766 ait
2493 1714 2642 1767 :Nos
2680 1713 3027 1781 credidimus,
3062 1723 3114 1768 et
3160 1730 3260 1769 vos
3308 1716 3537 1771 credidi-

1950 1802 2045 1854 stis
2079 1820 2093 1866 ;
2127 1801 2212 1855 vel
2235 1801 2303 1854 ad
2332 1800 2463 1854 illud
2500 1817 2512 1854 :
2538 1801 2815 1855 Suscitans
2846 1801 3117 1855 Christum
3151 1811 3202 1856 et
3232 1819 3331 1857 vos
3361 1805 3539 1859 susci-

1948 1888 2077 1943 tavit
2110 1907 2124 1954 ;
2159 1896 2287 1943 tunc
2316 1889 2405 1943 hic
2432 1889 2571 1943 bene
2600 1905 2794 1943 versus
2824 1888 2945 1943 erit.
2981 1888 3036 1943 Si
3089 1898 3269 1944 autem
3314 1891 3540 1947 inferius

1947 1977 2014 2029 ad
2044 1977 2194 2041 illud,
2228 1977 2655 2045 conviviﬁcavit,
2677 1976 2989 2047 porrigatur
3018 1978 3371 2044 constructio,
3406 1994 3542 2034 non-

1948 2065 2077 2118 dum
2110 2064 2292 2119 linitur
2322 2081 2511 2119 versus
2540 2065 2613 2119 ita
2633 2065 2889 2120 dicendo.
2934 2065 3069 2120 Cum
3093 2067 3286 2121 essetis
3306 2070 3541 2133 mortui,

1948 2153 2359 2220 convivi/ienuit
2382 2168 2480 2207 vos
2514 2152 2767 2217 Christo;
2800 2154 2947 2208 Deus
2974 2162 3151 2208 autem
3180 2153 3279 2208 fuit
3312 2154 3400 2225 qui
3421 2171 3547 2210 con-

1946 2239 2233 2295 viviﬁcavit
2266 2240 2407 2305 ;vel,
2444 2240 2488 2294 si
2510 2240 2583 2293 ibi
2614 2238 2735 2293 finis
2768 2249 2865 2305 est,
2913 2258 3102 2296 versus
3134 2240 3213 2297 sic
3251 2243 3541 2298 continua-

1950 2328 2126 2382 bimus
2153 2329 2297 2382 :Nos
2331 2328 2549 2399 quidem
2597 2344 2815 2383 eramus
2844 2329 2897 2383 in
2936 2330 3193 2399 peccatis,
3237 2331 3330 2385 sed
3396 2332 3541 2387 Deus

1947 2418 2042 2488 qui
2063 2416 2211 2471 dives
2242 2420 2325 2471 est
2358 2424 2410 2469 et
2440 2415 2692 2485 copiosus
2720 2417 2782 2470 in
2802 2417 3207 2482 misericordia,
3228 2417 3541 2473 misericor-

1947 2505 2036 2558 dia
2068 2504 2211 2558 enim
2242 2504 2357 2571 ejus
2390 2520 2554 2573 super
2580 2504 2760 2557 omnia
2790 2519 2954 2574 opera
2986 2504 3101 2572 ejus
3143 2505 3317 2575 (Psal.
3351 2522 3538 2572 cxuv,

1947 2593 2022 2661 9),
2060 2593 2206 2646 Deus
2237 2592 2421 2662 utique
2446 2596 2684 2662 propter
2712 2591 3054 2647 charitatem
3091 2609 3255 2648 suam
3276 2595 3537 2663 nimiam,

1945 2680 2000 2733 id
2030 2688 2131 2747 est,
2166 2679 2773 2749 incomprehensibilem
2789 2696 2897 2750 qua
2913 2680 3173 2735 charitate
3195 2682 3401 2737 dilexit
3416 2700 3536 2739 nos.

1946 2767 2201 2822 Putarent
2229 2768 2306 2821 illi
2340 2767 2575 2822 :Dilexit
2595 2784 2696 2822 nos
2720 2766 3061 2836 justificatos,
3091 2770 3188 2823 sed
3228 2786 3335 2824 non
3394 2771 3538 2841 quod

1946 2855 2123 2927 diligit
2149 2856 2359 2926 aliquos
2401 2856 2453 2907 in
2504 2862 2752 2925 peccato.
2796 2855 2879 2909 Ad
2917 2857 3021 2911 hoc
3063 2857 3263 2911 Paulus
3299 2873 3310 2910 :
3344 2858 3541 2913 Dilexit

1945 2943 2067 2998 dico
2089 2944 2250 2997 etiam
2264 2960 2391 2999 cum
2406 2959 2651 2999 essemus
2671 2944 2887 2998 mortui
2904 2945 3168 3015 peccatis.
3192 2945 3275 2999 Ne
3296 2945 3542 3001 videatur

1946 3032 2259 3097 absurdum,
2294 3032 2440 3102 quod
2470 3033 2615 3086 Deus
2649 3032 2877 3102 diligere
2934 3032 3131 3086 dicitur
3180 3032 3456 3088 hominem
3485 3034 3537 3088 in

1946 3121 2185 3189 peccatis
2216 3140 2230 3186 ;
2264 3128 2568 3175 creaturam
2599 3120 2741 3174 enim
2774 3136 2922 3173 suam
2955 3120 3153 3191 ubique
3184 3136 3398 3192 semper
3451 3122 3537 3176 di-

1945 3207 2082 3278 ligit,
2116 3207 2213 3261 sed
2244 3208 2445 3261 malum
2473 3207 2618 3278 quod
2648 3208 2702 3261 in
2734 3223 2799 3261 ea
2829 3215 2927 3272 est,
2960 3208 3093 3262 odit.

2018 3296 2183 3360 Deus,
2217 3295 2456 3365 inquam,
2497 3296 2623 3366 quia
2653 3295 2839 3349 dilexit
2885 3311 2985 3350 nos
3015 3298 3442 3367 conviviﬁcavit,
3486 3298 3541 3354 id

1946 3390 2028 3437 est
2056 3382 2236 3437 vivere
2268 3400 2367 3438 nos
2398 3383 2524 3438 fecit
2552 3399 2653 3454 per
2673 3384 2938 3451 justitiam
2970 3384 3183 3450 animae,
3222 3386 3459 3453 Christo,
3484 3387 3537 3441 id

1946 3477 2027 3525 est
2056 3470 2125 3523 ad
2166 3470 2571 3525 similitudinem
2601 3470 2816 3537 Christi,
2852 3472 2997 3542 quod
3028 3471 3166 3526 sicut
3222 3472 3312 3527 ille
3337 3474 3534 3541 justus,

1945 3558 2024 3613 sic
2053 3566 2105 3612 et
2134 3573 2235 3612 nos
2258 3558 2409 3626 justi.
2449 3560 2641 3614 Gratia
2670 3561 2853 3631 cujus,
2905 3558 3131 3625 scilicet,
3182 3560 3282 3613 Dei
3308 3568 3363 3614 ut
3411 3577 3532 3630 nos,

1946 3646 2025 3701 sic
2082 3646 2241 3700 etiam
2270 3662 2368 3700 vos
2400 3647 2536 3701 estis
2583 3648 2808 3711 salvati,
2842 3647 2897 3701 id
2929 3655 3011 3701 est
3051 3645 3408 3702 convivificati
3434 3665 3535 3719 per

1937 3734 2199 3803 justitiam
2228 3733 2423 3788 anima;
2456 3752 2470 3798 ;
2508 3734 2593 3789 vel
2623 3734 2668 3788 si
2688 3734 2923 3804 pendeat
2943 3734 3084 3788 infra
3099 3736 3450 3802 constructio,
3475 3742 3534 3790 ut

1943 3821 2188 3876 dicamus
2219 3820 2618 3876 conviviﬁcavit
2634 3838 2734 3876 nos
2764 3830 2815 3877 et
2846 3838 2944 3877 vos
2966 3823 3182 3877 Christo
3208 3842 3223 3890 ;
3248 3832 3373 3879 tunc
3394 3823 3540 3879 dice-

1941 3925 2063 3963 mus
2092 3909 2244 3977 cujus
2274 3909 2453 3981 gratia
2484 3909 2613 3963 estis
2660 3909 2851 3964 salvati
2882 3910 2949 3965 de
2980 3910 3160 3965 futura
3214 3911 3532 3968 salvatione.

1945 3998 2360 4066 Conviviﬁcavit
2392 4013 2492 4052 nos
2523 3998 2699 4067 prima
2730 4000 3124 4053 resurrectione
3153 4000 3369 4065 animae,
3404 4017 3536 4056 con-

1930 4086 2303 4141 ‘resuscitavit
2337 4085 2499 4139 etiam
2532 4086 2768 4140 secunda
2796 4101 3087 4156 corporum
3108 4088 3533 4144 resurrectione.

1941 4173 2169 4243 Propter
2197 4173 2577 4228 certitudinem
2601 4189 2761 4243 quam
2794 4173 2919 4228 inde
2970 4174 3150 4243 habet,
3207 4176 3349 4245 quod
3385 4175 3534 4230 futu-

1939 4278 2056 4315 rum
2076 4269 2156 4315 est
2186 4260 2458 4333 significat
2488 4277 2590 4330 per
2608 4260 2963 4330 praeteritum.
3004 4263 3074 4316 Et
3110 4278 3210 4317 nos
3238 4278 3535 4317 conresus-

238 4350 386 4404 enim
462 4349 608 4421 quod
658 4350 1017 4406 resurrecturi
1090 4351 1213 4417 sint,
1274 4352 1471 4407 coelum
1530 4350 1830 4417 escensuri,
1854 4342 1908 4403 D
1937 4349 2129 4404 citatos
2160 4348 2376 4403 Christo
2405 4349 2544 4419 fecit
2582 4349 2899 4412 consedere,
2932 4356 2991 4403 ut
3023 4350 3131 4417 jam
3163 4350 3217 4403 in
3239 4351 3417 4421 quiete
3448 4367 3537 4407 re-

234 4438 463 4494 stultum
504 4440 606 4494 hoc
648 4439 908 4507 judicent,
960 4447 1011 4494 et
1058 4438 1182 4495 ideo
1220 4439 1410 4495 nolunt
1460 4440 1717 4495 converti.
1766 4441 1836 4495 Et

236 4543 367 4583 cum
399 4527 466 4581 de
488 4526 651 4581 tantis
710 4526 949 4597 peccatis
984 4528 1164 4599 gratia
1194 4527 1295 4583 Dei
1332 4527 1403 4582 ad
1443 4527 1705 4597 justitiam
1736 4543 1835 4583 vos

234 4615 483 4681 traxerit,
535 4615 715 4670 videte
755 4632 845 4682 ne,
906 4631 1146 4687 unquam
1178 4624 1589 4687 praesumentes,
1642 4617 1834 4689 gratiae

233 4702 342 4758 Dei
389 4702 709 4758 detrahatis.
758 4703 917 4772 Quod
973 4704 1038 4757 ad
1085 4712 1439 4776 augmentum
1485 4703 1834 4775 perfectionis

233 4791 525 4862 pervenire
580 4792 791 4863 possint
846 4809 911 4846 ex
976 4792 1325 4863 sequentibus
1370 4792 1589 4857 indicat,
1679 4791 1833 4863 quasi

230 4879 618 4949 respondendo
649 4880 1026 4949 objicientibus
1056 4880 1161 4934 sibi
1197 4880 1472 4951 Ephesiis.
1492 4878 1664 4934 Nobis
1684 4886 1833 4935 tanto

232 4984 407 5023 onere
438 4968 649 5038 peccati
678 4968 830 5039 prius
859 4969 1152 5039 depressis,
1200 4983 1309 5023 non
1337 4968 1465 5023 licet
1513 4982 1733 5039 sperare
1764 4968 1833 5023 de

230 5055 419 5126 aliqua
447 5056 799 5125 perfectione,
835 5056 932 5110 sed
976 5055 1173 5111 sufficit
1216 5056 1262 5110 si
1291 5056 1470 5128 aliquo
1504 5056 1667 5111 modo
1697 5071 1831 5127 pos-

227 5143 406 5197 simus
436 5142 660 5198 salvari.
719 5145 801 5200 Ad
849 5146 954 5199 hoc
994 5144 1189 5198 Paulus
1246 5144 1656 5209 removendum,
1691 5161 1749 5197 se
1780 5151 1833 5198 et

227 5232 510 5301 apostolos
538 5231 776 5303 parificat
805 5232 937 5298 illis,
1003 5231 1125 5303 quia
1182 5240 1307 5286 ante
1364 5231 1529 5287 fidem
1587 5232 1832 5287 similiter

227 5317 451 5373 fuerunt
492 5320 547 5373 in
604 5320 861 5390 peccatis,
912 5328 1094 5375 tamen
1152 5320 1400 5375 dissimili
1446 5320 1629 5385 modo,
1691 5320 1831 5376 sicut

226 5406 551 5464 indicabunt
579 5409 878 5480 sequentia.
911 5408 1068 5465 Unde
1100 5407 1178 5464 sic
1207 5408 1281 5463 ait
1313 5424 1325 5464 :
1360 5410 1425 5463 In
1455 5410 1652 5480 quibus
1695 5424 1829 5479 pec-

1938 4445 2217 4510 gnaturos.
2254 4436 2557 4492 Consedere
2588 4436 2711 4491 dico
2761 4435 2972 4491 Christo
3020 4439 3085 4492 in
3123 4439 3458 4508 caelestibus,
3480 4446 3539 4493 ut

1935 4526 2053 4580 haec
2084 4525 2362 4579 beatitudo
2417 4524 2904 4580 commendabilior
2930 4525 2998 4579 sit
3052 4525 3212 4580 etiam
3244 4542 3310 4581 ex
3359 4527 3480 4583 loco
3516 4541 3529 4581 :

1940 4610 2246 4669 Consedere
2321 4613 2443 4668 dico
2527 4613 2741 4668 Christo
2816 4616 2879 4668 in
2954 4612 3175 4671 Christo
3242 4617 3393 4682 Iesu,
3478 4622 3534 4671 et

1937 4701 2175 4757 237
2211 4716 2333 4756 cum
2365 4716 2431 4756 eo
2460 4708 2511 4755 et
2540 4718 2639 4772 per
2670 4717 2793 4755 eum
2813 4744 2825 4767 ,
2859 4700 2980 4757 ideo
3038 4702 3448 4772 convivificavit,
3481 4711 3535 4758 et

1936 4789 2284 4845 resuscitatos
2315 4789 2617 4845 consedere
2639 4788 2785 4854 fecit,
2808 4794 2874 4845 ut
2889 4807 2989 4861 per
3008 4791 3110 4845 hoc
3140 4791 3533 4848 ostenderetin

1933 4878 2156 4933 saeculis
2174 4878 2704 4950 supervenientibus
2727 4877 2831 4944 his,
2865 4878 2919 4932 id
2942 4885 3023 4932 est
3054 4877 3269 4944 futuris,
3302 4879 3533 4935 divitias

1933 4966 2132 5038 gratia:
2146 4982 2281 5031 suae,
2303 4966 2357 5020 id
2392 4974 2473 5020 est
2504 4965 2725 5021 divitem
2772 4966 3003 5038 gratiam
3033 4981 3186 5020 suam
3245 4967 3535 5023 abundan-

1937 5058 2049 5109 tem
2072 5055 2135 5107 in
2164 5054 2345 5107 nobis.
2369 5052 2572 5108 Gratiae
2592 5053 2713 5109 dico
2734 5053 2891 5109 factae
2913 5055 2975 5108 in
2998 5053 3267 5122 bonitate,
3289 5054 3343 5109 id
3360 5064 3530 5111 estex

1934 5141 2051 5197 solo
2082 5141 2417 5211 beneplacito
2440 5158 2558 5210 suo,
2594 5142 2722 5213 quia
2744 5142 2813 5196 ad
2843 5143 3267 5213 promerendum
3299 5145 3530 5215 gratiam

1931 5230 2140 5284 nullum
2168 5230 2448 5300 praecessit
2477 5230 2745 5285 meritum.
2780 5230 3021 5286 Bonitate
3048 5231 3171 5287 dico
3202 5231 3340 5287 facta
3361 5249 3529 5304 super

1930 5335 2051 5383 nos,
2074 5317 2129 5372 id
2160 5326 2240 5373 est
2270 5336 2390 5390 quae
2420 5335 2520 5374 nos
2552 5319 2842 5389 superavit,
2894 5320 3022 5391 quia
3064 5328 3212 5375 tanta
3240 5328 3325 5374 est
3384 5319 3527 5391 quod

1930 5421 2033 5463 nec
2054 5422 2173 5462 eam
2198 5406 2504 5467 intellectus
2538 5415 2725 5463 noster
2772 5424 2968 5480 capere
3026 5407 3240 5464 sufficit.
3296 5406 3365 5461 Et
3412 5407 3528 5463 haec
