3960 6050
408 226 512 280 327

905 220 960 275 S.
1020 217 1375 274 BRUNONIS
1434 214 2078 273 CARTHUSIANORUM
2134 215 2622 276 INSTITUTORIS
2681 220 2830 277 OPP.
2892 222 3066 279 PARS
3125 223 3193 277 ΙΙ.

3596 225 3702 278 328

410 347 592 403 omnia
620 344 742 399 dico
774 346 835 399 in
893 343 1109 398 Christo
1147 345 1315 410 Jesu;
1346 343 1399 396 in
1455 343 1572 412 ipso
1618 343 1781 406 enim,
1829 348 1881 395 et
1908 356 2005 410 per
2030 340 2290 414 Aprope,
2336 346 2546 415 utrique
2578 346 2638 401 in
2672 347 2888 403 Christo
2908 350 3057 412 Jesu,
3092 348 3145 401 id
3174 355 3257 402 est
3284 364 3384 417 per
3423 345 3696 401 Christum

414 436 613 506 ipsum,
648 434 764 487 haec
794 432 975 486 omnia
1006 432 1057 484 in
1082 431 1239 485 nobis
1261 438 1519 501 operatur
1550 432 1715 485 Deus.
1750 430 1877 483 Ideo
1907 444 2001 482 vo-

412 523 513 577 luit
539 524 684 577 Deus
712 522 828 574 haec
858 527 983 573 nota
1013 518 1128 573 fieri
1149 520 1233 572 his
1264 519 1355 589 qui
1387 527 1541 572 erant
1582 517 1767 582 futuri,
1802 525 1854 569 ut
1912 516 2000 569 in-

414 611 685 683 telligeret
714 610 877 662 homo
902 615 1103 677 quanta
1136 607 1201 669 (si
1232 607 1413 675 vellet)
1445 622 1667 675 sperare
1697 612 1886 675 posset
1933 604 2001 656 de

416 698 651 754 bonitate
684 696 802 750 Dei.
840 696 996 749 Modo
1024 694 1174 764 ponit
1203 694 1331 747 illud
1364 694 1508 763 quod
1547 693 1795 747 meritum
1845 692 2001 745 vide-

360 828 365 833 .
414 797 501 841 tur
533 785 785 849 hominis,
822 783 875 836 id
905 790 986 836 est
1000 780 1180 849 fidem,
1215 790 1266 835 et
1287 782 1535 835 meritum
1557 797 1665 835 non
1686 796 1808 834 esse
1829 788 2005 833 osten-

412 876 506 929 dit.
542 875 681 929 Vere
712 872 765 925 in
789 871 1045 933 bonitate,
1065 888 1200 924 nam
1232 886 1327 923 vos
1355 886 1456 940 per
1504 871 1750 939 gratiam
1773 868 1999 931 saluati,

410 964 465 1017 id
497 971 578 1016 est
601 959 880 1029 justificati
923 958 1070 1012 estis.
1134 958 1385 1011 Concedo
1443 956 1600 1010 etiam
1652 964 1709 1009 ut
1765 970 2004 1025 apponas

413 1068 514 1122 per
543 1050 706 1117 ﬁdem
736 1045 993 1113 ;etenim,
1018 1045 1071 1098 id
1101 1053 1183 1098 est
1213 1042 1349 1098 fides
1370 1060 1477 1098 non
1510 1051 1590 1097 est
1620 1059 1684 1098 ex
1705 1043 2002 1112 vobispro-

413 1137 747 1192 merentibus
778 1125 833 1187 ut
860 1132 1021 1186 tidem
1054 1132 1320 1186 habeatis.
1355 1133 1493 1185 Vere
1525 1130 1660 1185 fides
1680 1148 1791 1185 non
1825 1138 2004 1184 estea:

414 1226 581 1285 vobis,
609 1240 736 1277 nam
766 1231 848 1277 est
878 1222 1079 1276 donum
1102 1220 1220 1285 Dei,
1256 1228 1307 1273 et
1354 1236 1461 1274 non
1494 1236 1559 1273 ex
1608 1219 1859 1289 operibus
1905 1233 2004 1271 ve-

417 1315 561 1370 stris.
596 1315 661 1367 Et
689 1312 811 1366 ideo
842 1312 988 1365 Deus
1010 1309 1187 1363 omnia
1219 1324 1285 1362 ex
1314 1309 1510 1379 gratia,
1544 1316 1595 1362 et
1625 1308 1757 1360 nihil
1786 1324 1850 1361 ex
1881 1323 2006 1376 Ope-

416 1404 563 1457 ribus
585 1417 707 1456 esse
738 1399 925 1464 voluit,
947 1402 1010 1451 ut
1035 1413 1149 1451 non
1171 1397 1515 1466 gloriaretur
1542 1396 1766 1467 aliquis.
1804 1394 2005 1449 Videns

413 1491 557 1545 enim
587 1487 768 1558 angeli
797 1502 984 1541 casum
1016 1494 1067 1538 et
1104 1483 1338 1537 hominis
1388 1483 1555 1537 fuisse
1606 1501 1671 1537 ex
1728 1481 2002 1551 superbia,

416 1578 641 1632 multum
691 1590 1001 1645 praecavere
1053 1573 1222 1627 voluit
1276 1572 1481 1626 homini
1527 1588 1556 1625 a
1611 1571 1880 1640 superbia.
1938 1571 2006 1623 Et

2100 433 2304 487 Jesum.
2348 435 2413 487 Et
2443 435 2715 505 quomodo
2744 452 2841 505 per
2900 436 3170 489 Christum
3228 437 3550 492 determinat
3583 454 3595 492 :
3629 434 3695 493 In

2102 523 2393 592 sanguine,
2429 522 2481 575 id
2514 532 2595 577 est
2624 540 2723 593 per
2773 523 3090 578 effusionem
3142 525 3419 595 sanguinis
3452 527 3687 584 Christi.

2103 610 2297 663 Probat
2317 610 2383 664 de
2413 619 2660 681 utroque,
2694 612 2791 666 sed
2822 612 2889 665 de
2918 612 3120 666 Judazis
3166 613 3417 682 primum,
3456 616 3644 671 dicens
3675 637 3695 673 :

2104 698 2244 751 Vere
2267 698 2391 753 facti
2413 699 2543 755 estis
2566 716 2734 769 prope
2757 700 2993 766 .ludaaos,
3019 702 3149 772 quia
3169 702 3283 772 ipse
3306 703 3451 757 Deus
3472 708 3556 757 est
3574 722 3695 775 pax

2104 790 2322 851 nostra,
2346 786 2398 839 id
2428 795 2509 839 est
2548 786 2851 856 pacificavit
2879 804 2979 841 nos
3011 788 3195 849 simul.
3236 790 3467 860 gentiles
3498 800 3551 845 et
3592 793 3696 846 Ju-

2104 873 2272 941 daaos,
2307 876 2403 945 qui
2427 875 2573 929 Deus
2606 876 2749 943 facit
2776 880 3032 946 utraque,
3054 876 3106 929 id
3126 877 3466 931 estludaaum
3495 887 3545 932 et
3558 896 3696 949 gen-

2104 962 2273 1027 tilem,
2308 979 2487 1017 unum
2508 978 2607 1031 per
2638 963 2893 1016 unitatem
2942 964 3068 1017 fidei
3116 971 3169 1017 et
3198 981 3411 1018 morum
3442 974 3494 1020 et
3532 967 3700 1021 sacri-

2105 1048 2229 1103 ficii.
2259 1050 2431 1104 Unum
2457 1058 2637 1103 autem
2666 1052 2771 1105 hoc
2802 1051 2963 1105 modo
2996 1066 3008 1103 :
3038 1053 3252 1107 solvens
3273 1054 3547 1123 parietem
3569 1072 3694 1110 me-

2106 1138 2281 1201 dium,
2312 1138 2369 1191 id
2390 1146 2471 1191 est
2501 1138 2590 1207 qui
2620 1138 2674 1191 in
2696 1138 2874 1192 medio
2895 1138 3121 1207 positus,
3154 1140 3384 1193 alterum
3403 1142 3695 1211 separabat

2106 1225 2172 1278 ab
2203 1229 2387 1279 altero.
2412 1225 2651 1281 23S
2676 1227 2773 1280 Hic
2795 1226 2977 1296 paries
3003 1227 3099 1280 fuit
3128 1244 3191 1282 ex
3212 1238 3365 1298 parte
3384 1230 3695 1284 Iudaeorum

2106 1313 2518 1367 observationes
2576 1330 2803 1379 eorum;
2836 1330 2901 1368 ex
2957 1324 3108 1385 parte
3163 1317 3467 1387 gentilium,
3520 1318 3695 1372 cultus

2107 1400 2391 1455 idolorum.
2426 1402 2491 1454 Et
2519 1402 2661 1457 hunc
2686 1402 2949 1471 parietem
2980 1418 3162 1456 eorum
3197 1404 3371 1471 sOlvit,
3404 1405 3533 1458 dum
3571 1404 3697 1460 ido-

2108 1488 2371 1543 lolatriam
2393 1497 2446 1543 et
2476 1490 2611 1543 ritus
2631 1490 2887 1544 Iudaicos
2919 1492 3215 1545 evacuavit.
3267 1492 3535 1546 Parietem
3576 1492 3698 1547 dico

2107 1579 2389 1631 macerias.
2416 1577 2652 1632 Maceria
2682 1578 2893 1642 dicitur,
2941 1580 3237 1632 secundum
3283 1580 3566 1650 quosdam,
3599 1595 3697 1649 pa-

415 1667 551 1721 sicut
580 1664 714 1718 ﬁdes
735 1680 800 1717 ex
827 1663 970 1716 dono
1011 1661 1130 1726 Dei,
1182 1660 1260 1715 sic
1315 1676 1481 1729 Opera
1538 1676 1660 1730 quae
1702 1659 1861 1712 fidem
1914 1674 2078 1743 se-B
2110 1665 2216 1718 ries
2255 1663 2483 1719 firmiter
2530 1674 2842 1735 compactus
2890 1674 2942 1719 et
2999 1681 3297 1720 connexus.
3364 1668 3461 1722 Hic
3516 1668 3699 1737 paries

422 1760 659 1824 quuntur
688 1767 785 1820 per
814 1750 1045 1821 gratiam
1080 1749 1358 1802 Dei.Bene
1390 1748 1531 1811 dico,
1564 1752 1628 1801 ut
1649 1763 1720 1801 ne
1748 1746 1870 1817 quis
1884 1747 2006 1816 glo-

419 1843 602 1897 rietur
640 1839 693 1892 in
724 1838 829 1892 fide
855 1858 868 1903 ;
908 1853 1035 1890 nam
1060 1837 1220 1891 etiam
1250 1836 1303 1889 in
1334 1836 1591 1905 operibus
1624 1851 1743 1905 quae
1774 1849 2009 1904 sequun-

415 1938 500 1983 tur
528 1926 708 1994 fidem,
742 1942 850 1980 non
871 1925 1087 1995 reliquit
1118 1926 1263 1978 Deus
1293 1923 1497 1977 homini
1517 1923 1658 1976 unde
1676 1930 1861 1991 posset
1881 1920 2007 1992 glo—

416 2016 567 2071 riari.
603 2015 762 2083 Quod
785 2014 864 2068 sic
891 2013 960 2067 ait
997 2015 1140 2067 :Nos
1178 2029 1372 2067 sumus
1416 2014 1643 2081 factura
1666 2012 1844 2081 ipsius
1887 2008 2006 2076 Dei,

416 2120 541 2159 cum
571 2102 773 2156 nihilin
805 2102 948 2155 bono
971 2116 1217 2155 essemus
1249 2102 1427 2155 creati
1462 2100 1522 2152 in
1567 2098 1803 2166 Christo,
1840 2096 1895 2150 id
1927 2104 2010 2150 est

415 2208 511 2262 per
551 2190 822 2244 Christum
852 2190 1037 2241 Jesum
1068 2189 1129 2241 in
1172 2188 1325 2242 bonis
1355 2187 1628 2257 Operibus,
1672 2202 1792 2256 qua:
1839 2199 2010 2253 Opera

415 2268 759 2350 praeparavit
824 2276 970 2331 nobis
1022 2275 1183 2340 Deus,
1226 2280 1293 2329 ut
1332 2277 1394 2329 in
1458 2275 1577 2328 illis
1632 2273 2004 2334 ambulemus,

414 2383 512 2437 per
543 2382 665 2420 eum
692 2362 1039 2434 proficiamus
1070 2371 1122 2417 et
1157 2378 1489 2417 crescamus.
1525 2360 1640 2424 Vel,
1674 2364 1904 2430 factura
1943 2360 2011 2412 sit

414 2454 696 2519 ablativus,
734 2452 802 2505 ita
827 2450 1047 2515 factura,
1100 2450 1154 2503 id
1203 2458 1285 2504 est
1321 2466 1420 2519 per
1459 2448 1725 2503 facturam
1766 2447 1864 2501 Dei
1912 2463 2003 2500 su-

412 2559 532 2596 mus
561 2542 741 2597 creati
762 2541 823 2593 in
840 2538 1075 2593 Christo.
1107 2536 1253 2591 Nihil
1284 2538 1358 2591 ibi
1390 2545 1641 2590 mutatur.

485 2629 645 2697 Quod
660 2643 821 2697 supra
861 2627 935 2680 ait
960 2644 971 2680 :
1005 2627 1119 2681 Nos
1150 2626 1349 2679 fuimus
1378 2625 1432 2678 in
1454 2624 1690 2695 peccatis
1721 2624 1857 2677 sicut
1886 2637 2007 2690 vos,

417 2719 581 2773 modo
610 2716 936 2770 determinat
974 2714 1161 2769 dicens
1199 2714 1416 2767 Judceos
1448 2729 1557 2767 non
1602 2720 1709 2765 tam
1770 2710 2010 2781 graviter

414 2821 694 2877 peccasse,
720 2804 857 2858 sicut
887 2802 1141 2874 gentiles,
1192 2802 1290 2855 sed
1321 2801 1445 2855 licet
1492 2808 1613 2854 ante
1653 2798 1814 2853 fidem
1846 2797 2009 2851 etiam

414 2894 550 2950 viles
602 2892 773 2946 Judmi
821 2890 1263 2945 abominarentur
1316 2888 1568 2960 gentiles,
1626 2888 1773 2941 Deus
1830 2894 2010 2938 tamen

417 2982 533 3037 sine
562 2980 890 3035 discretione
921 2994 1279 3049 personarum
1309 2975 1613 3046 parificavit
1633 2992 1748 3038 eos,
1772 2990 1883 3027 non
1902 2972 2007 3027 illis

418 3070 506 3141 qui
538 3068 687 3139 prius
725 3068 1098 3137 improperant
1128 3066 1225 3129 eis,
1258 3065 1353 3119 sed
1394 3064 1594 3117 sanctis
1634 3079 1696 3117 ac
1716 3060 1998 3131 perfectis.

418 3160 595 3228 Etper
618 3158 719 3211 hoc
735 3156 1035 3225 probateos
1065 3162 1116 3207 et
1149 3152 1336 3224 gratiae
1359 3152 1457 3206 Dei
1478 3151 1701 3205 multum
1717 3148 2004 3212 obnoxios,

355 3288 365 3296 .
418 3255 471 3300 et
503 3246 649 3316 quod
689 3244 755 3297 de
800 3244 1135 3297 incremento
1178 3241 1415 3309 justitiae,
1472 3256 1661 3294 secure
1708 3238 1753 3291 si
1800 3237 2005 3301 volunt,

416 3341 645 3404 possunt
674 3332 939 3395 laborare,
972 3330 1160 3384 dicens
1194 3347 1207 3382 :
1243 3331 1475 3401 Propter
1496 3329 1653 3400 quod,
1688 3334 1744 3380 ut
1772 3342 1845 3380 ne
1885 3325 2008 3395 quis

416 3429 655 3477 vestrum
677 3420 974 3489 glorietur,
1008 3422 1183 3473 estote
1214 3433 1485 3471 memores
1515 3415 1658 3487 quod
1707 3412 2008 3484 aliquando

418 3513 664 3581 tempore
693 3500 1025 3561 infidelitatis
1056 3524 1145 3560 vos
1178 3509 1394 3577 gentes,
1416 3504 1468 3557 id
1492 3512 1575 3558 est
1590 3504 1725 3557 tales
1748 3500 1937 3571 quales
1953 3498 2008 3552 in

413 3606 640 3667 peccato
660 3596 828 3667 geniti
848 3596 1012 3649 eratis
1044 3597 1106 3648 in
1139 3610 1329 3660 carne,
1354 3592 1409 3646 id
1435 3601 1517 3646 est
1548 3590 1601 3644 in
1624 3589 1880 3660 operibus
1899 3602 2011 3641 car-

414 3685 518 3739 nis.
544 3687 654 3741 Vos
677 3685 800 3739 dico
830 3684 925 3754 qui
955 3684 1318 3753 praeputium,
1355 3680 1408 3733 id
1430 3688 1511 3734 est
1551 3678 1669 3747 ipsa
1715 3672 2009 3730 immundi-

416 3773 489 3827 tia
519 3772 856 3826 dicebamini
886 3771 953 3824 ab
976 3786 1041 3824 ea
1072 3768 1517 3832 circumcisione,
1555 3765 1610 3818 id
1658 3772 1738 3818 est
1784 3761 2007 3826 Judaeis,

417 3876 537 3931 quae
566 3859 761 3913 dicitur
806 3856 1165 3921 circumcisio,
1209 3855 1261 3908 id
1302 3862 1383 3909 est
1430 3855 1547 3923 ipsa
1594 3851 1873 3906 munditia.
1942 3850 2012 3903 Et

416 3947 548 4001 nihil
577 3954 679 4011 est,
713 3944 841 4015 quia
870 3944 987 3999 haec
1017 3942 1357 3998 circumcisio
1386 3942 1440 3995 in
1471 3956 1634 3995 carne
1665 3948 1775 3994 erat
1803 3954 1910 3992 non
1955 3936 2010 3990 in

416 4034 603 4103 corde,
636 4036 795 4103 facta
826 4032 989 4086 etiam
1022 4047 1198 4085 manu
1228 4030 1617 4098 cujuscunque,
1636 4043 1744 4082 non
1765 4042 1860 4097 per
1883 4023 2009 4094 Spi—

419 4123 576 4177 ritum
606 4128 874 4176 sanctum.
913 4120 1184 4173 Memores
1212 4118 1370 4172 etiam
1390 4125 1560 4171 estote
1592 4116 1715 4187 quia
1744 4117 1844 4171 illo
1871 4121 2011 4173 tem-

418 4226 553 4283 pore
580 4206 911 4263 infidelitatis
942 4208 1117 4262 eratis
1148 4207 1269 4260 sine
1319 4205 1557 4269 Christo,
1602 4204 1728 4275 quia
1768 4205 2012 4262 Christus

419 4314 526 4353 non
559 4296 975 4367 promittebatur
1000 4294 1175 4349 vobis.
1220 4293 1393 4347 Eratis
1429 4297 1484 4347 et
1532 4294 1775 4348 alienati
1805 4311 1840 4348 a
1880 4312 2010 4349 con-

2108 1760 2223 1805 erat
2256 1753 2513 1819 maceria,
2535 1753 2589 1806 id
2619 1762 2699 1807 est
2730 1752 2881 1807 fortis
2911 1761 2961 1807 et
2991 1754 3059 1807 ad
3103 1754 3494 1808 destruendum
3552 1754 3697 1809 ditii-

2107 1839 2248 1901 cilis,
2282 1841 2404 1910 quia
2421 1840 2611 1906 Judaei,
2645 1840 2964 1896 auctoritate
3010 1841 3149 1913 legis
3181 1850 3233 1896 et
3288 1844 3693 1912 prOphetarum,

2106 1927 2242 1980 ritus
2273 1943 2401 1983 suos
2443 1929 2748 1982 tuebantur.
2813 1928 3014 1983 Gentes
3052 1936 3252 1993 autem,
3312 1946 3411 1999 per
3464 1930 3700 2000 philoso-

2107 2016 2307 2084 phiam,
2343 2032 2498 2070 suum
2530 2016 2605 2086 (in
2637 2032 2742 2087 quo
2785 2015 2928 2070 male
2976 2020 3390 2086 consueverant)
3438 2017 3699 2073 defende-

2108 2103 2237 2157 bant
2271 2104 2395 2167 ;vel
2444 2104 2637 2159 dicitur
2678 2105 2913 2158 maceria
2946 2106 3233 2176 congeries
3287 2106 3521 2175 lapidum
3581 2106 3698 2162 sine

2108 2199 2377 2245 cmmento
2408 2201 2763 2262 congregata.
2791 2191 2877 2246 Sic
2910 2191 2999 2246 ille
3029 2193 3206 2262 paries
3236 2192 3333 2246 fuit
3352 2193 3620 2259 maceriae,
3641 2193 3698 2247 id

2109 2287 2190 2332 est
2220 2279 2415 2333 debilis
2446 2287 2495 2332 et
2552 2279 2765 2332 Christo
2811 2280 2947 2333 levis
2975 2280 3043 2334 ad
3074 2280 3417 2348 diruendam,
3464 2289 3519 2335 ut
3548 2281 3697 2336 sicca

2112 2366 2469 2438 congregatio
2496 2366 2754 2435 lapidum,
2779 2375 2849 2432 et,
2884 2368 3060 2421 soluto
3098 2368 3277 2422 medio
3295 2369 3699 2438 pariete,solvit

2108 2454 2171 2507 in
2204 2471 2375 2509 carne
2404 2470 2507 2508 sua
2521 2470 2683 2524 quam
2713 2455 3007 2524 assumpsit
3035 2457 3370 2511 inimicitias
3416 2456 3699 2526 utriusque

2108 2542 2311 2611 populi.
2348 2542 2651 2596 Destructis
2701 2543 2846 2596 enim
2893 2543 3082 2596 ritibus
3137 2544 3307 2598 Judaei
3362 2552 3414 2597 et
3454 2543 3692 2613 gentilis,

2103 2629 2212 2697 jam
2256 2644 2362 2684 non
2414 2638 2527 2683 erat
2579 2630 2721 2684 unde
2769 2630 3177 2685 inimicarentur
3231 2630 3352 2685 sibi.
3408 2630 3698 2698 Quomodo

2110 2716 2328 2771 solverit
2347 2717 2659 2771 inimicitias
2690 2718 2925 2771 ostendit
2954 2718 3007 2770 in
3038 2726 3189 2787 parte
3208 2718 3534 2783 Iudaeorum,
3562 2734 3696 2789 quo-

2108 2822 2231 2858 rum
2245 2813 2381 2859 ratio
2394 2806 2570 2876 magis
2589 2806 2935 2874 oppugnabat
2966 2824 2979 2869 ;
3012 2806 3108 2860 sed
3127 2805 3254 2876 quia
3274 2807 3526 2877 gentibus
3550 2807 3701 2861 nulla

2111 2893 2241 2947 ratio
2270 2901 2405 2958 erat,
2427 2892 2494 2946 de
2524 2892 2608 2946 his
2639 2893 2768 2946 nihil
2806 2893 3059 2947 subdidit.
3092 2893 3321 2949 Solvens
3366 2894 3694 2960 inimicitias,

2112 2982 2240 3051 quia
2257 2998 2534 3036 evacuans
2551 2982 2721 3052 legem
2736 2980 3033 3035 carnalium
3059 2983 3478 3050 mandatorum,
3511 2983 3701 3037 decre-

2111 3071 2201 3136 tis,
2233 3070 2287 3122 id
2317 3077 2397 3122 est
2426 3069 2562 3122 datis
2580 3069 2845 3123 mandatis
2867 3086 2931 3123 ex
2944 3068 3272 3125 discretione
3302 3070 3551 3135 inventis,
3574 3070 3701 3125 ideo

2109 3172 2402 3223 evacuans,
2437 3157 2561 3212 hinc
2594 3157 2793 3228 legem,
2828 3157 2952 3211 inde
2983 3158 3213 3223 idolum,
3246 3164 3312 3213 ut
3346 3158 3501 3223 duos,
3534 3158 3587 3211 id
3618 3166 3703 3213 est

2107 3245 2353 3299 Judaeum
2369 3253 2421 3299 et
2448 3245 2724 3317 gentilem,
2742 3247 2949 3300 condat
2974 3248 3352 3317 utrumquein
3369 3249 3698 3317 semetipso;

2109 3337 2161 3382 et
2184 3329 2312 3398 quia
2344 3329 2396 3382 in
2428 3346 2487 3383 se
2530 3329 2767 3383 condere
2816 3337 3000 3398 posset
3050 3330 3229 3384 adhuc
3256 3330 3459 3384 divisos
3516 3330 3689 3384 addit.

2112 3417 2346 3482 Condat,
2379 3416 2621 3487 inquam,
2662 3419 2881 3487 faciens
2922 3433 3136 3488 pacem,
3188 3416 3242 3469 id
3271 3425 3351 3471 est
3403 3416 3695 3487 pacificans

2109 3520 2204 3558 eos
2234 3505 2335 3557 sibi
2368 3504 2623 3559 vicissim.
2658 3505 2725 3558 Et
2756 3504 2809 3557 in
2840 3520 2944 3574 quo
2988 3521 3179 3574 pacem
3224 3505 3433 3573 fecerit,
3469 3506 3647 3559 subdit
3680 3522 3695 3558 :

2109 3594 2343 3647 Faciens
2371 3609 2567 3663 pacem
2596 3592 2719 3647 dico
2750 3594 2814 3646 in
2862 3608 2921 3646 se
2950 3609 3061 3648 uno
3092 3610 3229 3649 novo
3260 3594 3503 3649 homine.
3522 3594 3697 3657 Novo,

2109 3680 2233 3750 quia
2261 3681 2423 3734 homo
2453 3680 2660 3751 gratim,
2708 3680 2829 3733 ideo
2860 3695 3035 3745 novo;
3059 3681 3200 3751 quia,
3235 3680 3279 3734 si
3310 3688 3455 3736 esset
3483 3681 3696 3753 legalis,

2109 3768 2388 3838 oppositus
2419 3775 2564 3822 esset
2593 3768 2782 3840 gentili
2813 3787 2825 3832 ;
2860 3767 2905 3821 si
2935 3768 3127 3822 iterum
3158 3768 3395 3840 gentilis,
3418 3768 3698 3839 Oppositus

2111 3864 2255 3909 esset
2282 3855 2489 3919 Judaeo,
2512 3864 2564 3909 et
2592 3864 2783 3910 neuter
2813 3856 3141 3910 consentiret
3172 3856 3388 3911 inimico
3419 3873 3536 3911 suo.
3566 3857 3699 3911 Pro-

2111 3943 2253 3997 bavit
2285 3944 2431 4014 quod
2461 3944 2678 4016 gentilis
2710 3944 2775 3996 sit
2801 3959 2971 4013 prope
3016 3945 3289 4008 Judaeum;
3322 3945 3513 4015 probat
3542 3961 3699 3999 eum-

2110 4030 2233 4084 dem
2265 4048 2386 4086 esse
2414 4048 2584 4101 prope
2614 4032 2807 4095 Deum,
2843 4030 3058 4085 dicens:
3094 4032 3159 4085 Et
3188 4032 3308 4087 ideo
3338 4032 3555 4087 solvens
3594 4032 3703 4085 ini-

2111 4118 2341 4173 micitias
2368 4123 2433 4173 ut
2466 4120 2793 4174 reconciliet
2828 4121 2936 4173 Deo
2969 4121 3171 4183 ambos,
3200 4120 3255 4173 id
3286 4128 3367 4173 est
3385 4118 3629 4173 Judaeum
3651 4126 3704 4175 et

2112 4207 2371 4279 gentilem
2390 4208 2671 4277 c0pulatos
2700 4208 2762 4261 in
2786 4224 2899 4261 uno
2928 4224 3173 4278 corpore,
3192 4207 3247 4261 id
3259 4217 3338 4261 est
3355 4208 3408 4261 in
3429 4206 3697 4263 Ecclesia.

2111 4294 2586 4351 Reconciliationis
2633 4296 2855 4349 modum
2906 4295 3110 4349 subdit.
3176 4296 3514 4351 Reconcitiet
3555 4295 3697 4365 dico,

420 4386 734 4441 versatione
758 4386 953 4449 Israel,
986 4382 1038 4437 id
1070 4391 1151 4437 est
1197 4381 1408 4435 Iudaici
1448 4381 1672 4451 populi;
1710 4397 1821 4435 non
1867 4374 2084 4437 enimD
2112 4384 2465 4453 interﬁciens
2512 4384 2629 4452 ipse
2653 4382 2896 4437 Christus
2926 4385 2986 4437 in
3030 4384 3329 4454 semetipso
3367 4383 3705 4438 inimicitias

420 4481 549 4528 tunc
588 4472 1056 4527 conversabantur
1101 4470 1290 4535 vobis;
1351 4469 1457 4534 vel,
1492 4468 1536 4522 si
1577 4468 1715 4523 forte
1754 4486 1877 4524 cum
1934 4472 2013 4525 eis

419 4560 909 4625 conversabamini,
944 4568 1002 4613 ut
1017 4557 1314 4629 proselyti;
1347 4556 1509 4611 eratis
1559 4556 1803 4627 hospites
1834 4562 2013 4613 testa-

420 4653 765 4713 mentorum,
800 4648 963 4701 idest
992 4645 1289 4711 instabiles,
1342 4645 1396 4698 id
1451 4652 1533 4699 est
1589 4644 1751 4698 modo
1800 4654 2010 4713 euntes,

417 4738 581 4793 modo
610 4736 901 4792 redeuntes
947 4735 1016 4790 ad
1064 4735 1245 4807 legem
1284 4731 1644 4788 ducebamini.
1691 4732 2012 4789 Testamen-

416 4832 593 4885 torum
624 4825 749 4879 ideo
780 4824 1067 4895 pluraliter
1088 4822 1235 4887 dicit,
1263 4821 1390 4892 quia
1410 4824 1624 4891 Moyses
1646 4835 1824 4887 suum,
1849 4822 2014 4876 Isaias

419 4930 597 4979 suum,
631 4922 684 4969 et
703 4913 927 4985 quilibet
955 4912 1219 4982 prOpheta
1250 4927 1406 4963 suum
1434 4912 1668 4967 habebat
1689 4914 2012 4966 Testamen-

424 5008 558 5055 tum.
591 5002 770 5055 Eratis
801 5002 960 5055 etiam
992 5009 1118 5054 tunc
1149 5016 1263 5053 non
1292 5000 1559 5054 habentes
1592 5018 1742 5072 spem
1770 4999 2013 5071 promis-

419 5090 596 5143 sionis
619 5088 773 5144 facta:
800 5090 866 5143 ad
899 5089 1187 5153 Abraham,
1220 5102 1322 5141 nec
1343 5087 1484 5140 enim
1508 5087 1703 5142 licebat
1725 5097 1850 5141 tunc
1881 5102 2015 5157 gen-

420 5175 564 5230 tibus
598 5193 823 5247 sperarc
854 5178 1082 5231 salutem
1118 5194 1132 5241 ;
1166 5182 1216 5228 et
1247 5175 1413 5228 eratis
1443 5176 1566 5229 sine
1597 5178 1725 5241 Deo,
1760 5173 1907 5228 idola
1926 5173 2018 5227 ad-

418 5273 654 5321 orantes.
691 5268 801 5321 Vos
827 5266 948 5320 dico
973 5267 1032 5319 in
1064 5265 1161 5319 hoc
1194 5261 1422 5327 mundo,
1450 5262 1501 5316 id
1533 5271 1616 5317 est
1644 5263 1729 5316 his
1776 5261 2012 5316 munda-

416 5353 501 5409 nis
531 5355 889 5411 adhaerentes.
926 5352 1070 5408 Olim
1100 5350 1179 5407 sic
1209 5351 1390 5417 eratis,
1451 5351 1543 5406 sed
1582 5369 1731 5406 nunc
1773 5367 1883 5418 vos,
1918 5351 2015 5421 qui

418 5443 725 5515 aliquando
754 5443 929 5501 eratis
962 5442 1120 5512 longe
1149 5456 1179 5493 a
1206 5439 1322 5494 Deo
1338 5446 1391 5495 et
1408 5456 1439 5493 a
1466 5439 1684 5507 ludatis,
1709 5439 1856 5511 facti
1878 5439 2015 5495 estis

2118 4488 2236 4541 quae
2277 4479 2428 4525 erant
2460 4471 2598 4524 inter
2622 4471 2797 4524 Deum
2828 4479 2879 4524 et
2899 4471 3192 4525 hominem.
3219 4472 3297 4525 Ita
3318 4474 3379 4525 in
3404 4471 3699 4541 semetipso

2116 4559 2261 4630 quod
2288 4575 2383 4628 per
2413 4574 2649 4623 crucem,
2684 4558 2739 4612 id
2769 4566 2850 4613 est
2879 4574 2976 4629 per
3003 4566 3230 4613 mortem
3263 4560 3459 4614 crucis.

2185 4646 2311 4701 Haec
2340 4654 2519 4699 autem
2547 4646 2723 4700 omnia
2751 4663 2939 4716 parum
2983 4647 3327 4716 prodessent,
3361 4646 3464 4700 nisi
3507 4644 3706 4716 praedi-

2115 4741 2236 4788 cata
2267 4732 2616 4801 forent;ideo
2645 4733 2792 4788 addit
2824 4752 2836 4787 :
2870 4736 2939 4789 Et
2966 4734 3082 4803 ipse
3112 4734 3359 4788 Christus
3396 4735 3627 4789 veniens
3648 4734 3702 4787 in

2116 4838 2334 4875 carnem
2355 4824 2756 4893 evangelizavit
2781 4838 2880 4892 per
2909 4821 3185 4892 apostolos
3212 4839 3409 4893 pacem
3431 4822 3501 4876 ad
3528 4823 3704 4876 Deum

2114 4909 2408 4962 restitutam
2441 4910 2585 4965 vobis
2632 4909 2905 4981 gentibus,
2953 4911 3048 4981 qui
3080 4911 3240 4981 longe
3282 4912 3476 4980 fuistis
3502 4926 3533 4963 a
3563 4911 3698 4974 Deo,

2115 4997 2238 5067 quia
2261 4996 2376 5051 sine
2410 4997 2620 5051 Christo
2648 5004 2701 5051 et
2731 4998 2846 5051 sine
2890 4998 3004 5052 Deo
3035 4998 3088 5051 in
3119 4999 3221 5053 hoc
3253 4998 3455 5052 mundo
3513 4996 3697 5051 eratis.

2113 5084 2519 5155 Evangelizavit
2547 5087 2722 5139 etiam
2775 5101 2967 5155 pacem
3009 5086 3115 5154 his,
3166 5085 3219 5139 id
3248 5093 3331 5139 est
3354 5085 3571 5150 Iudaeis,
3608 5083 3705 5156 qui

2110 5188 2279 5244 prope
2310 5178 2493 5237 erant,
2515 5173 2637 5243 quia
2668 5173 2840 5227 Deum
2870 5174 3145 5228 colebant.
3176 5173 3291 5228 Hoc
3310 5172 3604 5243 praedicare
3627 5171 3705 5225 fe-

2114 5259 2204 5326 cit,
2231 5262 2494 5332 quoniam
2522 5278 2621 5332 per
2638 5262 2822 5332 ipsum
2845 5262 3115 5316 Christum
3148 5262 3308 5315 ambo
3326 5269 3379 5314 et
3413 5260 3627 5315 Judazus
3652 5266 3707 5313 et

2114 5348 2350 5421 gentilis,
2385 5350 2648 5405 habemus
2680 5366 2965 5405 accessum
2996 5350 3068 5404 ad
3101 5352 3330 5404 Patrem
3370 5349 3564 5415 Deum,
3596 5362 3707 5403 non

2113 5438 2275 5495 ambo
2294 5436 2454 5508 positi
2482 5438 2544 5493 in
2559 5454 2671 5495 uno
2695 5438 2914 5509 Spiritu
2930 5435 3075 5503 fidei,
3109 5452 3235 5493 cum
3260 5436 3349 5493 hic
3376 5435 3529 5508 prius
3560 5440 3709 5492 esset
