3960 6050
264 208 367 261 329

880 198 1263 256 EXPOSITIO
1301 200 1376 255 IN
1413 197 1790 256 EPISTOLAS
1830 198 2052 256 PAULI.
2092 228 2160 238 —
2200 198 2273 254 IN
2311 198 2528 255 EPIST.
2570 198 2664 253 AD
2694 197 2939 253 EPHES.

3449 203 3551 255 330

262 326 323 380 in
348 323 549 395 Spiritu
577 321 738 393 legis,
771 320 859 376 hic
905 321 963 375 in
991 322 1182 392 spiritu
1229 322 1377 377 idoli.
1412 324 1477 377 Et
1536 323 1661 393 quia
1704 322 1862 375 ambo
1881 325 1937 382 Α
1972 340 1990 373 ι
2020 321 2175 387 siam,
2209 321 2555 377 multiformis
2584 321 2844 392 sapientia
2875 320 2992 386 Dei,
3045 320 3341 375 secundum
3370 319 3556 390 praeﬁ-

262 415 323 467 in
353 413 546 467 eodem
575 410 772 481 Spiritu
801 410 961 477 positi
981 427 1261 466 accessum
1282 411 1546 466 habemus
1577 411 1645 465 ad
1666 412 1859 477 Deum,

265 517 402 571 ergo
433 516 529 555 vos
558 499 790 570 gentiles
822 499 1045 569 Ephesii
1053 502 1177 570 jam
1198 517 1312 557 non
1330 502 1464 555 estis
1494 501 1737 571 hospites
1757 499 1865 552 Te-

266 595 680 654 stamentorum,
715 586 854 641 sicut
900 586 977 639 illi
1023 587 1480 657 improperabant.
1514 588 1583 642 Et
1614 587 1728 655 jam
1750 601 1868 640 non

268 676 403 730 estis
432 677 679 744 advenae,
722 674 778 728 id
827 682 908 728 est
946 691 1054 729 non
1084 675 1226 729 ultra
1274 674 1541 731 vocamini
1587 673 1865 744 proselyti,

271 764 399 835 quia
442 763 565 819 licet
603 771 734 817 tunc
777 762 1001 817 stabiles
1046 772 1229 817 essent
1258 764 1311 816 in
1362 763 1504 833 lege,
1539 778 1757 832 semper
1784 768 1868 815 ta-

271 868 403 906 men
431 852 747 906 dicebantur
775 838 1095 906 adventitii.
1130 852 1248 905 Non
1296 852 1430 906 estis
1481 850 1746 920 hospites,
1777 850 1871 905 sed

275 942 412 995 estis
443 940 693 995 conciues
718 958 731 1004 ;
766 954 867 992 nec
897 953 1087 992 eorum
1113 938 1205 1008 qui
1228 938 1379 993 vobis
1410 938 1867 1007 improperabant,

276 1028 381 1082 sed
411 1030 755 1091 sanctorum,
781 1026 835 1079 id
866 1034 947 1079 est
992 1025 1351 1095 quorumlibet
1389 1024 1769 1095 perfectorum.
1802 1025 1871 1077 Et

278 1131 392 1169 non
422 1115 551 1168 estis
578 1115 827 1177 advenw,
853 1112 950 1166 sed
970 1113 1283 1177 domestici,
1315 1112 1369 1166 id
1395 1120 1475 1166 est
1505 1111 1776 1166 naturales
1806 1112 1874 1165 de

277 1204 481 1266 domo;
513 1217 616 1257 nec
647 1217 854 1269 eorum,
886 1201 983 1255 sed
1010 1201 1295 1256 domestici
1324 1202 1441 1255 Dei.
1474 1201 1585 1255 Vos
1613 1200 1736 1255 dico
1773 1216 1873 1254 su-

271 1290 647 1362 percediﬁcati
676 1289 837 1344 hodie
868 1288 1042 1357 pietas
1067 1307 1081 1355 ;
1115 1304 1239 1344 cras
1288 1304 1451 1358 super
1480 1289 1617 1342 hanc
1644 1286 1877 1343 azdiﬁca-

277 1379 423 1432 bitur
451 1377 745 1431 humilitas.
785 1378 851 1430 Et
881 1376 960 1431 sic
988 1377 1426 1447 supertediﬁcati
1463 1392 1633 1447 super
1662 1376 1877 1445 funda-

276 1471 561 1531 mentum,
593 1465 647 1518 id
673 1472 755 1519 est
775 1463 1073 1519 doctrinam
1101 1465 1479 1535 apostolorum
1501 1468 1555 1518 et
1577 1464 1878 1534 prapheta-

276 1572 413 1610 rum
434 1569 669 1625 quorum
696 1552 936 1607 doctrina
966 1551 1190 1606 fundata
1218 1561 1301 1606 est
1350 1552 1618 1607 Ecclesia.
1652 1551 1751 1605 Vel
1778 1567 1879 1606 su-

1970 430 1992 459 «
2029 410 2285 464 nitionem
2315 410 2658 479 saeculorum,
2696 426 2857 481 quam
2905 409 3030 463 fecit
3078 408 3131 461 in
3175 408 3387 463 Christo
3433 409 3563 462 Jesu

1972 521 1993 545 «ι
2031 499 2266 553 Domino
2293 508 2497 554 nostro.
2536 501 2593 553 In
2622 514 2728 570 quo
2774 499 3041 553 habemus
3088 496 3335 552 ﬁduciam
3367 504 3419 551 et
3462 512 3560 552 ac-

1974 608 1995 635 α
2031 602 2245 642 cessum
2292 588 2347 641 in
2395 586 2725 642 confidentia
2789 603 2889 656 per
2947 586 3110 640 ﬁdem
3156 587 3290 655 ejus.
3342 587 3565 656 Propter

1975 695 1997 725 α
2034 675 2178 744 quod
2209 683 2334 744 peto
2362 692 2431 729 ne
2462 673 2721 730 deﬁciatis
2752 674 2805 728 in
2837 674 3267 729 tribulationibus
3295 674 3431 729 meis
3460 689 3561 745 pro

1976 762 2207 829 «vobis,
2260 779 2380 833 qua)
2435 770 2514 816 est
2573 762 2746 833 gloria
2795 770 2995 816 vestra.
3046 762 3217 830 llujus
3276 764 3349 817 rei
3392 762 3564 833 gratia

1979 874 1999 897 «
2035 850 2195 905 ﬂecto
2224 866 2400 919 genua
2430 865 2553 903 mea
2591 850 2658 903 ad
2704 851 2919 904 Patrem
2964 850 3179 905 Domini
3223 851 3389 904 nostri
3433 850 3563 905 Jesu

1977 962 1997 985 α
2036 937 2250 1003 Christi,
2284 954 2348 991 ex
2378 954 2485 1007 quo
2516 938 2691 991 omnis
2736 938 3035 1007 paternitas
3083 937 3138 991 in
3186 938 3356 1006 coelis,
3417 946 3467 993 et
3510 938 3566 992 in

1977 1049 1998 1073 α
2037 1035 2185 1080 terra
2212 1025 2537 1093 nominatur,
2568 1033 2624 1079 ut
2654 1026 2745 1079 det
2775 1026 2953 1092 vobis,
3005 1026 3302 1103 secundum
3351 1026 3565 1080 divitias

1978 1138 1998 1161 ιι
2035 1113 2223 1184 gloriae
2272 1130 2402 1181 suae,
2454 1113 2706 1168 virtutem
2772 1113 3118 1168 corroborari
3176 1130 3275 1183 per
3322 1114 3570 1183 spiritum

1980 1224 2002 1250 ε
2038 1202 2151 1270 ejus
2173 1202 2227 1254 in
2257 1200 2569 1255 interiorem
2592 1200 2886 1266 hominem,
2922 1201 3191 1255 Christum
3214 1201 3449 1256 habitare
3469 1218 3569 1272 per

1981 1312 2001 1335 α
2036 1288 2199 1344 ﬁdem
2229 1288 2283 1342 in
2314 1288 2566 1344 cordibus
2596 1288 2813 1353 vestris,
2848 1288 2903 1342 in
2952 1289 3211 1343 charitate
3258 1289 3487 1345 radicati
3517 1297 3569 1344 et

1983 1399 2005 1427 α
2042 1376 2266 1445 fundati,
2299 1384 2356 1430 ut
2385 1376 2607 1446 possitis
2633 1377 3099 1447 comprehendere
3148 1392 3273 1432 cum
3316 1378 3569 1431 omnibus

1984 1488 2005 1513 ιι
2044 1464 2261 1529 sanctis,
2298 1481 2418 1535 quae
2448 1465 2515 1518 sit
2544 1464 2789 1531 latitudo,
2825 1472 2878 1519 et
2902 1464 3204 1536 longitudo,
3239 1473 3291 1519 et
3322 1464 3569 1519 sublimi-

1986 1573 2007 1603 κ
2043 1560 2141 1619 tas,
2176 1560 2227 1607 et
2275 1551 2639 1621 profundum:
2692 1552 2829 1608 scire
2877 1552 3036 1606 etiam
3082 1553 3573 1622 supereminentem

279 1659 383 1713 per
401 1642 865 1712 funda-mentum,
892 1640 945 1693 id
968 1639 1358 1704 estChristum,
1393 1656 1555 1708 super
1572 1654 1734 1709 quem
1756 1653 1882 1707 apo-
1901 1669 1952 1728 B
1986 1663 2008 1691 ι
2042 1640 2278 1695 scientiae
2308 1640 2605 1695 claritatem
2638 1640 2855 1704 Christi,
2889 1647 2945 1693 ut
2975 1640 3307 1710 impleamini
3362 1640 3417 1693 in
3460 1657 3577 1696 om-

280 1729 407 1784 stoli
436 1737 491 1783 et
530 1729 810 1798 pr0phetaa
850 1726 1057 1781 fundati
1102 1736 1241 1781 sunt.
1290 1726 1555 1782 zEdificati
1605 1728 1721 1797 ipso
1759 1726 1881 1780 dico

285 1817 505 1872 Christo
536 1818 666 1872 Jesu
696 1815 957 1870 existente
994 1816 1179 1886 lapide
1204 1822 1429 1885 propter
1476 1813 1882 1877 ﬁrmitudinem,

280 1921 523 1971 summa,
557 1904 611 1957 id
641 1912 723 1958 est
754 1912 1165 1959 consuxnmante
1207 1902 1471 1971 justitiam
1500 1910 1756 1967 vestram,
1790 1919 1889 1956 an-

280 1993 491 2063 gulari,
524 1991 580 2045 id
610 1999 693 2045 est
724 2000 1013 2061 utrumque
1044 1990 1303 2060 populum
1345 1991 1591 2045 Judaeum
1623 1997 1676 2044 et
1704 1988 1887 2059 genti—

276 2079 388 2135 lem
418 2080 473 2132 in
517 2095 577 2133 se
625 2086 1005 2134 connectente.
1048 2078 1205 2147 Lapis
1254 2079 1356 2132 iste
1402 2078 1493 2132 ubi
1541 2077 1610 2131 ad
1656 2077 1889 2131 litteram

278 2166 459 2235 fuerit,
495 2174 702 2221 certum
750 2181 860 2221 non
905 2166 1207 2230 habemus;
1262 2165 1430 2220 fuisse
1478 2173 1657 2219 tamen
1705 2165 1887 2219 credi-

283 2271 407 2308 mus
438 2254 603 2324 quod,
637 2254 814 2309 donec
860 2253 913 2306 in
963 2253 1427 2308 consummatione
1472 2253 1750 2323 utriusque
1792 2267 1889 2321 pa-

284 2341 456 2408 rietis,
490 2357 602 2396 non
632 2341 826 2395 idonee
856 2340 984 2410 poni
1012 2341 1184 2409 potuit
1210 2359 1224 2407 ;
1257 2340 1353 2395 sed
1381 2340 1437 2394 in
1478 2355 1690 2394 summo
1718 2339 1888 2393 mira-

284 2430 382 2483 bili
413 2428 794 2484 convenientia
824 2436 1111 2498 utrumque
1142 2428 1403 2498 parietem
1433 2427 1757 2500 coagulavit.
1791 2427 1891 2481 Hic

280 2517 423 2587 lapis
454 2516 781 2588 signiﬁcavit
823 2515 1115 2581 Christum,
1161 2516 1406 2570 Judaeum
1437 2524 1489 2571 et
1534 2516 1793 2586 gentilem
1836 2515 1889 2568 in

283 2604 625 2674 perfectione
654 2604 778 2658 ﬁdei
813 2603 1179 2673 copulantem.
1214 2604 1319 2672 Qui
1366 2604 1614 2658 Christus
1645 2603 1779 2657 sicut
1810 2610 1892 2657 est

285 2708 536 2746 summus
589 2699 995 2746 consummator
1044 2691 1287 2747 239
1332 2690 1568 2760 justitiae,
1622 2690 1699 2745 sic
1730 2696 1810 2744 est
1841 2683 1893 2744 et

286 2779 617 2851 principium
632 2779 872 2848 justitiaz.
897 2779 1055 2846 Quod
1079 2779 1157 2834 sic
1178 2780 1251 2832 ait
1272 2780 1363 2833 :In
1385 2795 1489 2850 quo
1506 2778 1687 2848 lapide
1709 2779 1892 2833 omnis

284 2868 589 2936 wdiﬁcatio
611 2872 937 2923 constructa
958 2883 1057 2937 per
1079 2866 1261 2935 ﬁdem,
1285 2868 1487 2922 crescit
1510 2883 1610 2936 per
1625 2865 1893 2935 operatio-

286 2972 419 3011 nem
452 2958 513 3010 in
536 2957 811 3026 templum
830 2959 1116 3020 sanctum,
1140 2960 1197 3007 ut
1237 2954 1305 3007 sit
1341 2955 1502 3008 homo
1550 2953 1807 3023 templum
1836 2952 1891 3005 in

288 3059 400 3115 quo
431 3012 843 3097 habitet‘Deus.
892 3012 1143 3096 Sanctum
1175 3041 1299 3096 dico
1345 3043 1407 3095 in
1437 3012 1691 3107 Domino,
1726 3040 1779 3093 id
1809 3047 1891 3094 est
1913 3012 1961 3073 C

291 3148 396 3202 per
428 3131 737 3186 Dominum.
762 3131 826 3184 In
847 3146 951 3202 quo
971 3131 1147 3185 etiam
1168 3129 1349 3199 lapide
1366 3129 1598 3194 Christo,
1630 3144 1722 3183 vos
1751 3143 1890 3197 gen-

289 3228 372 3274 tes
405 3220 834 3286 cocediﬁeamini
856 3234 979 3273 cum
997 3218 1199 3273 Iudaeis
1222 3220 1286 3273 in
1304 3216 1710 3279 habitaculum,
1736 3216 1789 3269 id
1813 3222 1896 3269 est

285 3308 359 3361 ad
390 3308 495 3361 hoc
521 3314 575 3360 ut
605 3306 723 3360 sitis
754 3306 1117 3360 habitaculum
1148 3307 1267 3361 Dei.
1320 3303 1737 3359 Coaediﬁcamini
1771 3303 1901 3357 dico‘

288 3398 355 3450 in
379 3394 598 3465 Spiritu
625 3398 841 3459 sancto,
873 3394 929 3447 id
959 3402 1040 3448 est
1086 3410 1186 3463 per
1207 3392 1461 3463 Spiritum
1500 3399 1764 3460 sanctum,
1796 3406 1894 3460 pu-

287 3480 594 3538 riﬁcantem
622 3496 720 3537 vos
759 3482 895 3536 Deo.

904 3612 1130 3687 CAPUT
1188 3631 1278 3684 III.

369 3786 392 3814 «
432 3764 603 3832 Hujus
632 3762 711 3817 rei
741 3762 934 3832 gratia,
966 3777 1070 3833 ego
1089 3760 1285 3814 Paulus
1313 3760 1523 3816 vinctus
1551 3757 1749 3813 Christi
1769 3758 1897 3812 Iesu

293 3875 317 3903 ι
354 3867 457 3922 pro
485 3852 641 3907 vobis
669 3851 924 3923 gentibus
942 3893 954 3915 ,
990 3850 1034 3903 si
1063 3857 1243 3904 tamen
1276 3848 1501 3902 audistis
1529 3846 1898 3917 dispensatio-

295 3962 321 3990 ι
357 3955 487 3994 nem
528 3939 717 4011 gratiae
776 3938 914 4003 Dei,
991 3953 1112 4008 quae
1161 3938 1282 3990 data
1326 3944 1406 3991 est
1445 3936 1576 3989 mihi
1619 3936 1674 3989 in
1722 3934 1896 3989 vobis.

292 4051 316 4079 ς
357 4027 631 4097 Quoniam
660 4027 960 4081 secundum
1000 4025 1387 4079 revelationem
1437 4032 1621 4078 notum
1655 4022 1784 4076 mihi
1816 4021 1900 4075 fa-

291 4141 313 4163 u
356 4124 507 4171 ctum
538 4123 621 4169 est
650 4122 1074 4178 sacramentum,
1108 4113 1245 4167 sicut
1276 4128 1435 4182 supra
1465 4111 1659 4181 scripsi
1690 4111 1744 4163 in
1776 4110 1901 4163 bre-

294 4228 316 4251 α
356 4205 410 4258 vi
445 4204 597 4274 (Sap.
634 4218 671 4270 ι,
706 4202 813 4271 19),
849 4208 1005 4270 prout
1032 4201 1259 4270 potestis
1305 4200 1550 4270 legentes
1598 4198 1901 4268 intelligere

298 4314 321 4341 ι
363 4290 711 4362 prudentiam
757 4304 933 4343 meam
982 4289 1037 4341 in
1089 4287 1390 4341 ministerio
1439 4286 1553 4358 [al.,
1614 4284 1902 4356 mysterio]

1993 1750 2014 1780 α
2053 1744 2178 1783 nem
2206 1728 2595 1798 plenitudinem
2642 1728 2759 1781 Dei.
2808 1727 2873 1781 Ei
2920 1736 3096 1782 autem
3137 1728 3227 1798 qui
3267 1735 3460 1797 potens
3498 1737 3580 1783 est

1993 1841 2012 1864 ιι
2070 1816 2248 1871 omnia
2303 1815 2483 1870 facere
2556 1815 3057 1885 superabundanter
3121 1831 3285 1886 quam
3322 1816 3574 1885 petimus,

1993 1927 2013 1952 α
2052 1912 2142 1958 aut
2169 1903 2518 1975 intelligimus
2567 1903 2865 1958 secundum
2913 1902 3162 1957 virtutem
3212 1919 3331 1974 quae
3377 1918 3580 1973 opera-

1993 2013 2014 2041 α
2049 1999 2137 2044 tur
2166 1991 2220 2044 in
2248 1990 2423 2054 nobis,
2457 1989 2559 2059 ipsi
2591 1990 2762 2062 gloria
2808 1990 2863 2042 in
2912 1990 3155 2045 Ecclesia
3185 1998 3237 2045 et
3266 1990 3321 2043 in
3368 1990 3584 2045 Christo

1994 2103 2014 2127 ι‹
2051 2079 2200 2145 Jesu,
2234 2078 2289 2131 in
2336 2093 2527 2133 omnes
2574 2078 2957 2150 generationes
3004 2078 3187 2134 saeculi
3235 2077 3579 2134 smeulorum.

1993 2190 2014 2213 α
2052 2170 2244 2221 Amen.
2283 2186 2305 2215 ι

2698 2308 3013 2350 EXPOSITIO.

2062 2429 2133 2483 Ut
2163 2425 2341 2498 magis
2372 2424 2636 2480 obnoxios
2668 2426 2859 2480 reddat
2901 2426 3087 2499 gratiae
3118 2426 3237 2495 Dei,
3282 2427 3411 2485 dicit
3440 2429 3587 2500 quod

1992 2525 2139 2579 Deus
2170 2523 2357 2578 fecerit
2387 2538 2507 2577 eum
2552 2522 2873 2591 Apostolum
2922 2531 3141 2593 propter
3170 2524 3293 2579 illos
3327 2544 3340 2591 ;
3374 2526 3587 2581 vinctus

1993 2620 2075 2666 est
2104 2612 2265 2666 etiam
2296 2626 2395 2680 pro
2427 2610 2633 2664 eisdem
2658 2628 2670 2674 ;
2706 2610 2968 2664 revelavit
2999 2611 3161 2665 etiam
3187 2612 3235 2666 ei
3285 2614 3432 2667 Deus
3462 2629 3587 2684 my-

1994 2700 2160 2753 steria
2189 2715 2287 2753 sua
2316 2706 2535 2767 propter
2564 2713 2755 2751 eorum
2785 2698 3093 2753 utilitatem.
3152 2702 3246 2756 Vos
3276 2702 3589 2772 coaediﬁca-

1992 2788 2139 2842 mini
2166 2787 2222 2839 in
2252 2786 2485 2851 Christo,
2519 2794 2567 2839 et
2598 2787 2786 2855 gratia
2808 2786 2976 2856 hujus
3005 2789 3088 2841 rei
3109 2795 3164 2841 ut
3193 2796 3246 2842 et
3275 2805 3374 2844 vos
3395 2791 3588 2845 coaedi-

1992 2873 2245 2929 ﬁcemini.
2277 2875 2387 2942 Ego
2408 2874 2622 2927 Paulus
2651 2874 2874 2928 vinctus
2904 2876 3032 2928 Jesu
3056 2874 3279 2943 Christi,
3315 2893 3475 2947 quem
3507 2877 3586 2931 af-

1994 2963 2196 3017 ﬂictum
2226 2977 2334 3015 non
2373 2970 2581 3031 oportet
2627 2961 2953 3016 contristari.
2996 2964 3223 3018 Vinctus
3261 2965 3446 3034 utique
3480 2981 3583 3035 pro

1990 3051 2137 3106 vobis
2163 3047 2424 3121 gentibus
2447 3067 2461 3115 ;
2482 3048 2527 3101 si
2558 3048 2699 3103 enim
2750 3049 2909 3103 saluti
2950 3058 3141 3105 vestrae
3170 3066 3279 3105 non
3322 3052 3587 3121 praedica-

1991 3154 2126 3203 rem,
2160 3152 2500 3207 nequaquam
2533 3136 2589 3189 in
2617 3136 2846 3191 vinculis
2878 3153 3076 3192 essem.
3130 3139 3236 3194 Pro
3267 3140 3413 3194 vobis
3444 3139 3584 3207 dico,

1992 3226 2064 3279 ita
2097 3230 2287 3279 tamen
2312 3225 2363 3278 si
2389 3225 2631 3279 audistis
2654 3225 3133 3295 dispensationem
3160 3228 3359 3298 gratiae
3378 3229 3500 3294 Dei,
3532 3227 3589 3282 id

1994 3320 2077 3367 est
2106 3312 2357 3383 gratiam,
2392 3311 2617 3376 scilicet,
2650 3311 3010 3381 apostolatum
3038 3330 3103 3367 ex
3151 3314 3323 3383 gratia
3352 3315 3453 3369 Dei
3481 3315 3587 3369 mi-

1992 3400 2047 3454 hi
2081 3399 2352 3453 traditum.
2388 3398 2626 3453 Gratiam
2658 3400 2777 3453 dico
2826 3399 3197 3470 dispensatam
3230 3418 3261 3455 a
3292 3403 3425 3469 Deo,
3459 3403 3588 3473 quia

1994 3490 2141 3542 Deus
2174 3489 2312 3542 bene
2339 3487 2672 3557 dispensavit
2703 3487 2847 3557 apud
2874 3504 2953 3553 se,
2981 3505 3146 3559 quare
3168 3506 3254 3543 me
3271 3491 3588 3560 Apostolum

1996 3576 2298 3631 constituit.
2341 3575 2438 3630 Vel
2462 3590 2625 3645 quam
2654 3574 2883 3645 gratiam
2915 3592 3018 3646 ego
3066 3576 3323 3647 dispenso
3351 3578 3505 3632 vobis
3536 3586 3590 3633 et

1996 3663 2209 3718 caeteris
2234 3663 2513 3719 Ecclesiis.
2548 3662 2621 3728 Si,
2654 3663 2894 3733 inquam,
2929 3664 3155 3718 audistis
3185 3665 3437 3736 gratiam,
3471 3682 3593 3737 qua:

1998 3753 2131 3807 data
2153 3755 2238 3806 est
2267 3752 2410 3806 mihi
2438 3753 2502 3805 in
2522 3751 2685 3819 vobis,
2745 3751 2799 3804 id
2830 3758 2911 3804 est
2959 3751 3097 3806 sicut
3131 3768 3252 3807 vere
3284 3753 3594 3808 credidistis

1998 3856 2086 3894 me
2118 3856 2240 3895 esse
2269 3838 2589 3908 Apostolum
2618 3838 2793 3903 vobis,
2828 3838 2901 3893 ita
2930 3854 3058 3893 vere
3104 3840 3308 3894 credite
3354 3857 3441 3895 me
3472 3858 3595 3897 esse

1999 3928 2237 3983 vinctum
2268 3942 2367 3996 pro
2398 3926 2569 3981 vobis.
2605 3926 2795 3980 Gratia
2826 3926 3009 3996 utique
3038 3927 3152 3982 haec
3182 3928 3301 3980 data
3334 3936 3414 3983 est
3442 3929 3593 3995 mihi,

2002 4018 2267 4086 quoniam
2288 4018 2727 4079 sacramentum,
2752 4014 2807 4067 id
2840 4022 2922 4068 est
2939 4022 3207 4069 secretum
3232 4015 3349 4082 Dei,
3375 4019 3597 4086 factum

2003 4109 2087 4159 est
2118 4104 2260 4158 mihi
2288 4107 2487 4158 notum
2517 4102 2827 4160 secundum
2847 4103 3265 4168 revelationem,
3290 4103 3344 4157 id
3366 4104 3598 4159 estitaut

2004 4192 2241 4246 revelata
2271 4191 2435 4246 sciam
2464 4190 2588 4244 inde
2618 4189 2783 4260 loqui.
2843 4190 3043 4243 Notum
3090 4188 3292 4244 factum
3339 4199 3419 4246 est
3448 4192 3591 4262 dico,

2006 4281 2142 4335 sicut
2172 4296 2343 4351 supra
2385 4280 2587 4349 scripsi
2617 4276 2764 4332 vobis
2794 4278 2855 4332 in
2873 4277 3022 4332 brevi
3050 4293 3322 4347 sermone,
3355 4279 3447 4333 ubi
3479 4280 3554 4334 ait
3582 4296 3595 4336 :

298 4402 323 4429 ι
362 4378 585 4443 Christi,
620 4377 766 4447 quod
796 4376 852 4431 in
881 4376 1002 4431 aliis
1022 4375 1468 4447 generationibus
1500 4389 1611 4427 non
1639 4380 1721 4427 est
1750 4372 1905 4445 agni-
1924 4361 1977 4419 D
2006 4370 2123 4441 Ipse
2147 4372 2229 4423 est
2257 4384 2374 4438 pax
2402 4370 2617 4433 nostra,
2652 4374 2703 4419 et
2733 4373 2819 4420 est
2837 4380 2987 4429 vera,
3020 4382 3193 4437 usque
3224 4366 3293 4421 ad
3324 4384 3451 4438 ergo
3480 4385 3595 4425 non

297 4491 320 4514 α
362 4474 477 4520 tum
528 4464 657 4518 ﬁliis
699 4464 1000 4529 hominum,
1071 4464 1227 4518 sicuti
1275 4478 1420 4517 nunc
1481 4460 1776 4517 revelatum
1825 4466 1906 4513 est

300 4576 325 4603 ε
367 4554 571 4607 sanctis
599 4552 859 4623 apostolis
892 4551 1027 4620 ejus,
1062 4560 1114 4606 et
1142 4550 1421 4621 pr0phetis
1450 4549 1505 4603 in
1538 4548 1750 4620 spiritu,
1786 4562 1908 4601 esse

294 4665 319 4692 ι
362 4641 682 4697 cohazredes
710 4648 924 4713 gentes,
961 4647 1013 4694 et
1055 4639 1478 4709 concorporales
1506 4646 1559 4691 et
1606 4635 1909 4706 comparti-

303 4753 325 4783 ι
362 4729 515 4800 cipes
544 4727 923 4799 promissionis
954 4728 1070 4796 ejus
1098 4728 1153 4780 in
1183 4726 1393 4781 Christo
1421 4726 1549 4780 Jesu
1577 4741 1675 4795 per
1721 4724 1910 4779 Evan-

302 4844 324 4867 ιι
365 4817 593 4889 gelium,
626 4817 780 4884 cujus
810 4814 982 4871 factus
1013 4831 1132 4869 sum
1162 4814 1429 4879 minister,
1481 4812 1777 4868 secundum
1808 4811 1912 4865 do-

304 4929 328 4956 ι
376 4920 510 4959 num
538 4903 732 4972 gratiae
771 4902 891 4969 Dei,
938 4919 1059 4973 quae
1105 4903 1231 4956 data
1279 4909 1362 4957 est
1409 4900 1560 4965 mihi,
1613 4899 1912 4954 secundum

305 5016 329 5043 α
369 4991 745 5062 operationem
811 4990 1021 5044 virtutis
1081 4990 1217 5058 ejus.
1269 4988 1399 5043 Mihi
1464 4988 1610 5043 enim
1670 4986 1912 5041 omnium

304 5107 326 5129 α
371 5087 686 5134 sanctorum
714 5077 941 5132 minimo
974 5078 1021 5147 (I
1051 5079 1171 5132 Cor.
1208 5091 1304 5146 xv,
1355 5078 1410 5146 9)
1441 5077 1565 5130 data
1610 5082 1693 5129 est
1738 5073 1913 5143 gratia

305 5191 328 5218 ι
368 5170 509 5232 hac,
544 5167 598 5219 in
630 5166 885 5237 gentibus
920 5165 1301 5237 evangelizare
1328 5162 1739 5235 investigabiles
1768 5161 1910 5216 divi-

303 5280 325 5308 ι
359 5256 468 5311 tias
501 5253 719 5320 Christi,
754 5261 807 5308 et
834 5253 1136 5308 illuminare
1189 5268 1379 5308 omnes
1430 5268 1551 5321 quae
1581 5251 1648 5304 sit
1685 5250 1912 5318 dispen-

303 5369 326 5396 ι
365 5343 510 5398 salio
539 5342 867 5397 sacramenti
898 5341 1201 5396 absconditi
1232 5356 1264 5394 a
1311 5339 1525 5396 saeculis
1556 5339 1610 5391 in
1660 5338 1774 5391 Deo
1824 5335 1915 5406 qui

299 5456 323 5485 ς
360 5431 553 5488 omnia
581 5430 803 5497 creavit,
858 5438 914 5484 ut
960 5430 1261 5484 innotescat
1299 5426 1689 5499 principatibus
1738 5423 1914 5495 [prin-

310 5544 333 5573 ι
372 5517 614 5591 cipibus]
643 5526 696 5572 et
721 5518 1080 5589 potestatibus
1108 5517 1164 5572 in
1208 5516 1521 5573 ccelestibus
1567 5529 1670 5585 per
1714 5511 1914 5569 Eccle-

526 5615 769 5671 Punon.
801 5614 981 5671 CLIII.

2007 4457 2144 4512 estis
2174 4456 2437 4526 hospites.
2460 4454 2536 4507 Ita
2554 4452 2747 4523 scripsi
2767 4459 2937 4524 prout
2955 4453 3093 4508 bene
3110 4457 3349 4526 potestis
3370 4457 3597 4512 intelli-

2007 4561 2157 4616 gere.
2198 4542 2428 4598 Potestis
2456 4542 2639 4612 utique
2672 4543 2938 4610 legentes,
2972 4541 3027 4596 id
3058 4550 3139 4596 est
3168 4542 3215 4596 si
3243 4550 3444 4598 attente
3472 4560 3596 4615 per-

2008 4632 2188 4703 legitis
2214 4630 2367 4684 illud.
2400 4630 2724 4700 Intelligere
2742 4629 2864 4683 dico
2892 4645 3001 4683 non
3030 4637 3234 4685 tantum
3278 4646 3597 4686 sacramen-

2011 4727 2143 4785 tum,
2164 4720 2261 4773 sed
2272 4718 2431 4773 etiam
2451 4716 2990 4788 potestisintelligere
3006 4719 3373 4789 prudentiam
3389 4735 3595 4787 meam,

2012 4807 2251 4862 habitam
2269 4808 2331 4861 in
2351 4807 2636 4877 mysterio.
2652 4806 2802 4859 Idem
2831 4812 2914 4859 est
2932 4804 3174 4861 240
3194 4806 3340 4876 quod
3358 4807 3413 4860 in
3426 4822 3605 4862 sacra-

2012 4902 2195 4950 mento
2229 4894 2458 4959 Christi,
2492 4892 2619 4963 quia
2650 4901 2700 4946 et
2715 4892 3032 4963 mysterium
3050 4893 3203 4958 novi,
3231 4901 3284 4947 et
3303 4894 3601 4963 prudenter

2013 4983 2229 5053 aperire
2260 4981 2390 5047 scio,
2415 4981 2555 5051 quod
2578 4979 2897 5049 mysterium
2916 4996 3031 5035 non
3053 4984 3135 5035 est
3155 4981 3442 5051 cognitum
3461 4984 3603 5051 ﬁliis

2014 5072 2309 5125 hominum
2330 5071 2393 5124 in
2415 5070 2546 5123 aliis
2557 5070 3036 5138 generationibus,
3052 5067 3108 5122 id
3123 5076 3205 5122 est
3216 5068 3271 5121 in
3286 5068 3407 5124 aliis
3430 5072 3603 5127 aetati-

2015 5159 2132 5212 bus.
2156 5158 2254 5213 Vel
2276 5156 2321 5211 si
2349 5155 2619 5227 aliquibus
2647 5171 2756 5209 non
2777 5155 2852 5209 ita
2872 5155 3147 5227 cognitum
3170 5158 3322 5212 sicut
3340 5174 3495 5215 nunc
3518 5174 3604 5215 re-

2014 5247 2261 5301 velatum
2284 5248 2369 5299 est
2402 5244 2616 5299 sanctis
2638 5244 2903 5314 apostolis
2925 5245 3064 5314 ejus,
3088 5259 3191 5300 nec
3210 5244 3265 5297 in
3286 5244 3391 5300 hoc
3420 5246 3607 5300 videar

2014 5333 2239 5406 gloriari
2275 5332 2398 5404 quia
2434 5330 2727 5386 revelatum
2767 5339 2849 5385 est
2886 5331 2942 5385 in
2972 5332 3171 5402 Spiritu
3210 5340 3399 5386 sancto
3430 5333 3605 5389 etiam

2015 5422 2322 5495 prophetis,
2351 5420 2405 5473 id
2434 5427 2514 5474 est
2552 5418 2879 5489 quibuslibet
2923 5419 3238 5473 illuminatis
3285 5434 3453 5473 sensu
3498 5419 3605 5476 hoc
3664 5449 3682 5466 -

2015 5508 2354 5581 mysterium,
2387 5506 2611 5574 scilicet,
2647 5512 2842 5577 gentes
2864 5523 2978 5564 esse
2999 5506 3311 5564 coheredes
3352 5507 3524 5564 Judaei
3552 5508 3609 5565 in

3332 5608 3391 5659 ‘H
