3960 6050
467 207 564 261 331

1002 205 1062 259 S.
1120 204 1474 261 BRUNONIS
1513 202 2162 260 CARTHUSIANORUM
2198 202 2680 260 INSTITUTORIS
2720 203 2870 259 OPP.
2915 202 3109 259 PARS.
3153 203 3220 257 II.

3651 202 3756 256 332

470 329 651 384 futura
680 337 835 383 aetate
861 348 874 395 ;
909 337 961 383 et
991 329 1079 384 hic
1126 346 1247 384 esse
1298 332 1738 402 concorporales,
1793 329 1849 383 id
1895 336 1976 382 est
2005 326 2059 380 in
2082 330 2134 387 Α
2163 328 2381 395 mundo,
2412 346 2534 400 quae
2564 327 2835 383 tribulatio
2866 332 2950 383 est
2998 328 3175 399 gloria
3224 330 3427 382 vestra.
3462 325 3518 382 Si
3548 326 3693 381 enim
3724 342 3757 381 a

469 417 662 472 eodem
691 433 917 487 corpore
948 418 1185 484 Christi;
1216 418 1269 471 id
1299 428 1375 472 est
1400 419 1454 472 in
1484 418 1729 473 Ecclesia
1749 433 1870 471 esse
1901 416 2057 470 etiam

470 508 899 575 comparticipes
928 507 1315 577 promissionis
1347 506 1497 561 factae
1526 507 1593 559 ad
1623 506 1915 559 Abraham.
1952 505 2059 559 Co-

469 594 717 647 hzeredes
761 594 883 648 dico
929 595 1352 663 concorporales
1400 594 1809 663 comparticipes
1839 608 1960 647 esse
2000 594 2060 647 in

476 680 693 735 Christo
724 683 873 749 Jesu,
916 683 1010 753 qui
1037 685 1179 751 fecit
1218 686 1456 752 utraque
1506 698 1685 736 unum
1728 697 1849 735 esse
1891 680 2059 735 sicin

474 770 711 835 Christo,
738 778 789 823 et
820 770 921 824 hoc
942 787 1044 841 per
1072 771 1455 841 Evangelium,
1481 770 1867 840 praedicatione
1885 769 2057 838 cujus,

472 858 542 921 ad
572 856 734 911 ﬁdem
781 859 1024 913 veniunt.

545 944 705 1012 Quod
735 946 1090 1017 Evangelium
1121 962 1227 1000 non
1254 954 1336 1000 est
1364 962 1563 1011 meum,
1590 945 1687 1000 sed
1708 947 1869 1016 cujus
1882 946 2061 999 Evan-

474 1032 605 1105 gelii
636 1037 825 1103 factus
854 1050 979 1089 sum
1006 1036 1289 1089 minister.
1322 1035 1439 1089 Nec
1468 1035 1570 1088 hoc
1599 1050 1664 1087 ex
1696 1034 1886 1087 merito
1916 1048 2058 1097 meo,

477 1121 575 1174 sed
605 1122 913 1176 secundum
943 1123 1152 1176 donum
1182 1124 1381 1191 gratia:
1428 1123 1527 1176 Dei
1557 1141 1574 1175 :
1618 1136 1781 1192 quam
1831 1120 2061 1191 gratiam

474 1208 669 1262 iterum
699 1225 808 1263 non
836 1210 1103 1279 promerui
1134 1218 1190 1262 ut
1222 1210 1501 1272 haberem,
1538 1210 1633 1263 sed
1664 1226 1785 1279 qua:
1816 1210 1949 1263 data
1979 1212 2064 1263 est

474 1296 618 1350 mihi
640 1298 948 1352 secundum
977 1299 1359 1369 Operationem
1382 1299 1611 1352 virtutis
1636 1298 1772 1364 ejus,
1805 1296 1932 1367 quia
1960 1296 2063 1349 vir-

477 1391 563 1437 tus
594 1386 711 1452 ejus
739 1393 961 1454 operata
992 1394 1072 1439 est
1098 1385 1267 1438 multa
1306 1402 1403 1454 per
1446 1401 1622 1439 meam
1672 1384 2059 1438 infirmitatem.

478 1473 623 1526 Data
645 1477 729 1527 est
758 1474 916 1526 mihi.
940 1473 1004 1526 Et
1026 1472 1112 1527 cui
1134 1473 1276 1526 mihi
1301 1479 1321 1527 ?
1341 1473 1469 1526 Mihi
1491 1472 1674 1542 utique
1692 1474 1927 1527 minimo
1947 1488 2063 1525 om-

474 1561 638 1614 nium
658 1565 1005 1627 sanctorum,
1042 1560 1174 1614 data
1195 1566 1279 1615 est
1301 1561 1471 1631 gratia
1502 1561 1636 1624 haec,
1675 1560 1877 1614 scilicet
1904 1575 2066 1614 evan-

475 1649 717 1716 gelizare
738 1648 799 1701 in
820 1646 1079 1717 gentibus
1099 1648 1323 1702 divitias
1339 1648 1991 1716 Christiinvestigabiles,
2009 1647 2063 1701 id
2087 1670 2136 1729 Β

478 1742 560 1787 est
591 1734 1183 1804 incomprehensibiles.
1220 1737 1409 1789 Datum
1442 1744 1523 1789 est
1571 1735 1732 1789 etiam
1763 1734 1893 1788 mihi
1924 1736 2064 1789 illu-

479 1824 703 1877 minare
721 1838 911 1877 omnes
938 1822 1005 1877 de
1037 1823 1171 1887 hoc;
1226 1840 1348 1894 qua:
1378 1824 1429 1876 id
1460 1831 1541 1877 est
1588 1840 1755 1894 quam
1793 1823 1959 1893 digna
1986 1825 2063 1877 sit

475 1910 836 1980 dispensatio,
862 1911 915 1964 id
945 1919 1026 1965 est
1058 1911 1297 1981 impletio
1326 1913 1673 1967 sacramenti
1692 1912 2003 1966 absconditi
2031 1928 2065 1964 a

472 1998 742 2066 prioribus
771 2000 1015 2053 sarculis.
1065 1999 1126 2052 In
1173 2001 1280 2053 Deo
1316 2007 1514 2064 tamen,
1562 1999 1616 2052 id
1666 2007 1745 2053 est
1777 1998 1831 2051 in
1878 1998 2066 2052 notitia

478 2085 576 2139 Dei
607 2085 921 2150 existentis;
954 2086 1043 2155 qui
1072 2087 1218 2139 Deus
1266 2086 1521 2155 ignorare
1562 2102 1667 2141 non
1700 2086 1888 2156 potuit,
1935 2087 2065 2158 quia

480 2173 672 2226 omnia
693 2175 923 2227 creavit.
946 2174 1072 2226 Ideo
1085 2175 1493 2242 evangeliaare,
1518 2175 1869 2239 illuminare,
1890 2178 1955 2229 ut
1976 2190 2065 2227 sa-

476 2258 679 2328 pientia
705 2259 803 2313 Dei
832 2275 929 2329 per
948 2260 1235 2314 ecclesiam
1284 2277 1402 2330 quae
1432 2261 1485 2313 in
1532 2260 1915 2330 praedicatione
1961 2277 2064 2315 no-

483 2354 598 2400 stra
637 2347 997 2415 constituitur,
1046 2350 1350 2418 sapientia,
1399 2348 1644 2417 inquam,
1694 2349 1793 2403 Dei
1834 2364 1930 2417 per
1964 2350 2066 2403 hoc

480 2435 801 2489 innotescat
820 2436 1171 2506 principibus
1192 2440 1249 2489 et
1266 2436 1650 2507 potestatibus,
1684 2436 1738 2489 id
1758 2443 1841 2491 est
1859 2437 2065 2490 ordini-

477 2520 579 2575 bus
609 2522 949 2593 angelorum,
996 2523 1346 2577 existentibus
1374 2524 1436 2577 in
1485 2524 1818 2578 ccelestibus.
1870 2524 2066 2593 Angeli

479 2609 622 2662 enim
652 2610 956 2665 nescientes
997 2611 1345 2665 salvationem
1394 2612 1691 2679 hominum,
1726 2612 1987 2665 mirantur
2015 2619 2066 2667 et

481 2695 700 2750 laudant
731 2699 922 2762 Deum,
956 2713 1097 2763 cum,
1145 2715 1243 2767 per
1291 2700 1732 2769 praedicationem
1780 2700 2069 2769 Apostolo-

474 2800 613 2853 rum,
645 2784 763 2839 visa
811 2785 1185 2851 conversione,
1230 2786 1531 2856 intelligant
1572 2787 1921 2842 salvationem
1968 2804 2065 2842 eo-

478 2887 618 2925 rum.
650 2872 941 2942 Sapientia
961 2875 1061 2927 Dei
1088 2875 1481 2944 multiformis,
1517 2875 1643 2945 quia
1672 2876 1815 2929 hunc
1849 2876 2065 2929 lenitate

481 2960 768 3025 sermonis,
804 2961 946 3014 hunc
975 2962 1262 3030 asperitate
1311 2962 1631 3015 infirmitatis
1679 2963 1941 3017 convertit
1987 2963 2067 3016 in-

479 3047 696 3101 diverso
726 3048 887 3101 modo
918 3048 972 3101 in
1001 3048 1249 3102 diversis.
1302 3051 1661 3119 Multiformis
1701 3049 1844 3118 dico,
1876 3059 2065 3105 osten-

480 3150 541 3187 sa
558 3135 867 3189 secundum
885 3137 1321 3206 prteﬁnitionem
1333 3139 1687 3203 saeculorum,
1714 3138 1767 3191 id
1792 3146 1873 3192 est
1892 3138 1945 3191 in
1968 3156 2069 3194 sae-

479 3221 615 3276 culis
645 3237 677 3275 a
704 3224 820 3277 Deo
851 3224 1135 3277 ordinante
1165 3223 1465 3293 praifinitis.
1514 3226 1691 3291 Quam
1752 3225 2068 3295 praeﬁnitio-

477 3324 622 3377 nem,
655 3310 709 3363 id
727 3319 809 3363 est
827 3312 927 3365 hoc
944 3312 1089 3382 quod
1110 3312 1164 3364 in
1185 3312 1397 3366 sazculis
1418 3328 1477 3366 se
1500 3312 1758 3367 facturum
1791 3313 2067 3384 praeﬁnie-

478 3404 581 3462 rat,
613 3400 770 3466 fecit,
791 3398 844 3451 id
874 3406 957 3452 est
1003 3398 1293 3469 complevit
1322 3402 1383 3454 in
1425 3400 1639 3457 Christo
1666 3403 1798 3457 Iesu
1836 3402 2069 3458 Domino

478 3488 690 3553 nostra,
722 3486 784 3539 in
812 3502 933 3557 quo,
966 3486 1020 3540 id
1050 3496 1131 3541 est
1158 3503 1258 3557 per
1288 3504 1450 3558 quem
1498 3489 1772 3543 Christum
1803 3490 2069 3545 habemus

476 3572 743 3639 ﬁduciam
776 3574 1070 3628 accedendi
1099 3575 1168 3627 ad
1202 3576 1391 3629 Deum.
1425 3577 1539 3630 Nec
1578 3578 1752 3631 solum
1792 3576 2065 3643 fiduciam,

477 3658 573 3713 sed
603 3660 764 3714 etiam
796 3662 1060 3715 habemus
1089 3678 1376 3717 accessum
1398 3665 1468 3718 ad
1505 3665 1699 3729 Deum,
1732 3680 1838 3719 non
1870 3666 2068 3719 timen-

480 3754 561 3799 tes
590 3747 975 3815 repulsionem,
996 3749 1093 3803 sed
1124 3752 1187 3803 in
1216 3751 1576 3818 conﬁdentia,
1612 3751 1667 3805 id
1697 3760 1778 3805 est
1805 3753 1872 3806 de
1903 3752 2069 3806 intro-

476 3832 727 3887 ductione
757 3833 1110 3889 confidentes.
1147 3836 1481 3890 Confidentia
1510 3838 1632 3891 dico
1661 3838 1842 3892 habito
1868 3856 1968 3910 per
1994 3840 2069 3908 ﬁ-

477 3920 601 3973 dem
631 3923 770 3989 eius,
804 3921 1009 3976 scilicet
1037 3923 1254 3988 Christi,
1292 3924 1375 3978 cui
1405 3932 1457 3977 et
1485 3925 1539 3978 in
1579 3942 1739 3995 quem
1771 3927 2066 3981 credimus.

550 4008 1001 4063 Commemoravit
1032 4026 1091 4063 se
1127 4020 1349 4080 propter
1387 4012 1666 4067 utilitatem
1716 4029 1902 4067 eorum
1932 4031 2067 4069 con-

477 4103 744 4150 secratum
775 4112 805 4149 a
835 4098 949 4152 Deo
976 4099 1311 4167 Apostolum.
1362 4100 1603 4155 Vinctum
1636 4101 1798 4155 etiam
1830 4119 1887 4156 se
1934 4118 2067 4172 pro-

479 4191 601 4252 pter
617 4200 729 4249 eos,
755 4186 993 4240 revelata
1024 4186 1125 4239 sibi
1156 4202 1277 4241 esse
1308 4189 1559 4258 mysteria
1584 4188 1678 4244 Dei
1710 4190 1776 4243 ad
1807 4190 2069 4244 instruen-

480 4271 611 4324 dum
640 4288 753 4327 eos.
791 4276 1029 4342 Prol-ter
1059 4276 1222 4345 quod,
1257 4277 1384 4346 quia
1415 4277 1530 4332 haec
1559 4278 1741 4333 omnia
1776 4277 1914 4333 facta
1946 4286 2070 4332 sunt

2162 416 2505 472 tribulatione
2536 432 2657 471 mea
2686 416 2830 471 vires
2857 416 2983 471 boni
3029 417 3212 487 operis
3241 414 3471 481 sumitis,
3510 422 3636 471 tunc
3664 415 3753 469 di-

2161 505 2255 575 gni
2284 505 2414 559 estis
2454 505 2647 575 gloria.
2699 505 2755 560 Si
2803 514 2983 559 autem
3027 512 3252 574 propter
3299 520 3388 558 me
3435 503 3751 558 tribulatum

2160 593 2406 658 deficitis,
2440 593 2734 663 ignominia
2764 593 2914 663 digni
2943 593 3092 649 estis.
3125 595 3194 648 Et
3231 594 3421 664 gratia
3451 592 3618 660 huius
3644 593 3753 659 rei,

2161 680 2215 733 id
2246 688 2327 735 est
2358 696 2424 734 ne
2454 680 2738 745 deficiatis,
2758 681 2886 751 quia
2906 682 3041 745 haec,
3075 696 3165 735 res
3192 688 3350 753 grata
3376 687 3457 733 est
3476 679 3627 744 mihi,
3654 695 3754 734 vos

2162 768 2367 823 scilicet
2398 784 2502 821 non
2531 766 2786 832 deiicere,
2833 768 2957 823 ideo
3003 770 3168 836 ﬂecto
3211 784 3420 837 genua.
3478 767 3623 821 Sicut
3653 782 3755 835 per

2161 872 2305 927 genu
2336 856 2563 926 erigitur
2610 870 2830 926 corpus,
2880 864 2933 910 et
2973 856 3301 921 humiliatur,
3343 856 3417 909 ita
3465 870 3564 925 per
3604 870 3753 925 genu

2162 951 2402 999 erectum
2433 952 2487 997 et
2515 943 2732 1007 ﬂexum,
2766 944 2929 998 elatio
2966 944 3162 999 mentis
3206 951 3259 997 et
3306 942 3606 996 humiliatio
3651 956 3751 997 ac-

2162 1032 2377 1101 cipitur.
2411 1030 2605 1085 Paulus
2628 1032 2809 1101 utique
2840 1046 3019 1101 genua
3044 1031 3226 1086 carnis
3256 1030 3525 1095 ﬂectebat,
3558 1037 3616 1083 ut
3644 1030 3753 1084 hu-

2163 1119 2444 1173 militatem
2475 1119 2694 1188 spiritus
2725 1120 2995 1173 innueret.
3021 1120 3207 1174 Flecto
3225 1135 3409 1190 genua
3428 1118 3501 1172 ad
3522 1120 3753 1173 Patrem

2163 1208 2595 1262 Domininostri
2623 1209 2755 1261 Jesu
2787 1206 3036 1273 Christi;
3060 1207 3150 1277 qui
3181 1215 3234 1260 et
3262 1207 3416 1260 Pater
3460 1205 3617 1259 nobis
3647 1212 3749 1269 est,

2164 1310 2285 1348 cum
2318 1295 2485 1348 simus
2516 1293 2609 1347 tilii
2638 1294 2856 1362 Christi,
2890 1294 3043 1362 cujus
3074 1294 3228 1348 Pater
3259 1292 3491 1349 241
3531 1300 3631 1347 est.
3665 1294 3752 1347 Ea:

2164 1398 2268 1453 quo
2302 1383 2477 1447 Patre,
2511 1382 2566 1435 id
2614 1390 2696 1435 est
2734 1398 2798 1435 ex
2848 1382 3180 1437 institutione
3209 1390 3261 1436 et
3307 1382 3553 1451 exemplo
3602 1382 3756 1449 cujus

2165 1477 2249 1523 est
2277 1470 2433 1523 nobis
2463 1472 2648 1524 omnis
2663 1471 3004 1540 paternitas,
3038 1470 3093 1524 id
3123 1478 3204 1524 est
3236 1478 3359 1523 sunt
3375 1469 3532 1524 nobis
3562 1483 3755 1522 omnes

2138 1596 2145 1603 .
2164 1566 2364 1626 patres,
2394 1574 2527 1629 quos
2556 1559 2641 1612 vel
2661 1559 2722 1612 in
2739 1559 2893 1613 caelis
2909 1558 3171 1612 habemus
3190 1557 3418 1629 angelos
3438 1557 3753 1627 provisores

2165 1644 2341 1712 nobis,
2374 1647 2458 1700 vel
2486 1661 2623 1715 quos
2671 1646 2934 1699 habemus
2980 1648 3043 1700 in
3080 1650 3231 1700 terra
3261 1652 3317 1699 ut
3359 1644 3666 1715 episcopos,
3699 1652 3754 1698 et

2166 1732 2437 1802 quoslibet
2466 1733 2727 1788 Ecclesiae
2758 1734 2966 1788 Patres.
3019 1734 3344 1788 Paternitas
3373 1748 3480 1786 non
3513 1731 3585 1786 ita
3615 1731 3752 1785 sim-

2165 1820 2375 1889 pliciter
2404 1828 2504 1885 est,
2539 1820 2635 1875 sed
2664 1822 3020 1890 nominatur,
3050 1820 3104 1874 id
3133 1828 3216 1875 est
3246 1820 3554 1891 quicunque
3580 1819 3756 1874 nomi-

2165 1908 2372 1962 nabiles
2389 1908 2645 1980 dignitate
2666 1908 2921 1962 virtutum
2951 1916 3075 1962 sunt
3095 1908 3251 1962 nobis
3283 1909 3484 1962 Patres.
3521 1908 3616 1962 Vel
3646 1907 3751 1961 ita:

2170 1996 2471 2049 Paternitas
2499 1996 2825 2060 nominatur,
2861 1996 2917 2049 id
2937 2003 3019 2050 est
3046 1996 3082 2049 ii
3109 1995 3421 2066 provisores
3448 1995 3620 2049 nostri
3647 2010 3752 2064 pa-

2167 2091 2278 2137 tres
2308 2083 2561 2137 dicuntur
2588 2083 2705 2138 solo
2747 2083 2983 2147 nomine,
3019 2083 3071 2135 id
3110 2090 3195 2137 est
3234 2083 3595 2152 nuncupative
3625 2090 3752 2135 tan-

2167 2178 2297 2234 tum,
2332 2186 2441 2225 non
2471 2170 2892 2226 substantialiter
2919 2171 3065 2241 quod
3086 2171 3233 2226 Deus
3262 2170 3411 2225 solus
3439 2178 3540 2225 est.
3563 2171 3751 2225 Flecto

2165 2275 2347 2328 genua
2364 2259 2435 2317 ad
2453 2259 2625 2312 Deum
2646 2275 2658 2311 :
2685 2262 2751 2313 ut
2771 2258 2865 2313 det
2886 2258 3033 2314 vobis
3051 2258 3360 2315 secundum
3378 2258 3609 2312 divitias
3627 2258 3752 2327 glo-

2169 2346 2267 2399 riae
2296 2362 2430 2411 suae,
2464 2345 2517 2399 id
2546 2353 2629 2399 est
2656 2346 2997 2400 abundanter
3024 2354 3076 2399 et
3091 2345 3348 2417 gloriose,
3367 2344 3593 2410 scilicet,
3626 2360 3753 2399 cum

2166 2433 2419 2502 potentia.
2454 2434 2556 2488 Det
2580 2433 2703 2488 dico
2730 2435 2939 2489 virtute
2968 2435 3334 2497 corroborari,
3375 2432 3429 2486 id
3458 2440 3539 2487 est
3568 2440 3627 2486 ut
3655 2447 3754 2487 vos

2167 2521 2500 2575 corroborati
2530 2521 2645 2574 sitis
2674 2521 2730 2574 in
2757 2521 2921 2575 bono.
2953 2521 3023 2575 Et
3050 2522 3189 2576 hanc
3234 2521 3484 2575 virtutem
3514 2520 3568 2574 in
3596 2520 3754 2575 vobis

2165 2624 2273 2663 non
2303 2618 2541 2663 vestram
2570 2625 2693 2663 esse
2722 2609 2970 2674 credatis,
3025 2610 3120 2664 sed
3163 2625 3269 2680 per
3296 2610 3563 2679 spiritum
3608 2610 3751 2678 ejus,

2167 2704 2224 2748 ut
2251 2696 2438 2765 gratiae
2466 2696 2565 2751 Dei
2593 2696 2776 2751 omnia
2822 2696 3124 2751 ascribatis.
3173 2697 3277 2751 Det
3326 2696 3446 2752 dico
3495 2696 3749 2751 virtutem

2166 2799 2274 2837 non
2306 2784 2562 2850 exterius,
2596 2784 2692 2839 sed
2725 2786 2788 2838 in
2818 2786 3092 2839 interiore
3123 2786 3367 2840 homine.

2237 2872 2364 2925 Ideo
2393 2872 2540 2925 Deus
2578 2871 2827 2926 virtutem
2870 2872 3091 2940 justitize
3138 2872 3193 2925 in
3238 2872 3416 2926 anima
3462 2870 3751 2936 ordinavit,

2167 2958 2292 3029 quia
2321 2958 2366 3012 si
2395 2966 2539 3013 esset
2571 2958 2623 3012 in
2666 2974 2893 3030 corpore
2932 2960 3077 3029 quod
3119 2959 3265 3014 omni
3310 2958 3622 3014 adversitati
3652 2974 3753 3013 ex-

2168 3046 2400 3116 positum
2433 3055 2531 3114 est,
2566 3047 2703 3102 sicut
2732 3063 2952 3117 corpus,
3005 3056 3113 3101 tam
3143 3047 3250 3101 cito
3297 3045 3556 3103 deficeret
3584 3046 3755 3102 virtus

2168 3151 2288 3205 qum
2317 3134 2481 3207 longe
2508 3135 2701 3189 melius
2750 3136 2903 3190 sedet
2932 3137 2988 3189 in
3014 3135 3209 3202 anima,
3242 3134 3311 3190 de
3359 3150 3466 3205 quo
3495 3134 3569 3187 ait
3598 3134 3754 3188 Chri-

2169 3230 2283 3276 stus
2308 3240 2320 3276 :
2357 3246 2379 3270 α
2416 3224 2708 3295 Postquam
2738 3223 3260 3293 occiderintcorpus,
3286 3223 3479 3276 animas
3509 3237 3616 3276 non
3648 3222 3753 3275 ha-

2169 3311 2297 3365 bent
2324 3311 2452 3382 quid
2480 3311 2671 3367 faciam
2696 3311 2919 3381 (Matth.
2952 3324 3011 3375 x,
3039 3313 3151 3380 28),
3192 3334 3213 3357 ιν
3249 3318 3308 3364 ιιι
3336 3310 3425 3364 det
3447 3309 3601 3364 vobis
3632 3308 3754 3378 Spi-

2168 3398 2349 3463 ritum,
2384 3406 2438 3453 et
2466 3408 2520 3453 ut
2547 3399 2637 3453 det
2652 3399 2809 3453 vobis
2830 3398 3085 3454 habitare
3108 3382 3390 3453 Christum
3414 3399 3477 3453 in
3497 3396 3752 3453 cordibus

2169 3488 2370 3541 vestris
2407 3504 2419 3541 :
2451 3502 2558 3542 non
2589 3487 2736 3557 quod
2764 3486 2838 3540 ibi
2867 3486 3220 3556 corporaliter
3262 3486 3449 3540 sedeat
3478 3504 3497 3540 :
3526 3483 3623 3539 sed
3652 3500 3754 3555 per

2166 3575 2353 3643 ﬁdem.
2386 3575 2535 3629 Licet
2563 3574 2654 3628 ubi
2696 3574 2947 3645 Spiritus,
2980 3574 3054 3629 ibi
3094 3574 3358 3641 Christus,
3384 3582 3562 3627 tamen
3614 3588 3753 3628 neu-

2168 3670 2309 3716 trum
2338 3670 2420 3717 est
2449 3663 2809 3732 superﬂuum,
2844 3662 2971 3732 quia
3001 3662 3232 3733 Spiritus
3262 3678 3359 3731 per
3386 3660 3752 3726 dilectionem,

2170 3750 2413 3804 Christus
2444 3766 2543 3819 per
2562 3749 2745 3805 ﬁdem.
2768 3751 2956 3806 Flecto
2974 3767 3158 3821 genua
3173 3750 3295 3804 ideo
3318 3757 3374 3803 ut
3394 3764 3492 3805 vos
3508 3749 3756 3804 radicati

2168 3842 2223 3893 et
2252 3839 2485 3908 fundati
2504 3841 2567 3893 in
2596 3838 2900 3894 charitate.
2921 3843 2965 3893 Α
2984 3838 3333 3893 similitudine
3360 3837 3574 3892 arboris
3602 3836 3657 3890 in
3676 3836 3755 3890 al-

2166 3934 2280 3979 tum
2324 3926 2599 3992 radicatte,
2651 3934 2703 3981 et
2749 3943 2813 3981 ex
2858 3926 3186 3981 abundantia
3228 3928 3518 3980 humerum
3556 3924 3756 3996 quibus

2168 4014 2222 4066 in
2252 4014 2359 4068 alto
2391 4014 2605 4070 radices
2644 4015 2921 4069 abundant
2972 4014 3192 4084 copiose
3239 4012 3634 4077 tructiﬁcantis,
3683 4012 3758 4066 ait

2167 4102 2430 4169 radicati,
2463 4102 2518 4155 id
2539 4110 2620 4156 est
2641 4100 3023 4158 fructificantes
3043 4102 3098 4156 in
3114 4102 3398 4167 charitate,
3422 4105 3479 4157 et
3500 4100 3753 4171 fundati,

2167 4188 2221 4243 id
2251 4197 2334 4243 est
2363 4206 2527 4259 super
2553 4189 2959 4245 fundamentum
3009 4189 3063 4243 in
3106 4206 3212 4262 quo
3239 4189 3393 4243 firma
3437 4190 3506 4242 sit
3532 4197 3582 4243 et
3628 4204 3755 4243 cre-

2168 4286 2284 4332 scat
2312 4276 2590 4333 aedificatio
2618 4279 2811 4333 domus
2838 4278 2957 4333 Dei.
2994 4280 3058 4331 Ut
3106 4294 3223 4344 vos,
3258 4277 3500 4348 inquam,
3530 4276 3759 4331 radicati

479 4366 705 4427 propter
735 4376 849 4423 vos,
880 4362 1005 4431 quia
1035 4363 1195 4417 etiam
1228 4379 1512 4419 accessum
1560 4366 1769 4420 habetis
1800 4368 1865 4420 ad
1897 4368 2068 4420 Deum
2090 4360 2141 4419 D
2171 4374 2223 4420 et
2253 4365 2460 4420 fundati
2487 4367 2717 4438 possitis
2736 4362 3224 4437 comprehendere,
3247 4365 3520 4421 intellectu
3542 4372 3594 4419 et
3613 4363 3759 4417 utili-

483 4461 583 4515 per
609 4445 769 4501 ﬁdem
802 4450 996 4503 Christi
1029 4451 1332 4517 nobiscum,
1372 4462 1596 4523 propter
1638 4455 1740 4509 hoc
1769 4471 1876 4509 non
1906 4455 2069 4513 modo

482 4549 696 4601 precor,
743 4536 838 4589 sed
888 4538 1043 4606 quasi
1094 4555 1209 4593 rem
1270 4540 1507 4594 debitam
1550 4546 1699 4610 peto,
1752 4551 1803 4596 et
1834 4558 1866 4596 a
1915 4544 2070 4597 vobis

487 4622 669 4693 exigo,
694 4639 765 4677 ne
786 4625 1061 4692 deﬁciatis
1081 4627 1144 4680 in
1169 4628 1622 4682 tribulationibus
1646 4632 1801 4683 meis.
1828 4631 1954 4684 Ideo
1975 4647 2072 4699 per

485 4710 623 4765 hanc
654 4712 1079 4767 exhortationem
1101 4715 1211 4767 vult
1233 4730 1328 4768 eos
1343 4716 1669 4784 praemunire
1699 4717 1912 4785 Paulus,
1947 4718 2072 4788 quia

487 4797 763 4852 dubitabat
792 4816 860 4853 ne
891 4800 1025 4854 forte
1057 4802 1405 4855 tribulatione
1451 4810 1503 4856 et
1545 4802 1831 4859 afﬂictione
1860 4806 2071 4877 magis-

489 4885 553 4937 tri
582 4888 911 4957 contemptui
934 4889 1212 4953 haberent,
1237 4890 1379 4959 quod
1401 4890 1468 4943 ab
1492 4906 1556 4944 eo
1577 4891 1667 4961 qui
1697 4894 2073 4963 contemptibi-

495 4971 614 5025 liter
660 4976 980 5029 tractabatur
1024 4975 1358 5030 didicissent.
1423 4978 1881 5033 Tribulationibus
1950 4982 2072 5035 dico

488 5058 643 5123 meis,
678 5060 873 5114 habitis
900 5079 1000 5132 pro
1033 5064 1193 5117 vobis.
1220 5064 1345 5117 Ideo
1376 5065 1518 5118 enim
1549 5067 1693 5119 Deus
1724 5083 1812 5121 me
1842 5068 2073 5137 permit-

487 5145 548 5198 tit
578 5144 743 5215 aﬂligi
773 5157 826 5200 ut
859 5149 1034 5218 qualis
1064 5158 1240 5204 vestra
1270 5151 1338 5203 sit
1367 5150 1503 5205 fides
1533 5152 1587 5205 in
1627 5155 1924 5210 tentatione
1954 5172 2074 5209 mea

486 5248 752 5303 apparere
781 5234 958 5289 faciat.
994 5238 1138 5291 Deus
1189 5238 1333 5291 enim
1387 5240 1656 5294 Abraham
1704 5250 1757 5295 et
1805 5244 2074 5313 quoslibet

484 5322 619 5376 alios
669 5338 776 5376 non
824 5323 945 5377 ideo
995 5325 1230 5393 tentavit,
1279 5327 1423 5396 quod
1454 5327 1583 5397 quid
1648 5328 1883 5383 futurum
1932 5338 2076 5385 esset

482 5409 778 5479 ignoraret,
812 5412 908 5467 sed
938 5420 995 5467 ut
1023 5411 1183 5467 fidem
1214 5430 1402 5469 eorum
1448 5416 1785 5486 probabilem
1814 5417 2077 5473 indicaret

2170 4462 2277 4508 tate
2306 4470 2436 4509 cum
2459 4456 2715 4509 omnibus
2742 4456 2978 4522 sanctis,
3000 4455 3056 4509 id
3084 4462 3169 4509 est
3208 4454 3344 4508 sicut
3391 4452 3758 4523 comprehen-

2170 4542 2303 4595 dunt
2330 4557 2519 4596 omnes
2548 4542 2741 4607 sancti,
2772 4559 2894 4613 qua:
2914 4544 2988 4596 sit
3006 4542 3271 4607 latitudo,
3292 4546 3349 4596 et
3368 4538 3677 4610 longitudo,
3699 4543 3760 4594 et

2170 4630 2510 4698 sublimitas,
2542 4634 2598 4683 et
2630 4631 2994 4701 profundum.
3018 4629 3284 4697 Latitudo,
3318 4644 3352 4683 a
3370 4629 3590 4683 dextera
3608 4628 3662 4681 in
3684 4628 3760 4681 si-

2170 4718 2394 4771 nistram
2457 4717 2633 4772 crucis
2694 4717 2927 4783 Christi,
2976 4717 3384 4787 amplitudinem
3457 4714 3762 4770 dilectionis

2170 4803 2501 4877 significavit
2530 4821 2635 4876 qua
2664 4805 2824 4860 etiam
2853 4822 2951 4875 pro
2966 4805 3197 4861 inimicis
3227 4804 3422 4859 oravit.
3452 4802 3760 4875 Longitudo

2172 4894 2348 4948 crucis
2378 4909 2411 4948 a
2439 4884 2615 4963 capite
2645 4894 2700 4946 in
2728 4894 2916 4963 pedes,
2957 4892 3425 4963 perseverantiam
3452 4891 3760 4946 dilectionis

2172 4980 2515 5051 significavit,
2549 4981 2673 5051 quia
2701 4997 2824 5037 cum
2872 4980 3150 5036 dilexisset
3196 4996 3343 5048 suos,
3374 4980 3431 5034 in
3476 4978 3641 5034 tinem
3670 4980 3761 5033 di-

2172 5068 2300 5122 lexit
2329 5084 2423 5123 eos
2452 5070 2635 5139 (Joan.
2688 5085 2809 5135 xm,
2860 5070 2933 5140 1).
2982 5069 3295 5124 Sublimitas
3342 5067 3542 5132 crucis,
3594 5067 3647 5121 id
3679 5076 3766 5122 est

2173 5171 2300 5225 pars
2330 5156 2422 5209 illa
2451 5173 2570 5227 quas
2599 5158 3033 5227 supereminebat
3078 5155 3263 5227 capiti,
3305 5156 3361 5211 in
3404 5172 3511 5226 qua
3550 5155 3764 5210 Pilatus

2172 5243 2384 5297 titulum
2419 5245 2655 5314 scripsit,
2702 5255 3009 5315 respectum
3050 5245 3293 5300 divinum
3332 5242 3677 5315 signiﬁcavit,
3710 5252 3769 5298 ut

2174 5331 2423 5387 innueret
2452 5333 2700 5388 Christus
2730 5350 2789 5387 se
2818 5350 2928 5388 non
2954 5350 3140 5388 amore
3187 5332 3375 5387 mundi
3412 5332 3547 5403 pati,
3578 5332 3675 5386 sed
3706 5338 3769 5385 ut

2176 5418 2379 5476 faceret
2406 5422 2732 5478 voluntatem
2762 5421 2937 5477 Patris
2966 5421 3067 5488 sui,
3102 5421 3193 5492 qui
3222 5428 3306 5476 est
3333 5421 3390 5476 in
3417 5420 3591 5477 cmlis.
3625 5420 3769 5474 Pro-
