3960 6050
235 204 344 261 333

862 205 1240 262 EXPOSITIO
1278 206 1353 261 IN
1386 197 1766 261 EPISTOLAS
1804 197 2028 262 PAULI.
2060 235 2129 245 —
2159 205 2233 260 IN
2272 206 2485 261 EPIST.
2528 207 2621 262 AD
2660 203 2904 263 EPHES.

3424 200 3527 263 334

245 327 498 395 fundum,
530 328 675 384 dicta
703 336 785 384 est
812 344 942 399 pars
972 329 1063 384 illa
1110 329 1290 385 crucis
1322 346 1443 401 qua:
1474 329 1529 383 in
1555 337 1705 384 terra
1732 328 1838 383 ﬁxa
1863 331 1914 389 Α
1947 348 1971 379 ι
2006 328 2154 383 omni
2181 329 2481 385 humilitate
2526 338 2578 385 et
2607 330 3022 386 mansuetudine
3048 373 3060 397 ,
3095 346 3218 385 cum
3259 329 3534 400 patientia,

249 414 370 486 fuit,
424 418 567 487 quod
608 416 933 487 profundum
990 417 1242 488 designat
1297 418 1565 473 occultam
1613 417 1849 488 gratiam

253 503 381 572 Dei,
424 520 532 574 qua
563 506 681 559 sine
712 506 905 559 merito
961 505 1106 561 bona
1134 505 1454 576 multiplicat
1498 505 1610 559 suis
1641 505 1847 560 eisdem

251 591 625 647 nescientibus
653 609 820 663 quare
876 593 953 647 sic
984 592 1160 647 faciat.
1222 594 1348 647 Hec
1407 601 1582 648 tamen
1621 592 1678 645 in
1716 593 1849 663 ipsis

252 679 631 750 intelligimus,
681 681 760 735 sic
815 681 1136 751 exponendo
1169 698 1182 734 :
1214 681 1436 735 Possitis
1490 682 1849 751 comprehen-

249 766 386 821 dere
417 784 538 838 quze
594 768 662 821 sit
716 768 962 834 latitudo,
1022 769 1077 823 id
1107 776 1189 823 est
1244 784 1405 839 quam
1434 769 1571 823 latos
1601 776 1850 838 oporteat
1886 796 1891 805 ι

249 871 355 911 vos
385 871 507 909 esse
540 856 593 908 in
624 856 906 922 charitate,
942 864 998 910 ut
1025 857 1185 911 etiam
1232 857 1371 911 bene
1404 856 1612 912 faciatis
1645 856 1727 910 his
1758 856 1849 926 qui

248 959 355 998 vos
385 943 618 998 oderint.
665 944 733 997 Et
788 944 1089 1015 longitudo,
1123 945 1179 999 id
1228 953 1312 999 est
1368 961 1531 1015 quam
1571 944 1765 1015 longos
1796 951 1849 998 et

247 1031 616 1100 perdurantes
645 1030 699 1085 in
731 1032 1019 1088 dilectione
1051 1041 1297 1103 oporteat
1316 1049 1414 1088 vos
1444 1049 1587 1098 esse,
1611 1040 1667 1086 ut
1686 1032 1847 1086 etiam

249 1119 298 1172 si
332 1119 550 1189 expedit
579 1135 686 1174 non
708 1119 1009 1174 formidetis
1029 1121 1169 1174 mori
1198 1136 1295 1190 pro
1316 1121 1430 1175 Deo
1461 1121 1547 1176 vel
1576 1120 1845 1191 proximo.

254 1206 324 1259 Et
352 1222 473 1277 quae
504 1207 573 1260 sit
603 1207 923 1275 sublimitas,
960 1208 1233 1278 quomodo
1280 1224 1514 1278 superno
1572 1215 1843 1277 respectu,

248 1308 365 1349 non
394 1302 647 1365 respectu
676 1295 864 1349 mundi
895 1296 1149 1366 quaelibet
1168 1296 1313 1351 bona
1343 1296 1571 1351 faciatis.
1607 1297 1671 1350 Et
1702 1295 1849 1365 quod

252 1382 325 1435 sit
365 1381 697 1452 profundum
719 1424 731 1448 ,
766 1383 821 1437 id
852 1391 934 1438 est
979 1384 1187 1439 occulta
1244 1385 1420 1455 gratia
1449 1384 1550 1438 Dei
1584 1384 1639 1437 in
1668 1382 1844 1447 vobis,

253 1485 368 1540 qua
387 1485 486 1524 vos
518 1470 634 1526 sine
666 1470 859 1525 merito
891 1470 1221 1540 justificavit,
1247 1480 1299 1526 et
1327 1471 1576 1541 provehit
1591 1479 1648 1525 ut
1674 1472 1848 1527 etiam

252 1557 483 1628 possitis
512 1560 657 1613 scire
699 1558 1041 1615 charitatem
1102 1559 1330 1624 Christi,
1363 1558 1418 1613 id
1447 1567 1528 1613 est
1576 1558 1848 1629 quomodo

251 1646 503 1700 Christus
540 1661 639 1700 vos
669 1646 940 1701 dilexerit.

327 1733 656 1788 Charitatem
688 1734 809 1789 dico
838 1735 1354 1805 supereminentem
1394 1734 1541 1789 omni
1570 1736 1845 1790 scientiae.

252 1821 415 1876 Nulla
446 1821 589 1876 enim
619 1821 844 1876 scientia
890 1823 1357 1892 comprehendere
1406 1821 1599 1876 sufficit
1655 1829 1851 1891 quanta

252 1909 322 1962 sit
352 1909 586 1964 charitas
615 1909 841 1964 Christi.
882 1910 980 1964 Vel
1010 1911 1083 1964 ita
1117 1928 1129 1964 :
1160 1910 1384 1964 Possitis
1444 1910 1585 1965 scire
1619 1908 1851 1965 charita-

250 2005 363 2051 tem
393 1996 637 2051 scientiae
668 1997 885 2063 Christi,
916 1998 1217 2053 secundum
1248 1998 1551 2053 scientiam.
1586 1998 1852 2067 Ignoran-

251 2091 335 2138 tes
367 2084 513 2138 enim
541 2085 862 2156 plerumque
890 2076 1187 2156 diligimus,
1222 2085 1340 2154 sed,
1376 2086 1422 2140 si
1481 2085 1852 2157 cognitionem

253 2171 335 2226 rei
367 2187 531 2243 quam
563 2172 840 2244 diligimus
860 2173 1182 2241 habeamus,
1207 2173 1377 2227 multo
1420 2173 1598 2245 magis
1630 2173 1681 2225 in
1707 2172 1855 2227 boni-

251 2266 366 2314 tate
405 2259 487 2314 rei
515 2260 750 2330 cognite
769 2260 1049 2333 diligenda
1068 2260 1436 2316 accendimur.
1462 2260 1590 2314 Ideo
1620 2259 1695 2314 ait
1723 2259 1853 2315 cha—

256 2347 475 2401 ritatem
504 2337 746 2402 scientia:
779 2349 1008 2413 Christi,
1044 2348 1100 2403 id
1131 2356 1212 2403 est
1241 2348 1539 2403 secundum
1571 2347 1852 2402 scientiam

252 2434 323 2488 de
354 2434 567 2489 Christo
600 2434 857 2489 habitam.
889 2435 1217 2490 Charitatem
1249 2434 1491 2491 scientiae
1513 2434 1634 2490 dico
1664 2450 1855 2504 super-

254 2521 587 2577 eminentem
616 2522 866 2577 charitati
895 2522 1238 2593 ignorantiae.
1282 2524 1490 2577 Bonum
1522 2521 1669 2592 quod
1698 2521 1855 2593 igno-

253 2618 406 2664 ratur
442 2610 622 2664 minus
679 2610 939 2682 diligitur.
1001 2610 1227 2665 Possitis
1282 2609 1749 2681 comprehendere
1802 2618 1853 2664 et

254 2693 424 2759 scire,
454 2693 580 2747 ideo
612 2698 676 2748 ut
707 2694 1069 2765 impleamini
1098 2694 1276 2748 eundo
1304 2695 1368 2748 in
1399 2710 1653 2761 omnem,
1686 2692 1741 2746 id
1773 2700 1855 2746 est

252 2780 314 2835 in
344 2781 590 2835 omnium
630 2782 898 2836 bonorum
943 2782 1369 2852 plenitudinem
1402 2782 1520 2847 Dei,
1556 2780 1611 2834 id
1650 2787 1733 2834 est
1788 2796 1854 2834 ex

258 2870 382 2923 Deo
402 2868 665 2923 habitam.
699 2870 820 2940 Ego
849 2870 1012 2937 ﬂecto
1030 2884 1215 2940 genua
1243 2873 1310 2923 ut
1336 2883 1434 2923 vos
1452 2869 1685 2939 possitis
1705 2883 1854 2923 com-

258 2956 613 3029 prehendere
633 2963 686 3011 et
706 2956 867 3011 scire.
898 2957 1019 3027 Ipse
1049 2960 1244 3011 autem
1265 2959 1409 3011 Deus
1427 2960 1631 3027 potens
1652 2960 1736 3012 est
1755 2958 1850 3025 fa-

1955 439 1976 463 ι
2010 426 2391 487 supportantes
2439 419 2671 474 invicem
2728 419 2782 472 in
2824 419 3101 473 charitate.
3164 417 3386 473 Solliciti
3415 433 3535 474 ser-

1954 524 1977 554 ι
2011 520 2143 559 vare
2174 505 2433 561 unitatem
2463 506 2686 577 spiritus
2715 506 2771 561 in
2800 506 3021 562 vinculo
3050 506 3203 577 pacis
3234 507 3409 575 (Rom.
3433 521 3535 570 xu,

1956 614 1975 640 ι
2014 594 2121 661 10).
2156 595 2331 648 Unum
2360 610 2589 664 corpus,
2622 602 2675 649 et
2703 611 2844 648 unus
2892 594 3132 665 spiritus,
3166 594 3305 649 sicut
3360 594 3538 649 vocati

1953 703 1975 726 ι
2010 680 2140 734 estis
2168 680 2222 734 in
2255 697 2363 735 una
2392 698 2489 752 spe
2512 682 2812 738 vocationis
2834 691 3043 737 vestrae.
3068 684 3220 737 Unus
3251 682 3535 752 Dominus,

1953 790 1973 815 α
2010 784 2119 821 una
2148 766 2302 835 fides,
2352 786 2517 823 unum
2563 770 2851 840 baptisma.
2901 771 3051 825 Unus
3083 771 3229 824 Deus
3289 778 3341 825 et
3381 771 3541 825 Pater

1954 875 1976 904 ι
2009 856 2270 922 omnium,
2305 857 2397 927 qui
2447 873 2610 928 super
2663 874 2872 923 omnes,
2908 866 2959 912 et
3016 874 3117 927 per
3172 858 3370 925 omnia,
3402 866 3455 913 et
3484 858 3537 912 in

1956 961 1975 994 ι
2012 944 2263 998 omnibus
2318 945 2493 999 nobis.
2560 945 2862 1017 Unicuique
2921 954 3098 1000 autem
3137 955 3381 999 nostrum
3413 946 3541 1000 data

1955 1051 1976 1079 α
2012 1038 2092 1085 est
2122 1030 2301 1101 gratia
2330 1032 2630 1086 secundum
2673 1049 2986 1087 mensuram
3041 1033 3349 1088 donationis
3379 1033 3541 1088 Chri-

1955 1139 1976 1163 «ι
2014 1117 2101 1172 sti.
2134 1118 2361 1187 Propter
2391 1119 2535 1188 quod
2563 1119 2691 1173 dicit
2730 1136 2742 1173 :
2773 1121 3092 1175 Ascendens
3124 1121 3177 1174 in
3208 1120 3376 1175 altum
3406 1136 3539 1191 cap-

1954 1226 1976 1256 «
2010 1205 2172 1260 tivam
2214 1205 2366 1260 duxit
2413 1207 2796 1275 captivitatem,
2831 1208 2980 1263 dedit
3034 1208 3174 1263 dona
3230 1209 3541 1264 hominibus

1954 1314 1975 1343 ι
2011 1293 2187 1362 (Psal.
2222 1308 2395 1358 van,
2432 1297 2540 1363 19).
2574 1294 2731 1362 Quod
2761 1303 2941 1350 autem
2970 1297 3241 1364 ascendit,
3277 1298 3405 1368 quid
3436 1305 3540 1365 est,

1955 1401 1976 1430 ι
2011 1381 2117 1435 nisi
2159 1381 2285 1451 quia
2326 1390 2378 1436 et
2436 1382 2717 1437 descendit
2772 1384 2954 1453 (Joan.
2988 1400 3066 1451 ιιι,
3102 1388 3190 1456 15)
3220 1386 3455 1455 primum
3486 1386 3539 1439 in

1954 1491 1975 1515 ιι
2012 1468 2300 1523 inferiores
2330 1477 2512 1539 partes
2543 1478 2729 1525 terrae.
2763 1471 2871 1539 Qui
2900 1471 3200 1539 descendit,
3232 1474 3347 1543 ipse
3378 1481 3461 1528 est
3489 1482 3542 1528 et

1955 1578 1975 1602 ιι
2012 1557 2103 1627 qui
2152 1558 2397 1612 ascendit
2445 1574 2609 1628 super
2663 1574 2853 1613 omnes
2884 1559 3072 1627 coalos,
3115 1568 3173 1614 ut
3221 1561 3542 1631 adimpleret

1870 1676 1922 1734 B
1956 1666 1977 1691 «ι
2014 1645 2211 1734 omnia.
2248 1646 2316 1699 Et
2346 1645 2463 1715 ipse
2491 1645 2641 1701 dedit
2670 1647 2934 1717 quosdam
2982 1648 3201 1717 quidem
3241 1649 3537 1718 apostolos,

1956 1755 1977 1779 α
2013 1733 2277 1803 quosdam
2318 1741 2497 1787 autem
2544 1734 2856 1804 prophetas.
2889 1735 3041 1789 Alios
3070 1751 3201 1791 vero
3231 1737 3542 1807 evangelis-

1957 1841 1979 1871 ι
2015 1828 2115 1887 tas,
2148 1820 2283 1875 alios
2333 1829 2513 1875 autem
2557 1830 2807 1891 pastores
2833 1865 2845 1888 ,
2880 1831 2931 1878 et
2975 1823 3228 1879 doctores
3259 1824 3403 1895 (Cor.
3437 1840 3539 1890 xu,

1957 1927 1979 1957 «
2015 1908 2128 1977 28),
2162 1907 2229 1961 ad
2260 1908 2786 1963 consummationem
2831 1918 3146 1965 sanctorum
3188 1910 3243 1965 in
3272 1926 3407 1982 Opus
3433 1912 3543 1966 mi-

1958 2015 1979 2044 «
2016 1995 2246 2063 nisterii,
2278 1996 2333 2049 in
2363 1994 2773 2051 mdiﬁcationem
2803 1997 3049 2067 corporis
3088 1997 3286 2053 Christi
3320 2013 3332 2052 :
3367 1999 3543 2055 donec

1958 2106 1978 2129 ιι
2016 2098 2367 2138 occurramus
2394 2098 2587 2138 omnes
2612 2084 2666 2137 in
2695 2084 2956 2138 unitatem
2986 2084 3133 2150 fidei,
3166 2093 3219 2140 et
3249 2086 3542 2157 agnitionis

1959 2189 1981 2219 ι
2016 2168 2109 2223 ﬁlii
2139 2171 2259 2233 Dei,
2287 2170 2341 2224 in
2371 2170 2549 2225 virum
2596 2170 2914 2241 perfectum,
2946 2171 3002 2225 in
3030 2187 3341 2227 mensuram
3371 2175 3545 2229 atatis

1961 2279 1981 2303 ιι
2019 2256 2369 2327 plenitudinis
2428 2258 2623 2312 Christi
2656 2276 2670 2312 :
2701 2266 2755 2312 ut
2798 2260 2909 2327 jam
2958 2275 3068 2314 non
3119 2260 3290 2315 simus
3335 2261 3545 2332 parvuli

1958 2368 1981 2392 «
2018 2345 2360 2411 ﬂuctuantes,
2393 2354 2447 2400 et
2475 2346 2922 2402 circumferamur
2949 2348 3095 2403 omni
3149 2356 3310 2403 vento
3339 2349 3546 2405 doctri-

1962 2455 1983 2479 α
2016 2448 2121 2497 nae,
2145 2432 2200 2486 in
2230 2433 2469 2504 nequitia
2518 2434 2817 2502 hominum,
2851 2434 2907 2489 in
2955 2436 3148 2490 astutia
3190 2437 3261 2490 ad
3307 2437 3546 2493 circum-

1960 2543 1980 2567 α
2014 2520 2325 2576 ventionem
2354 2522 2582 2576 erroris.
2623 2522 2918 2577 Veritatem
2949 2532 3127 2578 autem
3184 2524 3444 2580 facientes
3492 2526 3549 2580 in

1960 2629 1983 2658 ι
2020 2608 2297 2677 charitate,
2332 2624 2642 2665 crescamus
2672 2610 2728 2663 in
2759 2611 2851 2666 illo
2868 2627 2968 2681 per
2988 2611 3185 2676 omnia,
3221 2612 3312 2682 qui
3341 2620 3424 2667 est
3448 2628 3547 2668 ca-

1960 2718 1981 2743 u
2018 2703 2114 2765 put
2145 2696 2413 2764 Christus,
2447 2712 2512 2751 ex
2542 2713 2650 2768 quo
2682 2706 2850 2753 totum
2881 2714 3082 2768 corpus
3112 2708 3473 2769 compactum,
3494 2709 3547 2756 et

1961 2804 1983 2833 α
2020 2799 2326 2838 connexum
2358 2800 2454 2854 per
2482 2800 2700 2840 omnem
2715 2786 3028 2853 juncturam
3086 2787 3545 2843 subministratio-

1961 2893 1981 2918 «ί
2017 2871 2122 2939 nis,
2155 2872 2459 2927 secundum
2487 2873 2856 2942 operationem
2886 2874 2941 2927 in
2990 2890 3305 2930 mensuram
3356 2877 3549 2931 unius-

1961 2980 1981 3005 α
2017 2958 2280 3029 cujusque
2332 2960 2599 3025 membri,
2646 2969 2999 3031 augmentum
3060 2964 3310 3033 corporis
3340 2963 3467 3019 facit
3497 2965 3551 3018 in

252 3019 382 3100 cere
404 3046 597 3099 omnia
619 3019 964 3117 quaecunque
992 3053 1294 3115 opportuna
1577 3053 1716 3098 sunt.
1750 3019 1853 3097 Pa-
1877 3019 1924 3079 Ο
1960 3068 1981 3092 «
2019 3019 2434 3101 adiﬁcationem
2466 3048 2551 3102 sui
2580 3019 2636 3102 in
2666 3019 2952 3105 chvaritate.
3003 3050 3117 3105 Hoc
3148 3019 3312 3121 igitur
3342 3052 3467 3106 dico
3498 3061 3550 3107 et

250 3149 380 3188 cere
398 3132 522 3188 dico
538 3133 895 3188 abundanter
914 3149 1087 3204 supra
1100 3149 1267 3204 quam
1280 3133 1546 3203 petimus,
1565 3137 1665 3187 aut
1681 3148 1854 3203 supra

253 3238 429 3293 quam
444 3221 840 3291 intelligimus.
856 3221 1030 3275 Nemo
1048 3220 1189 3275 enim
1211 3220 1489 3275 hominum
1506 3220 1727 3274 auderet
1748 3221 1853 3275 hoc

252 3316 447 3378 petere
464 3324 493 3362 a
507 3310 622 3362 Deo
642 3317 699 3361 ut
720 3309 909 3362 Filium
932 3325 1087 3362 suum
1105 3309 1300 3375 Deum,
1315 3308 1593 3363 hominem
1616 3307 1849 3374 faceret;

253 3396 405 3467 quod
443 3404 625 3451 tamen
680 3395 831 3451 fecit.
897 3397 1072 3451 Nemo
1119 3396 1283 3451 etiam
1312 3395 1618 3466 intelligere
1666 3404 1852 3465 posset

249 3500 360 3555 quo
390 3484 582 3539 ordine
621 3484 839 3555 pietatis
884 3484 1158 3539 hominem
1192 3483 1464 3555 perditum
1504 3484 1845 3547 restauravit,

249 3580 306 3626 et
335 3573 620 3626 innumera
642 3572 785 3626 bona
813 3588 932 3642 quae
962 3571 1105 3635 facit,
1156 3580 1208 3625 et
1235 3571 1358 3625 ideo
1389 3571 1527 3625 bene
1557 3570 1647 3637 ait,
1682 3586 1850 3639 supra

247 3676 423 3733 quam
449 3663 718 3732 petimus,
743 3664 845 3714 aut
874 3661 1273 3731 intelligimus.
1305 3660 1375 3713 Et
1406 3659 1549 3730 quod
1569 3666 1715 3712 tanta
1744 3674 1847 3728 po-

247 3756 377 3803 tens
406 3748 475 3801 sit
499 3747 681 3804 facere
709 3748 945 3817 probare
973 3763 1296 3818 possumus,
1329 3748 1507 3802 eundo
1537 3746 1847 3802 secundum

246 3838 547 3902 virtutem,
572 3852 695 3908 qua;
722 3835 894 3891 virtus
923 3836 1038 3904 ejus
1058 3840 1327 3906 operatur
1347 3837 1408 3890 in
1430 3836 1607 3899 nobis,
1632 3834 1776 3905 quia,
1801 3834 1847 3888 si

245 3923 666 3980 considerantur
687 3940 749 3978 ea
778 3940 900 3995 quae
921 3924 1079 3978 nobis
1106 3922 1327 3978 contulit
1344 3930 1582 3993 potestas
1607 3922 1845 3977 miracu-

241 4012 447 4079 lorum,
482 4019 535 4066 et
564 4010 729 4065 multa
758 4011 880 4076 alia,
905 4027 1005 4081 per
1026 4012 1143 4066 haec
1171 4011 1332 4081 plane
1361 4010 1669 4082 colligimus
1701 4010 1846 4080 quod

246 4116 316 4155 ex
346 4100 625 4154 voluntate
652 4106 847 4169 potens
868 4098 936 4153 sit
966 4098 1035 4153 de
1083 4106 1284 4154 caetero
1314 4113 1692 4153 consummare
1722 4113 1845 4152 om-

244 4188 342 4242 nia
369 4188 424 4241 in
454 4187 634 4241 nobis.
668 4188 733 4242 Ei
772 4190 965 4242 autem
996 4188 1093 4258 qui
1140 4186 1220 4242 sic
1271 4191 1472 4259 potens
1510 4190 1594 4242 est
1632 4188 1841 4256 facere,

244 4277 360 4347 ipsi
381 4275 483 4330 soli
513 4290 623 4330 non
651 4276 906 4329 humanae
935 4274 1144 4343 virtuti,
1196 4274 1263 4327 sit
1291 4275 1470 4345 gloria
1491 4276 1552 4329 in
1573 4274 1839 4339 Ecclesia,

1959 3153 1981 3182 ι
2018 3132 2279 3189 testificor
2299 3134 2353 3188 in
2383 3136 2636 3202 Domino,
2670 3144 2728 3190 ut
2751 3137 2863 3205 jam
2892 3153 3004 3193 non
3061 3138 3366 3207 ambuletis,
3408 3138 3548 3195 sicut

1958 3244 1979 3267 α
2017 3229 2068 3275 et
2099 3230 2292 3293 gentes
2321 3223 2597 3277 ambulant
2618 3224 2670 3277 in
2692 3225 2929 3280 vanitate
2951 3241 3147 3281 sensus
3168 3227 3270 3292 sui,
3303 3227 3546 3283 tenebris

1954 3332 1975 3355 ιι
2011 3310 2362 3364 obscuratum
2421 3311 2687 3366 habentes
2718 3312 3069 3381 intellectum,
3105 3314 3323 3369 alienati
3374 3331 3403 3369 a
3436 3316 3547 3371 vita

1956 3419 1977 3443 u
2013 3396 2113 3451 Dei
2141 3412 2239 3467 per
2265 3397 2649 3467 ignorantiam,
2684 3416 2803 3469 quae
2835 3408 2916 3454 est
2944 3400 2997 3454 in
3030 3401 3137 3454 illis
3174 3411 3400 3472 pr0pter
3430 3418 3542 3458 cae-

1956 3505 1979 3534 α
2014 3484 2232 3540 citatem
2262 3485 2443 3540 cordis
2472 3486 2757 3555 ipsorum;
2791 3487 2881 3557 qui
2924 3488 3300 3557 desperantes,
3334 3498 3542 3545 semet-

1956 3594 1977 3617 ‹‹
2012 3571 2161 3641 ipsos
2190 3572 2526 3629 tradiderunt
2555 3573 2923 3644 impudicitiae,
2955 3575 3011 3629 in
3041 3577 3410 3645 operationem
3441 3578 3542 3631 im-

1955 3679 1977 3708 α
2011 3660 2290 3714 munditiae
2320 3661 2515 3726 omnis,
2550 3662 2602 3714 in
2633 3661 2915 3717 avaritiam
2938 3662 3402 3733 (Rom.t,21-3l).
3428 3666 3537 3720 Vos

1955 3769 1976 3793 «ι
2010 3754 2190 3802 autem
2220 3763 2328 3801 non
2359 3748 2433 3804 ita
2462 3748 2724 3803 didicistis
2755 3740 3043 3816 Christum,
3097 3751 3142 3805 si
3182 3759 3360 3807 tamen
3388 3752 3537 3807 illum

1954 3856 1974 3882 ι(
2019 3835 2265 3903 audistis,
2300 3843 2353 3890 et
2385 3836 2441 3889 in
2470 3836 2588 3907 ipso
2636 3837 2812 3892 edocti
2859 3838 3023 3903 estis,
3058 3838 3194 3893 sicut
3222 3847 3305 3894 est
3334 3840 3538 3895 veritas

1954 3945 1974 3968 «
2009 3921 2064 3977 in
2095 3924 2242 3978 Jesu.
2296 3924 2562 3994 Deponite
2599 3924 2721 3997 [al.,
2755 3924 3052 3997 deponere]
3108 3942 3208 3982 vos
3239 3928 3533 3983 secundum

1951 4031 1974 4060 ι
2008 4010 2293 4080 pristinam
2323 4012 2792 4067 conversationem
2840 4021 3083 4070 veterem
3138 4014 3413 4070 hominem
3446 4016 3538 4086 qui

1952 4120 1972 4143 «ι
2008 4098 2384 4169 corrumpitur,
2420 4101 2717 4155 secundum
2762 4101 3033 4156 desideria
3054 4103 3256 4157 erroris
3288 4103 3425 4172 (Col.
3450 4119 3533 4170 ιιι,

1950 4209 1972 4233 α
2018 4187 2092 4256 8).
2114 4186 2469 4242 Renovamini
2497 4196 2675 4242 autem
2698 4189 2889 4259 spiritu
2915 4190 3112 4244 mentis
3135 4198 3348 4261 vestrae,
3375 4199 3427 4246 et
3444 4192 3536 4261 in-

1952 4293 1973 4323 (
2006 4273 2151 4328 duite
2179 4289 2377 4329 novum
2407 4275 2701 4344 hominem,
2732 4276 2822 4346 qui
2854 4278 3154 4332 secundum
3176 4279 3349 4333 Deum
3379 4294 3539 4335 crea-

243 4363 303 4416 id
328 4370 409 4417 est
430 4362 485 4416 in
513 4362 949 4418 consideratione
972 4362 1255 4428 bonorum,
1274 4378 1392 4433 quae
1412 4360 1622 4416 confert
1645 4361 1839 4415 Eccle-
1865 4365 1913 4424 Ι)
1950 4383 1971 4408 α
2006 4369 2092 4416 tus
2114 4370 2194 4416 est
2225 4362 2279 4415 in
2304 4363 2514 4430 justitia
2544 4372 2596 4418 et
2626 4365 2910 4420 sanctitate
2968 4366 3215 4420 veritatis
3245 4366 3419 4438 (Rom.
3455 4383 3534 4433 γι,

240 4450 361 4518 size,
395 4454 453 4505 et
483 4451 641 4505 etiam
683 4451 749 4505 in
789 4451 1019 4505 Christo
1035 4452 1186 4515 Jesu,
1221 4450 1343 4520 quia
1370 4466 1470 4504 nec
1499 4448 1601 4519 ipsi
1632 4448 1841 4503 Christo

241 4538 550 4593 secundum
577 4537 853 4593 hominem
883 4539 952 4593 de
1001 4538 1159 4592 bonis
1191 4555 1310 4608 qua:
1342 4536 1513 4608 gessit
1543 4536 1718 4609 gloria
1748 4537 1844 4591 de-

242 4627 428 4694 betur,
461 4626 559 4680 sed
590 4627 724 4681 Deo.
762 4627 951 4682 Gloria
969 4626 1091 4681 dico
1108 4641 1438 4696 permanens
1466 4626 1529 4680 in
1548 4640 1738 4682 omnes
1759 4641 1844 4695 ge-

238 4715 615 4780 nerationes;
648 4714 718 4768 ab
738 4713 875 4768 Abel
906 4714 1051 4768 enim
1082 4714 1260 4784 primo
1284 4714 1431 4781 justo
1462 4713 1610 4767 nulla
1635 4720 1832 4782 praete«

239 4802 336 4856 riit
353 4801 659 4872 generatio,
692 4818 814 4872 quae
848 4817 958 4856 non
1013 4802 1242 4855 haberet
1296 4801 1509 4872 aliquos
1539 4801 1596 4854 in
1643 4799 1837 4870 quibus

235 4889 573 4961 gloriaretur
591 4890 759 4944 Deus.
798 4890 1197 4945 Generationes
1217 4889 1339 4943 dico
1361 4889 1557 4944 saeculi
1573 4930 1585 4953 ,
1620 4902 1653 4941 a
1682 4887 1838 4957 prin-

236 4976 383 5048 cipio
416 4992 589 5048 usque
622 4977 690 5031 ad
746 4974 931 5032 ﬁnem.
965 4976 1160 5033 Saeculi
1207 4977 1330 5031 dico
1377 4977 1737 5039 saeculorum,
1784 4974 1841 5028 in

234 5079 350 5136 quo
392 5064 564 5119 multa
594 5064 797 5120 saecula
830 5065 1195 5131 continentur,
1254 5064 1359 5135 ipsi
1409 5064 1605 5135 gloria.
1641 5066 1834 5128 Amen,

233 5167 343 5223 pro
375 5160 528 5208 certo
559 5153 632 5207 ita
666 5161 765 5207 est.

885 5223 1112 5279 CAPUT
1142 5222 1229 5277 IV.

311 5350 337 5379 ι
373 5327 621 5383 Obsecro
649 5328 828 5399 itaque
877 5344 975 5384 vos
1017 5344 1123 5401 ego
1154 5328 1367 5384 vinctus
1413 5327 1469 5381 in
1516 5326 1749 5382 Domino
1781 5334 1839 5381 ut

236 5439 261 5471 ι
290 5417 465 5490 digne
505 5416 794 5473 ambuletis
840 5417 1126 5473 vocatione
1156 5432 1265 5489 qua
1318 5414 1494 5473 vocati
1523 5414 1675 5484 estis,
1715 5430 1837 5471 cum

1951 4472 1971 4497 α
2012 4449 2121 4519 48).
2146 4450 2373 4520 Propter
2397 4451 2541 4522 quod
2570 4451 2908 4521 deponentes
2955 4454 3316 4521 mendacium,
3355 4454 3538 4526 loqui-

1954 4559 1976 4587 ι
2009 4536 2140 4592 mini
2156 4538 2435 4593 veritatem
2449 4539 2821 4611 unusquisque
2835 4556 2958 4596 cum
2972 4542 3220 4612 proximo
3241 4558 3339 4598 suo
3352 4543 3534 4613 (Hebr.

1954 4647 1975 4672 «
2012 4629 2107 4692 12;
2141 4627 2169 4680 Ι
2185 4628 2339 4681 Petr.
2364 4641 2422 4691 ιι,
2458 4628 2533 4697 3),
2594 4628 2851 4699 quoniam
2882 4645 3068 4684 sumus
3097 4630 3329 4686 invicem
3358 4647 3536 4686 mem-

1954 4732 1976 4763 ι
2011 4713 2130 4767 bra.
2169 4734 2190 4764 α
2226 4714 2547 4780 Irascimini,
2570 4723 2622 4769 et
2651 4716 2817 4770 nolite
2845 4732 3079 4788 peccare
3096 4717 3273 4789 (Psal.
3299 4734 3374 4784 ιν,
3400 4722 3475 4789 5).
3506 4740 3529 4769 ι

1954 4822 1975 4846 α
2013 4800 2105 4855 Sol
2135 4817 2243 4856 non
2271 4802 2681 4872 occidatsuper
2718 4804 3054 4860 iracundiam
3076 4814 3326 4861 vestram.
3360 4806 3538 4861 Nolite

1953 4909 1974 4933 «ι
2019 4887 2197 4943 locum
2274 4890 2407 4946 dare
2461 4891 2703 4946 diabolo.
2789 4891 2893 4959 Qui
2947 4893 3223 4948 furabatur
3274 4894 3389 4962 jam
3428 4910 3537 4950 non

1951 4996 1972 5021 ι
2009 4974 2216 5030 furetur
2254 4977 2392 5047 (Jac.
2445 4993 2522 5043 ιν,
2557 4981 2633 5047 7);
2685 4979 2863 5050 magis
2918 4988 3095 5035 autem
3140 4981 3369 5048 laboret,
3400 4998 3536 5054 ope-

1953 5085 1974 5108 ‹‹
2011 5062 2181 5118 rando
2210 5065 2459 5120 manibus
2507 5066 2620 5120 suis
2650 5067 2797 5137 quod
2852 5068 3050 5122 bonum
3096 5076 3197 5138 est,
3241 5077 3297 5123 ut
3344 5070 3535 5127 habeat

1954 5170 1975 5200 ι
2011 5151 2154 5205 unde
2174 5152 2375 5207 tribuat
2395 5153 2778 5209 necessitatem
2802 5154 3040 5212 243
3066 5157 3311 5227 patienti.
3345 5158 3536 5213 Omnis

1952 5260 1973 5284 α
2009 5254 2191 5294 sermo
2224 5240 2397 5295 malus
2431 5258 2495 5296 ex
2527 5257 2622 5297 ore
2666 5250 2849 5297 vestro
2897 5259 3004 5299 non
3036 5247 3336 5315 procedat;
3369 5247 3466 5301 sed
3496 5245 3543 5299 si

1952 5346 1974 5375 ι
2014 5326 2134 5397 quis
2192 5329 2370 5383 bonus
2427 5338 2509 5385 est
2568 5330 2637 5385 ad
2692 5329 3104 5388 aediﬁcationem
3154 5333 3301 5400 ﬁdei,
3344 5342 3402 5388 ut
3446 5334 3539 5389 det

1963 5435 1984 5461 «
2022 5415 2253 5486 gratiam
2282 5418 2649 5475 audientibus.
2699 5418 2768 5472 Et
2813 5419 2979 5476 nolite
3010 5421 3326 5478 contristare
3376 5420 3550 5493 Spiri-
