  <div class='ocr_page' id='page_1' title='image "/cluster/home/n/w/nwhite01/storage/ocr_20150623/153/hvd.32044054760111/173.png"; bbox 0 0 3960 6050; ppageno 0'>
   <div class='ocr_carea' id='block_1_1' title="bbox 496 179 599 230">
    <p class='ocr_par' dir='ltr' id='par_1_1' title="bbox 496 179 599 230">
     <span class='ocr_line' id='line_1_1' title="bbox 496 179 599 230; baseline -0.019 0"><span class='ocrx_word' id='word_1_1' title='bbox 496 179 599 230; x_wconf 77' lang='grc'>335</span> 
     </span>
    </p>
   </div>
   <div class='ocr_carea' id='block_1_2' title="bbox 1041 175 3214 241">
    <p class='ocr_par' dir='ltr' id='par_1_2' title="bbox 1041 175 3214 241">
     <span class='ocr_line' id='line_1_2' title="bbox 1041 175 3214 241; baseline 0.005 -12"><span class='ocrx_word' id='word_1_2' title='bbox 1041 175 1097 230; x_wconf 92' lang='lat' dir='ltr'>S.</span> <span class='ocrx_word' id='word_1_3' title='bbox 1141 176 1494 233; x_wconf 81' lang='lat' dir='ltr'>BRUNONIS</span> <span class='ocrx_word' id='word_1_4' title='bbox 1533 179 2179 237; x_wconf 83' lang='lat' dir='ltr'>CARTHUSIANORUM</span> <span class='ocrx_word' id='word_1_5' title='bbox 2217 184 2700 241; x_wconf 82' lang='lat' dir='ltr'>lNSTITUI‘ORIS</span> <span class='ocrx_word' id='word_1_6' title='bbox 2738 185 2890 241; x_wconf 89' lang='lat' dir='ltr'>OPP.</span> <span class='ocrx_word' id='word_1_7' title='bbox 2933 185 3110 241; x_wconf 83' lang='lat' dir='ltr'>PARS</span> <span class='ocrx_word' id='word_1_8' title='bbox 3148 188 3214 240; x_wconf 87' lang='lat' dir='ltr'>ll.</span> 
     </span>
    </p>
   </div>
   <div class='ocr_carea' id='block_1_3' title="bbox 3681 194 3783 245">
    <p class='ocr_par' dir='ltr' id='par_1_3' title="bbox 3681 194 3783 245">
     <span class='ocr_line' id='line_1_3' title="bbox 3681 194 3783 245; baseline 0 0"><span class='ocrx_word' id='word_1_9' title='bbox 3681 194 3783 245; x_wconf 84' lang='lat'>336</span> 
     </span>
    </p>
   </div>
   <div class='ocr_carea' id='block_1_4' title="bbox 501 297 3781 380">
    <p class='ocr_par' dir='ltr' id='par_1_4' title="bbox 501 297 3781 380">
     <span class='ocr_line' id='line_1_4' title="bbox 501 297 3781 380; baseline 0.005 -30"><span class='ocrx_word' id='word_1_10' title='bbox 501 320 521 342; x_wconf 85' lang='lat'><strong>«</strong></span> <span class='ocrx_word' id='word_1_11' title='bbox 560 304 669 351; x_wconf 92' lang='lat' dir='ltr'>tum</span> <span class='ocrx_word' id='word_1_12' title='bbox 702 304 945 353; x_wconf 89' lang='lat' dir='ltr'>sanctum</span> <span class='ocrx_word' id='word_1_13' title='bbox 978 297 1095 361; x_wconf 87' lang='lat' dir='ltr'>Dei,</span> <span class='ocrx_word' id='word_1_14' title='bbox 1123 298 1175 351; x_wconf 89' lang='lat' dir='ltr'>in</span> <span class='ocrx_word' id='word_1_15' title='bbox 1206 315 1313 371; x_wconf 90' lang='lat' dir='ltr'>quo</span> <span class='ocrx_word' id='word_1_16' title='bbox 1345 301 1539 371; x_wconf 78' lang='lat' dir='ltr'>signati</span> <span class='ocrx_word' id='word_1_17' title='bbox 1598 302 1728 356; x_wconf 92' lang='lat' dir='ltr'>estis</span> <span class='ocrx_word' id='word_1_18' title='bbox 1761 301 1814 355; x_wconf 92' lang='lat' dir='ltr'>in</span> <span class='ocrx_word' id='word_1_19' title='bbox 1862 302 1949 356; x_wconf 89' lang='lat' dir='ltr'>die</span> <span class='ocrx_word' id='word_1_20' title='bbox 2010 318 2086 355; x_wconf 90' lang='lat' dir='ltr'>re-</span> <span class='ocrx_word' id='word_1_21' title='bbox 2107 307 2159 366; x_wconf 83' lang='grc' dir='ltr'><strong>Α</strong></span> <span class='ocrx_word' id='word_1_22' title='bbox 2190 320 2382 361; x_wconf 90' lang='lat' dir='ltr'>omnes</span> <span class='ocrx_word' id='word_1_23' title='bbox 2414 316 2698 377; x_wconf 76' lang='lat' dir='ltr'>potestate.</span> <span class='ocrx_word' id='word_1_24' title='bbox 2733 308 3006 363; x_wconf 84' lang='lat' dir='ltr'>Estetiam</span> <span class='ocrx_word' id='word_1_25' title='bbox 3022 324 3124 380; x_wconf 90' lang='lat' dir='ltr'>per</span> <span class='ocrx_word' id='word_1_26' title='bbox 3139 310 3330 364; x_wconf 81' lang='lat' dir='ltr'>omnia</span> <span class='ocrx_word' id='word_1_27' title='bbox 3350 308 3491 377; x_wconf 90' lang='lat' dir='ltr'>loca,</span> <span class='ocrx_word' id='word_1_28' title='bbox 3517 326 3618 367; x_wconf 91' lang='lat' dir='ltr'>nec</span> <span class='ocrx_word' id='word_1_29' title='bbox 3645 312 3781 366; x_wconf 83' lang='lat' dir='ltr'>ulla-</span> 
     </span>
    </p>
   </div>
   <div class='ocr_carea' id='block_1_5' title="bbox 500 384 2093 462">
    <p class='ocr_par' dir='ltr' id='par_1_5' title="bbox 500 384 2093 462">
     <span class='ocr_line' id='line_1_5' title="bbox 500 384 2093 462; baseline 0.004 -24"><span class='ocrx_word' id='word_1_30' title='bbox 500 410 519 431; x_wconf 76' lang='grc' dir='ltr'>«ι</span> <span class='ocrx_word' id='word_1_31' title='bbox 557 384 902 455; x_wconf 91' lang='lat' dir='ltr'>demptionis.</span> <span class='ocrx_word' id='word_1_32' title='bbox 948 385 1138 440; x_wconf 88' lang='lat' dir='ltr'>Omnis</span> <span class='ocrx_word' id='word_1_33' title='bbox 1170 388 1503 455; x_wconf 74' lang='lat' dir='ltr'>amaritudo,</span> <span class='ocrx_word' id='word_1_34' title='bbox 1540 397 1591 444; x_wconf 90' lang='lat' dir='ltr'>et</span> <span class='ocrx_word' id='word_1_35' title='bbox 1624 390 1723 454; x_wconf 90' lang='lat' dir='ltr'>ira,</span> <span class='ocrx_word' id='word_1_36' title='bbox 1758 397 1810 444; x_wconf 90' lang='lat' dir='ltr'>et</span> <span class='ocrx_word' id='word_1_37' title='bbox 1840 390 2093 462; x_wconf 88' lang='lat' dir='ltr'>indigna-</span> 
     </span>
    </p>
   </div>
   <div class='ocr_carea' id='block_1_6' title="bbox 500 473 2088 546">
    <p class='ocr_par' dir='ltr' id='par_1_6' title="bbox 500 473 2088 546">
     <span class='ocr_line' id='line_1_6' title="bbox 500 473 2088 546; baseline 0.006 -24"><span class='ocrx_word' id='word_1_38' title='bbox 500 494 521 522; x_wconf 73' lang='grc' dir='ltr'><strong>α</strong></span> <span class='ocrx_word' id='word_1_39' title='bbox 558 473 649 538; x_wconf 93' lang='lat' dir='ltr'>tio,</span> <span class='ocrx_word' id='word_1_40' title='bbox 684 482 735 527; x_wconf 87' lang='lat' dir='ltr'>et</span> <span class='ocrx_word' id='word_1_41' title='bbox 786 474 1011 541; x_wconf 89' lang='lat' dir='ltr'>clamor,</span> <span class='ocrx_word' id='word_1_42' title='bbox 1079 482 1131 528; x_wconf 89' lang='lat' dir='ltr'>et</span> <span class='ocrx_word' id='word_1_43' title='bbox 1188 476 1526 546; x_wconf 83' lang='lat' dir='ltr'>blasphemia</span> <span class='ocrx_word' id='word_1_44' title='bbox 1585 478 1798 535; x_wconf 88' lang='lat' dir='ltr'>tollatur</span> <span class='ocrx_word' id='word_1_45' title='bbox 1836 494 1865 531; x_wconf 91' lang='lat' dir='ltr'>a</span> <span class='ocrx_word' id='word_1_46' title='bbox 1914 478 2088 543; x_wconf 86' lang='lat' dir='ltr'>vobis,</span> 
     </span>
    </p>
   </div>
   <div class='ocr_carea' id='block_1_7' title="bbox 504 562 2087 636">
    <p class='ocr_par' dir='ltr' id='par_1_7' title="bbox 504 562 2087 636">
     <span class='ocr_line' id='line_1_7' title="bbox 504 562 2087 636; baseline 0.001 -21"><span class='ocrx_word' id='word_1_47' title='bbox 504 584 523 605; x_wconf 89' lang='lat'><strong>«</strong></span> <span class='ocrx_word' id='word_1_48' title='bbox 564 576 687 616; x_wconf 90' lang='lat' dir='ltr'>cum</span> <span class='ocrx_word' id='word_1_49' title='bbox 718 562 865 615; x_wconf 91' lang='lat' dir='ltr'>omni</span> <span class='ocrx_word' id='word_1_50' title='bbox 895 562 1120 615; x_wconf 89' lang='lat' dir='ltr'>malitia.</span> <span class='ocrx_word' id='word_1_51' title='bbox 1156 563 1341 616; x_wconf 87' lang='lat' dir='ltr'>Estotc</span> <span class='ocrx_word' id='word_1_52' title='bbox 1372 573 1551 617; x_wconf 88' lang='lat' dir='ltr'>autem</span> <span class='ocrx_word' id='word_1_53' title='bbox 1578 564 1811 619; x_wconf 87' lang='lat' dir='ltr'>invicem</span> <span class='ocrx_word' id='word_1_54' title='bbox 1845 564 2087 636; x_wconf 87' lang='lat' dir='ltr'>benigni,</span> 
     </span>
    </p>
   </div>
   <div class='ocr_carea' id='block_1_8' title="bbox 502 649 2087 721">
    <p class='ocr_par' dir='ltr' id='par_1_8' title="bbox 502 649 2087 721">
     <span class='ocr_line' id='line_1_8' title="bbox 502 649 2087 721; baseline 0.004 -20"><span class='ocrx_word' id='word_1_55' title='bbox 502 670 522 693; x_wconf 83' lang='lat'><strong>«</strong></span> <span class='ocrx_word' id='word_1_56' title='bbox 560 649 981 715; x_wconf 82' lang='lat' dir='ltr'>misericordes,</span> <span class='ocrx_word' id='word_1_57' title='bbox 1037 650 1302 704; x_wconf 85' lang='lat' dir='ltr'>donantes</span> <span class='ocrx_word' id='word_1_58' title='bbox 1342 650 1575 706; x_wconf 80' lang='lat' dir='ltr'>invicem</span> <span class='ocrx_word' id='word_1_59' title='bbox 1615 652 1816 721; x_wconf 76' lang='lat' dir='ltr'>(Colos.</span> <span class='ocrx_word' id='word_1_60' title='bbox 1868 668 1946 717; x_wconf 81' lang='lat' dir='ltr'>tu,</span> <span class='ocrx_word' id='word_1_61' title='bbox 2002 655 2087 720; x_wconf 79' lang='lat' dir='ltr'>l2,</span> 
     </span>
    </p>
   </div>
   <div class='ocr_carea' id='block_1_9' title="bbox 503 737 1973 806">
    <p class='ocr_par' dir='ltr' id='par_1_9' title="bbox 503 737 1973 806">
     <span class='ocr_line' id='line_1_9' title="bbox 503 737 1973 806; baseline 0.002 -16"><span class='ocrx_word' id='word_1_62' title='bbox 503 757 524 786; x_wconf 75' lang='grc' dir='ltr'>ι</span> <span class='ocrx_word' id='word_1_63' title='bbox 564 737 671 806; x_wconf 85' lang='grc'>13),</span> <span class='ocrx_word' id='word_1_64' title='bbox 706 738 843 793; x_wconf 87' lang='lat' dir='ltr'>sicut</span> <span class='ocrx_word' id='word_1_65' title='bbox 873 746 925 793; x_wconf 92' lang='lat' dir='ltr'>et</span> <span class='ocrx_word' id='word_1_66' title='bbox 958 739 1103 793; x_wconf 89' lang='lat' dir='ltr'>Deus</span> <span class='ocrx_word' id='word_1_67' title='bbox 1134 737 1189 791; x_wconf 91' lang='lat' dir='ltr'>in</span> <span class='ocrx_word' id='word_1_68' title='bbox 1218 738 1427 793; x_wconf 87' lang='lat' dir='ltr'>Christo</span> <span class='ocrx_word' id='word_1_69' title='bbox 1458 740 1677 794; x_wconf 86' lang='lat' dir='ltr'>donavit</span> <span class='ocrx_word' id='word_1_70' title='bbox 1727 739 1903 795; x_wconf 87' lang='lat' dir='ltr'>vobis.</span> <span class='ocrx_word' id='word_1_71' title='bbox 1953 765 1973 787; x_wconf 77' lang='grc' dir='ltr'><strong>η</strong></span> 
     </span>
    </p>
   </div>
   <div class='ocr_carea' id='block_1_10' title="bbox 1119 956 1441 997">
    <p class='ocr_par' dir='ltr' id='par_1_10' title="bbox 1119 956 1441 997">
     <span class='ocr_line' id='line_1_10' title="bbox 1119 956 1441 997; baseline 0.006 -2"><span class='ocrx_word' id='word_1_72' title='bbox 1119 956 1414 997; x_wconf 69' lang='grc' dir='ltr'>ΕΧΡΟΒΙΤΙΟ</span> <span class='ocrx_word' id='word_1_73' title='bbox 1428 983 1441 996; x_wconf 87' lang='grc'><strong>.</strong></span> 
     </span>
    </p>
   </div>
   <div class='ocr_carea' id='block_1_11' title="bbox 570 1113 2091 1187">
    <p class='ocr_par' dir='ltr' id='par_1_11' title="bbox 570 1113 2091 1187">
     <span class='ocr_line' id='line_1_11' title="bbox 570 1113 2091 1187; baseline -0.002 -17"><span class='ocrx_word' id='word_1_74' title='bbox 570 1118 863 1187; x_wconf 84' lang='lat' dir='ltr'>Postquam</span> <span class='ocrx_word' id='word_1_75' title='bbox 894 1114 1173 1168; x_wconf 87' lang='lat' dir='ltr'>admonuit</span> <span class='ocrx_word' id='word_1_76' title='bbox 1212 1130 1307 1168; x_wconf 92' lang='lat' dir='ltr'>eos</span> <span class='ocrx_word' id='word_1_77' title='bbox 1357 1114 1589 1168; x_wconf 89' lang='lat' dir='ltr'>diversis</span> <span class='ocrx_word' id='word_1_78' title='bbox 1636 1113 1810 1168; x_wconf 89' lang='lat' dir='ltr'>modis</span> <span class='ocrx_word' id='word_1_79' title='bbox 1841 1130 1909 1168; x_wconf 91' lang='lat' dir='ltr'>ne</span> <span class='ocrx_word' id='word_1_80' title='bbox 1947 1114 2091 1168; x_wconf 87' lang='lat' dir='ltr'>intu-</span> 
     </span>
    </p>
   </div>
   <div class='ocr_carea' id='block_1_12' title="bbox 500 1202 2095 1272">
    <p class='ocr_par' dir='ltr' id='par_1_12' title="bbox 500 1202 2095 1272">
     <span class='ocr_line' id='line_1_12' title="bbox 500 1202 2095 1272; baseline -0.002 -13"><span class='ocrx_word' id='word_1_81' title='bbox 500 1212 807 1261; x_wconf 90' lang='lat' dir='ltr'>mescerent</span> <span class='ocrx_word' id='word_1_82' title='bbox 837 1204 904 1257; x_wconf 92' lang='lat' dir='ltr'>de</span> <span class='ocrx_word' id='word_1_83' title='bbox 937 1202 1093 1256; x_wconf 88' lang='lat' dir='ltr'>bonis</span> <span class='ocrx_word' id='word_1_84' title='bbox 1126 1202 1317 1272; x_wconf 68' lang='lat' dir='ltr'>gratiae</span> <span class='ocrx_word' id='word_1_85' title='bbox 1348 1202 1469 1267; x_wconf 90' lang='lat' dir='ltr'>Dei,</span> <span class='ocrx_word' id='word_1_86' title='bbox 1501 1218 1637 1256; x_wconf 92' lang='lat' dir='ltr'>neve</span> <span class='ocrx_word' id='word_1_87' title='bbox 1670 1210 1963 1272; x_wconf 85' lang='lat' dir='ltr'>torperent,</span> <span class='ocrx_word' id='word_1_88' title='bbox 1996 1202 2095 1257; x_wconf 93' lang='lat' dir='ltr'>sed</span> 
     </span>
    </p>
   </div>
   <div class='ocr_carea' id='block_1_13' title="bbox 502 1288 2094 1363">
    <p class='ocr_par' dir='ltr' id='par_1_13' title="bbox 502 1288 2094 1363">
     <span class='ocr_line' id='line_1_13' title="bbox 502 1288 2094 1363; baseline -0.002 -16"><span class='ocrx_word' id='word_1_89' title='bbox 502 1309 719 1363; x_wconf 85' lang='lat' dir='ltr'>semper</span> <span class='ocrx_word' id='word_1_90' title='bbox 764 1292 832 1344; x_wconf 92' lang='lat' dir='ltr'>de</span> <span class='ocrx_word' id='word_1_91' title='bbox 887 1288 1223 1360; x_wconf 82' lang='lat' dir='ltr'>proﬁciendo</span> <span class='ocrx_word' id='word_1_92' title='bbox 1270 1289 1326 1342; x_wconf 89' lang='lat' dir='ltr'>in</span> <span class='ocrx_word' id='word_1_93' title='bbox 1391 1289 1583 1343; x_wconf 91' lang='lat' dir='ltr'>melius</span> <span class='ocrx_word' id='word_1_94' title='bbox 1632 1290 1937 1360; x_wconf 82' lang='lat' dir='ltr'>vigilarent,</span> <span class='ocrx_word' id='word_1_95' title='bbox 1974 1306 2094 1360; x_wconf 79' lang='lat' dir='ltr'>quae</span> 
     </span>
    </p>
   </div>
   <div class='ocr_carea' id='block_1_14' title="bbox 497 1377 2094 1451">
    <p class='ocr_par' dir='ltr' id='par_1_14' title="bbox 497 1377 2094 1451">
     <span class='ocr_line' id='line_1_14' title="bbox 497 1377 2094 1451; baseline -0.002 -16"><span class='ocrx_word' id='word_1_96' title='bbox 497 1390 721 1451; x_wconf 85' lang='lat' dir='ltr'>utroque</span> <span class='ocrx_word' id='word_1_97' title='bbox 750 1378 1042 1432; x_wconf 89' lang='lat' dir='ltr'>admonitio</span> <span class='ocrx_word' id='word_1_98' title='bbox 1094 1377 1303 1431; x_wconf 90' lang='lat' dir='ltr'>videtur</span> <span class='ocrx_word' id='word_1_99' title='bbox 1346 1378 1553 1431; x_wconf 89' lang='lat' dir='ltr'>versari</span> <span class='ocrx_word' id='word_1_100' title='bbox 1583 1377 1728 1432; x_wconf 90' lang='lat' dir='ltr'>circa</span> <span class='ocrx_word' id='word_1_101' title='bbox 1759 1378 1931 1450; x_wconf 90' lang='lat' dir='ltr'>magis</span> <span class='ocrx_word' id='word_1_102' title='bbox 1962 1394 2094 1448; x_wconf 91' lang='lat' dir='ltr'>per-</span> 
     </span>
    </p>
   </div>
   <div class='ocr_carea' id='block_1_15' title="bbox 501 1465 2095 1536">
    <p class='ocr_par' dir='ltr' id='par_1_15' title="bbox 501 1465 2095 1536">
     <span class='ocr_line' id='line_1_15' title="bbox 501 1465 2095 1536; baseline -0.003 -12"><span class='ocrx_word' id='word_1_103' title='bbox 501 1470 692 1531; x_wconf 84' lang='lat' dir='ltr'>fectos,</span> <span class='ocrx_word' id='word_1_104' title='bbox 726 1467 918 1520; x_wconf 81' lang='lat' dir='ltr'>transit</span> <span class='ocrx_word' id='word_1_105' title='bbox 948 1466 1017 1519; x_wconf 90' lang='lat' dir='ltr'>ad</span> <span class='ocrx_word' id='word_1_106' title='bbox 1047 1465 1305 1519; x_wconf 87' lang='lat' dir='ltr'>moralem</span> <span class='ocrx_word' id='word_1_107' title='bbox 1342 1465 1771 1531; x_wconf 89' lang='lat' dir='ltr'>instructionem,</span> <span class='ocrx_word' id='word_1_108' title='bbox 1816 1484 1935 1536; x_wconf 70' lang='lat' dir='ltr'>qua:</span> <span class='ocrx_word' id='word_1_109' title='bbox 1975 1482 2095 1520; x_wconf 88' lang='lat' dir='ltr'>ma-</span> 
     </span>
    </p>
   </div>
   <div class='ocr_carea' id='block_1_16' title="bbox 503 1553 2097 1629">
    <p class='ocr_par' dir='ltr' id='par_1_16' title="bbox 503 1553 2097 1629">
     <span class='ocr_line' id='line_1_16' title="bbox 503 1553 2097 1629; baseline -0.002 -19"><span class='ocrx_word' id='word_1_110' title='bbox 503 1558 590 1629; x_wconf 87' lang='lat' dir='ltr'>gis</span> <span class='ocrx_word' id='word_1_111' title='bbox 618 1555 894 1625; x_wconf 89' lang='lat' dir='ltr'>pertinere</span> <span class='ocrx_word' id='word_1_112' title='bbox 918 1554 1131 1608; x_wconf 90' lang='lat' dir='ltr'>videtur</span> <span class='ocrx_word' id='word_1_113' title='bbox 1167 1553 1235 1606; x_wconf 90' lang='lat' dir='ltr'>ad</span> <span class='ocrx_word' id='word_1_114' title='bbox 1267 1553 1445 1607; x_wconf 91' lang='lat' dir='ltr'>minus</span> <span class='ocrx_word' id='word_1_115' title='bbox 1474 1553 1767 1623; x_wconf 86' lang='lat' dir='ltr'>perfectos.</span> <span class='ocrx_word' id='word_1_116' title='bbox 1803 1555 1956 1608; x_wconf 91' lang='lat' dir='ltr'>Prius</span> <span class='ocrx_word' id='word_1_117' title='bbox 1986 1554 2097 1607; x_wconf 84' lang='lat' dir='ltr'>ins-</span> 
     </span>
    </p>
   </div>
   <div class='ocr_carea' id='block_1_17' title="bbox 2194 395 3780 467">
    <p class='ocr_par' dir='ltr' id='par_1_17' title="bbox 2194 395 3780 467">
     <span class='ocr_line' id='line_1_17' title="bbox 2194 395 3780 467; baseline 0.005 -20"><span class='ocrx_word' id='word_1_118' title='bbox 2194 402 2351 448; x_wconf 91' lang='lat' dir='ltr'>tenus</span> <span class='ocrx_word' id='word_1_119' title='bbox 2380 397 2447 449; x_wconf 89' lang='lat' dir='ltr'>ab</span> <span class='ocrx_word' id='word_1_120' title='bbox 2475 412 2540 451; x_wconf 93' lang='lat' dir='ltr'>eo</span> <span class='ocrx_word' id='word_1_121' title='bbox 2572 396 2699 452; x_wconf 88' lang='lat' dir='ltr'>licet</span> <span class='ocrx_word' id='word_1_122' title='bbox 2754 396 3015 467; x_wconf 83' lang='lat' dir='ltr'>effugere.</span> <span class='ocrx_word' id='word_1_123' title='bbox 3050 395 3153 465; x_wconf 89' lang='lat' dir='ltr'>Qui</span> <span class='ocrx_word' id='word_1_124' title='bbox 3217 397 3258 451; x_wconf 81' lang='lat' dir='ltr'>si</span> <span class='ocrx_word' id='word_1_125' title='bbox 3289 397 3364 451; x_wconf 89' lang='lat' dir='ltr'>ita</span> <span class='ocrx_word' id='word_1_126' title='bbox 3421 400 3780 455; x_wconf 85' lang='lat' dir='ltr'>communiter</span> 
     </span>
    </p>
   </div>
   <div class='ocr_carea' id='block_1_18' title="bbox 2194 485 3777 554">
    <p class='ocr_par' dir='ltr' id='par_1_18' title="bbox 2194 485 3777 554">
     <span class='ocr_line' id='line_1_18' title="bbox 2194 485 3777 554; baseline 0.004 -19"><span class='ocrx_word' id='word_1_127' title='bbox 2194 491 2273 536; x_wconf 91' lang='lat' dir='ltr'>est</span> <span class='ocrx_word' id='word_1_128' title='bbox 2304 500 2466 553; x_wconf 89' lang='lat' dir='ltr'>super</span> <span class='ocrx_word' id='word_1_129' title='bbox 2492 500 2682 539; x_wconf 91' lang='lat' dir='ltr'>omnes</span> <span class='ocrx_word' id='word_1_130' title='bbox 2714 492 2764 538; x_wconf 90' lang='lat' dir='ltr'>et</span> <span class='ocrx_word' id='word_1_131' title='bbox 2794 501 2894 554; x_wconf 90' lang='lat' dir='ltr'>per</span> <span class='ocrx_word' id='word_1_132' title='bbox 2941 485 3153 551; x_wconf 84' lang='lat' dir='ltr'>omnia,</span> <span class='ocrx_word' id='word_1_133' title='bbox 3184 492 3363 539; x_wconf 91' lang='lat' dir='ltr'>tamen</span> <span class='ocrx_word' id='word_1_134' title='bbox 3417 487 3471 540; x_wconf 92' lang='lat' dir='ltr'>in</span> <span class='ocrx_word' id='word_1_135' title='bbox 3529 488 3777 542; x_wconf 89' lang='lat' dir='ltr'>omnibus</span> 
     </span>
    </p>
   </div>
   <div class='ocr_carea' id='block_1_19' title="bbox 2192 570 3530 644">
    <p class='ocr_par' dir='ltr' id='par_1_19' title="bbox 2192 570 3530 644">
     <span class='ocr_line' id='line_1_19' title="bbox 2192 570 3530 644; baseline 0.004 -21"><span class='ocrx_word' id='word_1_136' title='bbox 2192 570 2378 625; x_wconf 89' lang='lat' dir='ltr'>electis</span> <span class='ocrx_word' id='word_1_137' title='bbox 2407 579 2487 625; x_wconf 89' lang='lat' dir='ltr'>est</span> <span class='ocrx_word' id='word_1_138' title='bbox 2530 571 2877 635; x_wconf 86' lang='lat' dir='ltr'>familiarius,</span> <span class='ocrx_word' id='word_1_139' title='bbox 2912 572 3094 627; x_wconf 91' lang='lat' dir='ltr'>dando</span> <span class='ocrx_word' id='word_1_140' title='bbox 3132 573 3342 644; x_wconf 82' lang='lat' dir='ltr'>gratias</span> <span class='ocrx_word' id='word_1_141' title='bbox 3383 591 3530 629; x_wconf 90' lang='lat' dir='ltr'>suas.</span> 
     </span>
    </p>
   </div>
   <div class='ocr_carea' id='block_1_20' title="bbox 2264 658 3773 732">
    <p class='ocr_par' dir='ltr' id='par_1_20' title="bbox 2264 658 3773 732">
     <span class='ocr_line' id='line_1_20' title="bbox 2264 658 3773 732; baseline 0.003 -20"><span class='ocrx_word' id='word_1_142' title='bbox 2264 658 2362 713; x_wconf 90' lang='lat' dir='ltr'>Hic</span> <span class='ocrx_word' id='word_1_143' title='bbox 2392 666 2569 728; x_wconf 88' lang='lat' dir='ltr'>potest</span> <span class='ocrx_word' id='word_1_144' title='bbox 2600 660 2825 730; x_wconf 85' lang='lat' dir='ltr'>intelligi</span> <span class='ocrx_word' id='word_1_145' title='bbox 2857 659 3106 713; x_wconf 90' lang='lat' dir='ltr'>Trinitas.</span> <span class='ocrx_word' id='word_1_146' title='bbox 3148 662 3326 732; x_wconf 85' lang='lat' dir='ltr'>Super</span> <span class='ocrx_word' id='word_1_147' title='bbox 3347 678 3556 729; x_wconf 85' lang='lat' dir='ltr'>omnes,</span> <span class='ocrx_word' id='word_1_148' title='bbox 3579 664 3773 730; x_wconf 88' lang='lat' dir='ltr'>Pater;</span> 
     </span>
    </p>
   </div>
   <div class='ocr_carea' id='block_1_21' title="bbox 2190 747 3781 817">
    <p class='ocr_par' dir='ltr' id='par_1_21' title="bbox 2190 747 3781 817">
     <span class='ocr_line' id='line_1_21' title="bbox 2190 747 3781 817; baseline 0.003 -17"><span class='ocrx_word' id='word_1_149' title='bbox 2190 762 2293 816; x_wconf 87' lang='lat' dir='ltr'>per</span> <span class='ocrx_word' id='word_1_150' title='bbox 2319 748 2538 811; x_wconf 82' lang='lat' dir='ltr'>omnia,</span> <span class='ocrx_word' id='word_1_151' title='bbox 2572 747 2770 812; x_wconf 88' lang='lat' dir='ltr'>Filius;</span> <span class='ocrx_word' id='word_1_152' title='bbox 2807 750 2868 803; x_wconf 89' lang='lat' dir='ltr'>in</span> <span class='ocrx_word' id='word_1_153' title='bbox 2899 750 3054 804; x_wconf 87' lang='lat' dir='ltr'>nobis</span> <span class='ocrx_word' id='word_1_154' title='bbox 3073 791 3085 814; x_wconf 94' lang='lat'>,</span> <span class='ocrx_word' id='word_1_155' title='bbox 3122 764 3273 803; x_wconf 89' lang='lat' dir='ltr'>amor</span> <span class='ocrx_word' id='word_1_156' title='bbox 3302 750 3472 803; x_wconf 87' lang='lat' dir='ltr'>Patris</span> <span class='ocrx_word' id='word_1_157' title='bbox 3503 759 3555 805; x_wconf 90' lang='lat' dir='ltr'>et</span> <span class='ocrx_word' id='word_1_158' title='bbox 3583 749 3694 817; x_wconf 80' lang='lat' dir='ltr'>ﬁlii,</span> <span class='ocrx_word' id='word_1_159' title='bbox 3727 752 3781 805; x_wconf 90' lang='lat' dir='ltr'>id</span> 
     </span>
    </p>
   </div>
   <div class='ocr_carea' id='block_1_22' title="bbox 2195 834 3777 911">
    <p class='ocr_par' dir='ltr' id='par_1_22' title="bbox 2195 834 3777 911">
     <span class='ocr_line' id='line_1_22' title="bbox 2195 834 3777 911; baseline 0.004 -24"><span class='ocrx_word' id='word_1_160' title='bbox 2195 842 2275 887; x_wconf 89' lang='lat' dir='ltr'>est</span> <span class='ocrx_word' id='word_1_161' title='bbox 2308 834 2536 903; x_wconf 87' lang='lat' dir='ltr'>Spiritus</span> <span class='ocrx_word' id='word_1_162' title='bbox 2556 836 2746 890; x_wconf 86' lang='lat' dir='ltr'>sancti.</span> <span class='ocrx_word' id='word_1_163' title='bbox 2771 834 2907 903; x_wconf 87' lang='lat' dir='ltr'>Quia</span> <span class='ocrx_word' id='word_1_164' title='bbox 2924 835 3130 890; x_wconf 81' lang='lat' dir='ltr'>dixerat</span> <span class='ocrx_word' id='word_1_165' title='bbox 3152 853 3339 891; x_wconf 90' lang='lat' dir='ltr'>sumus</span> <span class='ocrx_word' id='word_1_166' title='bbox 3360 854 3539 893; x_wconf 88' lang='lat' dir='ltr'>unum</span> <span class='ocrx_word' id='word_1_167' title='bbox 3561 855 3777 911; x_wconf 77' lang='lat' dir='ltr'>corpus,</span> 
     </span>
    </p>
   </div>
   <div class='ocr_carea' id='block_1_23' title="bbox 2194 923 3782 995">
    <p class='ocr_par' dir='ltr' id='par_1_23' title="bbox 2194 923 3782 995">
     <span class='ocr_line' id='line_1_23' title="bbox 2194 923 3782 995; baseline 0.004 -20"><span class='ocrx_word' id='word_1_168' title='bbox 2194 938 2343 976; x_wconf 88' lang='lat' dir='ltr'>unus</span> <span class='ocrx_word' id='word_1_169' title='bbox 2364 924 2622 993; x_wconf 77' lang='lat' dir='ltr'>spiritus,</span> <span class='ocrx_word' id='word_1_170' title='bbox 2643 940 2792 978; x_wconf 88' lang='lat' dir='ltr'>unus</span> <span class='ocrx_word' id='word_1_171' title='bbox 2812 931 2893 977; x_wconf 90' lang='lat' dir='ltr'>est</span> <span class='ocrx_word' id='word_1_172' title='bbox 2913 923 3070 978; x_wconf 90' lang='lat' dir='ltr'>nobis</span> <span class='ocrx_word' id='word_1_173' title='bbox 3090 925 3382 992; x_wconf 79' lang='lat' dir='ltr'>Dominus,</span> <span class='ocrx_word' id='word_1_174' title='bbox 3404 941 3523 981; x_wconf 87' lang='lat' dir='ltr'>una</span> <span class='ocrx_word' id='word_1_175' title='bbox 3542 927 3696 995; x_wconf 85' lang='lat' dir='ltr'>ﬁdes,</span> <span class='ocrx_word' id='word_1_176' title='bbox 3716 943 3782 982; x_wconf 91' lang='lat' dir='ltr'>ne</span> 
     </span>
    </p>
   </div>
   <div class='ocr_carea' id='block_1_24' title="bbox 2197 1010 3787 1083">
    <p class='ocr_par' dir='ltr' id='par_1_24' title="bbox 2197 1010 3787 1083">
     <span class='ocr_line' id='line_1_24' title="bbox 2197 1010 3787 1083; baseline 0.005 -22"><span class='ocrx_word' id='word_1_177' title='bbox 2197 1024 2297 1078; x_wconf 91' lang='lat' dir='ltr'>per</span> <span class='ocrx_word' id='word_1_178' title='bbox 2356 1010 2459 1064; x_wconf 91' lang='lat' dir='ltr'>hoc</span> <span class='ocrx_word' id='word_1_179' title='bbox 2505 1011 2649 1065; x_wconf 92' lang='lat' dir='ltr'>male</span> <span class='ocrx_word' id='word_1_180' title='bbox 2706 1010 3059 1081; x_wconf 87' lang='lat' dir='ltr'>Opinarentur</span> <span class='ocrx_word' id='word_1_181' title='bbox 3114 1027 3307 1066; x_wconf 91' lang='lat' dir='ltr'>omnes</span> <span class='ocrx_word' id='word_1_182' title='bbox 3363 1013 3640 1083; x_wconf 62' lang='lat' dir='ltr'>aequaliter</span> <span class='ocrx_word' id='word_1_183' title='bbox 3666 1030 3787 1071; x_wconf 91' lang='lat' dir='ltr'>esse</span> 
     </span>
    </p>
   </div>
   <div class='ocr_carea' id='block_1_25' title="bbox 2194 1096 3786 1170">
    <p class='ocr_par' dir='ltr' id='par_1_25' title="bbox 2194 1096 3786 1170">
     <span class='ocr_line' id='line_1_25' title="bbox 2194 1096 3786 1170; baseline 0.004 -21"><span class='ocrx_word' id='word_1_184' title='bbox 2194 1096 2246 1149; x_wconf 93' lang='lat' dir='ltr'>in</span> <span class='ocrx_word' id='word_1_185' title='bbox 2288 1098 2390 1152; x_wconf 91' lang='lat' dir='ltr'>hac</span> <span class='ocrx_word' id='word_1_186' title='bbox 2420 1114 2562 1152; x_wconf 89' lang='lat' dir='ltr'>nova</span> <span class='ocrx_word' id='word_1_187' title='bbox 2593 1099 2787 1170; x_wconf 88' lang='lat' dir='ltr'>gratia,</span> <span class='ocrx_word' id='word_1_188' title='bbox 2833 1108 2886 1153; x_wconf 92' lang='lat' dir='ltr'>ut</span> <span class='ocrx_word' id='word_1_189' title='bbox 2918 1115 3078 1154; x_wconf 88' lang='lat' dir='ltr'>nemo</span> <span class='ocrx_word' id='word_1_190' title='bbox 3107 1100 3380 1169; x_wconf 76' lang='lat' dir='ltr'>praelatus,</span> <span class='ocrx_word' id='word_1_191' title='bbox 3414 1117 3574 1156; x_wconf 91' lang='lat' dir='ltr'>nemo</span> <span class='ocrx_word' id='word_1_192' title='bbox 3605 1102 3786 1156; x_wconf 87' lang='lat' dir='ltr'>subdi-</span> 
     </span>
    </p>
   </div>
   <div class='ocr_carea' id='block_1_26' title="bbox 2195 1187 3780 1253">
    <p class='ocr_par' dir='ltr' id='par_1_26' title="bbox 2195 1187 3780 1253">
     <span class='ocr_line' id='line_1_26' title="bbox 2195 1187 3780 1253; baseline 0.005 -16"><span class='ocrx_word' id='word_1_193' title='bbox 2195 1191 2299 1250; x_wconf 87' lang='lat' dir='ltr'>tus,</span> <span class='ocrx_word' id='word_1_194' title='bbox 2334 1201 2496 1240; x_wconf 90' lang='lat' dir='ltr'>nemo</span> <span class='ocrx_word' id='word_1_195' title='bbox 2528 1202 2736 1253; x_wconf 90' lang='lat' dir='ltr'>servus,</span> <span class='ocrx_word' id='word_1_196' title='bbox 2786 1202 2949 1241; x_wconf 91' lang='lat' dir='ltr'>nemo</span> <span class='ocrx_word' id='word_1_197' title='bbox 2978 1187 3262 1251; x_wconf 89' lang='lat' dir='ltr'>Dominus,</span> <span class='ocrx_word' id='word_1_198' title='bbox 3324 1188 3648 1243; x_wconf 87' lang='lat' dir='ltr'>determinat</span> <span class='ocrx_word' id='word_1_199' title='bbox 3678 1190 3780 1246; x_wconf 91' lang='lat' dir='ltr'>hoc</span> 
     </span>
    </p>
   </div>
   <div class='ocr_carea' id='block_1_27' title="bbox 2195 1272 3778 1346">
    <p class='ocr_par' dir='ltr' id='par_1_27' title="bbox 2195 1272 3778 1346">
     <span class='ocr_line' id='line_1_27' title="bbox 2195 1272 3778 1346; baseline 0.004 -21"><span class='ocrx_word' id='word_1_200' title='bbox 2195 1272 2381 1326; x_wconf 90' lang='lat' dir='ltr'>dicens</span> <span class='ocrx_word' id='word_1_201' title='bbox 2417 1288 2428 1326; x_wconf 89' lang='lat'><strong>:</strong></span> <span class='ocrx_word' id='word_1_202' title='bbox 2462 1273 2605 1328; x_wconf 89' lang='lat' dir='ltr'>Licet</span> <span class='ocrx_word' id='word_1_203' title='bbox 2626 1290 2794 1328; x_wconf 91' lang='lat' dir='ltr'>unum</span> <span class='ocrx_word' id='word_1_204' title='bbox 2813 1275 3001 1339; x_wconf 89' lang='lat' dir='ltr'>simus,</span> <span class='ocrx_word' id='word_1_205' title='bbox 3028 1292 3302 1346; x_wconf 90' lang='lat' dir='ltr'>unumque</span> <span class='ocrx_word' id='word_1_206' title='bbox 3323 1277 3515 1346; x_wconf 90' lang='lat' dir='ltr'>Deum,</span> <span class='ocrx_word' id='word_1_207' title='bbox 3543 1286 3594 1331; x_wconf 92' lang='lat' dir='ltr'>et</span> <span class='ocrx_word' id='word_1_208' title='bbox 3620 1292 3778 1331; x_wconf 89' lang='lat' dir='ltr'>unam</span> 
     </span>
    </p>
   </div>
   <div class='ocr_carea' id='block_1_28' title="bbox 2197 1359 3781 1435">
    <p class='ocr_par' dir='ltr' id='par_1_28' title="bbox 2197 1359 3781 1435">
     <span class='ocr_line' id='line_1_28' title="bbox 2197 1359 3781 1435; baseline 0.005 -23"><span class='ocrx_word' id='word_1_209' title='bbox 2197 1359 2357 1414; x_wconf 81' lang='lat' dir='ltr'>fidem</span> <span class='ocrx_word' id='word_1_210' title='bbox 2390 1361 2710 1427; x_wconf 87' lang='lat' dir='ltr'>habeamus,</span> <span class='ocrx_word' id='word_1_211' title='bbox 2733 1371 2912 1417; x_wconf 89' lang='lat' dir='ltr'>tamen</span> <span class='ocrx_word' id='word_1_212' title='bbox 2932 1364 3237 1435; x_wconf 81' lang='lat' dir='ltr'>unicuique</span> <span class='ocrx_word' id='word_1_213' title='bbox 3267 1368 3526 1419; x_wconf 87' lang='lat' dir='ltr'>nostrum</span> <span class='ocrx_word' id='word_1_214' title='bbox 3546 1365 3678 1420; x_wconf 89' lang='lat' dir='ltr'>data</span> <span class='ocrx_word' id='word_1_215' title='bbox 3698 1369 3781 1420; x_wconf 80' lang='lat' dir='ltr'>est</span> 
     </span>
    </p>
   </div>
   <div class='ocr_carea' id='block_1_29' title="bbox 2194 1450 3782 1519">
    <p class='ocr_par' dir='ltr' id='par_1_29' title="bbox 2194 1450 3782 1519">
     <span class='ocr_line' id='line_1_29' title="bbox 2194 1450 3782 1519; baseline 0.004 -17"><span class='ocrx_word' id='word_1_216' title='bbox 2194 1450 2381 1519; x_wconf 88' lang='lat' dir='ltr'>gratia</span> <span class='ocrx_word' id='word_1_217' title='bbox 2398 1450 2496 1503; x_wconf 91' lang='lat' dir='ltr'>Dei</span> <span class='ocrx_word' id='word_1_218' title='bbox 2518 1492 2528 1515; x_wconf 90' lang='lat'>,</span> <span class='ocrx_word' id='word_1_219' title='bbox 2554 1466 2663 1504; x_wconf 92' lang='lat' dir='ltr'>non</span> <span class='ocrx_word' id='word_1_220' title='bbox 2685 1450 2878 1505; x_wconf 88' lang='lat' dir='ltr'>eadem</span> <span class='ocrx_word' id='word_1_221' title='bbox 2900 1451 3169 1519; x_wconf 90' lang='lat' dir='ltr'>omnibus,</span> <span class='ocrx_word' id='word_1_222' title='bbox 3196 1452 3288 1506; x_wconf 89' lang='lat' dir='ltr'>sed</span> <span class='ocrx_word' id='word_1_223' title='bbox 3307 1452 3614 1507; x_wconf 86' lang='lat' dir='ltr'>secundum</span> <span class='ocrx_word' id='word_1_224' title='bbox 3629 1469 3782 1509; x_wconf 88' lang='lat' dir='ltr'>men-</span> 
     </span>
    </p>
   </div>
   <div class='ocr_carea' id='block_1_30' title="bbox 2197 1537 3783 1606">
    <p class='ocr_par' dir='ltr' id='par_1_30' title="bbox 2197 1537 3783 1606">
     <span class='ocr_line' id='line_1_30' title="bbox 2197 1537 3783 1606; baseline 0.003 -16"><span class='ocrx_word' id='word_1_225' title='bbox 2197 1553 2391 1591; x_wconf 84' lang='lat' dir='ltr'>suram</span> <span class='ocrx_word' id='word_1_226' title='bbox 2421 1537 2766 1606; x_wconf 79' lang='lat' dir='ltr'>donationis,</span> <span class='ocrx_word' id='word_1_227' title='bbox 2801 1538 2855 1592; x_wconf 93' lang='lat' dir='ltr'>id</span> <span class='ocrx_word' id='word_1_228' title='bbox 2879 1547 2959 1592; x_wconf 90' lang='lat' dir='ltr'>est</span> <span class='ocrx_word' id='word_1_229' title='bbox 2990 1539 3269 1593; x_wconf 90' lang='lat' dir='ltr'>donatoris</span> <span class='ocrx_word' id='word_1_230' title='bbox 3292 1539 3519 1595; x_wconf 82' lang='lat' dir='ltr'>Christi.</span> <span class='ocrx_word' id='word_1_231' title='bbox 3544 1541 3676 1596; x_wconf 86' lang='lat' dir='ltr'>Huic</span> <span class='ocrx_word' id='word_1_232' title='bbox 3697 1541 3783 1595; x_wconf 91' lang='lat' dir='ltr'>illa</span> 
     </span>
    </p>
   </div>
   <div class='ocr_carea' id='block_1_31' title="bbox 504 1625 3784 1708">
    <p class='ocr_par' dir='ltr' id='par_1_31' title="bbox 504 1625 3784 1708">
     <span class='ocr_line' id='line_1_31' title="bbox 504 1625 3784 1708; baseline 0.001 -10"><span class='ocrx_word' id='word_1_233' title='bbox 504 1625 691 1698; x_wconf 73' lang='lat' dir='ltr'>tt&#39;uens</span> <span class='ocrx_word' id='word_1_234' title='bbox 721 1658 913 1697; x_wconf 90' lang='lat' dir='ltr'>omnes</span> <span class='ocrx_word' id='word_1_235' title='bbox 933 1641 986 1694; x_wconf 92' lang='lat' dir='ltr'>in</span> <span class='ocrx_word' id='word_1_236' title='bbox 1010 1640 1302 1705; x_wconf 90' lang='lat' dir='ltr'>communi,</span> <span class='ocrx_word' id='word_1_237' title='bbox 1338 1641 1533 1696; x_wconf 87' lang='lat' dir='ltr'>dehinc</span> <span class='ocrx_word' id='word_1_238' title='bbox 1570 1642 1907 1697; x_wconf 91' lang='lat' dir='ltr'>conditiones</span> <span class='ocrx_word' id='word_1_239' title='bbox 1936 1659 2098 1697; x_wconf 88' lang='lat' dir='ltr'>sexus</span> <span class='ocrx_word' id='word_1_240' title='bbox 2119 1650 2169 1708; x_wconf 88' lang='grc' dir='ltr'>Β</span> <span class='ocrx_word' id='word_1_241' title='bbox 2199 1625 2387 1695; x_wconf 50' lang='lat' dir='ltr'>grati“,</span> <span class='ocrx_word' id='word_1_242' title='bbox 2420 1626 2547 1680; x_wconf 66' lang='lat' dir='ltr'>hUiC</span> <span class='ocrx_word' id='word_1_243' title='bbox 2579 1626 2702 1691; x_wconf 68' lang='grc' dir='ltr'>ίεῑθι</span> <span class='ocrx_word' id='word_1_244' title='bbox 2737 1634 2789 1680; x_wconf 68' lang='grc' dir='ltr'>εἴ</span> <span class='ocrx_word' id='word_1_245' title='bbox 2816 1626 3138 1698; x_wconf 64' lang='lat' dir='ltr'>Plerumque</span> <span class='ocrx_word' id='word_1_246' title='bbox 3169 1627 3224 1680; x_wconf 73' lang='lat' dir='ltr'>in</span> <span class='ocrx_word' id='word_1_247' title='bbox 3272 1628 3464 1683; x_wconf 70' lang='lat' dir='ltr'>eadem</span> <span class='ocrx_word' id='word_1_248' title='bbox 3495 1630 3670 1701; x_wconf 51' lang='lat' dir='ltr'>gratia</span> <span class='ocrx_word' id='word_1_249' title='bbox 3696 1629 3784 1684; x_wconf 70' lang='grc' dir='ltr'>ἀί·</span> 
     </span>
    </p>
   </div>
   <div class='ocr_carea' id='block_1_32' title="bbox 503 1728 2095 1801">
    <p class='ocr_par' dir='ltr' id='par_1_32' title="bbox 503 1728 2095 1801">
     <span class='ocr_line' id='line_1_32' title="bbox 503 1728 2095 1801; baseline -0.001 -15"><span class='ocrx_word' id='word_1_250' title='bbox 503 1741 556 1787; x_wconf 91' lang='lat' dir='ltr'>et</span> <span class='ocrx_word' id='word_1_251' title='bbox 586 1739 773 1786; x_wconf 79' lang='lat' dir='ltr'>aetates</span> <span class='ocrx_word' id='word_1_252' title='bbox 803 1728 1046 1783; x_wconf 84' lang='lat' dir='ltr'>divisim.</span> <span class='ocrx_word' id='word_1_253' title='bbox 1087 1728 1284 1782; x_wconf 88' lang='lat' dir='ltr'>Littera</span> <span class='ocrx_word' id='word_1_254' title='bbox 1316 1729 1394 1783; x_wconf 92' lang='lat' dir='ltr'>sic</span> <span class='ocrx_word' id='word_1_255' title='bbox 1446 1729 1689 1801; x_wconf 89' lang='lat' dir='ltr'>jungitur</span> <span class='ocrx_word' id='word_1_256' title='bbox 1728 1745 1739 1782; x_wconf 73' lang='grc' dir='ltr'><strong>ε</strong></span> <span class='ocrx_word' id='word_1_257' title='bbox 1777 1729 1916 1798; x_wconf 88' lang='lat' dir='ltr'>Quia</span> <span class='ocrx_word' id='word_1_258' title='bbox 1948 1732 2095 1784; x_wconf 90' lang='lat' dir='ltr'>Deus</span> 
     </span>
    </p>
   </div>
   <div class='ocr_carea' id='block_1_33' title="bbox 500 1816 2097 1891">
    <p class='ocr_par' dir='ltr' id='par_1_33' title="bbox 500 1816 2097 1891">
     <span class='ocr_line' id='line_1_33' title="bbox 500 1816 2097 1891; baseline -0.001 -17"><span class='ocrx_word' id='word_1_259' title='bbox 500 1824 699 1891; x_wconf 89' lang='lat' dir='ltr'>potens</span> <span class='ocrx_word' id='word_1_260' title='bbox 720 1822 803 1873; x_wconf 87' lang='lat' dir='ltr'>est</span> <span class='ocrx_word' id='word_1_261' title='bbox 833 1820 1021 1887; x_wconf 84' lang='lat' dir='ltr'>facere</span> <span class='ocrx_word' id='word_1_262' title='bbox 1045 1816 1198 1870; x_wconf 88' lang='lat' dir='ltr'>vobis</span> <span class='ocrx_word' id='word_1_263' title='bbox 1222 1832 1386 1886; x_wconf 89' lang='lat' dir='ltr'>supra</span> <span class='ocrx_word' id='word_1_264' title='bbox 1408 1834 1575 1886; x_wconf 86' lang='lat' dir='ltr'>quam</span> <span class='ocrx_word' id='word_1_265' title='bbox 1604 1820 1853 1887; x_wconf 82' lang='lat' dir='ltr'>petimus</span> <span class='ocrx_word' id='word_1_266' title='bbox 1884 1822 1985 1873; x_wconf 87' lang='lat' dir='ltr'>aut</span> <span class='ocrx_word' id='word_1_267' title='bbox 2014 1819 2097 1872; x_wconf 86' lang='lat' dir='ltr'>in-</span> 
     </span>
    </p>
   </div>
   <div class='ocr_carea' id='block_1_34' title="bbox 508 1904 2098 1977">
    <p class='ocr_par' dir='ltr' id='par_1_34' title="bbox 508 1904 2098 1977">
     <span class='ocr_line' id='line_1_34' title="bbox 508 1904 2098 1977; baseline -0.003 -13"><span class='ocrx_word' id='word_1_268' title='bbox 508 1908 833 1977; x_wconf 85' lang='lat' dir='ltr'>telligimus.</span> <span class='ocrx_word' id='word_1_269' title='bbox 871 1906 1062 1975; x_wconf 83' lang='lat' dir='ltr'>Itaque</span> <span class='ocrx_word' id='word_1_270' title='bbox 1092 1905 1334 1971; x_wconf 87' lang='lat' dir='ltr'>obsecro,</span> <span class='ocrx_word' id='word_1_271' title='bbox 1388 1904 1442 1957; x_wconf 90' lang='lat' dir='ltr'>id</span> <span class='ocrx_word' id='word_1_272' title='bbox 1474 1912 1555 1958; x_wconf 91' lang='lat' dir='ltr'>est</span> <span class='ocrx_word' id='word_1_273' title='bbox 1601 1922 1699 1974; x_wconf 87' lang='lat' dir='ltr'>per</span> <span class='ocrx_word' id='word_1_274' title='bbox 1728 1904 1907 1959; x_wconf 87' lang='lat' dir='ltr'>omnia</span> <span class='ocrx_word' id='word_1_275' title='bbox 1938 1921 2098 1961; x_wconf 89' lang='lat' dir='ltr'>sacra</span> 
     </span>
    </p>
   </div>
   <div class='ocr_carea' id='block_1_35' title="bbox 502 1993 2099 2062">
    <p class='ocr_par' dir='ltr' id='par_1_35' title="bbox 502 1993 2099 2062">
     <span class='ocr_line' id='line_1_35' title="bbox 502 1993 2099 2062; baseline -0.003 -11"><span class='ocrx_word' id='word_1_276' title='bbox 502 1994 812 2062; x_wconf 88' lang='lat' dir='ltr'>vosadjuro,</span> <span class='ocrx_word' id='word_1_277' title='bbox 864 2008 959 2061; x_wconf 88' lang='lat' dir='ltr'>ego</span> <span class='ocrx_word' id='word_1_278' title='bbox 1014 1994 1237 2046; x_wconf 85' lang='lat' dir='ltr'>vinctus</span> <span class='ocrx_word' id='word_1_279' title='bbox 1266 1993 1329 2046; x_wconf 88' lang='lat' dir='ltr'>in</span> <span class='ocrx_word' id='word_1_280' title='bbox 1372 1993 1624 2056; x_wconf 89' lang='lat' dir='ltr'>Domino,</span> <span class='ocrx_word' id='word_1_281' title='bbox 1664 1993 1718 2045; x_wconf 88' lang='lat' dir='ltr'>id</span> <span class='ocrx_word' id='word_1_282' title='bbox 1774 2002 1851 2046; x_wconf 91' lang='lat' dir='ltr'>est</span> <span class='ocrx_word' id='word_1_283' title='bbox 1881 2000 2099 2062; x_wconf 91' lang='lat' dir='ltr'>propter</span> 
     </span>
    </p>
   </div>
   <div class='ocr_carea' id='block_1_36' title="bbox 501 2078 2097 2149">
    <p class='ocr_par' dir='ltr' id='par_1_36' title="bbox 501 2078 2097 2149">
     <span class='ocr_line' id='line_1_36' title="bbox 501 2078 2097 2149; baseline -0.002 -12"><span class='ocrx_word' id='word_1_284' title='bbox 501 2082 821 2143; x_wconf 87' lang='lat' dir='ltr'>Dominum,</span> <span class='ocrx_word' id='word_1_285' title='bbox 860 2095 1019 2149; x_wconf 87' lang='lat' dir='ltr'>quem</span> <span class='ocrx_word' id='word_1_286' title='bbox 1052 2080 1105 2131; x_wconf 93' lang='lat' dir='ltr'>in</span> <span class='ocrx_word' id='word_1_287' title='bbox 1152 2078 1380 2133; x_wconf 90' lang='lat' dir='ltr'>vinculis</span> <span class='ocrx_word' id='word_1_288' title='bbox 1433 2078 1709 2133; x_wconf 69' lang='lat' dir='ltr'>oti‘endere</span> <span class='ocrx_word' id='word_1_289' title='bbox 1743 2096 1851 2133; x_wconf 91' lang='lat' dir='ltr'>non</span> <span class='ocrx_word' id='word_1_290' title='bbox 1880 2089 1961 2135; x_wconf 89' lang='lat' dir='ltr'>est</span> <span class='ocrx_word' id='word_1_291' title='bbox 1992 2081 2097 2134; x_wconf 91' lang='lat' dir='ltr'>mi-</span> 
     </span>
    </p>
   </div>
   <div class='ocr_carea' id='block_1_37' title="bbox 502 2165 2098 2240">
    <p class='ocr_par' dir='ltr' id='par_1_37' title="bbox 502 2165 2098 2240">
     <span class='ocr_line' id='line_1_37' title="bbox 502 2165 2098 2240; baseline 0 -17"><span class='ocrx_word' id='word_1_292' title='bbox 502 2170 649 2223; x_wconf 91' lang='lat' dir='ltr'>nima</span> <span class='ocrx_word' id='word_1_293' title='bbox 678 2167 855 2236; x_wconf 92' lang='lat' dir='ltr'>culpa.</span> <span class='ocrx_word' id='word_1_294' title='bbox 884 2168 1131 2231; x_wconf 84' lang='lat' dir='ltr'>Obsecro,</span> <span class='ocrx_word' id='word_1_295' title='bbox 1156 2165 1397 2235; x_wconf 79' lang='lat' dir='ltr'>inquam,</span> <span class='ocrx_word' id='word_1_296' title='bbox 1420 2171 1483 2221; x_wconf 86' lang='lat' dir='ltr'>ut</span> <span class='ocrx_word' id='word_1_297' title='bbox 1509 2168 1811 2223; x_wconf 87' lang='lat' dir='ltr'>ambuletis</span> <span class='ocrx_word' id='word_1_298' title='bbox 1841 2185 1938 2237; x_wconf 90' lang='lat' dir='ltr'>per</span> <span class='ocrx_word' id='word_1_299' title='bbox 1977 2184 2098 2240; x_wconf 88' lang='lat' dir='ltr'>gra-</span> 
     </span>
    </p>
   </div>
   <div class='ocr_carea' id='block_1_38' title="bbox 502 2255 2098 2325">
    <p class='ocr_par' dir='ltr' id='par_1_38' title="bbox 502 2255 2098 2325">
     <span class='ocr_line' id='line_1_38' title="bbox 502 2255 2098 2325; baseline -0.001 -15"><span class='ocrx_word' id='word_1_300' title='bbox 502 2258 603 2311; x_wconf 87' lang='lat' dir='ltr'>dus</span> <span class='ocrx_word' id='word_1_301' title='bbox 635 2256 891 2310; x_wconf 91' lang='lat' dir='ltr'>virtutum</span> <span class='ocrx_word' id='word_1_302' title='bbox 918 2255 1103 2323; x_wconf 81' lang='lat' dir='ltr'>digne,</span> <span class='ocrx_word' id='word_1_303' title='bbox 1132 2256 1420 2308; x_wconf 85' lang='lat' dir='ltr'>vocatione</span> <span class='ocrx_word' id='word_1_304' title='bbox 1442 2270 1549 2325; x_wconf 88' lang='lat' dir='ltr'>qua</span> <span class='ocrx_word' id='word_1_305' title='bbox 1573 2256 1755 2308; x_wconf 87' lang='lat' dir='ltr'>vocati</span> <span class='ocrx_word' id='word_1_306' title='bbox 1790 2257 1957 2321; x_wconf 84' lang='lat' dir='ltr'>estis;</span> <span class='ocrx_word' id='word_1_307' title='bbox 1990 2272 2098 2310; x_wconf 92' lang='lat' dir='ltr'>non</span> 
     </span>
    </p>
   </div>
   <div class='ocr_carea' id='block_1_39' title="bbox 504 2341 2097 2410">
    <p class='ocr_par' dir='ltr' id='par_1_39' title="bbox 504 2341 2097 2410">
     <span class='ocr_line' id='line_1_39' title="bbox 504 2341 2097 2410; baseline -0.001 -12"><span class='ocrx_word' id='word_1_308' title='bbox 504 2344 649 2398; x_wconf 89' lang='lat' dir='ltr'>enim</span> <span class='ocrx_word' id='word_1_309' title='bbox 676 2342 847 2397; x_wconf 88' lang='lat' dir='ltr'>vocati</span> <span class='ocrx_word' id='word_1_310' title='bbox 880 2341 1008 2395; x_wconf 90' lang='lat' dir='ltr'>estis</span> <span class='ocrx_word' id='word_1_311' title='bbox 1044 2341 1113 2394; x_wconf 88' lang='lat' dir='ltr'>ad</span> <span class='ocrx_word' id='word_1_312' title='bbox 1143 2341 1464 2410; x_wconf 90' lang='lat' dir='ltr'>complenda</span> <span class='ocrx_word' id='word_1_313' title='bbox 1483 2342 1752 2396; x_wconf 88' lang='lat' dir='ltr'>desideria</span> <span class='ocrx_word' id='word_1_314' title='bbox 1775 2342 1973 2410; x_wconf 88' lang='lat' dir='ltr'>carnis,</span> <span class='ocrx_word' id='word_1_315' title='bbox 2000 2344 2097 2397; x_wconf 92' lang='lat' dir='ltr'>sed</span> 
     </span>
    </p>
   </div>
   <div class='ocr_carea' id='block_1_40' title="bbox 503 2428 2092 2498">
    <p class='ocr_par' dir='ltr' id='par_1_40' title="bbox 503 2428 2092 2498">
     <span class='ocr_line' id='line_1_40' title="bbox 503 2428 2092 2498; baseline -0.003 -12"><span class='ocrx_word' id='word_1_316' title='bbox 503 2440 559 2486; x_wconf 88' lang='lat' dir='ltr'>ut.</span> <span class='ocrx_word' id='word_1_317' title='bbox 589 2430 885 2486; x_wconf 90' lang='lat' dir='ltr'>secundum</span> <span class='ocrx_word' id='word_1_318' title='bbox 919 2428 1163 2498; x_wconf 86' lang='lat' dir='ltr'>spiritum</span> <span class='ocrx_word' id='word_1_319' title='bbox 1196 2444 1420 2484; x_wconf 91' lang='lat' dir='ltr'>carnem</span> <span class='ocrx_word' id='word_1_320' title='bbox 1475 2428 1834 2498; x_wconf 78' lang='lat' dir='ltr'>mortificetis,</span> <span class='ocrx_word' id='word_1_321' title='bbox 1868 2430 2092 2498; x_wconf 91' lang='lat' dir='ltr'>scilicet,</span> 
     </span>
    </p>
   </div>
   <div class='ocr_carea' id='block_1_41' title="bbox 504 2518 2091 2584">
    <p class='ocr_par' dir='ltr' id='par_1_41' title="bbox 504 2518 2091 2584">
     <span class='ocr_line' id='line_1_41' title="bbox 504 2518 2091 2584; baseline -0.001 -11"><span class='ocrx_word' id='word_1_322' title='bbox 504 2518 793 2573; x_wconf 87' lang='lat' dir='ltr'>ambuletis</span> <span class='ocrx_word' id='word_1_323' title='bbox 823 2534 951 2573; x_wconf 88' lang='lat' dir='ltr'>cum</span> <span class='ocrx_word' id='word_1_324' title='bbox 982 2519 1137 2572; x_wconf 89' lang='lat' dir='ltr'>omni</span> <span class='ocrx_word' id='word_1_325' title='bbox 1161 2518 1508 2582; x_wconf 84' lang='lat' dir='ltr'>humilitate,</span> <span class='ocrx_word' id='word_1_326' title='bbox 1542 2526 1593 2572; x_wconf 90' lang='lat' dir='ltr'>et</span> <span class='ocrx_word' id='word_1_327' title='bbox 1614 2518 1669 2570; x_wconf 93' lang='lat' dir='ltr'>in</span> <span class='ocrx_word' id='word_1_328' title='bbox 1689 2518 1867 2572; x_wconf 92' lang='lat' dir='ltr'>animo</span> <span class='ocrx_word' id='word_1_329' title='bbox 1890 2518 2091 2584; x_wconf 90' lang='lat' dir='ltr'>habita,</span> 
     </span>
    </p>
   </div>
   <div class='ocr_carea' id='block_1_42' title="bbox 506 2604 2096 2674">
    <p class='ocr_par' dir='ltr' id='par_1_42' title="bbox 506 2604 2096 2674">
     <span class='ocr_line' id='line_1_42' title="bbox 506 2604 2096 2674; baseline -0.002 -12"><span class='ocrx_word' id='word_1_330' title='bbox 506 2616 558 2663; x_wconf 92' lang='lat' dir='ltr'>et</span> <span class='ocrx_word' id='word_1_331' title='bbox 602 2607 737 2661; x_wconf 80' lang='lat' dir='ltr'>foris</span> <span class='ocrx_word' id='word_1_332' title='bbox 767 2614 1013 2660; x_wconf 90' lang='lat' dir='ltr'>ostensa.</span> <span class='ocrx_word' id='word_1_333' title='bbox 1056 2604 1229 2674; x_wconf 90' lang='lat' dir='ltr'>Culpa</span> <span class='ocrx_word' id='word_1_334' title='bbox 1284 2605 1426 2659; x_wconf 92' lang='lat' dir='ltr'>enim</span> <span class='ocrx_word' id='word_1_335' title='bbox 1458 2612 1541 2660; x_wconf 91' lang='lat' dir='ltr'>est</span> <span class='ocrx_word' id='word_1_336' title='bbox 1570 2605 1712 2658; x_wconf 92' lang='lat' dir='ltr'>intus</span> <span class='ocrx_word' id='word_1_337' title='bbox 1770 2622 1892 2661; x_wconf 90' lang='lat' dir='ltr'>esse</span> <span class='ocrx_word' id='word_1_338' title='bbox 1922 2606 2096 2660; x_wconf 91' lang='lat' dir='ltr'>humi-</span> 
     </span>
    </p>
   </div>
   <div class='ocr_carea' id='block_1_43' title="bbox 501 2692 2095 2762">
    <p class='ocr_par' dir='ltr' id='par_1_43' title="bbox 501 2692 2095 2762">
     <span class='ocr_line' id='line_1_43' title="bbox 501 2692 2095 2762; baseline -0.001 -13"><span class='ocrx_word' id='word_1_339' title='bbox 501 2696 631 2761; x_wconf 88' lang='lat' dir='ltr'>lem,</span> <span class='ocrx_word' id='word_1_340' title='bbox 665 2703 718 2749; x_wconf 90' lang='lat' dir='ltr'>et</span> <span class='ocrx_word' id='word_1_341' title='bbox 772 2692 902 2747; x_wconf 78' lang='lat' dir='ltr'>foris</span> <span class='ocrx_word' id='word_1_342' title='bbox 946 2692 1204 2746; x_wconf 91' lang='lat' dir='ltr'>simulare</span> <span class='ocrx_word' id='word_1_343' title='bbox 1269 2692 1609 2762; x_wconf 89' lang='lat' dir='ltr'>superbiam,</span> <span class='ocrx_word' id='word_1_344' title='bbox 1642 2710 1761 2747; x_wconf 91' lang='lat' dir='ltr'>cum</span> <span class='ocrx_word' id='word_1_345' title='bbox 1822 2693 1901 2749; x_wconf 91' lang='lat' dir='ltr'>sic</span> <span class='ocrx_word' id='word_1_346' title='bbox 1938 2694 2007 2748; x_wconf 92' lang='lat' dir='ltr'>de</span> <span class='ocrx_word' id='word_1_347' title='bbox 2035 2710 2095 2748; x_wconf 91' lang='lat' dir='ltr'>se</span> 
     </span>
    </p>
   </div>
   <div class='ocr_carea' id='block_1_44' title="bbox 502 2780 2093 2846">
    <p class='ocr_par' dir='ltr' id='par_1_44' title="bbox 502 2780 2093 2846">
     <span class='ocr_line' id='line_1_44' title="bbox 502 2780 2093 2846; baseline -0.003 -8"><span class='ocrx_word' id='word_1_348' title='bbox 502 2782 847 2838; x_wconf 90' lang='lat' dir='ltr'>occasionem</span> <span class='ocrx_word' id='word_1_349' title='bbox 881 2780 1083 2833; x_wconf 87' lang='lat' dir='ltr'>tribuat</span> <span class='ocrx_word' id='word_1_350' title='bbox 1120 2780 1508 2846; x_wconf 88' lang='lat' dir='ltr'>maledicendi,</span> <span class='ocrx_word' id='word_1_351' title='bbox 1544 2788 1597 2833; x_wconf 92' lang='lat' dir='ltr'>et</span> <span class='ocrx_word' id='word_1_352' title='bbox 1644 2781 1943 2836; x_wconf 85' lang='lat' dir='ltr'>occultetur</span> <span class='ocrx_word' id='word_1_353' title='bbox 1980 2781 2093 2835; x_wconf 88' lang='lat' dir='ltr'>vir-</span> 
     </span>
    </p>
   </div>
   <div class='ocr_carea' id='block_1_45' title="bbox 501 2866 2094 2939">
    <p class='ocr_par' dir='ltr' id='par_1_45' title="bbox 501 2866 2094 2939">
     <span class='ocr_line' id='line_1_45' title="bbox 501 2866 2094 2939; baseline -0.002 -14"><span class='ocrx_word' id='word_1_354' title='bbox 501 2880 584 2925; x_wconf 93' lang='lat' dir='ltr'>tus</span> <span class='ocrx_word' id='word_1_355' title='bbox 615 2870 767 2939; x_wconf 89' lang='lat' dir='ltr'>cujus</span> <span class='ocrx_word' id='word_1_356' title='bbox 813 2868 1112 2921; x_wconf 90' lang='lat' dir='ltr'>imitatione</span> <span class='ocrx_word' id='word_1_357' title='bbox 1156 2866 1329 2937; x_wconf 92' lang='lat' dir='ltr'>potuit</span> <span class='ocrx_word' id='word_1_358' title='bbox 1386 2867 1580 2921; x_wconf 88' lang='lat' dir='ltr'>instrui</span> <span class='ocrx_word' id='word_1_359' title='bbox 1615 2869 1911 2938; x_wconf 80' lang='lat' dir='ltr'>proximus.</span> <span class='ocrx_word' id='word_1_360' title='bbox 1943 2868 2094 2923; x_wconf 89' lang='lat' dir='ltr'>Foris</span> 
     </span>
    </p>
   </div>
   <div class='ocr_carea' id='block_1_46' title="bbox 497 2954 2093 3024">
    <p class='ocr_par' dir='ltr' id='par_1_46' title="bbox 497 2954 2093 3024">
     <span class='ocr_line' id='line_1_46' title="bbox 497 2954 2093 3024; baseline -0.001 -12"><span class='ocrx_word' id='word_1_361' title='bbox 497 2966 675 3012; x_wconf 88' lang='lat' dir='ltr'>autem</span> <span class='ocrx_word' id='word_1_362' title='bbox 707 2956 984 3021; x_wconf 88' lang='lat' dir='ltr'>humilem,</span> <span class='ocrx_word' id='word_1_363' title='bbox 1019 2954 1159 3007; x_wconf 90' lang='lat' dir='ltr'>intus</span> <span class='ocrx_word' id='word_1_364' title='bbox 1191 2971 1313 3008; x_wconf 90' lang='lat' dir='ltr'>esse</span> <span class='ocrx_word' id='word_1_365' title='bbox 1345 2954 1635 3024; x_wconf 90' lang='lat' dir='ltr'>superbum</span> <span class='ocrx_word' id='word_1_366' title='bbox 1662 2975 1675 3016; x_wconf 82' lang='lat'><strong>;</strong></span> <span class='ocrx_word' id='word_1_367' title='bbox 1709 2955 1839 3009; x_wconf 92' lang='lat' dir='ltr'>nulli</span> <span class='ocrx_word' id='word_1_368' title='bbox 1871 2956 2093 3010; x_wconf 91' lang='lat' dir='ltr'>dubium</span> 
     </span>
    </p>
   </div>
   <div class='ocr_carea' id='block_1_47' title="bbox 498 3041 2090 3116">
    <p class='ocr_par' dir='ltr' id='par_1_47' title="bbox 498 3041 2090 3116">
     <span class='ocr_line' id='line_1_47' title="bbox 498 3041 2090 3116; baseline -0.001 -17"><span class='ocrx_word' id='word_1_369' title='bbox 498 3047 627 3116; x_wconf 89' lang='lat' dir='ltr'>quin</span> <span class='ocrx_word' id='word_1_370' title='bbox 674 3045 741 3098; x_wconf 91' lang='lat' dir='ltr'>sit</span> <span class='ocrx_word' id='word_1_371' title='bbox 794 3042 1063 3113; x_wconf 85' lang='lat' dir='ltr'>culpabile</span> <span class='ocrx_word' id='word_1_372' title='bbox 1108 3041 1163 3095; x_wconf 92' lang='lat' dir='ltr'>in</span> <span class='ocrx_word' id='word_1_373' title='bbox 1201 3043 1349 3097; x_wconf 91' lang='lat' dir='ltr'>omni</span> <span class='ocrx_word' id='word_1_374' title='bbox 1393 3043 1719 3107; x_wconf 90' lang='lat' dir='ltr'>humilitate,</span> <span class='ocrx_word' id='word_1_375' title='bbox 1754 3047 1809 3097; x_wconf 90' lang='lat' dir='ltr'>et</span> <span class='ocrx_word' id='word_1_376' title='bbox 1857 3043 1910 3097; x_wconf 92' lang='lat' dir='ltr'>in</span> <span class='ocrx_word' id='word_1_377' title='bbox 1941 3044 2090 3098; x_wconf 92' lang='lat' dir='ltr'>omni</span> 
     </span>
    </p>
   </div>
   <div class='ocr_carea' id='block_1_48' title="bbox 497 3130 2091 3195">
    <p class='ocr_par' dir='ltr' id='par_1_48' title="bbox 497 3130 2091 3195">
     <span class='ocr_line' id='line_1_48' title="bbox 497 3130 2091 3195; baseline -0.001 -8"><span class='ocrx_word' id='word_1_378' title='bbox 497 3132 984 3195; x_wconf 83' lang='lat' dir='ltr'>mansuetudine,</span> <span class='ocrx_word' id='word_1_379' title='bbox 1043 3138 1099 3184; x_wconf 92' lang='lat' dir='ltr'>ut</span> <span class='ocrx_word' id='word_1_380' title='bbox 1146 3130 1438 3184; x_wconf 89' lang='lat' dir='ltr'>tractabilis</span> <span class='ocrx_word' id='word_1_381' title='bbox 1518 3130 1585 3183; x_wconf 91' lang='lat' dir='ltr'>sit</span> <span class='ocrx_word' id='word_1_382' title='bbox 1653 3131 1723 3184; x_wconf 91' lang='lat' dir='ltr'>ad</span> <span class='ocrx_word' id='word_1_383' title='bbox 1793 3146 1982 3187; x_wconf 91' lang='lat' dir='ltr'>omnes</span> <span class='ocrx_word' id='word_1_384' title='bbox 2039 3140 2091 3185; x_wconf 92' lang='lat' dir='ltr'>et</span> 
     </span>
    </p>
   </div>
   <div class='ocr_carea' id='block_1_49' title="bbox 501 3217 2089 3289">
    <p class='ocr_par' dir='ltr' id='par_1_49' title="bbox 501 3217 2089 3289">
     <span class='ocr_line' id='line_1_49' title="bbox 501 3217 2089 3289; baseline -0.001 -16"><span class='ocrx_word' id='word_1_385' title='bbox 501 3220 751 3285; x_wconf 81' lang='lat' dir='ltr'>aﬂ&#39;abilis,</span> <span class='ocrx_word' id='word_1_386' title='bbox 784 3223 840 3273; x_wconf 91' lang='lat' dir='ltr'>et</span> <span class='ocrx_word' id='word_1_387' title='bbox 872 3234 1001 3273; x_wconf 86' lang='lat' dir='ltr'>cum</span> <span class='ocrx_word' id='word_1_388' title='bbox 1049 3217 1197 3271; x_wconf 92' lang='lat' dir='ltr'>omni</span> <span class='ocrx_word' id='word_1_389' title='bbox 1226 3220 1512 3288; x_wconf 84' lang='lat' dir='ltr'>patientia</span> <span class='ocrx_word' id='word_1_390' title='bbox 1532 3227 1745 3272; x_wconf 83' lang='lat' dir='ltr'>servata</span> <span class='ocrx_word' id='word_1_391' title='bbox 1775 3218 1829 3272; x_wconf 92' lang='lat' dir='ltr'>in</span> <span class='ocrx_word' id='word_1_392' title='bbox 1858 3219 2089 3289; x_wconf 90' lang='lat' dir='ltr'>quibus-</span> 
     </span>
    </p>
   </div>
   <div class='ocr_carea' id='block_1_50' title="bbox 495 3305 2084 3377">
    <p class='ocr_par' dir='ltr' id='par_1_50' title="bbox 495 3305 2084 3377">
     <span class='ocr_line' id='line_1_50' title="bbox 495 3305 2084 3377; baseline -0.001 -16"><span class='ocrx_word' id='word_1_393' title='bbox 495 3307 628 3362; x_wconf 89' lang='lat' dir='ltr'>libet</span> <span class='ocrx_word' id='word_1_394' title='bbox 667 3305 933 3374; x_wconf 90' lang='lat' dir='ltr'>adversis,</span> <span class='ocrx_word' id='word_1_395' title='bbox 967 3310 1366 3377; x_wconf 84' lang='lat' dir='ltr'>supportantes</span> <span class='ocrx_word' id='word_1_396' title='bbox 1398 3307 1639 3361; x_wconf 84' lang='lat' dir='ltr'>invicem</span> <span class='ocrx_word' id='word_1_397' title='bbox 1670 3306 1807 3361; x_wconf 90' lang='lat' dir='ltr'>alter</span> <span class='ocrx_word' id='word_1_398' title='bbox 1838 3306 2084 3372; x_wconf 90' lang='lat' dir='ltr'>alterum,</span> 
     </span>
    </p>
   </div>
   <div class='ocr_carea' id='block_1_51' title="bbox 497 3393 2090 3466">
    <p class='ocr_par' dir='ltr' id='par_1_51' title="bbox 497 3393 2090 3466">
     <span class='ocr_line' id='line_1_51' title="bbox 497 3393 2090 3466; baseline -0.001 -16"><span class='ocrx_word' id='word_1_399' title='bbox 497 3396 542 3449; x_wconf 93' lang='lat' dir='ltr'>si</span> <span class='ocrx_word' id='word_1_400' title='bbox 572 3395 874 3450; x_wconf 89' lang='lat' dir='ltr'>molestiam</span> <span class='ocrx_word' id='word_1_401' title='bbox 932 3393 1105 3447; x_wconf 90' lang='lat' dir='ltr'>intulit</span> <span class='ocrx_word' id='word_1_402' title='bbox 1136 3393 1210 3447; x_wconf 89' lang='lat' dir='ltr'>ei.</span> <span class='ocrx_word' id='word_1_403' title='bbox 1269 3394 1367 3447; x_wconf 86' lang='lat' dir='ltr'>Vel</span> <span class='ocrx_word' id='word_1_404' title='bbox 1422 3399 1856 3466; x_wconf 81' lang='lat' dir='ltr'>supportantes,</span> <span class='ocrx_word' id='word_1_405' title='bbox 1905 3394 1959 3448; x_wconf 95' lang='lat' dir='ltr'>id</span> <span class='ocrx_word' id='word_1_406' title='bbox 2008 3403 2090 3450; x_wconf 90' lang='lat' dir='ltr'>est</span> 
     </span>
    </p>
   </div>
   <div class='ocr_carea' id='block_1_52' title="bbox 497 3480 2089 3554">
    <p class='ocr_par' dir='ltr' id='par_1_52' title="bbox 497 3480 2089 3554">
     <span class='ocr_line' id='line_1_52' title="bbox 497 3480 2089 3554; baseline -0.001 -15"><span class='ocrx_word' id='word_1_407' title='bbox 497 3482 879 3554; x_wconf 86' lang='lat' dir='ltr'>compatiendo</span> <span class='ocrx_word' id='word_1_408' title='bbox 908 3482 1154 3551; x_wconf 86' lang='lat' dir='ltr'>proximo</span> <span class='ocrx_word' id='word_1_409' title='bbox 1182 3480 1227 3534; x_wconf 92' lang='lat' dir='ltr'>si</span> <span class='ocrx_word' id='word_1_410' title='bbox 1258 3480 1391 3536; x_wconf 87' lang='lat' dir='ltr'>forte</span> <span class='ocrx_word' id='word_1_411' title='bbox 1424 3480 1606 3551; x_wconf 88' lang='lat' dir='ltr'>lapsus</span> <span class='ocrx_word' id='word_1_412' title='bbox 1638 3482 1817 3547; x_wconf 80' lang='lat' dir='ltr'>fuerit,</span> <span class='ocrx_word' id='word_1_413' title='bbox 1858 3498 2089 3554; x_wconf 91' lang='lat' dir='ltr'>eumque</span> 
     </span>
    </p>
   </div>
   <div class='ocr_carea' id='block_1_53' title="bbox 494 3568 2087 3641">
    <p class='ocr_par' dir='ltr' id='par_1_53' title="bbox 494 3568 2087 3641">
     <span class='ocr_line' id='line_1_53' title="bbox 494 3568 2087 3641; baseline 0 -15"><span class='ocrx_word' id='word_1_414' title='bbox 494 3573 802 3641; x_wconf 88' lang='lat' dir='ltr'>adjuvando</span> <span class='ocrx_word' id='word_1_415' title='bbox 860 3570 1126 3635; x_wconf 89' lang='lat' dir='ltr'>oratione,</span> <span class='ocrx_word' id='word_1_416' title='bbox 1159 3578 1211 3623; x_wconf 93' lang='lat' dir='ltr'>et</span> <span class='ocrx_word' id='word_1_417' title='bbox 1243 3568 1467 3637; x_wconf 86' lang='lat' dir='ltr'>jejunio.</span> <span class='ocrx_word' id='word_1_418' title='bbox 1528 3570 1935 3640; x_wconf 87' lang='lat' dir='ltr'>Supportantes</span> <span class='ocrx_word' id='word_1_419' title='bbox 1963 3571 2087 3626; x_wconf 90' lang='lat' dir='ltr'>dico</span> 
     </span>
    </p>
   </div>
   <div class='ocr_carea' id='block_1_54' title="bbox 494 3656 2088 3725">
    <p class='ocr_par' dir='ltr' id='par_1_54' title="bbox 494 3656 2088 3725">
     <span class='ocr_line' id='line_1_54' title="bbox 494 3656 2088 3725; baseline -0.001 -10"><span class='ocrx_word' id='word_1_420' title='bbox 494 3662 557 3715; x_wconf 90' lang='lat' dir='ltr'>in</span> <span class='ocrx_word' id='word_1_421' title='bbox 588 3662 900 3721; x_wconf 88' lang='lat' dir='ltr'>charitate,</span> <span class='ocrx_word' id='word_1_422' title='bbox 951 3674 1061 3711; x_wconf 90' lang='lat' dir='ltr'>non</span> <span class='ocrx_word' id='word_1_423' title='bbox 1099 3656 1155 3709; x_wconf 90' lang='lat' dir='ltr'>in</span> <span class='ocrx_word' id='word_1_424' title='bbox 1213 3656 1616 3725; x_wconf 86' lang='lat' dir='ltr'>exspectatione</span> <span class='ocrx_word' id='word_1_425' title='bbox 1673 3657 1941 3712; x_wconf 68' lang='lat' dir='ltr'>vindictae.</span> <span class='ocrx_word' id='word_1_426' title='bbox 1978 3659 2088 3713; x_wconf 90' lang='lat' dir='ltr'>Vos</span> 
     </span>
    </p>
   </div>
   <div class='ocr_carea' id='block_1_55' title="bbox 492 3742 2087 3814">
    <p class='ocr_par' dir='ltr' id='par_1_55' title="bbox 492 3742 2087 3814">
     <span class='ocr_line' id='line_1_55' title="bbox 492 3742 2087 3814; baseline -0.002 -13"><span class='ocrx_word' id='word_1_427' title='bbox 492 3748 614 3801; x_wconf 83' lang='lat' dir='ltr'>dico</span> <span class='ocrx_word' id='word_1_428' title='bbox 646 3745 865 3800; x_wconf 92' lang='lat' dir='ltr'>solliciti</span> <span class='ocrx_word' id='word_1_429' title='bbox 893 3759 1108 3798; x_wconf 90' lang='lat' dir='ltr'>servare</span> <span class='ocrx_word' id='word_1_430' title='bbox 1141 3743 1397 3796; x_wconf 89' lang='lat' dir='ltr'>unitatem</span> <span class='ocrx_word' id='word_1_431' title='bbox 1428 3744 1482 3795; x_wconf 92' lang='lat' dir='ltr'>in</span> <span class='ocrx_word' id='word_1_432' title='bbox 1533 3742 1715 3807; x_wconf 88' lang='lat' dir='ltr'>vobis,</span> <span class='ocrx_word' id='word_1_433' title='bbox 1750 3753 1806 3797; x_wconf 91' lang='lat' dir='ltr'>ut</span> <span class='ocrx_word' id='word_1_434' title='bbox 1838 3743 1905 3797; x_wconf 91' lang='lat' dir='ltr'>sit</span> <span class='ocrx_word' id='word_1_435' title='bbox 1943 3744 2087 3814; x_wconf 89' lang='lat' dir='ltr'>apud</span> 
     </span>
    </p>
   </div>
   <div class='ocr_carea' id='block_1_56' title="bbox 492 3829 2083 3901">
    <p class='ocr_par' dir='ltr' id='par_1_56' title="bbox 492 3829 2083 3901">
     <span class='ocr_line' id='line_1_56' title="bbox 492 3829 2083 3901; baseline -0.002 -12"><span class='ocrx_word' id='word_1_436' title='bbox 492 3851 589 3889; x_wconf 85' lang='lat' dir='ltr'>vos</span> <span class='ocrx_word' id='word_1_437' title='bbox 622 3834 765 3886; x_wconf 90' lang='lat' dir='ltr'>idem</span> <span class='ocrx_word' id='word_1_438' title='bbox 796 3831 952 3893; x_wconf 87' lang='lat' dir='ltr'>velle,</span> <span class='ocrx_word' id='word_1_439' title='bbox 988 3830 1133 3884; x_wconf 92' lang='lat' dir='ltr'>idem</span> <span class='ocrx_word' id='word_1_440' title='bbox 1155 3829 1320 3883; x_wconf 90' lang='lat' dir='ltr'>nolle.</span> <span class='ocrx_word' id='word_1_441' title='bbox 1350 3830 1633 3885; x_wconf 87' lang='lat' dir='ltr'>Unitatem</span> <span class='ocrx_word' id='word_1_442' title='bbox 1656 3830 1777 3885; x_wconf 91' lang='lat' dir='ltr'>dico</span> <span class='ocrx_word' id='word_1_443' title='bbox 1813 3832 2083 3901; x_wconf 77' lang='lat' dir='ltr'>Spiritus,</span> 
     </span>
    </p>
   </div>
   <div class='ocr_carea' id='block_1_57' title="bbox 496 3916 2086 3989">
    <p class='ocr_par' dir='ltr' id='par_1_57' title="bbox 496 3916 2086 3989">
     <span class='ocr_line' id='line_1_57' title="bbox 496 3916 2086 3989; baseline -0.001 -14"><span class='ocrx_word' id='word_1_444' title='bbox 496 3922 548 3974; x_wconf 92' lang='lat' dir='ltr'>id</span> <span class='ocrx_word' id='word_1_445' title='bbox 581 3927 661 3974; x_wconf 92' lang='lat' dir='ltr'>est</span> <span class='ocrx_word' id='word_1_446' title='bbox 698 3934 859 3989; x_wconf 91' lang='lat' dir='ltr'>quam</span> <span class='ocrx_word' id='word_1_447' title='bbox 890 3918 1057 3972; x_wconf 88' lang='lat' dir='ltr'>dictat</span> <span class='ocrx_word' id='word_1_448' title='bbox 1106 3916 1337 3986; x_wconf 89' lang='lat' dir='ltr'>Spiritus</span> <span class='ocrx_word' id='word_1_449' title='bbox 1370 3926 1585 3971; x_wconf 90' lang='lat' dir='ltr'>sanctus</span> <span class='ocrx_word' id='word_1_450' title='bbox 1632 3934 1852 3973; x_wconf 86' lang='lat' dir='ltr'>seruare</span> <span class='ocrx_word' id='word_1_451' title='bbox 1882 3935 2006 3973; x_wconf 86' lang='lat' dir='ltr'>eam</span> <span class='ocrx_word' id='word_1_452' title='bbox 2031 3920 2086 3973; x_wconf 91' lang='lat' dir='ltr'>in</span> 
     </span>
    </p>
   </div>
   <div class='ocr_carea' id='block_1_58' title="bbox 496 4004 2085 4078">
    <p class='ocr_par' dir='ltr' id='par_1_58' title="bbox 496 4004 2085 4078">
     <span class='ocr_line' id='line_1_58' title="bbox 496 4004 2085 4078; baseline -0.001 -16"><span class='ocrx_word' id='word_1_453' title='bbox 496 4009 719 4063; x_wconf 85' lang='lat' dir='ltr'>vinculo</span> <span class='ocrx_word' id='word_1_454' title='bbox 744 4008 934 4078; x_wconf 85' lang='lat' dir='ltr'>pacis;</span> <span class='ocrx_word' id='word_1_455' title='bbox 967 4021 1087 4075; x_wconf 70' lang='lat' dir='ltr'>quae</span> <span class='ocrx_word' id='word_1_456' title='bbox 1137 4019 1242 4074; x_wconf 81' lang='lat' dir='ltr'>pax</span> <span class='ocrx_word' id='word_1_457' title='bbox 1299 4004 1536 4058; x_wconf 86' lang='lat' dir='ltr'>exterius</span> <span class='ocrx_word' id='word_1_458' title='bbox 1568 4014 1779 4059; x_wconf 90' lang='lat' dir='ltr'>servata</span> <span class='ocrx_word' id='word_1_459' title='bbox 1811 4006 2085 4061; x_wconf 84' lang='lat' dir='ltr'>vinculum</span> 
     </span>
    </p>
   </div>
   <div class='ocr_carea' id='block_1_59' title="bbox 496 4091 2087 4161">
    <p class='ocr_par' dir='ltr' id='par_1_59' title="bbox 496 4091 2087 4161">
     <span class='ocr_line' id='line_1_59' title="bbox 496 4091 2087 4161; baseline -0.001 -10"><span class='ocrx_word' id='word_1_460' title='bbox 496 4104 611 4161; x_wconf 93' lang='lat' dir='ltr'>est,</span> <span class='ocrx_word' id='word_1_461' title='bbox 659 4102 711 4150; x_wconf 90' lang='lat' dir='ltr'>et</span> <span class='ocrx_word' id='word_1_462' title='bbox 777 4092 1162 4147; x_wconf 89' lang='lat' dir='ltr'>nutrimentum</span> <span class='ocrx_word' id='word_1_463' title='bbox 1239 4091 1534 4161; x_wconf 89' lang='lat' dir='ltr'>spiritualis</span> <span class='ocrx_word' id='word_1_464' title='bbox 1592 4094 1828 4147; x_wconf 87' lang='lat' dir='ltr'>unitatis.</span> <span class='ocrx_word' id='word_1_465' title='bbox 1914 4095 1981 4148; x_wconf 86' lang='lat' dir='ltr'>Et</span> <span class='ocrx_word' id='word_1_466' title='bbox 2030 4102 2087 4149; x_wconf 87' lang='lat' dir='ltr'>ut</span> 
     </span>
    </p>
   </div>
   <div class='ocr_carea' id='block_1_60' title="bbox 496 4179 2085 4253">
    <p class='ocr_par' dir='ltr' id='par_1_60' title="bbox 496 4179 2085 4253">
     <span class='ocr_line' id='line_1_60' title="bbox 496 4179 2085 4253; baseline -0.001 -15"><span class='ocrx_word' id='word_1_467' title='bbox 496 4186 637 4239; x_wconf 89' lang='lat' dir='ltr'>hanc</span> <span class='ocrx_word' id='word_1_468' title='bbox 703 4182 964 4237; x_wconf 88' lang='lat' dir='ltr'>unitatem</span> <span class='ocrx_word' id='word_1_469' title='bbox 1004 4179 1253 4244; x_wconf 89' lang='lat' dir='ltr'>servetis,</span> <span class='ocrx_word' id='word_1_470' title='bbox 1316 4185 1491 4235; x_wconf 88' lang='lat' dir='ltr'>estote</span> <span class='ocrx_word' id='word_1_471' title='bbox 1550 4197 1729 4236; x_wconf 89' lang='lat' dir='ltr'>unum</span> <span class='ocrx_word' id='word_1_472' title='bbox 1776 4197 1995 4253; x_wconf 87' lang='lat' dir='ltr'>corpus,</span> <span class='ocrx_word' id='word_1_473' title='bbox 2032 4182 2085 4237; x_wconf 91' lang='lat' dir='ltr'>id</span> 
     </span>
    </p>
   </div>
   <div class='ocr_carea' id='block_1_61' title="bbox 497 4269 2083 4341">
    <p class='ocr_par' dir='ltr' id='par_1_61' title="bbox 497 4269 2083 4341">
     <span class='ocr_line' id='line_1_61' title="bbox 497 4269 2083 4341; baseline -0.002 -14"><span class='ocrx_word' id='word_1_474' title='bbox 497 4282 579 4327; x_wconf 89' lang='lat' dir='ltr'>est</span> <span class='ocrx_word' id='word_1_475' title='bbox 605 4288 769 4325; x_wconf 91' lang='lat' dir='ltr'>unum</span> <span class='ocrx_word' id='word_1_476' title='bbox 799 4271 855 4323; x_wconf 92' lang='lat' dir='ltr'>in</span> <span class='ocrx_word' id='word_1_477' title='bbox 884 4269 1215 4339; x_wconf 89' lang='lat' dir='ltr'>operatione.</span> <span class='ocrx_word' id='word_1_478' title='bbox 1250 4270 1320 4322; x_wconf 89' lang='lat' dir='ltr'>Et</span> <span class='ocrx_word' id='word_1_479' title='bbox 1348 4277 1519 4323; x_wconf 90' lang='lat' dir='ltr'>estote</span> <span class='ocrx_word' id='word_1_480' title='bbox 1552 4287 1700 4325; x_wconf 84' lang='lat' dir='ltr'>unus</span> <span class='ocrx_word' id='word_1_481' title='bbox 1737 4272 1996 4341; x_wconf 89' lang='lat' dir='ltr'>spiritus,</span> <span class='ocrx_word' id='word_1_482' title='bbox 2029 4270 2083 4324; x_wconf 90' lang='lat' dir='ltr'>id</span> 
     </span>
    </p>
   </div>
   <div class='ocr_carea' id='block_1_62' title="bbox 2200 1712 3779 1785">
    <p class='ocr_par' dir='ltr' id='par_1_62' title="bbox 2200 1712 3779 1785">
     <span class='ocr_line' id='line_1_62' title="bbox 2200 1712 3779 1785; baseline 0.003 -20"><span class='ocrx_word' id='word_1_483' title='bbox 2200 1712 2449 1777; x_wconf 88' lang='lat' dir='ltr'>versitas,</span> <span class='ocrx_word' id='word_1_484' title='bbox 2484 1712 2605 1784; x_wconf 88' lang='lat' dir='ltr'>quia</span> <span class='ocrx_word' id='word_1_485' title='bbox 2650 1713 2739 1768; x_wconf 91' lang='lat' dir='ltr'>hic</span> <span class='ocrx_word' id='word_1_486' title='bbox 2768 1714 2966 1779; x_wconf 91' lang='lat' dir='ltr'>minus,</span> <span class='ocrx_word' id='word_1_487' title='bbox 3000 1714 3088 1769; x_wconf 91' lang='lat' dir='ltr'>hic</span> <span class='ocrx_word' id='word_1_488' title='bbox 3144 1715 3265 1785; x_wconf 93' lang='lat' dir='ltr'>plus</span> <span class='ocrx_word' id='word_1_489' title='bbox 3303 1716 3469 1770; x_wconf 86' lang='lat' dir='ltr'>habet</span> <span class='ocrx_word' id='word_1_490' title='bbox 3497 1716 3565 1771; x_wconf 92' lang='lat' dir='ltr'>de</span> <span class='ocrx_word' id='word_1_491' title='bbox 3592 1717 3779 1772; x_wconf 90' lang='lat' dir='ltr'>eadem</span> 
     </span>
    </p>
   </div>
   <div class='ocr_carea' id='block_1_63' title="bbox 2197 1801 3781 1873">
    <p class='ocr_par' dir='ltr' id='par_1_63' title="bbox 2197 1801 3781 1873">
     <span class='ocr_line' id='line_1_63' title="bbox 2197 1801 3781 1873; baseline 0.004 -21"><span class='ocrx_word' id='word_1_492' title='bbox 2197 1801 2389 1869; x_wconf 87' lang='lat' dir='ltr'>gratia.</span> <span class='ocrx_word' id='word_1_493' title='bbox 2408 1804 2644 1872; x_wconf 86' lang='lat' dir='ltr'>Propter</span> <span class='ocrx_word' id='word_1_494' title='bbox 2659 1802 2802 1873; x_wconf 88' lang='lat' dir='ltr'>quod</span> <span class='ocrx_word' id='word_1_495' title='bbox 2818 1802 3277 1871; x_wconf 89' lang='lat' dir='ltr'>comprobandum</span> <span class='ocrx_word' id='word_1_496' title='bbox 3298 1802 3539 1858; x_wconf 73' lang='lat'><strong>244</strong></span> <span class='ocrx_word' id='word_1_497' title='bbox 3554 1804 3781 1873; x_wconf 89' lang='lat' dir='ltr'>(scilicet</span> 
     </span>
    </p>
   </div>
   <div class='ocr_carea' id='block_1_64' title="bbox 2198 1888 3779 1960">
    <p class='ocr_par' dir='ltr' id='par_1_64' title="bbox 2198 1888 3779 1960">
     <span class='ocr_line' id='line_1_64' title="bbox 2198 1888 3779 1960; baseline 0.003 -19"><span class='ocrx_word' id='word_1_498' title='bbox 2198 1888 2341 1958; x_wconf 91' lang='lat' dir='ltr'>quod</span> <span class='ocrx_word' id='word_1_499' title='bbox 2372 1888 2439 1941; x_wconf 90' lang='lat' dir='ltr'>sit</span> <span class='ocrx_word' id='word_1_500' title='bbox 2467 1889 2699 1943; x_wconf 89' lang='lat' dir='ltr'>donator</span> <span class='ocrx_word' id='word_1_501' title='bbox 2728 1890 3024 1959; x_wconf 89' lang='lat' dir='ltr'>gratiarum</span> <span class='ocrx_word' id='word_1_502' title='bbox 3053 1889 3285 1960; x_wconf 90' lang='lat' dir='ltr'>Spiritus</span> <span class='ocrx_word' id='word_1_503' title='bbox 3315 1898 3532 1946; x_wconf 91' lang='lat' dir='ltr'>sanctus</span> <span class='ocrx_word' id='word_1_504' title='bbox 3561 1891 3697 1946; x_wconf 85' lang='lat' dir='ltr'>dicit</span> <span class='ocrx_word' id='word_1_505' title='bbox 3726 1892 3779 1945; x_wconf 89' lang='lat' dir='ltr'>in</span> 
     </span>
    </p>
   </div>
   <div class='ocr_carea' id='block_1_65' title="bbox 2198 1976 3781 2046">
    <p class='ocr_par' dir='ltr' id='par_1_65' title="bbox 2198 1976 3781 2046">
     <span class='ocr_line' id='line_1_65' title="bbox 2198 1976 3781 2046; baseline 0.004 -18"><span class='ocrx_word' id='word_1_506' title='bbox 2198 1976 2414 2030; x_wconf 84' lang='lat' dir='ltr'>Psalmo</span> <span class='ocrx_word' id='word_1_507' title='bbox 2447 1977 2627 2043; x_wconf 81' lang='lat' dir='ltr'>(l’sal.</span> <span class='ocrx_word' id='word_1_508' title='bbox 2659 1992 2831 2042; x_wconf 73' lang='lat' dir='ltr'><strong>LXVII,</strong></span> <span class='ocrx_word' id='word_1_509' title='bbox 2855 1980 2941 2046; x_wconf 84' lang='grc'>19)</span> <span class='ocrx_word' id='word_1_510' title='bbox 2969 1978 3175 2031; x_wconf 86' lang='lat' dir='ltr'>:Homo</span> <span class='ocrx_word' id='word_1_511' title='bbox 3197 1978 3440 2032; x_wconf 89' lang='lat' dir='ltr'>Christus</span> <span class='ocrx_word' id='word_1_512' title='bbox 3477 1979 3781 2035; x_wconf 84' lang='lat' dir='ltr'>ascendens</span> 
     </span>
    </p>
   </div>
   <div class='ocr_carea' id='block_1_66' title="bbox 2197 2064 3780 2140">
    <p class='ocr_par' dir='ltr' id='par_1_66' title="bbox 2197 2064 3780 2140">
     <span class='ocr_line' id='line_1_66' title="bbox 2197 2064 3780 2140; baseline 0.003 -23"><span class='ocrx_word' id='word_1_513' title='bbox 2197 2064 2259 2117; x_wconf 88' lang='lat' dir='ltr'>in</span> <span class='ocrx_word' id='word_1_514' title='bbox 2290 2065 2494 2129; x_wconf 86' lang='lat' dir='ltr'>altum,</span> <span class='ocrx_word' id='word_1_515' title='bbox 2528 2064 2582 2117; x_wconf 92' lang='lat' dir='ltr'>id</span> <span class='ocrx_word' id='word_1_516' title='bbox 2614 2072 2695 2117; x_wconf 91' lang='lat' dir='ltr'>est</span> <span class='ocrx_word' id='word_1_517' title='bbox 2728 2081 2895 2134; x_wconf 90' lang='lat' dir='ltr'>super</span> <span class='ocrx_word' id='word_1_518' title='bbox 2922 2064 3255 2120; x_wconf 90' lang='lat' dir='ltr'>altitudinem</span> <span class='ocrx_word' id='word_1_519' title='bbox 3307 2066 3577 2121; x_wconf 67' lang='lat' dir='ltr'>caelorum</span> <span class='ocrx_word' id='word_1_520' title='bbox 3600 2108 3613 2135; x_wconf 91' lang='lat'>,</span> <span class='ocrx_word' id='word_1_521' title='bbox 3645 2084 3780 2140; x_wconf 90' lang='lat' dir='ltr'>cap-</span> 
     </span>
    </p>
   </div>
   <div class='ocr_carea' id='block_1_67' title="bbox 2200 2151 3779 2225">
    <p class='ocr_par' dir='ltr' id='par_1_67' title="bbox 2200 2151 3779 2225">
     <span class='ocr_line' id='line_1_67' title="bbox 2200 2151 3779 2225; baseline 0.003 -21"><span class='ocrx_word' id='word_1_522' title='bbox 2200 2152 2499 2215; x_wconf 83' lang='lat' dir='ltr'>tivitatem,</span> <span class='ocrx_word' id='word_1_523' title='bbox 2535 2151 2588 2205; x_wconf 92' lang='lat' dir='ltr'>id</span> <span class='ocrx_word' id='word_1_524' title='bbox 2618 2159 2701 2206; x_wconf 91' lang='lat' dir='ltr'>est</span> <span class='ocrx_word' id='word_1_525' title='bbox 2740 2153 3028 2207; x_wconf 87' lang='lat' dir='ltr'>humanam</span> <span class='ocrx_word' id='word_1_526' title='bbox 3076 2161 3322 2207; x_wconf 88' lang='lat' dir='ltr'>naturam</span> <span class='ocrx_word' id='word_1_527' title='bbox 3372 2154 3523 2223; x_wconf 90' lang='lat' dir='ltr'>prius</span> <span class='ocrx_word' id='word_1_528' title='bbox 3551 2169 3583 2207; x_wconf 90' lang='lat' dir='ltr'>a</span> <span class='ocrx_word' id='word_1_529' title='bbox 3612 2170 3779 2225; x_wconf 88' lang='lat' dir='ltr'>para-</span> 
     </span>
    </p>
   </div>
   <div class='ocr_carea' id='block_1_68' title="bbox 2196 2238 3780 2314">
    <p class='ocr_par' dir='ltr' id='par_1_68' title="bbox 2196 2238 3780 2314">
     <span class='ocr_line' id='line_1_68' title="bbox 2196 2238 3780 2314; baseline 0.004 -23"><span class='ocrx_word' id='word_1_530' title='bbox 2196 2238 2315 2293; x_wconf 93' lang='lat' dir='ltr'>diso</span> <span class='ocrx_word' id='word_1_531' title='bbox 2356 2246 2408 2293; x_wconf 91' lang='lat' dir='ltr'>et</span> <span class='ocrx_word' id='word_1_532' title='bbox 2440 2239 2578 2294; x_wconf 73' lang='lat' dir='ltr'>ccelo</span> <span class='ocrx_word' id='word_1_533' title='bbox 2609 2240 2891 2309; x_wconf 86' lang='lat' dir='ltr'>expulsam</span> <span class='ocrx_word' id='word_1_534' title='bbox 2926 2241 3158 2296; x_wconf 75' lang='lat' dir='ltr'>reduxit</span> <span class='ocrx_word' id='word_1_535' title='bbox 3190 2241 3243 2294; x_wconf 90' lang='lat' dir='ltr'>in</span> <span class='ocrx_word' id='word_1_536' title='bbox 3277 2258 3337 2296; x_wconf 91' lang='lat' dir='ltr'>se</span> <span class='ocrx_word' id='word_1_537' title='bbox 3366 2241 3583 2297; x_wconf 88' lang='lat' dir='ltr'>homine</span> <span class='ocrx_word' id='word_1_538' title='bbox 3605 2243 3780 2314; x_wconf 87' lang='lat' dir='ltr'>capti-</span> 
     </span>
    </p>
   </div>
   <div class='ocr_carea' id='block_1_69' title="bbox 2198 2327 3780 2399">
    <p class='ocr_par' dir='ltr' id='par_1_69' title="bbox 2198 2327 3780 2399">
     <span class='ocr_line' id='line_1_69' title="bbox 2198 2327 3780 2399; baseline 0.003 -20"><span class='ocrx_word' id='word_1_539' title='bbox 2198 2342 2340 2391; x_wconf 86' lang='lat' dir='ltr'>vam,</span> <span class='ocrx_word' id='word_1_540' title='bbox 2376 2327 2498 2396; x_wconf 90' lang='lat' dir='ltr'>quia</span> <span class='ocrx_word' id='word_1_541' title='bbox 2530 2343 2560 2380; x_wconf 91' lang='lat' dir='ltr'>a</span> <span class='ocrx_word' id='word_1_542' title='bbox 2592 2327 2713 2383; x_wconf 92' lang='lat' dir='ltr'>loco</span> <span class='ocrx_word' id='word_1_543' title='bbox 2744 2329 2859 2399; x_wconf 91' lang='lat' dir='ltr'>(qui</span> <span class='ocrx_word' id='word_1_544' title='bbox 2889 2328 2991 2398; x_wconf 90' lang='lat' dir='ltr'>ipsi</span> <span class='ocrx_word' id='word_1_545' title='bbox 3035 2345 3135 2399; x_wconf 90' lang='lat' dir='ltr'>per</span> <span class='ocrx_word' id='word_1_546' title='bbox 3188 2338 3469 2399; x_wconf 88' lang='lat' dir='ltr'>peccatum</span> <span class='ocrx_word' id='word_1_547' title='bbox 3525 2329 3780 2384; x_wconf 86' lang='lat' dir='ltr'>naturalis</span> 
     </span>
    </p>
   </div>
   <div class='ocr_carea' id='block_1_70' title="bbox 2197 2414 3778 2488">
    <p class='ocr_par' dir='ltr' id='par_1_70' title="bbox 2197 2414 3778 2488">
     <span class='ocr_line' id='line_1_70' title="bbox 2197 2414 3778 2488; baseline 0.004 -22"><span class='ocrx_word' id='word_1_548' title='bbox 2197 2414 2336 2484; x_wconf 88' lang='lat' dir='ltr'>erat)</span> <span class='ocrx_word' id='word_1_549' title='bbox 2367 2414 2599 2468; x_wconf 90' lang='lat' dir='ltr'>ablatam</span> <span class='ocrx_word' id='word_1_550' title='bbox 2631 2416 2838 2470; x_wconf 86' lang='lat' dir='ltr'>revexit</span> <span class='ocrx_word' id='word_1_551' title='bbox 2866 2417 2933 2468; x_wconf 89' lang='lat' dir='ltr'>ad</span> <span class='ocrx_word' id='word_1_552' title='bbox 2965 2417 3154 2485; x_wconf 66' lang='lat' dir='ltr'>caelos,</span> <span class='ocrx_word' id='word_1_553' title='bbox 3189 2418 3397 2473; x_wconf 90' lang='lat' dir='ltr'>scilicet</span> <span class='ocrx_word' id='word_1_554' title='bbox 3442 2418 3512 2472; x_wconf 91' lang='lat' dir='ltr'>ad</span> <span class='ocrx_word' id='word_1_555' title='bbox 3556 2418 3778 2488; x_wconf 87' lang='lat' dir='ltr'>patriam</span> 
     </span>
    </p>
   </div>
   <div class='ocr_carea' id='block_1_71' title="bbox 2194 2502 3775 2573">
    <p class='ocr_par' dir='ltr' id='par_1_71' title="bbox 2194 2502 3775 2573">
     <span class='ocr_line' id='line_1_71' title="bbox 2194 2502 3775 2573; baseline 0.003 -19"><span class='ocrx_word' id='word_1_556' title='bbox 2194 2502 2346 2571; x_wconf 89' lang='lat' dir='ltr'>prius</span> <span class='ocrx_word' id='word_1_557' title='bbox 2376 2502 2479 2572; x_wconf 91' lang='lat' dir='ltr'>ipsi</span> <span class='ocrx_word' id='word_1_558' title='bbox 2505 2502 2631 2573; x_wconf 89' lang='lat' dir='ltr'>(nisi</span> <span class='ocrx_word' id='word_1_559' title='bbox 2663 2504 2941 2573; x_wconf 89' lang='lat' dir='ltr'>peccaret)</span> <span class='ocrx_word' id='word_1_560' title='bbox 2977 2502 3322 2558; x_wconf 88' lang='lat' dir='ltr'>destinatam.</span> <span class='ocrx_word' id='word_1_561' title='bbox 3382 2506 3556 2560; x_wconf 82' lang='lat' dir='ltr'>Homo</span> <span class='ocrx_word' id='word_1_562' title='bbox 3614 2506 3775 2573; x_wconf 90' lang='lat' dir='ltr'>enim,</span> 
     </span>
    </p>
   </div>
   <div class='ocr_carea' id='block_1_72' title="bbox 2196 2589 3779 2661">
    <p class='ocr_par' dir='ltr' id='par_1_72' title="bbox 2196 2589 3779 2661">
     <span class='ocr_line' id='line_1_72' title="bbox 2196 2589 3779 2661; baseline 0.004 -20"><span class='ocrx_word' id='word_1_563' title='bbox 2196 2589 2250 2642; x_wconf 92' lang='lat' dir='ltr'>in</span> <span class='ocrx_word' id='word_1_564' title='bbox 2281 2590 2510 2659; x_wconf 84' lang='lat' dir='ltr'>puritate</span> <span class='ocrx_word' id='word_1_565' title='bbox 2539 2599 2774 2657; x_wconf 89' lang='lat' dir='ltr'>creatus,</span> <span class='ocrx_word' id='word_1_566' title='bbox 2823 2592 3140 2661; x_wconf 87' lang='lat' dir='ltr'>paradisum</span> <span class='ocrx_word' id='word_1_567' title='bbox 3190 2592 3376 2646; x_wconf 90' lang='lat' dir='ltr'>habuit</span> <span class='ocrx_word' id='word_1_568' title='bbox 3416 2593 3485 2647; x_wconf 88' lang='lat' dir='ltr'>ad</span> <span class='ocrx_word' id='word_1_569' title='bbox 3533 2593 3779 2647; x_wconf 87' lang='lat' dir='ltr'>habitan-</span> 
     </span>
    </p>
   </div>
   <div class='ocr_carea' id='block_1_73' title="bbox 2196 2676 3781 2748">
    <p class='ocr_par' dir='ltr' id='par_1_73' title="bbox 2196 2676 3781 2748">
     <span class='ocr_line' id='line_1_73' title="bbox 2196 2676 3781 2748; baseline 0.003 -18"><span class='ocrx_word' id='word_1_570' title='bbox 2196 2676 2345 2743; x_wconf 91' lang='lat' dir='ltr'>dum,</span> <span class='ocrx_word' id='word_1_571' title='bbox 2379 2686 2435 2732; x_wconf 92' lang='lat' dir='ltr'>ut</span> <span class='ocrx_word' id='word_1_572' title='bbox 2467 2678 2562 2731; x_wconf 89' lang='lat' dir='ltr'>tibi</span> <span class='ocrx_word' id='word_1_573' title='bbox 2593 2687 2817 2748; x_wconf 90' lang='lat' dir='ltr'>peracta</span> <span class='ocrx_word' id='word_1_574' title='bbox 2865 2680 3175 2734; x_wconf 87' lang='lat' dir='ltr'>obedientia</span> <span class='ocrx_word' id='word_1_575' title='bbox 3218 2680 3343 2734; x_wconf 91' lang='lat' dir='ltr'>inde</span> <span class='ocrx_word' id='word_1_576' title='bbox 3400 2680 3781 2735; x_wconf 84' lang='lat' dir='ltr'>transferretur</span> 
     </span>
    </p>
   </div>
   <div class='ocr_carea' id='block_1_74' title="bbox 2197 2765 3779 2838">
    <p class='ocr_par' dir='ltr' id='par_1_74' title="bbox 2197 2765 3779 2838">
     <span class='ocr_line' id='line_1_74' title="bbox 2197 2765 3779 2838; baseline 0.002 -19"><span class='ocrx_word' id='word_1_577' title='bbox 2197 2765 2264 2818; x_wconf 91' lang='lat' dir='ltr'>ad</span> <span class='ocrx_word' id='word_1_578' title='bbox 2295 2766 2463 2820; x_wconf 75' lang='lat' dir='ltr'>caelos</span> <span class='ocrx_word' id='word_1_579' title='bbox 2488 2784 2501 2831; x_wconf 90' lang='lat'><strong>;</strong></span> <span class='ocrx_word' id='word_1_580' title='bbox 2536 2766 2632 2820; x_wconf 89' lang='lat' dir='ltr'>sed</span> <span class='ocrx_word' id='word_1_581' title='bbox 2664 2767 2793 2837; x_wconf 89' lang='lat' dir='ltr'>quia</span> <span class='ocrx_word' id='word_1_582' title='bbox 2822 2768 3067 2837; x_wconf 88' lang='lat' dir='ltr'>peccavit</span> <span class='ocrx_word' id='word_1_583' title='bbox 3098 2776 3148 2822; x_wconf 92' lang='lat' dir='ltr'>et</span> <span class='ocrx_word' id='word_1_584' title='bbox 3170 2769 3562 2838; x_wconf 89' lang='lat' dir='ltr'>repromissum</span> <span class='ocrx_word' id='word_1_585' title='bbox 3583 2769 3779 2824; x_wconf 60' lang='lat' dir='ltr'>caelum</span> 
     </span>
    </p>
   </div>
   <div class='ocr_carea' id='block_1_75' title="bbox 2194 2854 3779 2927">
    <p class='ocr_par' dir='ltr' id='par_1_75' title="bbox 2194 2854 3779 2927">
     <span class='ocr_line' id='line_1_75' title="bbox 2194 2854 3779 2927; baseline 0.004 -22"><span class='ocrx_word' id='word_1_586' title='bbox 2194 2854 2449 2921; x_wconf 90' lang='lat' dir='ltr'>perdidit,</span> <span class='ocrx_word' id='word_1_587' title='bbox 2484 2862 2535 2908; x_wconf 92' lang='lat' dir='ltr'>et</span> <span class='ocrx_word' id='word_1_588' title='bbox 2565 2854 2745 2908; x_wconf 91' lang='lat' dir='ltr'>aloco</span> <span class='ocrx_word' id='word_1_589' title='bbox 2804 2854 3171 2921; x_wconf 90' lang='lat' dir='ltr'>habitationis,</span> <span class='ocrx_word' id='word_1_590' title='bbox 3197 2856 3253 2910; x_wconf 92' lang='lat' dir='ltr'>id</span> <span class='ocrx_word' id='word_1_591' title='bbox 3310 2864 3391 2910; x_wconf 90' lang='lat' dir='ltr'>est</span> <span class='ocrx_word' id='word_1_592' title='bbox 3444 2872 3473 2909; x_wconf 91' lang='lat' dir='ltr'>a</span> <span class='ocrx_word' id='word_1_593' title='bbox 3527 2857 3779 2927; x_wconf 85' lang='lat' dir='ltr'>paradiso</span> 
     </span>
    </p>
   </div>
   <div class='ocr_carea' id='block_1_76' title="bbox 2194 2940 3778 3012">
    <p class='ocr_par' dir='ltr' id='par_1_76' title="bbox 2194 2940 3778 3012">
     <span class='ocr_line' id='line_1_76' title="bbox 2194 2940 3778 3012; baseline 0.004 -19"><span class='ocrx_word' id='word_1_594' title='bbox 2194 2940 2455 3010; x_wconf 90' lang='lat' dir='ltr'>depulsus</span> <span class='ocrx_word' id='word_1_595' title='bbox 2485 2940 2538 2994; x_wconf 90' lang='lat' dir='ltr'>in</span> <span class='ocrx_word' id='word_1_596' title='bbox 2562 2949 2703 2996; x_wconf 90' lang='lat' dir='ltr'>terra</span> <span class='ocrx_word' id='word_1_597' title='bbox 2734 2941 2834 2995; x_wconf 90' lang='lat' dir='ltr'>ista</span> <span class='ocrx_word' id='word_1_598' title='bbox 2865 2942 3165 3012; x_wconf 89' lang='lat' dir='ltr'>captivatus</span> <span class='ocrx_word' id='word_1_599' title='bbox 3214 2951 3315 2998; x_wconf 91' lang='lat' dir='ltr'>est.</span> <span class='ocrx_word' id='word_1_600' title='bbox 3376 2941 3547 3010; x_wconf 89' lang='lat' dir='ltr'>Quam</span> <span class='ocrx_word' id='word_1_601' title='bbox 3578 2951 3778 2999; x_wconf 87' lang='lat' dir='ltr'>terram</span> 
     </span>
    </p>
   </div>
   <div class='ocr_carea' id='block_1_77' title="bbox 2192 3028 3777 3099">
    <p class='ocr_par' dir='ltr' id='par_1_77' title="bbox 2192 3028 3777 3099">
     <span class='ocr_line' id='line_1_77' title="bbox 2192 3028 3777 3099; baseline 0.003 -18"><span class='ocrx_word' id='word_1_602' title='bbox 2192 3037 2473 3097; x_wconf 88' lang='lat' dir='ltr'>peccatum</span> <span class='ocrx_word' id='word_1_603' title='bbox 2504 3029 2578 3083; x_wconf 90' lang='lat' dir='ltr'>ita</span> <span class='ocrx_word' id='word_1_604' title='bbox 2607 3029 2813 3084; x_wconf 91' lang='lat' dir='ltr'>homini</span> <span class='ocrx_word' id='word_1_605' title='bbox 2856 3028 2983 3085; x_wconf 88' lang='lat' dir='ltr'>fecit</span> <span class='ocrx_word' id='word_1_606' title='bbox 3040 3030 3361 3095; x_wconf 88' lang='lat' dir='ltr'>naturalem,</span> <span class='ocrx_word' id='word_1_607' title='bbox 3395 3031 3532 3086; x_wconf 87' lang='lat' dir='ltr'>sicut</span> <span class='ocrx_word' id='word_1_608' title='bbox 3552 3031 3777 3099; x_wconf 86' lang='lat' dir='ltr'>justitia,</span> 
     </span>
    </p>
   </div>
   <div class='ocr_carea' id='block_1_78' title="bbox 2195 3116 3779 3187">
    <p class='ocr_par' dir='ltr' id='par_1_78' title="bbox 2195 3116 3779 3187">
     <span class='ocr_line' id='line_1_78' title="bbox 2195 3116 3779 3187; baseline 0.003 -18"><span class='ocrx_word' id='word_1_609' title='bbox 2195 3116 2437 3187; x_wconf 89' lang='lat' dir='ltr'>quandiu</span> <span class='ocrx_word' id='word_1_610' title='bbox 2467 3116 2519 3170; x_wconf 93' lang='lat' dir='ltr'>in</span> <span class='ocrx_word' id='word_1_611' title='bbox 2547 3133 2609 3171; x_wconf 89' lang='lat' dir='ltr'>ea</span> <span class='ocrx_word' id='word_1_612' title='bbox 2640 3117 2739 3171; x_wconf 88' lang='lat' dir='ltr'>fuit</span> <span class='ocrx_word' id='word_1_613' title='bbox 2770 3118 3084 3187; x_wconf 89' lang='lat' dir='ltr'>paradisum</span> <span class='ocrx_word' id='word_1_614' title='bbox 3144 3118 3445 3173; x_wconf 88' lang='lat' dir='ltr'>naturalem</span> <span class='ocrx_word' id='word_1_615' title='bbox 3484 3118 3629 3173; x_wconf 81' lang='lat' dir='ltr'>fecit.</span> <span class='ocrx_word' id='word_1_616' title='bbox 3672 3119 3779 3173; x_wconf 90' lang='lat' dir='ltr'>Ite-</span> 
     </span>
    </p>
   </div>
   <div class='ocr_carea' id='block_1_79' title="bbox 2193 3205 3781 3276">
    <p class='ocr_par' dir='ltr' id='par_1_79' title="bbox 2193 3205 3781 3276">
     <span class='ocr_line' id='line_1_79' title="bbox 2193 3205 3781 3276; baseline 0.003 -19"><span class='ocrx_word' id='word_1_617' title='bbox 2193 3220 2311 3258; x_wconf 90' lang='lat' dir='ltr'>rum</span> <span class='ocrx_word' id='word_1_618' title='bbox 2341 3205 2589 3259; x_wconf 91' lang='lat' dir='ltr'>Christus</span> <span class='ocrx_word' id='word_1_619' title='bbox 2630 3205 2903 3260; x_wconf 90' lang='lat' dir='ltr'>destructo</span> <span class='ocrx_word' id='word_1_620' title='bbox 2953 3213 3179 3276; x_wconf 90' lang='lat' dir='ltr'>peccato</span> <span class='ocrx_word' id='word_1_621' title='bbox 3202 3206 3457 3271; x_wconf 86' lang='lat' dir='ltr'>hominis,</span> <span class='ocrx_word' id='word_1_622' title='bbox 3490 3207 3781 3262; x_wconf 88' lang='lat' dir='ltr'>humanam</span> 
     </span>
    </p>
   </div>
   <div class='ocr_carea' id='block_1_80' title="bbox 2192 3292 3779 3365">
    <p class='ocr_par' dir='ltr' id='par_1_80' title="bbox 2192 3292 3779 3365">
     <span class='ocr_line' id='line_1_80' title="bbox 2192 3292 3779 3365; baseline 0.004 -21"><span class='ocrx_word' id='word_1_623' title='bbox 2192 3300 2439 3346; x_wconf 89' lang='lat' dir='ltr'>naturam</span> <span class='ocrx_word' id='word_1_624' title='bbox 2470 3310 2500 3346; x_wconf 89' lang='lat' dir='ltr'>a</span> <span class='ocrx_word' id='word_1_625' title='bbox 2521 3292 2742 3348; x_wconf 89' lang='lat' dir='ltr'>miseria</span> <span class='ocrx_word' id='word_1_626' title='bbox 2772 3293 2874 3347; x_wconf 91' lang='lat' dir='ltr'>ista</span> <span class='ocrx_word' id='word_1_627' title='bbox 2906 3293 3021 3364; x_wconf 90' lang='lat' dir='ltr'>(qui</span> <span class='ocrx_word' id='word_1_628' title='bbox 3050 3293 3203 3348; x_wconf 91' lang='lat' dir='ltr'>locus</span> <span class='ocrx_word' id='word_1_629' title='bbox 3227 3295 3337 3362; x_wconf 89' lang='lat' dir='ltr'>jam</span> <span class='ocrx_word' id='word_1_630' title='bbox 3385 3294 3487 3364; x_wconf 89' lang='lat' dir='ltr'>ipsi</span> <span class='ocrx_word' id='word_1_631' title='bbox 3515 3310 3616 3364; x_wconf 89' lang='lat' dir='ltr'>per</span> <span class='ocrx_word' id='word_1_632' title='bbox 3643 3310 3779 3365; x_wconf 89' lang='lat' dir='ltr'>pec-</span> 
     </span>
    </p>
   </div>
   <div class='ocr_carea' id='block_1_81' title="bbox 2190 3380 3781 3452">
    <p class='ocr_par' dir='ltr' id='par_1_81' title="bbox 2190 3380 3781 3452">
     <span class='ocr_line' id='line_1_81' title="bbox 2190 3380 3781 3452; baseline 0.001 -16"><span class='ocrx_word' id='word_1_633' title='bbox 2190 3389 2366 3436; x_wconf 90' lang='lat' dir='ltr'>catum</span> <span class='ocrx_word' id='word_1_634' title='bbox 2398 3381 2653 3435; x_wconf 87' lang='lat' dir='ltr'>naturalis</span> <span class='ocrx_word' id='word_1_635' title='bbox 2684 3380 2819 3450; x_wconf 83' lang='lat' dir='ltr'>erat)</span> <span class='ocrx_word' id='word_1_636' title='bbox 2850 3381 3155 3451; x_wconf 89' lang='lat' dir='ltr'>captivam;</span> <span class='ocrx_word' id='word_1_637' title='bbox 3190 3382 3313 3452; x_wconf 87' lang='lat' dir='ltr'>quia</span> <span class='ocrx_word' id='word_1_638' title='bbox 3340 3397 3374 3436; x_wconf 90' lang='lat' dir='ltr'>a</span> <span class='ocrx_word' id='word_1_639' title='bbox 3401 3381 3627 3436; x_wconf 88' lang='lat' dir='ltr'>naturali</span> <span class='ocrx_word' id='word_1_640' title='bbox 3658 3382 3781 3439; x_wconf 87' lang='lat' dir='ltr'>loco</span> 
     </span>
    </p>
   </div>
   <div class='ocr_carea' id='block_1_82' title="bbox 2190 3467 3780 3539">
    <p class='ocr_par' dir='ltr' id='par_1_82' title="bbox 2190 3467 3780 3539">
     <span class='ocr_line' id='line_1_82' title="bbox 2190 3467 3780 3539; baseline 0.002 -17"><span class='ocrx_word' id='word_1_641' title='bbox 2190 3469 2427 3523; x_wconf 91' lang='lat' dir='ltr'>ablatam</span> <span class='ocrx_word' id='word_1_642' title='bbox 2485 3467 2698 3523; x_wconf 88' lang='lat' dir='ltr'>reduxit</span> <span class='ocrx_word' id='word_1_643' title='bbox 2744 3468 2815 3523; x_wconf 83' lang='lat' dir='ltr'>ad</span> <span class='ocrx_word' id='word_1_644' title='bbox 2872 3468 3105 3538; x_wconf 87' lang='lat' dir='ltr'>priorem</span> <span class='ocrx_word' id='word_1_645' title='bbox 3162 3469 3416 3539; x_wconf 86' lang='lat' dir='ltr'>patriam,</span> <span class='ocrx_word' id='word_1_646' title='bbox 3451 3470 3659 3525; x_wconf 89' lang='lat' dir='ltr'>scilicet</span> <span class='ocrx_word' id='word_1_647' title='bbox 3709 3470 3780 3525; x_wconf 88' lang='lat' dir='ltr'>ad</span> 
     </span>
    </p>
   </div>
   <div class='ocr_carea' id='block_1_83' title="bbox 2190 3550 3779 3627">
    <p class='ocr_par' dir='ltr' id='par_1_83' title="bbox 2190 3550 3779 3627">
     <span class='ocr_line' id='line_1_83' title="bbox 2190 3550 3779 3627; baseline 0.002 -16"><span class='ocrx_word' id='word_1_648' title='bbox 2190 3557 2384 3611; x_wconf 79' lang='lat' dir='ltr'>caelos.</span> <span class='ocrx_word' id='word_1_649' title='bbox 2418 3550 2527 3611; x_wconf 81' lang='lat' dir='ltr'>Séd</span> <span class='ocrx_word' id='word_1_650' title='bbox 2558 3564 2761 3627; x_wconf 88' lang='lat' dir='ltr'>quanto</span> <span class='ocrx_word' id='word_1_651' title='bbox 2791 3557 2941 3626; x_wconf 89' lang='lat' dir='ltr'>prior</span> <span class='ocrx_word' id='word_1_652' title='bbox 2984 3557 3271 3627; x_wconf 88' lang='lat' dir='ltr'>captivitas</span> <span class='ocrx_word' id='word_1_653' title='bbox 3324 3557 3593 3625; x_wconf 91' lang='lat' dir='ltr'>miserior,</span> <span class='ocrx_word' id='word_1_654' title='bbox 3628 3566 3779 3614; x_wconf 87' lang='lat' dir='ltr'>tanto</span> 
     </span>
    </p>
   </div>
   <div class='ocr_carea' id='block_1_84' title="bbox 2191 3644 3781 3717">
    <p class='ocr_par' dir='ltr' id='par_1_84' title="bbox 2191 3644 3781 3717">
     <span class='ocr_line' id='line_1_84' title="bbox 2191 3644 3781 3717; baseline 0.001 -18"><span class='ocrx_word' id='word_1_655' title='bbox 2191 3645 2434 3700; x_wconf 90' lang='lat' dir='ltr'>secunda</span> <span class='ocrx_word' id='word_1_656' title='bbox 2481 3644 2794 3715; x_wconf 83' lang='lat' dir='ltr'>gloriosior.</span> <span class='ocrx_word' id='word_1_657' title='bbox 2846 3646 3163 3700; x_wconf 84' lang='lat' dir='ltr'>Ascendens</span> <span class='ocrx_word' id='word_1_658' title='bbox 3219 3645 3461 3700; x_wconf 87' lang='lat' dir='ltr'>Christus</span> <span class='ocrx_word' id='word_1_659' title='bbox 3508 3646 3693 3717; x_wconf 89' lang='lat' dir='ltr'>utique</span> <span class='ocrx_word' id='word_1_660' title='bbox 3724 3646 3781 3700; x_wconf 90' lang='lat' dir='ltr'>in</span> 
     </span>
    </p>
   </div>
   <div class='ocr_carea' id='block_1_85' title="bbox 2188 3732 3780 3805">
    <p class='ocr_par' dir='ltr' id='par_1_85' title="bbox 2188 3732 3780 3805">
     <span class='ocr_line' id='line_1_85' title="bbox 2188 3732 3780 3805; baseline 0.002 -20"><span class='ocrx_word' id='word_1_661' title='bbox 2188 3732 2375 3800; x_wconf 90' lang='lat' dir='ltr'>altum,</span> <span class='ocrx_word' id='word_1_662' title='bbox 2407 3733 2561 3787; x_wconf 81' lang='lat' dir='ltr'>dedit</span> <span class='ocrx_word' id='word_1_663' title='bbox 2592 3733 2740 3787; x_wconf 89' lang='lat' dir='ltr'>dona</span> <span class='ocrx_word' id='word_1_664' title='bbox 2775 3734 3110 3800; x_wconf 88' lang='lat' dir='ltr'>hominibus,</span> <span class='ocrx_word' id='word_1_665' title='bbox 3144 3734 3269 3804; x_wconf 88' lang='lat' dir='ltr'>quia</span> <span class='ocrx_word' id='word_1_666' title='bbox 3312 3733 3459 3788; x_wconf 92' lang='lat' dir='ltr'>misit</span> <span class='ocrx_word' id='word_1_667' title='bbox 3516 3734 3780 3805; x_wconf 87' lang='lat' dir='ltr'>Spiritum</span> 
     </span>
    </p>
   </div>
   <div class='ocr_carea' id='block_1_86' title="bbox 2189 3820 3774 3892">
    <p class='ocr_par' dir='ltr' id='par_1_86' title="bbox 2189 3820 3774 3892">
     <span class='ocr_line' id='line_1_86' title="bbox 2189 3820 3774 3892; baseline 0.002 -19"><span class='ocrx_word' id='word_1_668' title='bbox 2189 3828 2434 3875; x_wconf 88' lang='lat' dir='ltr'>sanctum</span> <span class='ocrx_word' id='word_1_669' title='bbox 2466 3820 2519 3873; x_wconf 95' lang='lat' dir='ltr'>in</span> <span class='ocrx_word' id='word_1_670' title='bbox 2550 3821 2716 3875; x_wconf 90' lang='lat' dir='ltr'>corda</span> <span class='ocrx_word' id='word_1_671' title='bbox 2746 3820 3157 3891; x_wconf 89' lang='lat' dir='ltr'>discipulorum.</span> <span class='ocrx_word' id='word_1_672' title='bbox 3180 3823 3249 3876; x_wconf 90' lang='lat' dir='ltr'>Et</span> <span class='ocrx_word' id='word_1_673' title='bbox 3277 3821 3405 3892; x_wconf 86' lang='lat' dir='ltr'>quia</span> <span class='ocrx_word' id='word_1_674' title='bbox 3432 3821 3580 3876; x_wconf 89' lang='lat' dir='ltr'>dedit</span> <span class='ocrx_word' id='word_1_675' title='bbox 3610 3821 3774 3889; x_wconf 88' lang='lat' dir='ltr'>dona,</span> 
     </span>
    </p>
   </div>
   <div class='ocr_carea' id='block_1_87' title="bbox 2187 3908 3774 3981">
    <p class='ocr_par' dir='ltr' id='par_1_87' title="bbox 2187 3908 3774 3981">
     <span class='ocr_line' id='line_1_87' title="bbox 2187 3908 3774 3981; baseline 0.003 -21"><span class='ocrx_word' id='word_1_676' title='bbox 2187 3908 2472 3977; x_wconf 90' lang='lat' dir='ltr'>probatum</span> <span class='ocrx_word' id='word_1_677' title='bbox 2501 3916 2584 3962; x_wconf 91' lang='lat' dir='ltr'>est</span> <span class='ocrx_word' id='word_1_678' title='bbox 2615 3909 2882 3962; x_wconf 89' lang='lat' dir='ltr'>Christum</span> <span class='ocrx_word' id='word_1_679' title='bbox 2914 3925 3035 3963; x_wconf 83' lang='lat' dir='ltr'>esse</span> <span class='ocrx_word' id='word_1_680' title='bbox 3065 3909 3387 3964; x_wconf 90' lang='lat' dir='ltr'>donatorem</span> <span class='ocrx_word' id='word_1_681' title='bbox 3452 3909 3774 3981; x_wconf 86' lang='lat' dir='ltr'>gratiarum.</span> 
     </span>
    </p>
   </div>
   <div class='ocr_carea' id='block_1_88' title="bbox 2189 3995 3783 4068">
    <p class='ocr_par' dir='ltr' id='par_1_88' title="bbox 2189 3995 3783 4068">
     <span class='ocr_line' id='line_1_88' title="bbox 2189 3995 3783 4068; baseline 0.003 -19"><span class='ocrx_word' id='word_1_682' title='bbox 2189 3995 2321 4064; x_wconf 91' lang='lat' dir='ltr'>Quis</span> <span class='ocrx_word' id='word_1_683' title='bbox 2353 4004 2536 4050; x_wconf 90' lang='lat' dir='ltr'>autem</span> <span class='ocrx_word' id='word_1_684' title='bbox 2593 3996 2901 4051; x_wconf 90' lang='lat' dir='ltr'>intellectus</span> <span class='ocrx_word' id='word_1_685' title='bbox 2959 3996 3142 4068; x_wconf 84' lang='lat' dir='ltr'>colligi</span> <span class='ocrx_word' id='word_1_686' title='bbox 3186 3998 3384 4052; x_wconf 89' lang='lat' dir='ltr'>debeat</span> <span class='ocrx_word' id='word_1_687' title='bbox 3422 4013 3487 4052; x_wconf 85' lang='lat' dir='ltr'>ex</span> <span class='ocrx_word' id='word_1_688' title='bbox 3516 4012 3581 4052; x_wconf 93' lang='lat' dir='ltr'>eo</span> <span class='ocrx_word' id='word_1_689' title='bbox 3629 3998 3783 4068; x_wconf 89' lang='lat' dir='ltr'>quod</span> 
     </span>
    </p>
   </div>
   <div class='ocr_carea' id='block_1_89' title="bbox 2188 4084 3781 4155">
    <p class='ocr_par' dir='ltr' id='par_1_89' title="bbox 2188 4084 3781 4155">
     <span class='ocr_line' id='line_1_89' title="bbox 2188 4084 3781 4155; baseline 0.001 -17"><span class='ocrx_word' id='word_1_690' title='bbox 2188 4084 2262 4138; x_wconf 89' lang='lat' dir='ltr'>ait</span> <span class='ocrx_word' id='word_1_691' title='bbox 2290 4084 2599 4139; x_wconf 89' lang='lat' dir='ltr'>ascendens</span> <span class='ocrx_word' id='word_1_692' title='bbox 2631 4085 2694 4139; x_wconf 89' lang='lat' dir='ltr'>in</span> <span class='ocrx_word' id='word_1_693' title='bbox 2723 4086 2928 4151; x_wconf 88' lang='lat' dir='ltr'>altum,</span> <span class='ocrx_word' id='word_1_694' title='bbox 2952 4084 3064 4138; x_wconf 90' lang='lat' dir='ltr'>vult</span> <span class='ocrx_word' id='word_1_695' title='bbox 3094 4084 3409 4155; x_wconf 84' lang='lat' dir='ltr'>explanare,</span> <span class='ocrx_word' id='word_1_696' title='bbox 3440 4101 3550 4140; x_wconf 89' lang='lat' dir='ltr'>non</span> <span class='ocrx_word' id='word_1_697' title='bbox 3597 4093 3781 4140; x_wconf 79' lang='lat' dir='ltr'>tamen</span> 
     </span>
    </p>
   </div>
   <div class='ocr_carea' id='block_1_90' title="bbox 2187 4171 3781 4245">
    <p class='ocr_par' dir='ltr' id='par_1_90' title="bbox 2187 4171 3781 4245">
     <span class='ocr_line' id='line_1_90' title="bbox 2187 4171 3781 4245; baseline 0.003 -21"><span class='ocrx_word' id='word_1_698' title='bbox 2187 4171 2500 4242; x_wconf 90' lang='lat' dir='ltr'>digrediens</span> <span class='ocrx_word' id='word_1_699' title='bbox 2530 4172 2600 4226; x_wconf 87' lang='lat' dir='ltr'>ab</span> <span class='ocrx_word' id='word_1_700' title='bbox 2630 4171 2944 4227; x_wconf 89' lang='lat' dir='ltr'>intentione.</span> <span class='ocrx_word' id='word_1_701' title='bbox 2978 4172 3112 4228; x_wconf 91' lang='lat' dir='ltr'>Dico</span> <span class='ocrx_word' id='word_1_702' title='bbox 3140 4173 3470 4229; x_wconf 83' lang='lat' dir='ltr'>ascendens.</span> <span class='ocrx_word' id='word_1_703' title='bbox 3506 4173 3613 4229; x_wconf 91' lang='lat' dir='ltr'>Sed</span> <span class='ocrx_word' id='word_1_704' title='bbox 3643 4172 3781 4245; x_wconf 86' lang='lat' dir='ltr'>quid</span> 
     </span>
    </p>
   </div>
   <div class='ocr_carea' id='block_1_91' title="bbox 2187 4259 3783 4333">
    <p class='ocr_par' dir='ltr' id='par_1_91' title="bbox 2187 4259 3783 4333">
     <span class='ocr_line' id='line_1_91' title="bbox 2187 4259 3783 4333; baseline 0.001 -19"><span class='ocrx_word' id='word_1_705' title='bbox 2187 4265 2291 4328; x_wconf 86' lang='lat' dir='ltr'>est,</span> <span class='ocrx_word' id='word_1_706' title='bbox 2324 4260 2379 4314; x_wconf 94' lang='lat' dir='ltr'>id</span> <span class='ocrx_word' id='word_1_707' title='bbox 2411 4268 2491 4315; x_wconf 92' lang='lat' dir='ltr'>est</span> <span class='ocrx_word' id='word_1_708' title='bbox 2521 4259 2651 4330; x_wconf 91' lang='lat' dir='ltr'>quid</span> <span class='ocrx_word' id='word_1_709' title='bbox 2684 4276 2783 4329; x_wconf 92' lang='lat' dir='ltr'>per</span> <span class='ocrx_word' id='word_1_710' title='bbox 2812 4261 2916 4315; x_wconf 88' lang='lat' dir='ltr'>hoc</span> <span class='ocrx_word' id='word_1_711' title='bbox 2946 4259 3356 4331; x_wconf 88' lang='lat' dir='ltr'>intelligendum</span> <span class='ocrx_word' id='word_1_712' title='bbox 3385 4268 3468 4316; x_wconf 92' lang='lat' dir='ltr'>est</span> <span class='ocrx_word' id='word_1_713' title='bbox 3497 4262 3638 4333; x_wconf 85' lang='lat' dir='ltr'>quod</span> <span class='ocrx_word' id='word_1_714' title='bbox 3668 4261 3783 4316; x_wconf 89' lang='lat' dir='ltr'>Do-</span> 
     </span>
    </p>
   </div>
   <div class='ocr_carea' id='block_1_92' title="bbox 496 4339 3781 4428">
    <p class='ocr_par' dir='ltr' id='par_1_92' title="bbox 496 4339 3781 4428">
     <span class='ocr_line' id='line_1_92' title="bbox 496 4339 3781 4428; baseline 0.003 -33"><span class='ocrx_word' id='word_1_715' title='bbox 496 4370 578 4415; x_wconf 58' lang='lat' dir='ltr'>est</span> <span class='ocrx_word' id='word_1_716' title='bbox 608 4375 775 4413; x_wconf 70' lang='lat' dir='ltr'>unum</span> <span class='ocrx_word' id='word_1_717' title='bbox 823 4358 876 4410; x_wconf 68' lang='lat' dir='ltr'>in</span> <span class='ocrx_word' id='word_1_718' title='bbox 911 4357 1205 4411; x_wconf 63' lang='grc' dir='ltr'>νοιυηιδιθ,</span> <span class='ocrx_word' id='word_1_719' title='bbox 1250 4357 1328 4410; x_wconf 69' lang='lat' dir='ltr'>ua</span> <span class='ocrx_word' id='word_1_720' title='bbox 1381 4357 1496 4410; x_wconf 62' lang='lat' dir='ltr'>suis</span> <span class='ocrx_word' id='word_1_721' title='bbox 1552 4374 1717 4411; x_wconf 71' lang='lat' dir='ltr'>unum</span> <span class='ocrx_word' id='word_1_722' title='bbox 1763 4339 2005 4428; x_wconf 66' lang='grc' dir='ltr'>’θοι-ροτε</span> <span class='ocrx_word' id='word_1_723' title='bbox 2038 4339 2159 4413; x_wconf 72' lang='grc' dir='ltr'>ριῙ)</span> <span class='ocrx_word' id='word_1_724' title='bbox 2190 4348 2368 4401; x_wconf 90' lang='lat' dir='ltr'>minus</span> <span class='ocrx_word' id='word_1_725' title='bbox 2390 4348 2648 4403; x_wconf 84' lang='lat' dir='ltr'>ascendit</span> <span class='ocrx_word' id='word_1_726' title='bbox 2675 4353 2697 4402; x_wconf 72' lang='lat'>.9</span> <span class='ocrx_word' id='word_1_727' title='bbox 2723 4347 3047 4404; x_wconf 82' lang='lat' dir='ltr'>Ascendens</span> <span class='ocrx_word' id='word_1_728' title='bbox 3073 4356 3127 4403; x_wconf 92' lang='lat' dir='ltr'>et</span> <span class='ocrx_word' id='word_1_729' title='bbox 3164 4349 3420 4404; x_wconf 86' lang='lat' dir='ltr'>ascendit</span> <span class='ocrx_word' id='word_1_730' title='bbox 3450 4364 3551 4419; x_wconf 92' lang='lat' dir='ltr'>pro</span> <span class='ocrx_word' id='word_1_731' title='bbox 3584 4348 3781 4404; x_wconf 91' lang='lat' dir='ltr'>eodem</span> 
     </span>
    </p>
   </div>
   <div class='ocr_carea' id='block_1_93' title="bbox 496 4444 2081 4518">
    <p class='ocr_par' dir='ltr' id='par_1_93' title="bbox 496 4444 2081 4518">
     <span class='ocr_line' id='line_1_93' title="bbox 496 4444 2081 4518; baseline -0.001 -16"><span class='ocrx_word' id='word_1_732' title='bbox 496 4448 707 4518; x_wconf 90' lang='lat' dir='ltr'>spiritu,</span> <span class='ocrx_word' id='word_1_733' title='bbox 739 4447 886 4501; x_wconf 86' lang='lat' dir='ltr'>sicut</span> <span class='ocrx_word' id='word_1_734' title='bbox 916 4461 1005 4499; x_wconf 90' lang='lat' dir='ltr'>res</span> <span class='ocrx_word' id='word_1_735' title='bbox 1036 4445 1126 4498; x_wconf 91' lang='lat' dir='ltr'>illa</span> <span class='ocrx_word' id='word_1_736' title='bbox 1157 4444 1226 4498; x_wconf 87' lang='lat' dir='ltr'>ad</span> <span class='ocrx_word' id='word_1_737' title='bbox 1257 4459 1418 4514; x_wconf 91' lang='lat' dir='ltr'>quam</span> <span class='ocrx_word' id='word_1_738' title='bbox 1451 4447 1629 4499; x_wconf 87' lang='lat' dir='ltr'>vocati</span> <span class='ocrx_word' id='word_1_739' title='bbox 1679 4447 1815 4499; x_wconf 86' lang='lat' dir='ltr'>estis</span> <span class='ocrx_word' id='word_1_740' title='bbox 1845 4462 1950 4499; x_wconf 89' lang='lat' dir='ltr'>una</span> <span class='ocrx_word' id='word_1_741' title='bbox 1982 4455 2081 4501; x_wconf 91' lang='lat' dir='ltr'>est.</span> 
     </span>
    </p>
   </div>
   <div class='ocr_carea' id='block_1_94' title="bbox 500 4531 2088 4604">
    <p class='ocr_par' dir='ltr' id='par_1_94' title="bbox 500 4531 2088 4604">
     <span class='ocr_line' id='line_1_94' title="bbox 500 4531 2088 4604; baseline -0.002 -13"><span class='ocrx_word' id='word_1_742' title='bbox 500 4536 660 4604; x_wconf 91' lang='lat' dir='ltr'>Quod</span> <span class='ocrx_word' id='word_1_743' title='bbox 691 4535 767 4589; x_wconf 92' lang='lat' dir='ltr'>sic</span> <span class='ocrx_word' id='word_1_744' title='bbox 797 4534 870 4589; x_wconf 91' lang='lat' dir='ltr'>ait</span> <span class='ocrx_word' id='word_1_745' title='bbox 904 4550 915 4587; x_wconf 92' lang='lat'>:</span> <span class='ocrx_word' id='word_1_746' title='bbox 952 4534 1060 4587; x_wconf 90' lang='lat' dir='ltr'>Vos</span> <span class='ocrx_word' id='word_1_747' title='bbox 1099 4531 1230 4586; x_wconf 90' lang='lat' dir='ltr'>estis</span> <span class='ocrx_word' id='word_1_748' title='bbox 1260 4532 1435 4586; x_wconf 87' lang='lat' dir='ltr'>vocati</span> <span class='ocrx_word' id='word_1_749' title='bbox 1467 4533 1527 4585; x_wconf 89' lang='lat' dir='ltr'>in</span> <span class='ocrx_word' id='word_1_750' title='bbox 1560 4550 1675 4586; x_wconf 89' lang='lat' dir='ltr'>una</span> <span class='ocrx_word' id='word_1_751' title='bbox 1696 4549 1811 4604; x_wconf 88' lang='lat' dir='ltr'>spe,</span> <span class='ocrx_word' id='word_1_752' title='bbox 1842 4534 1894 4587; x_wconf 92' lang='lat' dir='ltr'>id</span> <span class='ocrx_word' id='word_1_753' title='bbox 1915 4542 1996 4588; x_wconf 92' lang='lat' dir='ltr'>est</span> <span class='ocrx_word' id='word_1_754' title='bbox 2017 4534 2088 4588; x_wconf 89' lang='lat' dir='ltr'>ad</span> 
     </span>
    </p>
   </div>
   <div class='ocr_carea' id='block_1_95' title="bbox 499 4619 2087 4691">
    <p class='ocr_par' dir='ltr' id='par_1_95' title="bbox 499 4619 2087 4691">
     <span class='ocr_line' id='line_1_95' title="bbox 499 4619 2087 4691; baseline -0.003 -12"><span class='ocrx_word' id='word_1_755' title='bbox 499 4640 661 4679; x_wconf 91' lang='lat' dir='ltr'>unam</span> <span class='ocrx_word' id='word_1_756' title='bbox 693 4639 803 4677; x_wconf 90' lang='lat' dir='ltr'>rem</span> <span class='ocrx_word' id='word_1_757' title='bbox 837 4629 1130 4691; x_wconf 89' lang='lat' dir='ltr'>speratam.</span> <span class='ocrx_word' id='word_1_758' title='bbox 1165 4619 1271 4689; x_wconf 91' lang='lat' dir='ltr'>Spe</span> <span class='ocrx_word' id='word_1_759' title='bbox 1302 4619 1424 4673; x_wconf 91' lang='lat' dir='ltr'>dico</span> <span class='ocrx_word' id='word_1_760' title='bbox 1456 4621 1764 4675; x_wconf 86' lang='lat' dir='ltr'>vocationis</span> <span class='ocrx_word' id='word_1_761' title='bbox 1792 4625 2006 4687; x_wconf 66' lang='lat' dir='ltr'>vestrm,</span> <span class='ocrx_word' id='word_1_762' title='bbox 2032 4621 2087 4674; x_wconf 90' lang='lat' dir='ltr'>id</span> 
     </span>
    </p>
   </div>
   <div class='ocr_carea' id='block_1_96' title="bbox 500 4706 2087 4783">
    <p class='ocr_par' dir='ltr' id='par_1_96' title="bbox 500 4706 2087 4783">
     <span class='ocr_line' id='line_1_96' title="bbox 500 4706 2087 4783; baseline -0.003 -16"><span class='ocrx_word' id='word_1_763' title='bbox 500 4721 582 4768; x_wconf 88' lang='lat' dir='ltr'>est</span> <span class='ocrx_word' id='word_1_764' title='bbox 612 4726 718 4783; x_wconf 87' lang='lat' dir='ltr'>qua</span> <span class='ocrx_word' id='word_1_765' title='bbox 746 4710 914 4781; x_wconf 90' lang='lat' dir='ltr'>digna</span> <span class='ocrx_word' id='word_1_766' title='bbox 945 4716 1027 4762; x_wconf 89' lang='lat' dir='ltr'>est</span> <span class='ocrx_word' id='word_1_767' title='bbox 1060 4714 1240 4761; x_wconf 89' lang='lat' dir='ltr'>vestra</span> <span class='ocrx_word' id='word_1_768' title='bbox 1270 4706 1501 4760; x_wconf 89' lang='lat' dir='ltr'>vocatio.</span> <span class='ocrx_word' id='word_1_769' title='bbox 1520 4707 1714 4760; x_wconf 87' lang='lat' dir='ltr'>lterum</span> <span class='ocrx_word' id='word_1_770' title='bbox 1732 4706 1942 4763; x_wconf 89' lang='lat' dir='ltr'>debetis</span> <span class='ocrx_word' id='word_1_771' title='bbox 1964 4724 2087 4763; x_wconf 89' lang='lat' dir='ltr'>esse</span> 
     </span>
    </p>
   </div>
   <div class='ocr_carea' id='block_1_97' title="bbox 500 4793 2088 4867">
    <p class='ocr_par' dir='ltr' id='par_1_97' title="bbox 500 4793 2088 4867">
     <span class='ocr_line' id='line_1_97' title="bbox 500 4793 2088 4867; baseline -0.002 -12"><span class='ocrx_word' id='word_1_772' title='bbox 500 4817 664 4855; x_wconf 90' lang='lat' dir='ltr'>unum</span> <span class='ocrx_word' id='word_1_773' title='bbox 695 4814 910 4867; x_wconf 89' lang='lat' dir='ltr'>corpus,</span> <span class='ocrx_word' id='word_1_774' title='bbox 936 4804 987 4849; x_wconf 87' lang='lat' dir='ltr'>et</span> <span class='ocrx_word' id='word_1_775' title='bbox 1017 4811 1156 4848; x_wconf 91' lang='lat' dir='ltr'>unus</span> <span class='ocrx_word' id='word_1_776' title='bbox 1187 4793 1424 4863; x_wconf 89' lang='lat' dir='ltr'>spiritus,</span> <span class='ocrx_word' id='word_1_777' title='bbox 1473 4793 1598 4863; x_wconf 90' lang='lat' dir='ltr'>quia</span> <span class='ocrx_word' id='word_1_778' title='bbox 1627 4795 1898 4850; x_wconf 87' lang='lat' dir='ltr'>Dominus</span> <span class='ocrx_word' id='word_1_779' title='bbox 1937 4812 2088 4852; x_wconf 79' lang='lat' dir='ltr'>unus</span> 
     </span>
    </p>
   </div>
   <div class='ocr_carea' id='block_1_98' title="bbox 493 4882 2085 4949">
    <p class='ocr_par' dir='ltr' id='par_1_98' title="bbox 493 4882 2085 4949">
     <span class='ocr_line' id='line_1_98' title="bbox 493 4882 2085 4949; baseline -0.004 -6"><span class='ocrx_word' id='word_1_780' title='bbox 493 4888 650 4943; x_wconf 82' lang='lat' dir='ltr'>vobis</span> <span class='ocrx_word' id='word_1_781' title='bbox 680 4885 1010 4948; x_wconf 91' lang='lat' dir='ltr'>dominatur,</span> <span class='ocrx_word' id='word_1_782' title='bbox 1040 4890 1090 4936; x_wconf 91' lang='lat' dir='ltr'>et</span> <span class='ocrx_word' id='word_1_783' title='bbox 1128 4882 1263 4949; x_wconf 81' lang='lat' dir='ltr'>ﬁdes</span> <span class='ocrx_word' id='word_1_784' title='bbox 1298 4889 1477 4935; x_wconf 83' lang='lat' dir='ltr'>vestra</span> <span class='ocrx_word' id='word_1_785' title='bbox 1504 4897 1622 4937; x_wconf 88' lang='lat' dir='ltr'>una</span> <span class='ocrx_word' id='word_1_786' title='bbox 1650 4890 1750 4947; x_wconf 91' lang='lat' dir='ltr'>est,</span> <span class='ocrx_word' id='word_1_787' title='bbox 1786 4890 1837 4936; x_wconf 91' lang='lat' dir='ltr'>et</span> <span class='ocrx_word' id='word_1_788' title='bbox 1866 4882 2085 4938; x_wconf 77' lang='lat' dir='ltr'>indiffe-</span> 
     </span>
    </p>
   </div>
   <div class='ocr_carea' id='block_1_99' title="bbox 494 4969 2085 5039">
    <p class='ocr_par' dir='ltr' id='par_1_99' title="bbox 494 4969 2085 5039">
     <span class='ocr_line' id='line_1_99' title="bbox 494 4969 2085 5039; baseline -0.003 -14"><span class='ocrx_word' id='word_1_789' title='bbox 494 4987 651 5035; x_wconf 81' lang='lat' dir='ltr'>rens;</span> <span class='ocrx_word' id='word_1_790' title='bbox 685 4978 736 5023; x_wconf 91' lang='lat' dir='ltr'>et</span> <span class='ocrx_word' id='word_1_791' title='bbox 767 4969 1045 5039; x_wconf 89' lang='lat' dir='ltr'>baptisma</span> <span class='ocrx_word' id='word_1_792' title='bbox 1073 4973 1311 5020; x_wconf 92' lang='lat' dir='ltr'>vestrum</span> <span class='ocrx_word' id='word_1_793' title='bbox 1342 4981 1523 5019; x_wconf 87' lang='lat' dir='ltr'>unum</span> <span class='ocrx_word' id='word_1_794' title='bbox 1566 4974 1665 5031; x_wconf 92' lang='lat' dir='ltr'>est,</span> <span class='ocrx_word' id='word_1_795' title='bbox 1701 4981 1891 5021; x_wconf 91' lang='lat' dir='ltr'>omnes</span> <span class='ocrx_word' id='word_1_796' title='bbox 1930 4982 2085 5037; x_wconf 63' lang='lat' dir='ltr'>aeque</span> 
     </span>
    </p>
   </div>
   <div class='ocr_carea' id='block_1_100' title="bbox 491 5053 2082 5126">
    <p class='ocr_par' dir='ltr' id='par_1_100' title="bbox 491 5053 2082 5126">
     <span class='ocr_line' id='line_1_100' title="bbox 491 5053 2082 5126; baseline -0.002 -15"><span class='ocrx_word' id='word_1_797' title='bbox 491 5057 830 5126; x_wconf 87' lang='lat' dir='ltr'>justiticans;</span> <span class='ocrx_word' id='word_1_798' title='bbox 874 5071 983 5110; x_wconf 90' lang='lat' dir='ltr'>non</span> <span class='ocrx_word' id='word_1_799' title='bbox 1053 5053 1349 5107; x_wconf 90' lang='lat' dir='ltr'>secundum</span> <span class='ocrx_word' id='word_1_800' title='bbox 1399 5053 1543 5124; x_wconf 90' lang='lat' dir='ltr'>quod</span> <span class='ocrx_word' id='word_1_801' title='bbox 1602 5053 1820 5124; x_wconf 89' lang='lat' dir='ltr'>quidam</span> <span class='ocrx_word' id='word_1_802' title='bbox 1876 5054 2082 5121; x_wconf 91' lang='lat' dir='ltr'>dicunt,</span> 
     </span>
    </p>
   </div>
   <div class='ocr_carea' id='block_1_101' title="bbox 499 5140 2085 5213">
    <p class='ocr_par' dir='ltr' id='par_1_101' title="bbox 499 5140 2085 5213">
     <span class='ocr_line' id='line_1_101' title="bbox 499 5140 2085 5213; baseline -0.003 -12"><span class='ocrx_word' id='word_1_803' title='bbox 499 5145 795 5201; x_wconf 91' lang='lat' dir='ltr'>secundum</span> <span class='ocrx_word' id='word_1_804' title='bbox 826 5142 1022 5197; x_wconf 90' lang='lat' dir='ltr'>merita</span> <span class='ocrx_word' id='word_1_805' title='bbox 1060 5142 1404 5197; x_wconf 89' lang='lat' dir='ltr'>diversorum</span> <span class='ocrx_word' id='word_1_806' title='bbox 1445 5140 1829 5211; x_wconf 88' lang='lat' dir='ltr'>baptizantium</span> <span class='ocrx_word' id='word_1_807' title='bbox 1868 5142 2085 5213; x_wconf 89' lang='lat' dir='ltr'>dignius</span> 
     </span>
    </p>
   </div>
   <div class='ocr_carea' id='block_1_102' title="bbox 495 5229 2085 5303">
    <p class='ocr_par' dir='ltr' id='par_1_102' title="bbox 495 5229 2085 5303">
     <span class='ocr_line' id='line_1_102' title="bbox 495 5229 2085 5303; baseline -0.004 -13"><span class='ocrx_word' id='word_1_808' title='bbox 495 5234 581 5290; x_wconf 90' lang='lat' dir='ltr'>vel</span> <span class='ocrx_word' id='word_1_809' title='bbox 630 5231 927 5303; x_wconf 87' lang='lat' dir='ltr'>indignius.</span> <span class='ocrx_word' id='word_1_810' title='bbox 979 5232 1045 5285; x_wconf 87' lang='lat' dir='ltr'>Et</span> <span class='ocrx_word' id='word_1_811' title='bbox 1074 5238 1157 5285; x_wconf 91' lang='lat' dir='ltr'>est</span> <span class='ocrx_word' id='word_1_812' title='bbox 1214 5245 1362 5284; x_wconf 88' lang='lat' dir='ltr'>unus</span> <span class='ocrx_word' id='word_1_813' title='bbox 1422 5231 1596 5293; x_wconf 87' lang='lat' dir='ltr'>Deus,</span> <span class='ocrx_word' id='word_1_814' title='bbox 1648 5229 1703 5283; x_wconf 95' lang='lat' dir='ltr'>id</span> <span class='ocrx_word' id='word_1_815' title='bbox 1761 5237 1843 5284; x_wconf 90' lang='lat' dir='ltr'>est</span> <span class='ocrx_word' id='word_1_816' title='bbox 1872 5238 2085 5285; x_wconf 89' lang='lat' dir='ltr'>creator</span> 
     </span>
    </p>
   </div>
   <div class='ocr_carea' id='block_1_103' title="bbox 494 5316 2084 5388">
    <p class='ocr_par' dir='ltr' id='par_1_103' title="bbox 494 5316 2084 5388">
     <span class='ocr_line' id='line_1_103' title="bbox 494 5316 2084 5388; baseline -0.003 -10"><span class='ocrx_word' id='word_1_817' title='bbox 494 5322 750 5386; x_wconf 91' lang='lat' dir='ltr'>omnium,</span> <span class='ocrx_word' id='word_1_818' title='bbox 785 5327 836 5375; x_wconf 94' lang='lat' dir='ltr'>et</span> <span class='ocrx_word' id='word_1_819' title='bbox 865 5335 1003 5373; x_wconf 91' lang='lat' dir='ltr'>unus</span> <span class='ocrx_word' id='word_1_820' title='bbox 1034 5320 1204 5374; x_wconf 89' lang='lat' dir='ltr'>Pater</span> <span class='ocrx_word' id='word_1_821' title='bbox 1223 5319 1507 5383; x_wconf 89' lang='lat' dir='ltr'>omnium,</span> <span class='ocrx_word' id='word_1_822' title='bbox 1546 5316 1637 5388; x_wconf 93' lang='lat' dir='ltr'>qui</span> <span class='ocrx_word' id='word_1_823' title='bbox 1658 5332 1756 5373; x_wconf 89' lang='lat' dir='ltr'>vos</span> <span class='ocrx_word' id='word_1_824' title='bbox 1787 5318 2084 5373; x_wconf 91' lang='lat' dir='ltr'>secundum</span> 
     </span>
    </p>
   </div>
   <div class='ocr_carea' id='block_1_104' title="bbox 491 5405 2083 5479">
    <p class='ocr_par' dir='ltr' id='par_1_104' title="bbox 491 5405 2083 5479">
     <span class='ocr_line' id='line_1_104' title="bbox 491 5405 2083 5479; baseline -0.003 -14"><span class='ocrx_word' id='word_1_825' title='bbox 491 5410 838 5466; x_wconf 89' lang='lat' dir='ltr'>dilectionem</span> <span class='ocrx_word' id='word_1_826' title='bbox 868 5406 1097 5461; x_wconf 82' lang='lat' dir='ltr'>ﬁliorum</span> <span class='ocrx_word' id='word_1_827' title='bbox 1126 5406 1415 5479; x_wconf 89' lang='lat' dir='ltr'>gubernat.</span> <span class='ocrx_word' id='word_1_828' title='bbox 1452 5406 1582 5473; x_wconf 81' lang='lat' dir='ltr'>Qui,</span> <span class='ocrx_word' id='word_1_829' title='bbox 1645 5405 1906 5461; x_wconf 89' lang='lat' dir='ltr'>Dominus</span> <span class='ocrx_word' id='word_1_830' title='bbox 1936 5407 2083 5461; x_wconf 93' lang='lat' dir='ltr'>Deus</span> 
     </span>
    </p>
   </div>
   <div class='ocr_carea' id='block_1_105' title="bbox 493 5493 2083 5566">
    <p class='ocr_par' dir='ltr' id='par_1_105' title="bbox 493 5493 2083 5566">
     <span class='ocr_line' id='line_1_105' title="bbox 493 5493 2083 5566; baseline -0.002 -12"><span class='ocrx_word' id='word_1_831' title='bbox 493 5500 647 5554; x_wconf 88' lang='lat' dir='ltr'>Pater</span> <span class='ocrx_word' id='word_1_832' title='bbox 693 5496 1022 5553; x_wconf 87' lang='lat' dir='ltr'>dominando</span> <span class='ocrx_word' id='word_1_833' title='bbox 1054 5538 1067 5562; x_wconf 97' lang='lat'>,</span> <span class='ocrx_word' id='word_1_834' title='bbox 1110 5495 1381 5561; x_wconf 89' lang='lat' dir='ltr'>creando,</span> <span class='ocrx_word' id='word_1_835' title='bbox 1424 5493 1703 5566; x_wconf 88' lang='lat' dir='ltr'>diligendo</span> <span class='ocrx_word' id='word_1_836' title='bbox 1728 5535 1741 5562; x_wconf 88' lang='lat'>,</span> <span class='ocrx_word' id='word_1_837' title='bbox 1775 5498 1860 5551; x_wconf 88' lang='lat' dir='ltr'>est</span> <span class='ocrx_word' id='word_1_838' title='bbox 1917 5510 2083 5566; x_wconf 86' lang='lat' dir='ltr'>super</span> 
     </span>
    </p>
   </div>
   <div class='ocr_carea' id='block_1_106' title="bbox 2189 4435 3780 4507">
    <p class='ocr_par' dir='ltr' id='par_1_106' title="bbox 2189 4435 3780 4507">
     <span class='ocr_line' id='line_1_106' title="bbox 2189 4435 3780 4507; baseline 0.002 -19"><span class='ocrx_word' id='word_1_839' title='bbox 2189 4436 2369 4502; x_wconf 88' lang='lat' dir='ltr'>habet,</span> <span class='ocrx_word' id='word_1_840' title='bbox 2405 4435 2508 4489; x_wconf 93' lang='lat' dir='ltr'>nisi</span> <span class='ocrx_word' id='word_1_841' title='bbox 2538 4435 2641 4489; x_wconf 84' lang='lat' dir='ltr'>hoc</span> <span class='ocrx_word' id='word_1_842' title='bbox 2688 4435 3055 4507; x_wconf 89' lang='lat' dir='ltr'>intelligamus</span> <span class='ocrx_word' id='word_1_843' title='bbox 3088 4437 3232 4506; x_wconf 92' lang='lat' dir='ltr'>quod</span> <span class='ocrx_word' id='word_1_844' title='bbox 3260 4478 3272 4502; x_wconf 91' lang='lat'>,</span> <span class='ocrx_word' id='word_1_845' title='bbox 3309 4436 3353 4491; x_wconf 93' lang='lat' dir='ltr'>si</span> <span class='ocrx_word' id='word_1_846' title='bbox 3382 4435 3647 4502; x_wconf 90' lang='lat' dir='ltr'>ascendit,</span> <span class='ocrx_word' id='word_1_847' title='bbox 3682 4452 3780 4491; x_wconf 85' lang='lat' dir='ltr'>se-</span> 
     </span>
    </p>
   </div>
   <div class='ocr_carea' id='block_1_107' title="bbox 2189 4522 3783 4594">
    <p class='ocr_par' dir='ltr' id='par_1_107' title="bbox 2189 4522 3783 4594">
     <span class='ocr_line' id='line_1_107' title="bbox 2189 4522 3783 4594; baseline 0.001 -18"><span class='ocrx_word' id='word_1_848' title='bbox 2189 4523 2371 4592; x_wconf 90' lang='lat' dir='ltr'>quitur</span> <span class='ocrx_word' id='word_1_849' title='bbox 2401 4523 2543 4593; x_wconf 90' lang='lat' dir='ltr'>quod</span> <span class='ocrx_word' id='word_1_850' title='bbox 2570 4522 2721 4593; x_wconf 92' lang='lat' dir='ltr'>prius</span> <span class='ocrx_word' id='word_1_851' title='bbox 2750 4538 2913 4594; x_wconf 87' lang='lat' dir='ltr'>quam</span> <span class='ocrx_word' id='word_1_852' title='bbox 2943 4524 3266 4579; x_wconf 89' lang='lat' dir='ltr'>ascenderet</span> <span class='ocrx_word' id='word_1_853' title='bbox 3287 4524 3600 4589; x_wconf 85' lang='lat' dir='ltr'>descendit,</span> <span class='ocrx_word' id='word_1_854' title='bbox 3620 4524 3676 4578; x_wconf 91' lang='lat' dir='ltr'>id</span> <span class='ocrx_word' id='word_1_855' title='bbox 3694 4531 3783 4579; x_wconf 88' lang='lat' dir='ltr'>est.</span> 
     </span>
    </p>
   </div>
   <div class='ocr_carea' id='block_1_108' title="bbox 2188 4609 3782 4684">
    <p class='ocr_par' dir='ltr' id='par_1_108' title="bbox 2188 4609 3782 4684">
     <span class='ocr_line' id='line_1_108' title="bbox 2188 4609 3782 4684; baseline 0.003 -21"><span class='ocrx_word' id='word_1_856' title='bbox 2188 4610 2243 4663; x_wconf 93' lang='lat' dir='ltr'>in</span> <span class='ocrx_word' id='word_1_857' title='bbox 2274 4610 2461 4664; x_wconf 91' lang='lat' dir='ltr'>humili</span> <span class='ocrx_word' id='word_1_858' title='bbox 2490 4610 2610 4666; x_wconf 95' lang='lat' dir='ltr'>loco</span> <span class='ocrx_word' id='word_1_859' title='bbox 2640 4609 2757 4665; x_wconf 91' lang='lat' dir='ltr'>fuit.</span> <span class='ocrx_word' id='word_1_860' title='bbox 2791 4611 2848 4665; x_wconf 91' lang='lat' dir='ltr'>Si</span> <span class='ocrx_word' id='word_1_861' title='bbox 2877 4611 3021 4666; x_wconf 91' lang='lat' dir='ltr'>enim</span> <span class='ocrx_word' id='word_1_862' title='bbox 3051 4611 3321 4677; x_wconf 90' lang='lat' dir='ltr'>ascendit,</span> <span class='ocrx_word' id='word_1_863' title='bbox 3352 4613 3597 4682; x_wconf 87' lang='lat' dir='ltr'>sequitur</span> <span class='ocrx_word' id='word_1_864' title='bbox 3627 4612 3782 4684; x_wconf 90' lang='lat' dir='ltr'>quod</span> 
     </span>
    </p>
   </div>
   <div class='ocr_carea' id='block_1_109' title="bbox 2172 4697 3781 4773">
    <p class='ocr_par' dir='ltr' id='par_1_109' title="bbox 2172 4697 3781 4773">
     <span class='ocr_line' id='line_1_109' title="bbox 2172 4697 3781 4773; baseline 0.003 -22"><span class='ocrx_word' id='word_1_865' title='bbox 2172 4697 2256 4773; x_wconf 87' lang='lat' dir='ltr'>de</span> <span class='ocrx_word' id='word_1_866' title='bbox 2286 4697 2529 4753; x_wconf 82' lang='lat' dir='ltr'>inferiori</span> <span class='ocrx_word' id='word_1_867' title='bbox 2557 4698 2624 4752; x_wconf 91' lang='lat' dir='ltr'>ad</span> <span class='ocrx_word' id='word_1_868' title='bbox 2682 4699 2934 4769; x_wconf 91' lang='lat' dir='ltr'>superius</span> <span class='ocrx_word' id='word_1_869' title='bbox 2986 4700 3251 4755; x_wconf 91' lang='lat' dir='ltr'>ascendit.</span> <span class='ocrx_word' id='word_1_870' title='bbox 3311 4700 3602 4755; x_wconf 89' lang='lat' dir='ltr'>Descendit</span> <span class='ocrx_word' id='word_1_871' title='bbox 3650 4700 3781 4756; x_wconf 91' lang='lat' dir='ltr'>dico</span> 
     </span>
    </p>
   </div>
   <div class='ocr_carea' id='block_1_110' title="bbox 2186 4786 3785 4858">
    <p class='ocr_par' dir='ltr' id='par_1_110' title="bbox 2186 4786 3785 4858">
     <span class='ocr_line' id='line_1_110' title="bbox 2186 4786 3785 4858; baseline 0.002 -19"><span class='ocrx_word' id='word_1_872' title='bbox 2186 4786 2251 4840; x_wconf 87' lang='lat' dir='ltr'>in</span> <span class='ocrx_word' id='word_1_873' title='bbox 2278 4787 2582 4856; x_wconf 81' lang='lat' dir='ltr'>inferiores</span> <span class='ocrx_word' id='word_1_874' title='bbox 2605 4791 2801 4857; x_wconf 84' lang='lat' dir='ltr'>partes</span> <span class='ocrx_word' id='word_1_875' title='bbox 2853 4791 3037 4853; x_wconf 67' lang='lat' dir='ltr'>terrae,</span> <span class='ocrx_word' id='word_1_876' title='bbox 3072 4787 3127 4842; x_wconf 91' lang='lat' dir='ltr'>id</span> <span class='ocrx_word' id='word_1_877' title='bbox 3159 4794 3241 4842; x_wconf 89' lang='lat' dir='ltr'>est</span> <span class='ocrx_word' id='word_1_878' title='bbox 3297 4787 3350 4840; x_wconf 91' lang='lat' dir='ltr'>in</span> <span class='ocrx_word' id='word_1_879' title='bbox 3390 4786 3658 4843; x_wconf 82' lang='lat' dir='ltr'>infernum</span> <span class='ocrx_word' id='word_1_880' title='bbox 3686 4787 3785 4858; x_wconf 87' lang='lat' dir='ltr'>qui</span> 
     </span>
    </p>
   </div>
   <div class='ocr_carea' id='block_1_111' title="bbox 2188 4873 3779 4945">
    <p class='ocr_par' dir='ltr' id='par_1_111' title="bbox 2188 4873 3779 4945">
     <span class='ocr_line' id='line_1_111' title="bbox 2188 4873 3779 4945; baseline 0.001 -18"><span class='ocrx_word' id='word_1_881' title='bbox 2188 4873 2373 4943; x_wconf 90' lang='lat' dir='ltr'>utique</span> <span class='ocrx_word' id='word_1_882' title='bbox 2402 4873 2456 4925; x_wconf 91' lang='lat' dir='ltr'>in</span> <span class='ocrx_word' id='word_1_883' title='bbox 2486 4882 2645 4939; x_wconf 90' lang='lat' dir='ltr'>terra,</span> <span class='ocrx_word' id='word_1_884' title='bbox 2679 4874 2777 4928; x_wconf 90' lang='lat' dir='ltr'>sed</span> <span class='ocrx_word' id='word_1_885' title='bbox 2806 4874 2862 4927; x_wconf 93' lang='lat' dir='ltr'>in</span> <span class='ocrx_word' id='word_1_886' title='bbox 2890 4874 3135 4929; x_wconf 86' lang='lat' dir='ltr'>inferiori</span> <span class='ocrx_word' id='word_1_887' title='bbox 3163 4883 3318 4945; x_wconf 87' lang='lat' dir='ltr'>parte</span> <span class='ocrx_word' id='word_1_888' title='bbox 3349 4890 3472 4929; x_wconf 89' lang='lat' dir='ltr'>esse</span> <span class='ocrx_word' id='word_1_889' title='bbox 3514 4874 3779 4930; x_wconf 86' lang='lat' dir='ltr'>creditur.</span> 
     </span>
    </p>
   </div>
   <div class='ocr_carea' id='block_1_112' title="bbox 2186 4961 3785 5033">
    <p class='ocr_par' dir='ltr' id='par_1_112' title="bbox 2186 4961 3785 5033">
     <span class='ocr_line' id='line_1_112' title="bbox 2186 4961 3785 5033; baseline 0.002 -20"><span class='ocrx_word' id='word_1_890' title='bbox 2186 4961 2314 5016; x_wconf 84' lang='lat' dir='ltr'>Ideo</span> <span class='ocrx_word' id='word_1_891' title='bbox 2346 4961 2589 5031; x_wconf 90' lang='lat' dir='ltr'>probavit</span> <span class='ocrx_word' id='word_1_892' title='bbox 2643 4977 2768 5016; x_wconf 93' lang='lat' dir='ltr'>eum</span> <span class='ocrx_word' id='word_1_893' title='bbox 2816 4962 2907 5033; x_wconf 91' lang='lat' dir='ltr'>qui</span> <span class='ocrx_word' id='word_1_894' title='bbox 2937 4963 3210 5029; x_wconf 87' lang='lat' dir='ltr'>ascendit,</span> <span class='ocrx_word' id='word_1_895' title='bbox 3268 4962 3420 5032; x_wconf 90' lang='lat' dir='ltr'>prius</span> <span class='ocrx_word' id='word_1_896' title='bbox 3474 4962 3531 5016; x_wconf 88' lang='lat' dir='ltr'>in</span> <span class='ocrx_word' id='word_1_897' title='bbox 3587 4962 3785 5017; x_wconf 86' lang='lat' dir='ltr'>humili</span> 
     </span>
    </p>
   </div>
   <div class='ocr_carea' id='block_1_113' title="bbox 2186 5047 3784 5119">
    <p class='ocr_par' dir='ltr' id='par_1_113' title="bbox 2186 5047 3784 5119">
     <span class='ocr_line' id='line_1_113' title="bbox 2186 5047 3784 5119; baseline 0.002 -17"><span class='ocrx_word' id='word_1_898' title='bbox 2186 5047 2328 5114; x_wconf 92' lang='lat' dir='ltr'>loco,</span> <span class='ocrx_word' id='word_1_899' title='bbox 2360 5048 2498 5103; x_wconf 88' lang='lat' dir='ltr'>sicut</span> <span class='ocrx_word' id='word_1_900' title='bbox 2529 5065 2716 5103; x_wconf 90' lang='lat' dir='ltr'>verum</span> <span class='ocrx_word' id='word_1_901' title='bbox 2759 5050 3033 5106; x_wconf 89' lang='lat' dir='ltr'>hominem</span> <span class='ocrx_word' id='word_1_902' title='bbox 3091 5050 3383 5119; x_wconf 87' lang='lat' dir='ltr'>habitasse,</span> <span class='ocrx_word' id='word_1_903' title='bbox 3423 5060 3482 5105; x_wconf 90' lang='lat' dir='ltr'>ut</span> <span class='ocrx_word' id='word_1_904' title='bbox 3538 5051 3784 5107; x_wconf 86' lang='lat' dir='ltr'>scientes</span> 
     </span>
    </p>
   </div>
   <div class='ocr_carea' id='block_1_114' title="bbox 2186 5136 3784 5211">
    <p class='ocr_par' dir='ltr' id='par_1_114' title="bbox 2186 5136 3784 5211">
     <span class='ocr_line' id='line_1_114' title="bbox 2186 5136 3784 5211; baseline 0.001 -19"><span class='ocrx_word' id='word_1_905' title='bbox 2186 5136 2457 5192; x_wconf 90' lang='lat' dir='ltr'>Christum</span> <span class='ocrx_word' id='word_1_906' title='bbox 2500 5138 2749 5193; x_wconf 86' lang='lat' dir='ltr'>datorem</span> <span class='ocrx_word' id='word_1_907' title='bbox 2804 5138 3126 5211; x_wconf 84' lang='lat' dir='ltr'>gratiarum,</span> <span class='ocrx_word' id='word_1_908' title='bbox 3161 5139 3300 5195; x_wconf 90' lang='lat' dir='ltr'>sicut</span> <span class='ocrx_word' id='word_1_909' title='bbox 3330 5153 3432 5194; x_wconf 90' lang='lat' dir='ltr'>nos</span> <span class='ocrx_word' id='word_1_910' title='bbox 3461 5154 3671 5204; x_wconf 90' lang='lat' dir='ltr'>sumus,</span> <span class='ocrx_word' id='word_1_911' title='bbox 3706 5140 3784 5194; x_wconf 87' lang='lat' dir='ltr'>ita</span> 
     </span>
    </p>
   </div>
   <div class='ocr_carea' id='block_1_115' title="bbox 2186 5224 3785 5299">
    <p class='ocr_par' dir='ltr' id='par_1_115' title="bbox 2186 5224 3785 5299">
     <span class='ocr_line' id='line_1_115' title="bbox 2186 5224 3785 5299; baseline 0.001 -19"><span class='ocrx_word' id='word_1_912' title='bbox 2186 5240 2309 5280; x_wconf 91' lang='lat' dir='ltr'>esse</span> <span class='ocrx_word' id='word_1_913' title='bbox 2338 5224 2630 5291; x_wconf 87' lang='lat' dir='ltr'>hominem,</span> <span class='ocrx_word' id='word_1_914' title='bbox 2672 5224 3010 5281; x_wconf 87' lang='lat' dir='ltr'>ﬁducialibus</span> <span class='ocrx_word' id='word_1_915' title='bbox 3070 5227 3138 5281; x_wconf 89' lang='lat' dir='ltr'>ab</span> <span class='ocrx_word' id='word_1_916' title='bbox 3167 5242 3233 5282; x_wconf 92' lang='lat' dir='ltr'>eo</span> <span class='ocrx_word' id='word_1_917' title='bbox 3286 5235 3535 5297; x_wconf 89' lang='lat' dir='ltr'>petamus</span> <span class='ocrx_word' id='word_1_918' title='bbox 3565 5227 3785 5299; x_wconf 86' lang='lat' dir='ltr'>gratias</span> 
     </span>
    </p>
   </div>
   <div class='ocr_carea' id='block_1_116' title="bbox 2186 5313 3781 5385">
    <p class='ocr_par' dir='ltr' id='par_1_116' title="bbox 2186 5313 3781 5385">
     <span class='ocr_line' id='line_1_116' title="bbox 2186 5313 3781 5385; baseline 0.003 -18"><span class='ocrx_word' id='word_1_919' title='bbox 2186 5329 2331 5378; x_wconf 91' lang='lat' dir='ltr'>suas,</span> <span class='ocrx_word' id='word_1_920' title='bbox 2366 5314 2457 5385; x_wconf 91' lang='lat' dir='ltr'>qui</span> <span class='ocrx_word' id='word_1_921' title='bbox 2496 5313 2600 5367; x_wconf 91' lang='lat' dir='ltr'>nisi</span> <span class='ocrx_word' id='word_1_922' title='bbox 2631 5314 3133 5385; x_wconf 89' lang='lat' dir='ltr'>comparticipasset</span> <span class='ocrx_word' id='word_1_923' title='bbox 3189 5314 3501 5369; x_wconf 90' lang='lat' dir='ltr'>humanitati</span> <span class='ocrx_word' id='word_1_924' title='bbox 3548 5322 3781 5383; x_wconf 75' lang='lat' dir='ltr'>nostrae,</span> 
     </span>
    </p>
   </div>
   <div class='ocr_carea' id='block_1_117' title="bbox 2184 5400 3784 5475">
    <p class='ocr_par' dir='ltr' id='par_1_117' title="bbox 2184 5400 3784 5475">
     <span class='ocr_line' id='line_1_117' title="bbox 2184 5400 3784 5475; baseline 0.003 -20"><span class='ocrx_word' id='word_1_925' title='bbox 2184 5400 2353 5456; x_wconf 92' lang='lat' dir='ltr'>multo</span> <span class='ocrx_word' id='word_1_926' title='bbox 2381 5401 2539 5457; x_wconf 90' lang='lat' dir='ltr'>nobis</span> <span class='ocrx_word' id='word_1_927' title='bbox 2568 5402 2951 5457; x_wconf 87' lang='lat' dir='ltr'>inexorabilior</span> <span class='ocrx_word' id='word_1_928' title='bbox 2992 5410 3155 5457; x_wconf 90' lang='lat' dir='ltr'>esset.</span> <span class='ocrx_word' id='word_1_929' title='bbox 3190 5403 3258 5457; x_wconf 89' lang='lat' dir='ltr'>Et</span> <span class='ocrx_word' id='word_1_930' title='bbox 3300 5403 3430 5475; x_wconf 91' lang='lat' dir='ltr'>quia</span> <span class='ocrx_word' id='word_1_931' title='bbox 3454 5402 3546 5459; x_wconf 90' lang='lat' dir='ltr'>ille</span> <span class='ocrx_word' id='word_1_932' title='bbox 3574 5418 3784 5461; x_wconf 87' lang='lat' dir='ltr'>ascen-</span> 
     </span>
    </p>
   </div>
   <div class='ocr_carea' id='block_1_118' title="bbox 2183 5489 3786 5564">
    <p class='ocr_par' dir='ltr' id='par_1_118' title="bbox 2183 5489 3786 5564">
     <span class='ocr_line' id='line_1_118' title="bbox 2183 5489 3786 5564; baseline 0.004 -22"><span class='ocrx_word' id='word_1_933' title='bbox 2183 5489 2261 5543; x_wconf 91' lang='lat' dir='ltr'>dit</span> <span class='ocrx_word' id='word_1_934' title='bbox 2274 5489 2527 5559; x_wconf 89' lang='lat' dir='ltr'>primum,</span> <span class='ocrx_word' id='word_1_935' title='bbox 2544 5490 2707 5561; x_wconf 86' lang='lat' dir='ltr'>igitur</span> <span class='ocrx_word' id='word_1_936' title='bbox 2726 5490 2817 5562; x_wconf 89' lang='lat' dir='ltr'>qui</span> <span class='ocrx_word' id='word_1_937' title='bbox 2838 5491 3118 5547; x_wconf 88' lang='lat' dir='ltr'>descendit</span> <span class='ocrx_word' id='word_1_938' title='bbox 3140 5498 3192 5547; x_wconf 91' lang='lat' dir='ltr'>et</span> <span class='ocrx_word' id='word_1_939' title='bbox 3211 5493 3307 5564; x_wconf 87' lang='lat' dir='ltr'>qui</span> <span class='ocrx_word' id='word_1_940' title='bbox 3325 5491 3583 5549; x_wconf 83' lang='lat' dir='ltr'>ascendit</span> <span class='ocrx_word' id='word_1_941' title='bbox 3604 5508 3786 5564; x_wconf 79' lang='lat' dir='ltr'>super</span> 
     </span>
    </p>
   </div>
  </div>
