3934 6054
160 198 270 252 337

768 191 1146 250 EXPOSITIO
1185 192 1260 249 IN
1294 192 1676 251 EPISTOLAS
1713 193 1937 251 PAULI.
1970 224 2038 236 —-
2078 194 2152 251 IN
2194 194 2412 251 EPIST.
2460 195 2556 251 AD
2593 195 2841 251 EPHES.

3344 198 3448 251 338

164 334 364 375 omnes
421 319 618 386 caelos,
678 316 795 388 ipse
854 334 995 373 unus
1050 326 1103 373 et
1156 317 1303 373 idem
1362 326 1443 374 est
1498 318 1763 374 indivisus
1786 322 1834 379 Α
1865 326 2072 375 crescat
2117 332 2265 384 caro,
2299 336 2399 375 nec
2428 319 2484 373 in
2514 326 2808 390 augmento
2840 318 3052 383 virium,
3086 332 3188 373 nec
3214 316 3457 389 longitu-

162 408 433 472 Cbristus,
465 407 629 460 homo
676 406 841 461 Deus.

238 495 342 549 Vel
390 494 547 549 aliter
588 511 601 549 :
644 493 785 563 Quid
843 502 923 549 est
983 494 1129 565 quod
1176 494 1420 549 ascendit
1466 495 1767 549 humanitas

165 582 399 648 Christi,
432 581 537 635 nisi
566 581 691 653 quia
717 582 947 652 primum
977 582 1258 637 descendit
1283 582 1537 638 divinitas
1586 583 1641 636 in
1678 583 1766 636 in-

165 670 405 725 feriores
460 677 644 740 partes
701 678 862 725 terrae
891 713 904 735 ,
944 669 1001 725 id
1057 678 1138 725 est
1193 669 1262 724 ad
1317 670 1607 725 uniendam
1664 670 1768 724 sibi

167 757 558 813 humanitatem
592 758 734 813 inter
763 758 1055 813 homines?
1083 758 1140 811 Si
1169 758 1312 813 enim
1343 775 1515 830 usque
1544 759 1611 813 ad
1642 760 1766 829 glo-

167 848 301 901 bum
352 846 484 901 solis
532 854 583 901 et
627 846 768 900 luna:
814 847 1211 911 descenderet,
1260 846 1398 900 infra
1447 855 1619 913 esset,
1672 847 1769 901 sed

163 935 239 990 ad
300 942 478 989 terras
534 934 866 990 descendere
924 934 1022 988 fuit
1070 934 1319 989 inferius.
1368 935 1435 988 Et
1480 935 1601 989 licet
1632 935 1768 989 alius

164 1022 422 1077 videatur
449 1022 775 1088 ascendens,
812 1022 867 1076 id
896 1030 995 1090 est,
1030 1024 1193 1077 homo
1222 1022 1361 1077 alius
1404 1023 1764 1088 descendens,

164 1111 221 1165 id
250 1117 337 1165 est
366 1112 553 1177 Deus;
600 1119 783 1165 tamen
812 1110 902 1181 qui
947 1110 1228 1165 descendit
1276 1118 1328 1165 et
1374 1111 1466 1182 qui
1524 1110 1770 1166 ascendit

166 1215 339 1269 super
367 1214 557 1253 omnes
587 1198 777 1264 cmlos,
809 1198 926 1269 ipse
958 1198 1103 1253 idem
1136 1206 1218 1253 est
1244 1215 1384 1252 unus
1415 1199 1589 1253 divisa
1636 1215 1767 1269 per-

166 1301 328 1341 sena.
377 1287 465 1342 Sic
514 1286 707 1340 iterum
758 1286 897 1341 bene
948 1286 1017 1340 ad
1044 1286 1395 1341 intentionem
1431 1304 1443 1339 :
1478 1286 1613 1354 Quia
1645 1302 1768 1342 cum

168 1382 377 1429 tantam
432 1375 715 1429 videamus
762 1374 881 1442 ejus
935 1374 1231 1445 potentiam
1292 1383 1348 1428 ut
1403 1376 1566 1429 homo
1622 1376 1770 1429 Deus

170 1479 343 1533 super
391 1463 561 1517 cmlos
594 1462 937 1527 ascenderit,
972 1460 1300 1517 ﬁducialiter
1330 1462 1606 1533 postulare
1636 1478 1770 1532 pos-

170 1567 361 1605 sumus
420 1551 491 1604 ab
548 1566 613 1605 eo
660 1551 751 1621 qui
798 1550 977 1604 omnia
1018 1558 1217 1620 potest.
1266 1551 1523 1605 Ascendit
1550 1550 1674 1605 ideo
1704 1555 1770 1605 ut

1865 407 2033 461 dinis.
2074 407 2279 461 Omnes
2310 408 2473 473 enim,
2508 408 2621 462 sive
2665 407 2911 475 juniores
2933 406 3047 461 sive
3078 406 3356 474 seniores,
3404 406 3459 460 in

1866 496 2059 550 eodem
2100 503 2299 565 puncto
2347 495 2517 549 aetatis
2586 495 2945 550 resurrecturi
2996 511 3182 548 sumus
3238 494 3293 547 in
3352 509 3460 563 quo

1867 583 2111 637 Christus
2166 583 2429 637 mundum
2482 583 2645 638 exivit
2703 592 2754 637 et
2809 582 3120 637 resurrexit.
3154 582 3284 636 Ideo
3323 582 3460 636 alios

1865 672 2179 741 prophetas,
2215 672 2353 724 alios
2387 671 2645 726 doctores
2673 671 2759 725 vel
2779 679 3029 741 pastores
3060 670 3226 735 dedit,
3261 673 3327 724 ut
3338 672 3464 741 jam

1868 759 1996 813 olim
2027 759 2244 830 quidem
2278 759 2355 814 sic
2385 758 2601 825 fuimus,
2637 759 2732 813 sed
2763 759 2962 812 amodo
2990 774 3104 813 non
3125 758 3302 811 simus
3330 775 3463 829 par-

1868 848 1984 901 vuli
2006 846 2299 902 intellectu.
2325 848 2438 902 Nec
2461 847 2631 901 simus
2650 863 2714 901 ex
2736 846 2893 901 nobis
2909 848 3276 915 ﬂuctuantes,
3300 845 3463 899 modo

1867 935 2025 1002 bene,
2050 935 2212 989 modo
2242 935 2384 1011 male
2409 944 2653 1005 agentes,
2676 940 2729 989 et
2753 942 2808 987 ut
2830 950 2937 988 non
2958 950 3054 1003 per
3074 934 3210 987 alios
3232 934 3470 988 circum-

1866 1025 2125 1093 feramur
2144 1023 2303 1079 modo
2320 1024 2439 1089 hac,
2456 1023 2618 1077 modo
2640 1022 2784 1086 illac,
2807 1024 2961 1077 omni
2982 1026 3145 1076 vento
3168 1022 3462 1076 doctrinae.

1868 1109 2069 1164 Alludit
2118 1110 2476 1164 similitudini.
2510 1112 2655 1164 Mare
2705 1110 2881 1177 enim,
2917 1110 3213 1174 mundum;
3249 1117 3462 1173 ventus,

1869 1198 2220 1264 seductores;
2281 1198 2463 1265 navis,
2524 1198 2867 1261 Ecclesiam,
2931 1214 3050 1267 qua:
3106 1197 3267 1250 modo
3298 1195 3465 1262 infra,

1868 1286 2031 1339 modo
2077 1302 2241 1355 supra
2288 1285 2669 1356 persecutione
2725 1285 2989 1339 malorum
3036 1283 3355 1354 depellitur,
3391 1283 3465 1337 si-

1868 1373 2112 1444 gniﬁcat.
2139 1374 2414 1428 Doctrina)
2441 1373 2561 1427 dico
2589 1373 2744 1427 facta:
2775 1375 2837 1426 in
2858 1374 3111 1443 nequitia
3136 1372 3466 1437 hominum;

1869 1461 2190 1532 nequissimi
2240 1462 2382 1516 enim
2434 1470 2554 1515 sunt
2603 1461 2921 1516 seductores
2968 1459 3297 1528 hujusmodi.
3348 1460 3465 1513 Do-

1871 1550 2056 1605 ctrinae
2087 1550 2247 1604 etiam
2297 1550 2454 1605 factae
2497 1550 2558 1603 in
2606 1551 2858 1614 astutia,
2920 1549 3146 1602 latenter
3202 1547 3465 1602 seducunt

166 1639 512 1709 adimpleret
541 1639 732 1693 omnia
764 1637 923 1691 donis
954 1637 1083 1704 suis,
1112 1638 1271 1706 juxta
1303 1638 1447 1709 quod
1476 1638 1621 1693 idem
1655 1638 1727 1692 ait
1752 1654 1764 1692 :
1789 1671 1840 1729 B
1871 1637 2164 1708 simplices.
2216 1637 2428 1691 Astutia
2475 1637 2595 1691 dico
2627 1637 2879 1691 tendente
2924 1635 2996 1689 ad
3023 1636 3462 1691 circumventio-

171 1752 190 1773 α
226 1726 350 1781 Nisi
398 1741 504 1796 ego
554 1725 781 1790 abiero,
837 1725 1153 1781 Paracletus
1205 1741 1313 1781 non
1360 1726 1539 1781 veniet
1570 1727 1639 1780 ad
1671 1741 1768 1781 vos

167 1815 357 1883 (Joan.
411 1828 533 1879 xw,
565 1814 640 1883 7).
694 1815 985 1884 Postquam
1016 1814 1266 1883 probavit
1294 1813 1565 1868 Christum
1609 1813 1771 1867 dona-

168 1910 342 1956 torem
403 1901 740 1973 gratiarum,
788 1902 1022 1956 ostendit
1067 1901 1437 1956 diversitatem
1477 1902 1764 1956 donorum.

170 1991 317 2044 Bene
348 1989 474 2043 dico
496 1990 833 2061 adimpleret
864 1990 1075 2054 omnia,
1111 1994 1169 2044 et
1196 1990 1349 2044 enim
1379 1988 1495 2060 ipse
1526 1989 1771 2043 Christus

170 2079 323 2133 dedit
356 2078 627 2149 quosdam
659 2078 899 2149 quidem,
935 2076 989 2130 id
1020 2085 1101 2131 est
1117 2077 1348 2131 discrete
1377 2078 1445 2131 ab
1476 2077 1593 2130 aliis
1631 2092 1769 2149 apo-

169 2167 329 2221 tolos.
370 2164 649 2231 Quosdam
685 2168 880 2219 autem
911 2164 1059 2218 dedit
1094 2166 1414 2237 prophetas,
1450 2165 1539 2235 qui
1562 2165 1769 2219 revela-

174 2261 292 2309 rent
312 2251 658 2323 Scripturas;
691 2254 833 2307 alios
864 2268 988 2308 vero
1022 2254 1416 2322 evangelistas,
1440 2253 1493 2306 id
1524 2261 1605 2307 est
1635 2269 1770 2323 prae-

168 2341 479 2402 dicatores;
533 2341 673 2395 alios
726 2344 921 2395 autem
964 2344 1223 2410 pastores
1272 2345 1325 2394 et
1375 2341 1664 2405 doctores,
1716 2340 1769 2394 id

168 2438 247 2483 est
267 2428 586 2499 episcopos,
618 2428 708 2498 qui
726 2428 793 2482 de
816 2443 1007 2482 mensa
1035 2428 1284 2498 corporis
1307 2428 1503 2481 Christi
1526 2428 1771 2483 subditos

168 2524 419 2587 pascant,
455 2524 507 2571 et
539 2516 608 2569 de
636 2516 791 2570 Novo
822 2523 875 2569 et
923 2515 1106 2569 Veteri
1144 2516 1487 2570 Testamento
1518 2516 1767 2570 doceant.

170 2606 298 2660 Ideo
327 2605 470 2658 alios
502 2611 555 2657 et
586 2603 721 2657 alios
752 2603 899 2658 dedit
929 2605 991 2657 in
1024 2619 1159 2673 opus
1189 2604 1534 2670 ministerii,
1568 2604 1695 2674 quia
1726 2604 1772 2657 si

169 2694 255 2747 uni
288 2691 479 2748 omnia
501 2692 677 2758 daret,
702 2692 828 2745 dum
860 2708 1000 2745 unus
1029 2691 1097 2745 ad
1130 2691 1311 2746 omnia
1339 2708 1448 2745 non
1479 2690 1766 2757 sufﬁceret,

173 2780 479 2835 ministeria
509 2780 705 2835 Christi
734 2780 1054 2849 imperfecta
1083 2788 1444 2834 remanerent.
1493 2780 1773 2834 Ministerii

168 2870 287 2925 dico
320 2869 555 2923 valentis
585 2869 656 2923 ad
676 2869 1217 2925 consummationem
1239 2872 1586 2935 sanctorum,
1612 2868 1665 2922 id
1693 2877 1774 2922 est

170 2958 343 3029 utqui
390 2957 506 3025 jam
547 2957 680 3024 justi
729 2964 852 3010 sunt
900 2956 969 3010 ad
1017 2955 1409 3026 perfectionem
1455 2957 1767 3011 ascendant.

170 3045 458 3100 Ministerii
491 3044 651 3099 etiam
684 3044 913 3100 valentis
945 3046 1007 3098 in
1036 3045 1469 3112 wdiﬁcationem
1522 3045 1769 3116 corporis

170 3134 402 3197 Christi,
429 3132 482 3185 id
517 3140 598 3186 est
628 3132 696 3185 ad
727 3133 829 3187 hoc
860 3139 915 3186 ut
934 3132 1001 3186 de
1030 3132 1097 3185 iis
1120 3132 1211 3204 qui
1233 3132 1409 3186 adhuc
1441 3141 1565 3186 sunt
1596 3132 1770 3187 incre-

168 3221 274 3275 duli
318 3218 629 3276 aediﬁcetur
694 3235 897 3290 corpus
957 3219 1192 3288 Christi,
1252 3220 1306 3274 id
1364 3228 1447 3274 est
1500 3220 1766 3275 Ecclesia.

169 3311 427 3365 Dicerent
456 3308 533 3361 illi
564 3324 699 3379 quos
744 3310 833 3377 (ne
864 3315 1083 3379 propter
1130 3308 1389 3361 unitatem
1420 3307 1681 3363 Ecclesim
1712 3324 1770 3362 se

164 3398 372 3452 debere
429 3412 553 3450 esse
602 3395 834 3466 aequales
881 3397 1170 3467 putarent)
1217 3396 1510 3450 admonuit.
1574 3382 1769 3449 Parum

163 3482 393 3551 prodest
441 3479 588 3551 quod
640 3476 801 3533 ﬁdem
844 3480 1181 3550 accepimus,
1235 3478 1280 3533 si
1309 3495 1525 3549 semper
1554 3479 1609 3532 in
1638 3479 1770 3532 sub-

158 3569 403 3636 jectione
432 3582 536 3621 nos
568 3574 815 3637 oporteat
858 3583 1201 3636 permanere.
1236 3566 1474 3623 245
1532 3567 1612 3622 De
1669 3567 1771 3621 hoc

163 3656 486 3711 consolatur
506 3670 601 3709 eos
631 3654 821 3709 dicens
849 3656 967 3709 :Ne
999 3671 1163 3727 grave
1193 3655 1260 3708 sit
1281 3654 1435 3709 vobis
1457 3654 1501 3708 si
1532 3654 1619 3708 alii
1650 3655 1773 3708 sub-

158 3745 425 3813 jiciuntur
446 3786 459 3809 ,
518 3742 605 3796 alii
631 3742 1009 3813 praeferuntur.
1046 3743 1163 3797 Cito
1192 3742 1335 3797 enim
1358 3744 1515 3811 hujus
1536 3742 1770 3798 diversi-

161 3834 286 3887 tatis
338 3831 448 3886 erit
499 3830 637 3884 ﬁnis.
689 3830 1023 3887 Diversitatis
1053 3831 1175 3887 dico
1206 3847 1317 3885 non
1346 3830 1576 3901 amplius
1602 3831 1769 3885 dura-

162 3929 325 3987 turae,
362 3918 473 3973 nisi
503 3919 674 3973 donec
704 3935 1067 3974 occurramus
1096 3919 1393 3974 secundum
1437 3918 1767 3974 desiderium

163 4016 485 4063 sanctorum
515 4007 613 4060 ait.
656 4005 1015 4061 Occurramus
1033 4023 1222 4061 omnes
1245 4006 1539 4061 existentes
1559 4007 1619 4060 in
1642 4007 1771 4061 uni-

164 4100 279 4151 tate
328 4094 490 4164 ﬁdei,
540 4093 594 4147 id
638 4101 719 4147 est
768 4094 963 4164 quibus
1012 4110 1120 4149 una
1169 4095 1237 4149 de
1285 4094 1500 4148 Christo
1527 4092 1682 4162 ﬁdes,
1716 4098 1771 4148 et

166 4184 471 4239 existentes
519 4181 573 4236 in
624 4182 826 4236 unitate
872 4184 1183 4253 agnitionis
1231 4183 1342 4251 ﬁlii
1372 4184 1487 4246 Dei,
1522 4181 1575 4235 id
1606 4189 1688 4235 est
1716 4181 1771 4234 in

163 4274 373 4325 unitate
431 4270 701 4323 bonorum
756 4286 979 4340 operum
1034 4269 1195 4324 fidem
1244 4268 1612 4339 sequentium,
1672 4285 1772 4338 per

1872 1743 2003 1782 nem
2032 1727 2270 1790 erroris,
2308 1725 2362 1778 id
2400 1733 2481 1779 est
2510 1732 2564 1777 ut
2593 1739 2692 1778 nos
2722 1723 3150 1778 circumveniant
3179 1723 3246 1776 de
3284 1738 3467 1776 errore

1873 1829 1991 1870 suo.
2022 1815 2142 1867 Non
2176 1813 2346 1866 simus
2364 1812 2704 1875 ﬂuctuantes,
2729 1812 2825 1867 sed
2855 1827 3171 1866 crescamus
3190 1813 3252 1865 in
3275 1810 3468 1864 chari-

1874 1906 2011 1969 tate,
2044 1900 2098 1954 id
2130 1908 2213 1955 est
2242 1900 2294 1953 in
2327 1900 2613 1955 dilectione
2636 1899 2733 1954 Dei
2771 1906 2823 1953 et
2852 1898 3104 1969 proximi.
3146 1898 3465 1965 Veritatem,

1871 1990 1925 2043 id
1973 1997 2055 2043 est
2083 2005 2277 2059 puram
2308 2005 2337 2041 a
2369 1988 2656 2042 mendacio
2686 1986 2986 2041 doctrinam
3018 2001 3124 2041 non
3151 1985 3326 2039 solum
3367 2000 3465 2038 au-

1872 2078 2118 2141 dientes,
2180 2077 2275 2130 sed
2352 2076 2511 2129 etiam
2570 2075 2832 2130 facientes
2889 2090 3076 2144 Opere.
3144 2074 3468 2127 Crescamus

1872 2165 2049 2219 eundo
2104 2181 2205 2235 per
2253 2165 2443 2219 omnia
2490 2166 2631 2217 bona
2661 2162 3047 2233 c00peratione
3095 2170 3147 2215 et
3177 2176 3467 2216 consensu.

1873 2254 2196 2307 Crescamus
2228 2252 2352 2307 dico
2381 2252 2433 2304 in
2462 2251 2553 2305 illo
2584 2251 2873 2318 adjuvante
2904 2250 2957 2303 in
2988 2265 3095 2320 quo
3135 2249 3266 2303 satis
3314 2264 3469 2303 cres-

1872 2357 1997 2395 cere
2028 2356 2337 2410 possumus,
2372 2340 2498 2409 quia
2520 2341 2614 2410 qui
2644 2343 2728 2393 est
2758 2342 2949 2410 caput,
2975 2338 3027 2390 id
3059 2344 3136 2392 est
3169 2336 3395 2390 altitudo
3418 2336 3471 2390 in

1873 2445 1980 2499 qua
2011 2444 2227 2497 semper
2256 2427 2661 2482 ascendendum
2692 2435 2773 2481 est
2804 2434 2853 2480 et
2871 2424 2963 2497 qui
2993 2433 3076 2481 est
3102 2425 3354 2480 Christus
3374 2439 3477 2477 rex

1872 2524 2074 2583 noster,
2108 2533 2183 2571 ea:
2204 2533 2309 2587 quo
2339 2515 2514 2585 capite
2533 2515 2742 2569 Christo
2776 2518 2955 2569 totum
2986 2529 3187 2585 corpus
3208 2511 3470 2567 Ecclesia:

1873 2602 2227 2675 compactum
2258 2611 2339 2657 est
2371 2619 2469 2672 per
2499 2601 2679 2656 ﬁdem.
2712 2603 2779 2655 Et
2808 2602 2935 2672 quia
2964 2601 3204 2655 nondum
3253 2598 3466 2665 sufficit,

1873 2692 2080 2763 possint
2111 2692 2255 2746 enim
2278 2691 2558 2763 compingi
2590 2691 2642 2743 in
2676 2690 2923 2744 eamdem
2948 2688 3129 2755 ﬁdem,
3156 2696 3206 2742 et
3238 2704 3295 2742 se
3327 2687 3469 2743 invi-

1872 2797 1988 2836 cem
2023 2796 2129 2835 non
2162 2780 2336 2850 sequi,
2368 2780 2504 2833 sicut
2536 2779 2685 2851 ligna
2719 2778 3060 2833 solummodo
3090 2783 3391 2847 compacta,
3425 2776 3470 2830 si

1875 2869 2115 2923 trahatur
2143 2885 2327 2932 unum,
2362 2883 2471 2922 non
2500 2866 2743 2938 sequitur
2772 2867 3021 2921 alterum.
3048 2866 3115 2919 Et
3146 2866 3246 2919 hoc
3267 2863 3471 2919 malum

1875 2966 2018 3011 esset
2049 2956 2093 3010 si
2126 2956 2371 3010 membra
2403 2963 2564 3026 caput
2594 2972 2701 3009 non
2733 2961 3123 3024 sequerentur,
3168 2953 3292 3006 ideo
3324 2951 3474 3005 addit

1871 3061 2069 3114 corpus
2100 3044 2360 3100 Ecclesiae
2376 3051 2715 3113 compactum
2732 3059 2833 3113 per
2861 3040 3041 3108 ﬁdem,
3066 3045 3120 3096 et
3143 3056 3469 3095 connexum

1871 3150 1971 3205 per
1987 3133 2344 3188 charitatem.
2373 3132 2599 3186 Dilectio
2617 3131 2759 3185 enim
2784 3131 2970 3186 clavus
2994 3137 3093 3197 est,
3118 3144 3224 3200 quo
3248 3128 3364 3182 sine
3387 3127 3469 3181 di-

1872 3220 2079 3277 visione
2111 3221 2369 3291 ligantur.
2402 3219 2756 3288 Compactum
2784 3218 2908 3273 dico
2940 3226 2991 3272 et
3023 3233 3327 3273 connexum
3368 3232 3473 3288 per

1872 3325 2093 3363 omnem
2108 3311 2449 3377 juncturam
2478 3308 2642 3375 ﬁdei,
2677 3306 2973 3373 charitatis,
3009 3314 3057 3359 et
3090 3305 3329 3359 omnium
3369 3304 3471 3358 vir-

1872 3404 2062 3450 tutum.
2088 3396 2403 3449 Juncturam
2432 3394 2553 3449 dico
2584 3410 2705 3464 qum
2735 3401 2815 3447 est
2847 3408 3012 3448 causa
3060 3394 3466 3447 subministra-

1874 3485 2065 3549 tionis,
2100 3483 2153 3536 id
2184 3492 2265 3537 est
2294 3483 2522 3537 alterum
2551 3482 2850 3535 membrum
2883 3480 3255 3534 subministret
3286 3478 3460 3533 alteri.

1872 3570 2395 3627 Subministrationis
2413 3570 2535 3625 dico
2561 3569 2715 3624 facta:
2732 3568 3041 3624 secundum
3077 3569 3463 3645 Operationem

1870 3677 1990 3732 qum
2020 3659 2077 3713 ﬁt
2106 3659 2158 3712 in
2189 3674 2499 3713 mensuram
2529 3658 2950 3728 uniuscujusque
2992 3655 3225 3709 membri
3266 3654 3463 3709 Eccle-

1870 3748 1982 3802 siae.
2017 3747 2176 3801 Aliud
2208 3747 2348 3802 enim
2381 3747 2686 3801 membrum
2713 3745 2911 3817 magis,
2947 3744 3090 3797 aliud
3121 3742 3327 3805 minus,
3370 3758 3463 3797 se-

1869 3837 2107 3891 cundum
2139 3835 2281 3907 quod
2312 3835 2536 3890 facultas
2558 3834 2659 3888 sibi
2690 3841 2789 3898 est,
2824 3831 3213 3887 subministrat.
3247 3832 3461 3894 Totum,

1869 3924 2105 3995 inquam,
2137 3940 2337 3993 corpus
2386 3924 2465 3978 sic
2512 3930 2854 3992 compactum
2903 3928 2955 3975 et
3001 3935 3306 3975 connexum
3340 3918 3465 3973 facit

1868 4016 2239 4082 augmentum
2261 4012 2505 4082 corporis
2526 4010 2805 4066 Ecclesiae.
2828 4008 3133 4063 Secundum
3164 4008 3467 4062 incremen-

1872 4108 1978 4153 tum
2003 4098 2221 4167 justitice
2251 4099 2304 4152 in
2336 4098 2588 4153 ﬁdelibus
2620 4097 2781 4162 facit,
2818 4105 2870 4151 et
2901 4096 3089 4151 valens
3118 4098 3180 4150 in
3228 4096 3468 4164 aedi/ica-

1871 4190 2081 4242 tionem
2114 4187 2196 4240 sui
2222 4186 2487 4257 corporis,
2512 4186 2563 4238 id
2585 4193 2665 4239 est
2688 4184 2953 4240 Ecclesia:
2982 4184 3135 4251 cujus
3157 4182 3460 4236 membrum

1869 4283 1968 4339 est,
1993 4275 2447 4343 a’di/icationem,
2471 4273 2607 4327 sicut
2628 4288 2808 4342 supra,
2835 4271 3133 4326 secundum
3154 4269 3460 4325 incredulos

163 4376 277 4431 qua?
329 4373 507 4428 opera
554 4356 696 4410 ﬁlius
745 4357 845 4411 Dei
891 4358 1223 4430 agnoscitur.
1276 4359 1394 4427 Vel,
1452 4357 1503 4410 in
1562 4356 1835 4421 unitateD
1868 4362 1956 4433 qui
1987 4360 2323 4417 aediﬁcantur
2351 4361 2421 4415 ad
2452 4360 2633 4414 ﬁdem.
2668 4362 3032 4430 Augmentum
3064 4366 3116 4412 et
3155 4356 3466 4412 mdiﬁcatio—

161 4446 462 4521 agnitionis
494 4445 610 4514 Dei,
662 4453 716 4498 ut
744 4445 813 4500 de
867 4446 1175 4516 cognitione
1206 4445 1434 4500 Deitatis
1460 4460 1569 4499 non
1610 4444 1765 4499 labo-

162 4551 371 4601 remus,
397 4534 572 4588 donec
594 4549 958 4588 occurramus
981 4535 1041 4587 in
1060 4536 1245 4588 virum
1260 4538 1595 4604 perfectum,
1612 4533 1665 4587 id
1684 4540 1765 4587 est

158 4633 213 4677 ut
244 4624 425 4677 simus
456 4619 728 4691 perfectus
759 4621 857 4687 vir,
911 4621 1339 4691 impassibilitale
1388 4630 1440 4676 et
1478 4621 1763 4675 immorta-

160 4712 310 4766 litate
341 4716 594 4778 recepta.
629 4709 692 4762 In
722 4709 907 4765 virum
941 4712 1262 4781 perfectum
1292 4709 1433 4777 dico,
1469 4708 1672 4764 scilicet
1703 4709 1763 4762 in

160 4814 526 4862 mensuram,
578 4795 632 4849 id
661 4804 741 4850 est
782 4796 838 4850 in
866 4805 1067 4852 metam
1097 4798 1287 4852 (etatis
1313 4798 1539 4853 Christi.
1574 4796 1764 4850 xEtatis

164 4887 288 4942 dico
314 4885 736 4959 plenitudinis,
783 4884 837 4938 id
862 4894 943 4940 est
971 4885 1026 4941 in
1058 4901 1162 4957 qua
1193 4885 1438 4939 Christus
1468 4884 1761 4954 plenitudi-
1794 4903 1799 4911 ·

163 4991 290 5029 nem
320 4972 532 5040 habuit,
567 4971 773 5027 scilicet
802 4981 925 5043 post
953 4972 1409 5028 resurrectionem
1444 4971 1615 5027 factus
1662 4972 1762 5025 im-

164 5060 445 5134 passibilis
476 5067 528 5113 et
570 5059 910 5115 immortalis.
964 5061 1058 5115 Vel
1090 5061 1277 5115 aliter:
1313 5060 1677 5115 Occurramus
1708 5060 1761 5113 in

163 5152 342 5205 virum
402 5146 704 5219 perfectum
730 5191 743 5215 ,
796 5149 934 5205 sicut
989 5149 1192 5203 dictum
1223 5156 1307 5203 est
1331 5190 1344 5217 ,
1400 5156 1452 5203 et
1480 5148 1534 5201 in
1564 5156 1758 5202 metam

164 5239 339 5293 aetatis
388 5234 592 5290 Christi
640 5237 857 5308 triginta
901 5237 1062 5292 trium
1119 5251 1381 5291 annorum
1415 5244 1467 5290 et
1513 5236 1757 5301 dimidii;

166 5344 285 5399 quae
314 5334 452 5381 aetas
490 5322 589 5377 fuit
607 5324 979 5395 plenitudinis.

236 5416 537 5486 Postquam
560 5413 704 5467 enim
734 5414 803 5469 ad
832 5414 978 5468 illam
1010 5420 1224 5470 ventum
1254 5419 1355 5479 est,
1388 5427 1495 5466 non
1528 5418 1610 5467 est
1654 5427 1762 5483 quo

1865 4467 1987 4504 nem
2021 4450 2141 4504 dico
2170 4452 2387 4520 factam
2416 4450 2478 4503 in
2510 4448 2811 4513 charitate,
2846 4447 2897 4501 id
2929 4454 3009 4501 est
3038 4446 3337 4501 secundum
3367 4445 3455 4500 di-

1864 4538 2150 4593 lectionem
2183 4537 2280 4591 Dei
2318 4544 2371 4591 et
2400 4536 2651 4607 proximi.

1936 4626 2032 4680 Vel
2052 4626 2120 4679 ita
2143 4633 2541 4687 construamus,
2566 4640 2674 4678 non
2705 4630 2909 4677 mutata
2942 4622 3202 4677 sententia
3220 4637 3231 4675 :
3249 4624 3335 4676 Ex
3352 4637 3455 4693 quo

1865 4719 2049 4769 totum
2071 4731 2269 4787 corpus
2292 4717 2645 4785 compactum
2666 4717 2722 4767 et
2751 4728 3075 4769 connemum
3108 4727 3206 4779 per
3232 4724 3453 4763 omnem

1862 4804 2195 4870 iuncturam
2228 4802 2775 4856 subministrationis
2796 4800 2918 4855 facit
2936 4802 3303 4870 augmentum
3332 4813 3452 4852 cor-

1859 4892 2013 4963 poris
2045 4892 2107 4944 in
2128 4888 2561 4956 (adiﬁcationem
2578 4891 2685 4954 sui,
2710 4887 2838 4944 facit
2855 4888 2974 4941 dico
2996 4886 3289 4940 secundum
3323 4900 3453 4954 ope-

1862 4979 2127 5032 rationem
2177 4978 2520 5030 distributam
2568 4977 2621 5029 in
2669 4991 2981 5031 mensuram
3034 4974 3456 5044 uniuscujusque

1860 5066 2111 5130 membri,
2127 5074 2175 5119 et
2190 5067 2293 5121 hoc
2309 5072 2475 5119 totum
2487 5066 2549 5119 in
2565 5066 2869 5129 charitate,
2886 5062 3011 5134 quia
3023 5064 3170 5117 Deus
3187 5063 3454 5134 quosdam

1861 5155 2014 5210 dedit
2030 5156 2327 5226 apostolos,
2344 5154 2888 5225 alios‘evangelistas,
2904 5152 3044 5206 alios
3056 5151 3325 5219 doctores,
3346 5151 3450 5205 hoc

1861 5251 2038 5297 autem
2070 5244 2141 5297 ad
2162 5242 2706 5297 consummationem
2735 5238 2976 5294 246
3006 5239 3191 5293 vestri.
3226 5241 3448 5301 lterum,

1860 5330 1985 5401 quia
2006 5338 2173 5384 totum
2219 5346 2416 5400 corpus
2452 5329 2713 5384 Ecclesiae
2745 5327 3039 5399 compinxit
3069 5336 3118 5381 et
3162 5326 3453 5381 connexuit

1860 5430 1961 5484 per
1965 5414 2275 5483 juncturam
2295 5412 2418 5469 ﬁdei
2437 5419 2488 5471 et
2505 5410 2796 5477 charitatis,
2811 5411 2976 5489 igitur
2992 5412 3090 5465 hoc
3111 5410 3232 5464 dico
3249 5417 3301 5463 et
3322 5422 3456 5484 pra:-
