3960 6050
441 223 543 275 339

988 226 1044 281 S.
1085 226 1442 284 BRUNONIS
1482 225 2123 285 CARTHUSIANORUM
2171 225 2656 284 INSTITUTORIS
2695 227 2845 283 OPP.
2888 226 3063 283 PARS
3102 228 3169 299 Il.

3628 228 3735 283 340

445 343 587 416 cipio
608 346 782 418 vobis,
802 364 902 404 nec
933 348 1250 421 simpliciter
1271 352 1414 417 dico,
1440 352 1537 407 sed
1558 353 1735 407 etiam
1768 351 2040 419 testiﬁcor
2059 350 2113 410 A
2144 348 2309 403 etiam
2341 366 2464 404 eum
2480 352 2794 406 secundum
2815 351 3090 406 desideria
3119 352 3348 420 erroris,
3373 350 3425 404 id
3448 358 3531 405 est
3560 350 3644 406 vel
3669 352 3738 406 de

443 433 507 487 in
528 435 783 501 Domino,
834 436 889 490 id
929 446 1012 492 est
1038 438 1093 492 in
1124 440 1225 494 hac
1254 440 1620 494 admonitione
1667 439 1835 494 vestri
1864 439 2039 492 Deum

445 528 640 577 testem
670 524 905 594 adduco,
930 542 999 582 ne
1026 528 1260 598 amplius
1284 529 1575 599 quidquam
1591 529 1659 582 de
1688 527 1843 582 vobis
1875 541 1907 580 a
1928 542 2035 591 me,

446 610 543 663 sed
587 610 657 680 (si
701 613 961 684 peccatis)
1010 615 1078 669 de
1110 616 1361 670 manibus
1392 616 1588 671 vestris
1620 616 1878 686 requirat.
1912 614 2039 667 Haec

445 697 611 751 verba
638 699 833 754 Paulus
864 700 1048 755 habuit
1076 702 1146 756 ad
1174 702 1316 770 illos,
1349 703 1567 774 quando
1598 709 1894 757 convocata
1925 701 2037 756 Ec-

444 784 609 839 clesia
634 788 994 857 Ephesiorum
1025 789 1099 844 ait
1132 808 1203 845 :.«
1230 792 1352 845 Non
1379 791 1613 860 amplius
1642 790 1832 845 faciem
1862 805 2038 844 meam

444 872 610 927 visuri
661 875 791 930 estis
821 893 833 929 :
869 884 1007 932 state
1037 878 1092 931 in
1120 894 1185 933 eo
1236 878 1381 949 quod
1425 893 1523 934 vos
1570 878 1728 933 docui
1763 893 1774 932 :
1808 877 2037 932 Mundus

444 961 587 1015 enim
634 977 739 1033 ego
792 980 909 1017 sum
942 965 1139 1020 amodo
1170 981 1202 1019 a
1232 966 1498 1037 sanguine
1526 974 1710 1021 vestro
1741 966 1884 1033 (Act.
1932 980 2034 1031 xx,

439 1049 551 1119 25).
594 1074 615 1097 n
651 1050 840 1105 Videte
871 1053 999 1122 quid
1037 1052 1295 1120 feceritis,
1331 1055 1455 1125 quia
1486 1055 1794 1124 requiretur
1823 1054 1891 1108 de
1920 1068 2037 1107 ma-

441 1136 600 1191 nibus
621 1140 838 1193 vestris.
865 1141 1167 1209 Testiﬁcor,
1191 1141 1435 1212 inquam,
1455 1143 1517 1196 in
1547 1144 1800 1205 Domino,
1824 1146 1890 1196 ut
1910 1142 2035 1210 jam

444 1242 559 1279 non
576 1227 874 1282 ambuletis
894 1231 1043 1283 sicut
1059 1229 1188 1284 olim
1209 1230 1546 1295 ambulastis,
1561 1234 1627 1311 ,εἰ
1643 1234 1838 1300 gentes
1858 1230 2036 1283 adhuc

442 1314 759 1369 ambulant.
810 1316 911 1370 Ubi
941 1317 1013 1369 ait
1032 1318 1179 1386 jam,
1214 1315 1483 1388 significat
1511 1333 1606 1372 eos
1638 1316 1791 1390 prius
1838 1319 2033 1373 ambu-

439 1400 603 1455 lasse.
628 1402 747 1456 Non
770 1403 1055 1457 ambuletis
1077 1404 1209 1459 sicut
1234 1412 1427 1475 gentes
1461 1405 1736 1459 ambulant
1775 1407 1837 1460 in
1867 1409 2033 1463 vani-

444 1491 580 1553 tate,
604 1488 657 1541 id
688 1498 771 1544 est
803 1489 857 1543 in
902 1491 1261 1547 scecularitate
1291 1495 1381 1547 sui
1410 1508 1628 1549 sensus.
1656 1494 1861 1547 Sensus
1890 1494 2033 1549 enim

436 1576 621 1629 mundi
644 1575 851 1630 vanitas
873 1585 975 1633 est.
998 1580 1197 1634 Gentes
1218 1581 1343 1635 dico
1367 1582 1632 1636 habentes
1652 1582 2030 1648 intellectum,

434 1662 487 1716 id
510 1671 593 1717 est
625 1665 927 1720 naturalem
958 1667 1222 1722 rationem
1254 1669 1549 1724 obscurata
1573 1670 1833 1736 tenebris,
1869 1670 1920 1722 id
1952 1671 2033 1724 est

430 1751 567 1805 adeo
597 1760 652 1805 ut
680 1768 780 1822 per
811 1760 977 1808 totum
1008 1755 1245 1810 tenebrae
1267 1764 1321 1811 et
1351 1757 1483 1810 nihil
1517 1756 1586 1809 sit
1606 1755 1841 1810 luminis.
1882 1758 2029 1813 Gen-

433 1842 515 1893 tes
535 1838 657 1893 dico
679 1840 925 1896 alienati
955 1860 990 1897 a
1028 1844 1149 1897 vita
1178 1844 1307 1909 Dei,
1340 1844 1397 1898 id
1438 1852 1520 1898 est
1548 1845 1616 1897 ab
1648 1845 1947 1900 aeternitate
1975 1845 2031 1899 in

428 1942 536 1997 qua
564 1929 711 1982 Deus
754 1929 903 1984 vivit.
938 1930 1173 1985 Alienati
1202 1932 1510 2001 cognitione
1542 1941 1594 1987 et
1624 1933 2030 2003 participatione

430 2015 569 2069 sicut
598 2016 743 2071 idem
773 2017 847 2070 ait
871 2031 883 2071 :
907 2017 1136 2073 Alienati
1154 2035 1255 2089 per
1286 2021 1692 2089 ignorantiam,
1727 2020 1855 2091 quia
1875 2021 2031 2092 igno-

429 2110 552 2156 rant
578 2103 742 2157 vitam
772 2104 905 2170 Dei,
940 2122 1061 2175 qum
1090 2106 1397 2177 ignorantia
1444 2116 1527 2161 est
1571 2108 1624 2160 in
1672 2107 1776 2161 illis
1800 2113 2031 2180 propter

428 2190 740 2245 caecitatem
769 2192 974 2257 cordis,
1006 2192 1061 2247 id
1093 2201 1175 2248 est
1201 2202 1427 2264 propter
1456 2203 1785 2251 excecatum
1816 2211 1909 2251 cor
1937 2211 2028 2250 eo-

428 2292 564 2330 rum.
598 2278 733 2332 Cum
780 2278 924 2333 enim
972 2280 1124 2350 prius
1170 2282 1520 2351 praedicatum
1554 2291 1636 2337 est
1664 2283 1771 2336 illis
1804 2284 2028 2338 verbum

427 2363 546 2429 Dei,
578 2363 891 2420 facultatem
919 2367 1225 2422 habuerunt
1257 2370 1634 2442 intelligendi;
1666 2378 1719 2425 et
1751 2387 1856 2425 non
1878 2370 2027 2425 intel-

425 2451 661 2523 ligendi,
694 2454 793 2509 sed
826 2455 953 2525 quia
982 2455 1267 2529 elegerunt
1295 2458 1583 2529 ignorare,
1618 2459 1740 2514 ideo
1772 2459 2027 2514 excaecati

426 2547 552 2595 sunt
582 2541 720 2597 adeo
768 2544 913 2615 quod
956 2544 1070 2612 jam
1115 2545 1440 2615 impotentes
1485 2547 1591 2600 sint
1638 2548 1785 2619 quod
1824 2547 2025 2601 bonum

428 2637 511 2685 est
539 2630 989 2688 animadvertere.
1033 2634 1162 2689 Haec
1190 2650 1298 2689 non
1328 2635 1451 2690 ideo
1474 2635 1711 2707 loquitur
1733 2636 1856 2701 illis,
1881 2636 2025 2707 quod

427 2717 649 2788 Ephesii
678 2718 732 2772 in
761 2718 945 2791 aliquo
975 2720 1119 2776 male
1159 2723 1482 2789 erraverint,
1509 2725 1606 2778 sed
1637 2723 1761 2795 quia
1792 2724 2023 2779 vereba-

430 2812 518 2859 tur
561 2822 631 2860 ne
679 2804 865 2861 faciles
914 2817 1097 2863 essent
1129 2810 1197 2863 ad
1234 2811 1371 2864 ritus
1399 2812 1682 2881 gentilium
1710 2812 1935 2877 retrahi,
1970 2812 2025 2866 in

425 2888 624 2960 quibus
655 2898 779 2945 ante
809 2890 974 2946 ﬁdem
1004 2892 1217 2948 fuerant
1250 2896 1574 2950 conversati.
1601 2894 1757 2963 Quod
1790 2912 1898 2950 non
1928 2913 2022 2951 er-

424 2977 663 3033 raverint
691 2978 964 3052 colligitur
994 2997 1060 3035 ex
1087 2997 1153 3036 eo
1184 2983 1328 3052 quod
1356 2982 1516 3052 paulo
1542 2982 1766 3038 inferius
1814 2985 2023 3039 vocabit

424 3081 520 3121 eos
550 3075 765 3123 sanctos
792 3087 807 3135 ;
856 3070 952 3140 qui
982 3070 1236 3125 excaecati
1275 3070 1655 3143 desperantes.
1709 3072 1843 3125 Cum
1872 3073 2015 3127 enim
2044 3044 2090 3103 Ο

423 3154 647 3210 audiunt
689 3170 701 3208 :
750 3155 925 3210 Homo
977 3165 1230 3230 resurget
1279 3158 1334 3212 in
1388 3158 1561 3230 gloria
1586 3202 1599 3225 ,
1660 3161 2018 3232 conregnabit

426 3243 660 3310 Christo,
715 3252 844 3311 etc.,
876 3244 1130 3300 frivolum
1174 3247 1276 3301 hoc
1330 3255 1578 3318 putantes
1624 3247 1932 3319 desperant,
1967 3257 2019 3304 et

421 3330 545 3386 ideo
574 3331 908 3387 tradiderunt
928 3334 1271 3405 semetipsos,
1305 3343 1358 3391 et
1379 3351 1489 3391 non
1509 3343 1717 3391 tantum
1747 3352 2018 3392 consensu

421 3428 474 3474 et
504 3420 777 3476 voluntate
805 3429 996 3477 euntes
1030 3423 1085 3477 in
1114 3424 1486 3494 Operationem
1515 3425 1693 3479 omnis
1722 3425 2016 3480 immundi-

420 3509 527 3574 tiae,
553 3509 680 3581 quia
710 3511 851 3581 quod
876 3511 1016 3566 male
1043 3512 1344 3580 voluerunt,
1366 3512 1605 3568 deterius
1635 3515 1839 3584 operati
1869 3522 2012 3569 sunt.

420 3598 480 3651 In
510 3590 884 3669 operationem
914 3599 1269 3656 immunditia:
1288 3601 1429 3668 dico,
1453 3602 1509 3655 in
1538 3602 1781 3657 avaritia.
1803 3602 2016 3669 Quanto

419 3686 564 3741 enim
594 3686 920 3742 immundius
950 3688 1349 3758 operabautur,
1401 3697 1549 3743 tanto
1590 3689 1859 3745 avidiores
1890 3690 2015 3745 t'acti

420 3782 543 3827 sunt
574 3774 1061 3830 immunditiarum.

490 3861 589 3915 Vel
619 3861 775 3916 aliter
805 3877 817 3915 :
858 3863 1233 3919 Tradiderunt
1252 3880 1310 3919 se
1330 3865 1392 3920 in
1414 3866 1843 3920 immunditiam
1866 3870 1921 3921 et
1950 3867 2014 3921 in

420 3949 745 4003 avaritiam.
780 3948 985 4005 Gentes
1016 3949 1095 4006 sic
1122 3950 1394 4021 impudice
1423 3961 1474 4007 et
1503 3952 1779 4007 immundo
1818 3954 2013 4007 ambu-

419 4037 570 4102 lant;
606 4053 696 4092 vos
725 4041 920 4093 autem
949 4054 1065 4095 non
1096 4040 1180 4093 ita
1199 4040 1482 4096 didicistis
1509 4040 1792 4096 Christum
1814 4043 2014 4097 ambu-

425 4125 600 4192 lasse,
651 4141 811 4196 quem
858 4125 1015 4197 sequi
1061 4127 1292 4182 debetis.
1336 4128 1448 4183 Hac
1496 4136 1675 4183 tamen
1706 4129 2015 4184 conditione

422 4208 564 4275 dico,
597 4210 646 4263 si
675 4210 935 4275 audistis,
970 4210 1025 4265 id
1055 4217 1137 4266 est
1157 4210 1494 4266 intellexistis
1523 4214 1691 4268 illum
1719 4212 2009 4273 Christum,

420 4301 475 4353 et
505 4297 551 4350 si
583 4298 765 4353 edocti
799 4298 936 4353 estis
976 4300 1039 4354 in
1068 4299 1207 4371 ipso,
1238 4298 1292 4353 id
1323 4308 1405 4355 est
1432 4300 1487 4354 in
1516 4299 1897 4356 informatione
1927 4301 2014 4372 ip-

2141 452 2327 491 errore
2358 438 2655 505 venientia,
2684 439 2769 492 vel
2816 439 2869 491 in
2901 454 3143 493 errorem
3174 438 3589 509 praecipitantia,
3642 438 3737 511 qui

2139 532 2295 579 vetus
2333 526 2495 580 homo
2525 526 2583 580 in
2614 527 2732 596 ipso
2774 542 2873 579 suo
2910 542 3078 596 opere
3108 527 3488 596 corrumpitur.
3524 526 3735 595 Quanto

2139 609 2283 662 enim
2314 607 2646 680 frequentius
2676 618 2894 679 peccat,
2947 617 3091 663 tanto
3116 609 3235 679 ipsa
3268 625 3399 664 caro
3428 612 3605 682 magis
3634 612 3737 665 de-

2138 696 2377 750 bilitatur
2407 706 2458 751 et
2487 696 2836 751 deformatur.
2871 697 2969 751 Vel
2994 698 3046 750 in
3078 697 3269 751 eadem
3300 699 3565 752 sententia
3588 707 3735 754 recte

2138 800 2430 855 sequamur
2476 786 2723 839 litteram.
2770 785 3035 856 Deponite
3068 793 3305 840 veterem
3337 786 3611 840 hominem
3642 787 3737 857 qui

2139 873 2519 943 corrumpitur,
2553 889 2662 927 non
2695 873 2871 927 solum
2904 873 3200 927 secundum
3230 890 3397 943 opus,
3444 874 3540 928 sed
3573 874 3739 929 etiam

2137 960 2391 1031 deponite
2439 961 2737 1016 secundum
2787 961 3056 1015 desideria
3087 961 3309 1015 erroris.
3355 962 3607 1017 Veterem
3638 964 3737 1018 de-

2136 1049 2337 1119 ponite,
2354 1065 2560 1104 novum
2577 1054 2766 1105 autem
2790 1049 3062 1103 hominem
3078 1050 3322 1104 induite.
3346 1050 3412 1103 Et
3430 1049 3554 1105 ideo
3577 1067 3737 1106 reno-

2136 1138 2381 1202 vamini,
2425 1138 2539 1206 jam
2569 1138 2712 1192 enim
2760 1154 2860 1208 per
2892 1138 3222 1207 baptismum
3253 1140 3421 1192 semel
3452 1138 3577 1192 novi
3606 1137 3733 1194 facti

2136 1232 2278 1289 sunt,
2316 1224 2423 1279 ait:
2449 1226 2646 1279 lterum
2676 1226 3037 1280 renovamini
3057 1225 3111 1278 in
3146 1225 3369 1296 Spiritu
3385 1225 3734 1280 sanctoillu—

2135 1312 2398 1367 minatore
2416 1314 2627 1368 mentis
2648 1317 2867 1368 vestrae.
2904 1313 2998 1366 Vel
3018 1312 3357 1367 intransilive
3380 1314 3733 1368 renovamini

2136 1401 2345 1470 spiritu
2390 1403 2600 1455 mentis
2655 1406 2883 1467 vestrae,
2917 1401 2972 1454 id
3014 1408 3096 1455 est
3126 1401 3403 1472 sequendo
3435 1400 3733 1471 spiritalem

2135 1496 2374 1543 mentem
2405 1497 2657 1556 vestram,
2690 1493 2745 1544 et
2770 1489 2848 1545 sic
2879 1490 3125 1543 renovati
3154 1489 3382 1544 induite
3403 1506 3608 1543 novum
3635 1490 3730 1544 ho-

2134 1578 2368 1631 minem.
2402 1577 2612 1631 Novum
2638 1576 2761 1631 ideo
2784 1578 2911 1647 quia
2932 1593 3073 1631 nova
3105 1577 3232 1631 facit
3272 1577 3474 1642 omnia,
3506 1579 3603 1649 qui
3633 1593 3732 1631 no-

2052 1696 2105 1756 B
2137 1680 2237 1719 vus
2268 1665 2428 1718 homo
2459 1669 2685 1719 creatus
2706 1669 2807 1729 est,
2836 1664 3071 1720 247
3094 1681 3201 1720 non
3226 1665 3521 1719 secundum
3552 1665 3732 1736 legem

2135 1753 2342 1817 carnis,
2378 1752 2476 1807 sed
2505 1752 2818 1807 secundum
2835 1753 3030 1821 Deum,
3064 1753 3132 1807 de
3163 1752 3363 1822 Spiritu
3393 1761 3579 1808 sancto
3601 1768 3735 1807 con-

2129 1848 2318 1910 ceptus
2361 1848 2413 1895 et
2460 1848 2637 1894 natus.
2681 1840 2890 1894 Induite
2920 1840 3043 1895 dico
3073 1840 3342 1894 Christum
3391 1842 3453 1894 in
3494 1842 3733 1911 justitia

2129 1937 2345 1984 servata
2377 1929 2444 1982 ad
2476 1928 2801 1999 proximum,
2827 1932 2883 1983 et
2916 1928 2969 1982 in
3000 1931 3331 1991 sanctitate,
3365 1928 3416 1982 id
3446 1937 3526 1983 est
3554 1929 3735 1999 possi-

2128 2016 2319 2071 dentes
2349 2032 2446 2070 vos
2477 2016 2627 2086 ipsos
2656 2017 2711 2069 in
2740 2015 3221 2071 sanctificationem
3252 2018 3385 2071 Deo.
3440 2017 3731 2071 Sanctitate

2127 2104 2249 2158 dico
2295 2112 2346 2157 et
2369 2104 2578 2171 justitia
2633 2120 2743 2158 non
2796 2104 3187 2167 simulationis,
3222 2104 3318 2158 sed
3347 2106 3628 2169 veritatis,
3663 2121 3731 2158 ne

2128 2191 2444 2245 simulemus
2476 2208 2577 2245 nos
2608 2207 2730 2246 esse
2755 2192 2951 2259 justos,
2987 2207 3111 2246 cum
3142 2192 3269 2244 mali
3299 2192 3488 2245 simus.
3549 2194 3729 2263 Prop-

2131 2283 2219 2334 ter
2248 2280 2410 2350 quod,
2464 2279 2517 2332 id
2557 2287 2636 2333 est
2687 2279 2813 2351 quia
2840 2287 2993 2334 vetus
3044 2280 3206 2333 homo
3236 2280 3594 2349 deponendus
3624 2287 3726 2342 est,

2126 2382 2301 2421 novus
2363 2366 2704 2433 induendus,
2743 2367 2867 2421 ideo
2897 2382 3242 2421 assumamus
3271 2368 3517 2421 membra
3574 2368 3723 2431 novi,

2127 2455 2461 2524 deponenles
2483 2455 2730 2509 membra
2747 2454 2948 2510 veteris
2971 2455 3178 2510 scilicet
3198 2456 3536 2527 deponentes
3564 2462 3721 2509 men-

2125 2542 2351 2598 dacium
2381 2543 2524 2613 quod
2547 2543 2847 2597 membrum
2869 2543 3064 2597 veteris
3086 2551 3187 2597 est.
3212 2544 3529 2614 Loquimini
3546 2559 3720 2598 unus-

2123 2633 2351 2703 quisque
2403 2631 2703 2686 veritatem
2733 2647 2863 2685 cum
2888 2632 3151 2702 proximo
3181 2647 3301 2686 suo.
3338 2631 3551 2685 Veritas
3580 2631 3729 2685 enim

2124 2722 2429 2772 membrum
2460 2725 2543 2773 est
2571 2718 2789 2773 Christi.
2816 2719 3107 2773 Veritatem
3138 2718 3286 2790 loqui
3316 2718 3575 2773 debemus
3597 2734 3724 2773 cum

2124 2806 2390 2876 proximo,
2422 2808 2689 2878 quoniam
2718 2823 2912 2862 sumus
2958 2808 3206 2863 membra
3254 2809 3518 2872 invicem,
3554 2807 3607 2861 id
3634 2815 3719 2860 est

2122 2894 2259 2949 alter
2286 2894 2524 2949 alterius.
2571 2894 2660 2950 Sic
2707 2895 2798 2966 qui
2827 2894 3111 2950 defraudat
3141 2895 3466 2965 proximum,
3511 2895 3564 2948 in
3596 2910 3727 2949 cor-

2123 2997 2257 3053 pore
2289 2998 2387 3036 suo
2418 2981 2666 3037 fraudem
2698 2981 2841 3051 facit,
2877 2983 3071 3037 iterum
3101 2982 3373 3037 induendo
3416 2998 3633 3037 novum.

2192 3072 2513 3127 Irascimini
2560 3078 2748 3125 contra
2783 3080 3061 3141 peccatum
3119 3070 3378 3138 fratrum,
3414 3075 3469 3125 et
3514 3070 3569 3124 in
3608 3070 3725 3126 ira-

2121 3160 2325 3214 scendo
2355 3161 2535 3215 nolite
2584 3159 2661 3215 sic
2688 3175 2922 3231 peccare
2945 3201 2959 3229 ,
2991 3166 3045 3213 ut
3074 3159 3142 3213 de
3174 3166 3483 3229 contemptu
3512 3160 3725 3230 peccati

2118 3246 2419 3318 improvide
2448 3247 2618 3301 ruatis
2648 3247 2700 3301 in
2733 3254 3095 3318 contemptum
3125 3247 3375 3317 proximi.
3432 3247 3520 3302 Sic
3576 3247 3722 3301 enim

2117 3342 2394 3404 peccatum
2441 3335 2734 3390 odiendum
2791 3343 2874 3389 est
2920 3343 2977 3389 ut
3042 3336 3173 3389 nihil
3230 3335 3409 3389 minus
3464 3334 3724 3407 diligatur

2120 3431 2367 3477 creatura
2398 3422 2516 3477 Dei.
2551 3425 2610 3477 In
2642 3422 2927 3478 irascendo
2956 3430 3135 3478 autem
3192 3438 3299 3478 non
3329 3423 3644 3493 peccabitis,
3674 3423 3721 3478 si

2117 3512 2218 3574 sol,
2250 3511 2305 3564 id
2336 3519 2416 3566 est
2446 3511 2697 3565 divinitas
2726 3511 3033 3566 illuminans
3062 3526 3178 3576 vos,
3213 3510 3299 3566 vel
3329 3510 3429 3580 sol,
3462 3511 3516 3565 id
3545 3518 3627 3564 est
3658 3511 3724 3564 il-

2118 3599 2373 3654 luminata
2403 3600 2541 3655 ratio
2572 3607 2751 3654 vestra
2780 3617 2893 3655 non
2925 3600 3180 3663 occidat,
3233 3599 3287 3653 id
3331 3607 3411 3653 est
3456 3615 3567 3653 non
3614 3599 3719 3652 de-

2118 3694 2353 3741 struatur
2387 3704 2587 3758 super,
2618 3688 2673 3742 id
2704 3695 2785 3743 est
2802 3695 3026 3759 propter
3062 3688 3421 3742 iracundiam
3450 3690 3716 3754 vestram,

2117 3776 2263 3845 quod
2284 3775 2366 3829 ira
2401 3776 2456 3829 in
2495 3775 2648 3830 vobis
2686 3792 2792 3831 non
2816 3784 3037 3848 superet
3058 3775 3344 3831 rationem.
3377 3775 3467 3831 Sol
3497 3775 3717 3830 occidat

2115 3879 2286 3933 super
2308 3864 2688 3931 iracundiam,
2734 3880 2764 3918 a
2814 3863 3162 3918 similitudine
3185 3878 3374 3917 eorum
3403 3862 3602 3917 dictum
3634 3870 3719 3917 est

2117 3950 2333 4021 quibus,
2360 3950 2413 4004 in
2427 3951 2568 4006 valle
2584 3952 2793 4021 positis,
2809 3968 2966 4007 mons
2982 3966 3215 4022 magnus
3235 3958 3543 4021 superesset
3557 3966 3723 4020 super

2116 4055 2277 4109 quem
2308 4039 2387 4094 eis
2415 4039 2688 4094 occideret
2718 4040 2820 4103 sol,
2853 4040 2982 4094 dum
3013 4040 3235 4094 altitudo
3286 4038 3483 4093 montis
3527 4055 3556 4091 a
3584 4038 3722 4093 valle

2116 4127 2286 4181 solem
2319 4135 2609 4182 averteret.
2644 4128 2742 4182 Vel
2771 4127 2927 4182 aliter
2959 4128 3115 4199 quasi
3147 4128 3354 4183 diceret
3387 4145 3399 4180 :
3435 4126 3602 4182 Video
3625 4142 3723 4181 vos

2114 4230 2223 4270 non
2274 4230 2439 4285 posse
2493 4215 2708 4285 penitus
2766 4215 3033 4270 contineri
3090 4215 3158 4269 ab
3213 4214 3311 4269 ira.
3384 4215 3560 4268 Patior
3600 4229 3720 4269 vos.

2116 4303 2439 4359 Irascimini
2467 4310 2519 4357 et
2566 4302 2641 4358 ita
2670 4302 2815 4374 quod
2846 4304 3023 4358 nolite
3062 4318 3292 4373 peccare
3317 4345 3329 4367 ,
3384 4302 3439 4356 id
3469 4308 3551 4356 est
3580 4300 3721 4356 iram

423 4385 553 4439 sius.
591 4384 748 4453 Quod
776 4385 960 4458 utique
987 4402 1174 4442 verum
1204 4395 1305 4453 est,
1338 4388 1483 4459 quod
1514 4389 1737 4443 audistis
1768 4406 1919 4456 eum,
1965 4397 2017 4444 et
2037 4393 2088 4452 D
2118 4400 2241 4446 actu
2288 4406 2685 4446 consummare.
2735 4391 2804 4445 Et
2848 4391 2951 4445 hoc
2998 4390 3300 4445 cavendum
3328 4389 3458 4443 utile
3490 4388 3610 4453 erit,
3674 4394 3723 4447 si

421 4472 476 4527 in
525 4472 646 4544 ipso
695 4473 873 4529 edocti
902 4476 1033 4529 estis
1053 4517 1067 4542 ,
1100 4491 1208 4531 non
1239 4476 1308 4531 de
1337 4476 1589 4546 falsitate,
1620 4477 1719 4532 sed
1749 4479 1900 4532 sicut
1931 4481 2016 4533 est

436 4563 648 4617 veritas
669 4563 731 4617 in
751 4564 899 4618 Iesu.
934 4563 1029 4618 His
1058 4563 1203 4618 enim
1234 4580 1354 4635 quae
1384 4564 1544 4619 docui
1569 4581 1668 4620 vos
1683 4565 1751 4619 de
1778 4565 2013 4631 Christo,

420 4648 555 4703 nihil
583 4648 834 4705 falsitatis
862 4651 1146 4719 admiscui,
1180 4660 1237 4705 ut
1265 4652 1563 4718 Nicolaitaz,
1602 4652 1693 4723 qui
1719 4652 2018 4722 praedicant

424 4738 696 4793 Christum
728 4754 837 4794 non
867 4739 1209 4811 improbasse
1239 4755 1581 4795 communem
1612 4756 1770 4793 usum
1816 4740 2017 4796 mulie-

419 4842 570 4895 rum,
616 4836 669 4881 et
710 4827 918 4882 caeteris
950 4826 1271 4881 falsitatibus
1323 4827 1603 4882 veritatem
1654 4827 1852 4882 Christi
1881 4844 2017 4883 con-

422 4912 668 4968 fundunt.
700 4915 766 4968 Et
796 4915 924 4985 quia
953 4915 1251 4971 secundum
1284 4915 1567 4970 veritatem
1595 4915 1773 4971 edocti
1804 4916 1935 4971 estis
1962 4916 2017 4971 in

425 4999 642 5055 Christo
661 5041 675 5068 ,
704 5000 869 5072 igitur
896 5003 1155 5074 deponite
1185 5018 1276 5058 vos
1307 5006 1546 5059 veterem
1579 5003 1879 5059 hominem.
1921 5004 2019 5059 Vel

418 5085 518 5140 ita:
542 5088 739 5142 Edocti
760 5088 943 5159 utique
972 5091 1108 5145 estis
1129 5091 1191 5145 in
1212 5091 1343 5145 Jesu
1363 5090 1635 5162 deponere
1660 5108 1748 5147 vos
1776 5096 2019 5147 veterem

419 5175 731 5240 hominem,
765 5191 887 5231 non.
906 5177 1050 5248 quod
1079 5192 1301 5232 carnem
1332 5178 1400 5233 ab
1431 5193 1495 5233 eo
1526 5179 1827 5233 derivatam
1851 5180 2019 5249 depo-

423 5263 583 5329 natis,
617 5280 739 5334 quae
776 5265 946 5319 semel
977 5265 1267 5335 deponitur
1294 5282 1392 5336 per
1421 5274 1649 5321 mortem
1669 5309 1683 5332 ,
1717 5266 1815 5320 sed
1844 5266 2018 5336 depo-

420 5351 530 5408 nite
576 5369 702 5407 eum
746 5353 1057 5408 secundum
1078 5355 1391 5426 pristinam
1422 5356 1931 5419 conversationem,
1965 5354 2018 5408 id

420 5447 502 5496 est
518 5442 816 5498 secundum
831 5449 1149 5499 vetustatem
1166 5443 1492 5513 operationis
1505 5442 1735 5513 peccati.
1753 5442 2018 5513 Deponite

2115 4479 2197 4534 sol
2227 4495 2337 4534 non
2366 4479 2580 4535 occidat
2610 4495 2776 4550 super
2801 4478 3138 4534 iracundiam
3167 4486 3424 4542 vestram,
3456 4476 3510 4530 id
3556 4484 3639 4530 est
3670 4479 3723 4531 si

2113 4568 2429 4637 priusquam
2456 4566 2639 4621 veniat
2686 4582 2914 4637 vespera
2935 4611 2947 4632 ,
3004 4567 3305 4637 deponatur
3332 4566 3431 4620 ira.
3463 4564 3718 4619 Dicerent

2118 4654 2194 4709 illi
2217 4673 2230 4709 :
2255 4655 2512 4724 Praecipis
2541 4656 2720 4710 nolite
2740 4671 2992 4726 peccare,
3013 4655 3111 4709 sed
3133 4654 3403 4725 quomodo
3425 4660 3599 4723 potest
3621 4653 3726 4708 hoc

2115 4758 2184 4797 ne
2212 4758 2503 4813 peccemus
2533 4740 2650 4796 fieri
2672 4743 2700 4797 Ἰ
2730 4743 2813 4797 Ad
2842 4744 2943 4797 hoc
2973 4742 3048 4796 ait
3079 4758 3090 4795 :
3123 4743 3191 4797 Ut
3206 4749 3490 4812 peccatum
3520 4740 3723 4795 evade-

2118 4847 2173 4886 re
2202 4831 2442 4900 possitis,
2467 4832 2644 4887 nolite
2668 4832 2871 4895 louum,
2903 4830 2957 4885 id
2989 4839 3072 4885 est
3101 4828 3554 4900 opportunitatem
3587 4843 3721 4898 pec-

2117 4918 2277 4974 candi
2306 4919 2442 4974 dare
2473 4918 2690 4973 diabolo
2728 4918 2783 4972 in
2812 4917 2987 4983 vobis,
3039 4919 3135 4973 sed
3165 4916 3334 4988 fugite
3357 4933 3499 4971 eum.
3540 4916 3724 4972 Nolite

2120 5007 2302 5061 locum
2323 5006 2455 5061 dare
2476 5006 2726 5072 diabolo;
2749 5006 2847 5060 sed
2866 5005 2955 5059 ille
2972 5006 3067 5077 qui
3085 5008 3243 5078 prius
3262 5005 3584 5075 furabatur,
3596 5004 3723 5073 jam

2117 5094 2315 5148 amodo
2345 5110 2460 5149 non
2481 5096 2731 5163 furetur.
2758 5093 2840 5148 Ad
2863 5092 3094 5148 litteram
3136 5093 3239 5149 Sed
3275 5094 3452 5163 magis
3489 5092 3720 5160 laboret,

2118 5182 2170 5235 id
2202 5189 2285 5236 est
2332 5182 2583 5236 laborare
2631 5181 2797 5254 eligat
2828 5183 3108 5255 aperando
3136 5182 3397 5236 manibus
3426 5180 3563 5243 suis,
3616 5194 3728 5233 non

2118 5270 2407 5326 homicidia
2436 5270 2520 5324 vel
2550 5270 2880 5337 hujusmodi,
2935 5271 3032 5325 sed
3073 5270 3214 5343 quod
3235 5270 3439 5325 bonum
3489 5276 3541 5321 et
3596 5267 3727 5322 utile

2118 5362 2221 5413 est.
2255 5359 2322 5413 Et
2352 5359 2489 5413 adeo
2518 5358 2732 5413 laboret
2764 5368 2819 5413 ut
2850 5358 3049 5413 habeat
3079 5358 3202 5424 sibi,
3237 5362 3291 5413 et
3324 5356 3474 5411 unde
3508 5356 3723 5410 tribuat

2117 5447 2365 5516 proximo
2384 5448 2781 5503 necessitatem
2802 5448 3069 5518 patienti.
3096 5448 3294 5500 Iterum
3315 5444 3461 5499 aliud
3485 5460 3498 5496 :
3523 5444 3719 5498 Omnis
