  <div class='ocr_page' id='page_1' title='image "/cluster/home/n/w/nwhite01/storage/ocr_20150623/153/hvd.32044054760111/176.png"; bbox 0 0 3960 6050; ppageno 0'>
   <div class='ocr_carea' id='block_1_1' title="bbox 251 187 351 242">
    <p class='ocr_par' dir='ltr' id='par_1_1' title="bbox 251 187 351 242">
     <span class='ocr_line' id='line_1_1' title="bbox 251 187 351 242; baseline 0.01 -2"><span class='ocrx_word' id='word_1_1' title='bbox 251 187 351 242; x_wconf 77' lang='grc'>341</span> 
     </span>
    </p>
   </div>
   <div class='ocr_carea' id='block_1_2' title="bbox 771 156 2935 274">
    <p class='ocr_par' dir='ltr' id='par_1_2' title="bbox 771 156 2935 274">
     <span class='ocr_line' id='line_1_2' title="bbox 771 156 2935 274; baseline 0.002 -33"><span class='ocrx_word' id='word_1_2' title='bbox 771 269 777 274; x_wconf 28' lang='grc'><em>“</em></span> <span class='ocrx_word' id='word_1_3' title='bbox 869 186 1251 243; x_wconf 80' lang='lat' dir='ltr'>EXPOSI&#39;I‘IO</span> <span class='ocrx_word' id='word_1_4' title='bbox 1289 188 1363 242; x_wconf 87' lang='lat' dir='ltr'><strong>IN</strong></span> <span class='ocrx_word' id='word_1_5' title='bbox 1399 187 1779 244; x_wconf 80' lang='lat' dir='ltr'>EPISTOLAS</span> <span class='ocrx_word' id='word_1_6' title='bbox 1817 187 2037 243; x_wconf 84' lang='lat' dir='ltr'>PAULI.</span> <span class='ocrx_word' id='word_1_7' title='bbox 2079 219 2149 230; x_wconf 94' lang='lat'>—</span> <span class='ocrx_word' id='word_1_8' title='bbox 2186 190 2261 245; x_wconf 87' lang='lat' dir='ltr'><strong>IN</strong></span> <span class='ocrx_word' id='word_1_9' title='bbox 2298 190 2515 246; x_wconf 85' lang='lat' dir='ltr'>EPIST.</span> <span class='ocrx_word' id='word_1_10' title='bbox 2557 156 2652 246; x_wconf 80' lang='lat' dir='ltr'>AI)</span> <span class='ocrx_word' id='word_1_11' title='bbox 2689 192 2935 248; x_wconf 86' lang='lat' dir='ltr'>EPHES.</span> 
     </span>
    </p>
   </div>
   <div class='ocr_carea' id='block_1_3' title="bbox 3436 194 3539 249">
    <p class='ocr_par' dir='ltr' id='par_1_3' title="bbox 3436 194 3539 249">
     <span class='ocr_line' id='line_1_3' title="bbox 3436 194 3539 249; baseline 0.019 -2"><span class='ocrx_word' id='word_1_12' title='bbox 3436 194 3539 249; x_wconf 71' lang='grc'>342</span> 
     </span>
    </p>
   </div>
   <div class='ocr_carea' id='block_1_4' title="bbox 254 311 3548 388">
    <p class='ocr_par' dir='ltr' id='par_1_4' title="bbox 254 311 3548 388">
     <span class='ocr_line' id='line_1_4' title="bbox 254 311 3548 388; baseline 0.001 -20"><span class='ocrx_word' id='word_1_13' title='bbox 254 329 440 368; x_wconf 88' lang='lat' dir='ltr'>sermo</span> <span class='ocrx_word' id='word_1_14' title='bbox 466 313 651 367; x_wconf 89' lang='lat' dir='ltr'>malus</span> <span class='ocrx_word' id='word_1_15' title='bbox 674 328 786 366; x_wconf 88' lang='lat' dir='ltr'>non</span> <span class='ocrx_word' id='word_1_16' title='bbox 806 312 1089 383; x_wconf 80' lang='lat' dir='ltr'>procedat,</span> <span class='ocrx_word' id='word_1_17' title='bbox 1110 311 1164 365; x_wconf 89' lang='lat' dir='ltr'>id</span> <span class='ocrx_word' id='word_1_18' title='bbox 1185 320 1267 366; x_wconf 91' lang='lat' dir='ltr'>est</span> <span class='ocrx_word' id='word_1_19' title='bbox 1282 312 1464 367; x_wconf 90' lang='lat' dir='ltr'>nullus</span> <span class='ocrx_word' id='word_1_20' title='bbox 1482 329 1663 368; x_wconf 87' lang='lat' dir='ltr'>sermo</span> <span class='ocrx_word' id='word_1_21' title='bbox 1680 313 1852 367; x_wconf 91' lang='lat' dir='ltr'>malus</span> <span class='ocrx_word' id='word_1_22' title='bbox 1872 315 1925 373; x_wconf 88' lang='lat' dir='ltr'><strong>A</strong></span> <span class='ocrx_word' id='word_1_23' title='bbox 1957 337 1977 359; x_wconf 81' lang='grc' dir='ltr'>α</span> <span class='ocrx_word' id='word_1_24' title='bbox 2015 322 2201 383; x_wconf 90' lang='lat' dir='ltr'>pterea</span> <span class='ocrx_word' id='word_1_25' title='bbox 2248 316 2412 371; x_wconf 95' lang='lat' dir='ltr'>nolite</span> <span class='ocrx_word' id='word_1_26' title='bbox 2455 316 2571 371; x_wconf 87' lang='lat' dir='ltr'>fieri</span> <span class='ocrx_word' id='word_1_27' title='bbox 2616 317 3006 387; x_wconf 82' lang='lat' dir='ltr'>imprudentes,</span> <span class='ocrx_word' id='word_1_28' title='bbox 3041 318 3140 373; x_wconf 90' lang='lat' dir='ltr'>sed</span> <span class='ocrx_word' id='word_1_29' title='bbox 3184 317 3548 388; x_wconf 85' lang='lat' dir='ltr'>intelligentes</span> 
     </span>
    </p>
   </div>
   <div class='ocr_carea' id='block_1_5' title="bbox 258 400 1856 472">
    <p class='ocr_par' dir='ltr' id='par_1_5' title="bbox 258 400 1856 472">
     <span class='ocr_line' id='line_1_5' title="bbox 258 400 1856 472; baseline 0.001 -17"><span class='ocrx_word' id='word_1_30' title='bbox 258 401 523 471; x_wconf 79' lang='lat' dir='ltr'>procedat</span> <span class='ocrx_word' id='word_1_31' title='bbox 553 417 626 455; x_wconf 79' lang='lat' dir='ltr'>ea:</span> <span class='ocrx_word' id='word_1_32' title='bbox 653 417 745 456; x_wconf 91' lang='lat' dir='ltr'>ore</span> <span class='ocrx_word' id='word_1_33' title='bbox 776 405 976 455; x_wconf 88' lang='lat' dir='ltr'>vestro.</span> <span class='ocrx_word' id='word_1_34' title='bbox 1010 400 1115 455; x_wconf 86' lang='lat' dir='ltr'>Sed</span> <span class='ocrx_word' id='word_1_35' title='bbox 1144 402 1191 455; x_wconf 97' lang='lat' dir='ltr'>si</span> <span class='ocrx_word' id='word_1_36' title='bbox 1223 402 1345 472; x_wconf 89' lang='lat' dir='ltr'>quis</span> <span class='ocrx_word' id='word_1_37' title='bbox 1371 418 1552 456; x_wconf 86' lang='lat' dir='ltr'>sermo</span> <span class='ocrx_word' id='word_1_38' title='bbox 1570 410 1652 456; x_wconf 88' lang='lat' dir='ltr'>est</span> <span class='ocrx_word' id='word_1_39' title='bbox 1683 403 1856 458; x_wconf 89' lang='lat' dir='ltr'>bonus</span> 
     </span>
    </p>
   </div>
   <div class='ocr_carea' id='block_1_6' title="bbox 261 488 1856 561">
    <p class='ocr_par' dir='ltr' id='par_1_6' title="bbox 261 488 1856 561">
     <span class='ocr_line' id='line_1_6' title="bbox 261 488 1856 561; baseline -0.001 -17"><span class='ocrx_word' id='word_1_40' title='bbox 261 498 317 545; x_wconf 91' lang='lat' dir='ltr'>et</span> <span class='ocrx_word' id='word_1_41' title='bbox 346 489 491 543; x_wconf 79' lang='lat' dir='ltr'>utilis</span> <span class='ocrx_word' id='word_1_42' title='bbox 518 490 591 543; x_wconf 86' lang='lat' dir='ltr'>ad</span> <span class='ocrx_word' id='word_1_43' title='bbox 619 488 1055 557; x_wconf 73' lang='lat' dir='ltr'>wdiﬁcationem</span> <span class='ocrx_word' id='word_1_44' title='bbox 1084 489 1235 558; x_wconf 82' lang='lat' dir='ltr'>ﬁdei,</span> <span class='ocrx_word' id='word_1_45' title='bbox 1271 490 1325 543; x_wconf 92' lang='lat' dir='ltr'>id</span> <span class='ocrx_word' id='word_1_46' title='bbox 1353 498 1435 544; x_wconf 87' lang='lat' dir='ltr'>est</span> <span class='ocrx_word' id='word_1_47' title='bbox 1465 498 1521 544; x_wconf 92' lang='lat' dir='ltr'>ut</span> <span class='ocrx_word' id='word_1_48' title='bbox 1551 491 1856 561; x_wconf 88' lang='lat' dir='ltr'>proximum</span> 
     </span>
    </p>
   </div>
   <div class='ocr_carea' id='block_1_7' title="bbox 263 575 1857 649">
    <p class='ocr_par' dir='ltr' id='par_1_7' title="bbox 263 575 1857 649">
     <span class='ocr_line' id='line_1_7' title="bbox 263 575 1857 649; baseline 0 -16"><span class='ocrx_word' id='word_1_49' title='bbox 263 575 499 633; x_wconf 77' lang='lat' dir='ltr'>aediﬁcet</span> <span class='ocrx_word' id='word_1_50' title='bbox 526 576 581 629; x_wconf 92' lang='lat' dir='ltr'>in</span> <span class='ocrx_word' id='word_1_51' title='bbox 608 575 734 643; x_wconf 82' lang='lat' dir='ltr'>ﬁde,</span> <span class='ocrx_word' id='word_1_52' title='bbox 771 576 859 630; x_wconf 90' lang='lat' dir='ltr'>ille</span> <span class='ocrx_word' id='word_1_53' title='bbox 887 577 1164 646; x_wconf 88' lang='lat' dir='ltr'>procedat.</span> <span class='ocrx_word' id='word_1_54' title='bbox 1198 579 1279 632; x_wconf 88' lang='lat' dir='ltr'>Ita</span> <span class='ocrx_word' id='word_1_55' title='bbox 1308 586 1485 631; x_wconf 91' lang='lat' dir='ltr'>tamen</span> <span class='ocrx_word' id='word_1_56' title='bbox 1525 583 1589 633; x_wconf 90' lang='lat' dir='ltr'>ut</span> <span class='ocrx_word' id='word_1_57' title='bbox 1620 579 1711 633; x_wconf 87' lang='lat' dir='ltr'>det</span> <span class='ocrx_word' id='word_1_58' title='bbox 1730 596 1857 649; x_wconf 81' lang='lat' dir='ltr'>gra-</span> 
     </span>
    </p>
   </div>
   <div class='ocr_carea' id='block_1_8' title="bbox 263 664 1857 736">
    <p class='ocr_par' dir='ltr' id='par_1_8' title="bbox 263 664 1857 736">
     <span class='ocr_line' id='line_1_8' title="bbox 263 664 1857 736; baseline 0.001 -17"><span class='ocrx_word' id='word_1_59' title='bbox 263 668 408 720; x_wconf 89' lang='lat' dir='ltr'>tiam</span> <span class='ocrx_word' id='word_1_60' title='bbox 437 664 821 729; x_wconf 78' lang='lat' dir='ltr'>audientibus,</span> <span class='ocrx_word' id='word_1_61' title='bbox 855 671 912 717; x_wconf 92' lang='lat' dir='ltr'>ut</span> <span class='ocrx_word' id='word_1_62' title='bbox 942 673 1130 736; x_wconf 88' lang='lat' dir='ltr'>gratus</span> <span class='ocrx_word' id='word_1_63' title='bbox 1176 666 1243 719; x_wconf 88' lang='lat' dir='ltr'>sit</span> <span class='ocrx_word' id='word_1_64' title='bbox 1274 666 1338 719; x_wconf 92' lang='lat' dir='ltr'>iis</span> <span class='ocrx_word' id='word_1_65' title='bbox 1387 666 1478 736; x_wconf 88' lang='lat' dir='ltr'>qui</span> <span class='ocrx_word' id='word_1_66' title='bbox 1526 666 1768 731; x_wconf 88' lang='lat' dir='ltr'>audiunt,</span> <span class='ocrx_word' id='word_1_67' title='bbox 1805 674 1857 720; x_wconf 91' lang='lat' dir='ltr'>et</span> 
     </span>
    </p>
   </div>
   <div class='ocr_carea' id='block_1_9' title="bbox 259 752 1859 823">
    <p class='ocr_par' dir='ltr' id='par_1_9' title="bbox 259 752 1859 823">
     <span class='ocr_line' id='line_1_9' title="bbox 259 752 1859 823; baseline 0.001 -17"><span class='ocrx_word' id='word_1_68' title='bbox 259 753 407 817; x_wconf 91' lang='lat' dir='ltr'>loco,</span> <span class='ocrx_word' id='word_1_69' title='bbox 442 760 496 807; x_wconf 89' lang='lat' dir='ltr'>et</span> <span class='ocrx_word' id='word_1_70' title='bbox 524 760 789 821; x_wconf 90' lang='lat' dir='ltr'>tempore.</span> <span class='ocrx_word' id='word_1_71' title='bbox 826 752 936 806; x_wconf 84' lang='lat' dir='ltr'>Vos</span> <span class='ocrx_word' id='word_1_72' title='bbox 965 753 1173 822; x_wconf 66' lang='lat' dir='ltr'>praelati</span> <span class='ocrx_word' id='word_1_73' title='bbox 1206 753 1365 821; x_wconf 90' lang='lat' dir='ltr'>(sicut</span> <span class='ocrx_word' id='word_1_74' title='bbox 1397 754 1602 808; x_wconf 90' lang='lat' dir='ltr'>dictum</span> <span class='ocrx_word' id='word_1_75' title='bbox 1631 754 1736 823; x_wconf 90' lang='lat' dir='ltr'>est)</span> <span class='ocrx_word' id='word_1_76' title='bbox 1766 755 1859 808; x_wconf 90' lang='lat' dir='ltr'>do-</span> 
     </span>
    </p>
   </div>
   <div class='ocr_carea' id='block_1_10' title="bbox 259 840 1858 908">
    <p class='ocr_par' dir='ltr' id='par_1_10' title="bbox 259 840 1858 908">
     <span class='ocr_line' id='line_1_10' title="bbox 259 840 1858 908; baseline 0 -12"><span class='ocrx_word' id='word_1_77' title='bbox 259 849 402 896; x_wconf 86' lang='lat' dir='ltr'>cete.</span> <span class='ocrx_word' id='word_1_78' title='bbox 434 841 521 907; x_wconf 89' lang='lat' dir='ltr'>Et,</span> <span class='ocrx_word' id='word_1_79' title='bbox 546 855 644 894; x_wconf 85' lang='lat' dir='ltr'>vos</span> <span class='ocrx_word' id='word_1_80' title='bbox 675 840 967 908; x_wconf 89' lang='lat' dir='ltr'>auditores,</span> <span class='ocrx_word' id='word_1_81' title='bbox 991 842 1169 896; x_wconf 91' lang='lat' dir='ltr'>nolite</span> <span class='ocrx_word' id='word_1_82' title='bbox 1202 842 1566 908; x_wconf 82' lang='lat' dir='ltr'>contristare,</span> <span class='ocrx_word' id='word_1_83' title='bbox 1604 858 1712 895; x_wconf 91' lang='lat' dir='ltr'>non</span> <span class='ocrx_word' id='word_1_84' title='bbox 1736 841 1858 896; x_wconf 91' lang='lat' dir='ltr'>dico</span> 
     </span>
    </p>
   </div>
   <div class='ocr_carea' id='block_1_11' title="bbox 260 928 1859 999">
    <p class='ocr_par' dir='ltr' id='par_1_11' title="bbox 260 928 1859 999">
     <span class='ocr_line' id='line_1_11' title="bbox 260 928 1859 999; baseline 0 -17"><span class='ocrx_word' id='word_1_85' title='bbox 260 929 439 982; x_wconf 91' lang='lat' dir='ltr'>solum</span> <span class='ocrx_word' id='word_1_86' title='bbox 470 944 566 982; x_wconf 93' lang='lat' dir='ltr'>eos</span> <span class='ocrx_word' id='word_1_87' title='bbox 595 928 685 999; x_wconf 90' lang='lat' dir='ltr'>qui</span> <span class='ocrx_word' id='word_1_88' title='bbox 714 944 811 982; x_wconf 91' lang='lat' dir='ltr'>vos</span> <span class='ocrx_word' id='word_1_89' title='bbox 840 928 1126 995; x_wconf 86' lang='lat' dir='ltr'>instruunt,</span> <span class='ocrx_word' id='word_1_90' title='bbox 1161 929 1257 983; x_wconf 91' lang='lat' dir='ltr'>sed</span> <span class='ocrx_word' id='word_1_91' title='bbox 1305 929 1396 999; x_wconf 89' lang='lat' dir='ltr'>qui</span> <span class='ocrx_word' id='word_1_92' title='bbox 1428 929 1482 981; x_wconf 92' lang='lat' dir='ltr'>in</span> <span class='ocrx_word' id='word_1_93' title='bbox 1510 929 1588 983; x_wconf 91' lang='lat' dir='ltr'>eis</span> <span class='ocrx_word' id='word_1_94' title='bbox 1621 930 1859 999; x_wconf 80' lang='lat' dir='ltr'>loquitur</span> 
     </span>
    </p>
   </div>
   <div class='ocr_carea' id='block_1_12' title="bbox 257 1015 1860 1088">
    <p class='ocr_par' dir='ltr' id='par_1_12' title="bbox 257 1015 1860 1088">
     <span class='ocr_line' id='line_1_12' title="bbox 257 1015 1860 1088; baseline -0.001 -17"><span class='ocrx_word' id='word_1_95' title='bbox 257 1017 543 1088; x_wconf 82' lang='lat' dir='ltr'>Spiritum</span> <span class='ocrx_word' id='word_1_96' title='bbox 572 1020 858 1071; x_wconf 84' lang='lat' dir='ltr'>sanctum.</span> <span class='ocrx_word' id='word_1_97' title='bbox 881 1015 1153 1085; x_wconf 87' lang='lat' dir='ltr'>Spiritum,</span> <span class='ocrx_word' id='word_1_98' title='bbox 1180 1017 1321 1080; x_wconf 89' lang='lat' dir='ltr'>dico,</span> <span class='ocrx_word' id='word_1_99' title='bbox 1350 1018 1468 1071; x_wconf 85' lang='lat' dir='ltr'>Dei.</span> <span class='ocrx_word' id='word_1_100' title='bbox 1492 1017 1679 1071; x_wconf 85' lang='lat' dir='ltr'>Videte</span> <span class='ocrx_word' id='word_1_101' title='bbox 1700 1034 1860 1087; x_wconf 90' lang='lat' dir='ltr'>quam</span> 
     </span>
    </p>
   </div>
   <div class='ocr_carea' id='block_1_13' title="bbox 256 1102 1860 1175">
    <p class='ocr_par' dir='ltr' id='par_1_13' title="bbox 256 1102 1860 1175">
     <span class='ocr_line' id='line_1_13' title="bbox 256 1102 1860 1175; baseline 0.001 -18"><span class='ocrx_word' id='word_1_102' title='bbox 256 1104 447 1175; x_wconf 78' lang='lat' dir='ltr'>gravis</span> <span class='ocrx_word' id='word_1_103' title='bbox 477 1104 654 1173; x_wconf 80' lang='lat' dir='ltr'>culpa.</span> <span class='ocrx_word' id='word_1_104' title='bbox 674 1103 800 1175; x_wconf 87' lang='lat' dir='ltr'>quia</span> <span class='ocrx_word' id='word_1_105' title='bbox 830 1102 876 1157; x_wconf 90' lang='lat' dir='ltr'>si</span> <span class='ocrx_word' id='word_1_106' title='bbox 905 1104 1341 1173; x_wconf 69' lang='lat' dir='ltr'>prtedicatorem,</span> <span class='ocrx_word' id='word_1_107' title='bbox 1366 1113 1419 1159; x_wconf 88' lang='lat' dir='ltr'>et</span> <span class='ocrx_word' id='word_1_108' title='bbox 1449 1103 1693 1173; x_wconf 85' lang='lat' dir='ltr'>spiritum</span> <span class='ocrx_word' id='word_1_109' title='bbox 1712 1105 1766 1157; x_wconf 90' lang='lat' dir='ltr'>in</span> <span class='ocrx_word' id='word_1_110' title='bbox 1795 1120 1860 1159; x_wconf 92' lang='lat' dir='ltr'>eo</span> 
     </span>
    </p>
   </div>
   <div class='ocr_carea' id='block_1_14' title="bbox 259 1191 1860 1262">
    <p class='ocr_par' dir='ltr' id='par_1_14' title="bbox 259 1191 1860 1262">
     <span class='ocr_line' id='line_1_14' title="bbox 259 1191 1860 1262; baseline 0 -17"><span class='ocrx_word' id='word_1_111' title='bbox 259 1192 579 1262; x_wconf 87' lang='lat' dir='ltr'>loquentem</span> <span class='ocrx_word' id='word_1_112' title='bbox 604 1210 618 1258; x_wconf 88' lang='lat'><strong>;</strong></span> <span class='ocrx_word' id='word_1_113' title='bbox 643 1200 696 1246; x_wconf 91' lang='lat' dir='ltr'>et</span> <span class='ocrx_word' id='word_1_114' title='bbox 717 1191 762 1245; x_wconf 92' lang='lat' dir='ltr'>si</span> <span class='ocrx_word' id='word_1_115' title='bbox 784 1191 1051 1261; x_wconf 87' lang='lat' dir='ltr'>spiritum,</span> <span class='ocrx_word' id='word_1_116' title='bbox 1078 1192 1351 1246; x_wconf 67' lang='lat' dir='ltr'>offenditis</span> <span class='ocrx_word' id='word_1_117' title='bbox 1368 1200 1419 1246; x_wconf 91' lang='lat' dir='ltr'>et</span> <span class='ocrx_word' id='word_1_118' title='bbox 1441 1192 1611 1245; x_wconf 91' lang='lat' dir='ltr'>Deum</span> <span class='ocrx_word' id='word_1_119' title='bbox 1639 1212 1651 1257; x_wconf 86' lang='lat'><strong>;</strong></span> <span class='ocrx_word' id='word_1_120' title='bbox 1678 1192 1750 1246; x_wconf 90' lang='lat' dir='ltr'>ita</span> <span class='ocrx_word' id='word_1_121' title='bbox 1770 1193 1860 1262; x_wconf 89' lang='lat' dir='ltr'>qui</span> 
     </span>
    </p>
   </div>
   <div class='ocr_carea' id='block_1_15' title="bbox 261 1278 1860 1350">
    <p class='ocr_par' dir='ltr' id='par_1_15' title="bbox 261 1278 1860 1350">
     <span class='ocr_line' id='line_1_15' title="bbox 261 1278 1860 1350; baseline 0.001 -18"><span class='ocrx_word' id='word_1_122' title='bbox 261 1280 683 1350; x_wconf 65' lang='lat' dir='ltr'>praedicatorem</span> <span class='ocrx_word' id='word_1_123' title='bbox 713 1278 955 1343; x_wconf 73' lang='lat' dir='ltr'>oﬂ‘endit,</span> <span class='ocrx_word' id='word_1_124' title='bbox 991 1281 1162 1333; x_wconf 90' lang='lat' dir='ltr'>Deum</span> <span class='ocrx_word' id='word_1_125' title='bbox 1206 1278 1429 1334; x_wconf 86' lang='lat' dir='ltr'>offendit</span> <span class='ocrx_word' id='word_1_126' title='bbox 1464 1296 1475 1332; x_wconf 91' lang='lat'><strong>:</strong></span> <span class='ocrx_word' id='word_1_127' title='bbox 1509 1281 1691 1335; x_wconf 81' lang='lat' dir='ltr'>Nolite</span> <span class='ocrx_word' id='word_1_128' title='bbox 1721 1296 1860 1334; x_wconf 88' lang='lat' dir='ltr'>con-</span> 
     </span>
    </p>
   </div>
   <div class='ocr_carea' id='block_1_16' title="bbox 267 1369 1863 1439">
    <p class='ocr_par' dir='ltr' id='par_1_16' title="bbox 267 1369 1863 1439">
     <span class='ocr_line' id='line_1_16' title="bbox 267 1369 1863 1439; baseline -0.001 -17"><span class='ocrx_word' id='word_1_129' title='bbox 267 1370 505 1422; x_wconf 86' lang='lat' dir='ltr'>tristare</span> <span class='ocrx_word' id='word_1_130' title='bbox 526 1370 823 1437; x_wconf 84' lang='lat' dir='ltr'>Spiritum,</span> <span class='ocrx_word' id='word_1_131' title='bbox 851 1369 912 1422; x_wconf 89' lang='lat' dir='ltr'>in</span> <span class='ocrx_word' id='word_1_132' title='bbox 941 1385 1045 1439; x_wconf 89' lang='lat' dir='ltr'>quo</span> <span class='ocrx_word' id='word_1_133' title='bbox 1082 1370 1300 1439; x_wconf 81' lang='lat' dir='ltr'>Spiritu</span> <span class='ocrx_word' id='word_1_134' title='bbox 1320 1369 1537 1437; x_wconf 83' lang='lat' dir='ltr'>signati</span> <span class='ocrx_word' id='word_1_135' title='bbox 1565 1370 1700 1423; x_wconf 86' lang='lat' dir='ltr'>estis</span> <span class='ocrx_word' id='word_1_136' title='bbox 1724 1388 1741 1433; x_wconf 87' lang='grc'><em>;</em></span> <span class='ocrx_word' id='word_1_137' title='bbox 1766 1385 1863 1422; x_wconf 88' lang='lat' dir='ltr'>vos</span> 
     </span>
    </p>
   </div>
   <div class='ocr_carea' id='block_1_17' title="bbox 260 1454 1862 1527">
    <p class='ocr_par' dir='ltr' id='par_1_17' title="bbox 260 1454 1862 1527">
     <span class='ocr_line' id='line_1_17' title="bbox 260 1454 1862 1527; baseline -0.001 -17"><span class='ocrx_word' id='word_1_138' title='bbox 260 1456 412 1510; x_wconf 88' lang='lat' dir='ltr'>enim</span> <span class='ocrx_word' id='word_1_139' title='bbox 454 1470 599 1520; x_wconf 88' lang='lat' dir='ltr'>cera,</span> <span class='ocrx_word' id='word_1_140' title='bbox 635 1454 867 1524; x_wconf 89' lang='lat' dir='ltr'>Spiritus</span> <span class='ocrx_word' id='word_1_141' title='bbox 918 1455 1157 1527; x_wconf 87' lang='lat' dir='ltr'>sigillum</span> <span class='ocrx_word' id='word_1_142' title='bbox 1188 1456 1515 1525; x_wconf 91' lang='lat' dir='ltr'>impressum</span> <span class='ocrx_word' id='word_1_143' title='bbox 1565 1456 1737 1510; x_wconf 76' lang='lat' dir='ltr'>vobis.</span> <span class='ocrx_word' id='word_1_144' title='bbox 1774 1456 1862 1509; x_wconf 87' lang='lat' dir='ltr'>Si-</span> 
     </span>
    </p>
   </div>
   <div class='ocr_carea' id='block_1_18' title="bbox 264 1543 1864 1615">
    <p class='ocr_par' dir='ltr' id='par_1_18' title="bbox 264 1543 1864 1615">
     <span class='ocr_line' id='line_1_18' title="bbox 264 1543 1864 1615; baseline 0 -20"><span class='ocrx_word' id='word_1_145' title='bbox 264 1543 423 1615; x_wconf 83' lang='lat' dir='ltr'>gnati</span> <span class='ocrx_word' id='word_1_146' title='bbox 451 1543 575 1597; x_wconf 88' lang='lat' dir='ltr'>dico</span> <span class='ocrx_word' id='word_1_147' title='bbox 610 1545 671 1597; x_wconf 87' lang='lat' dir='ltr'>in</span> <span class='ocrx_word' id='word_1_148' title='bbox 720 1543 807 1597; x_wconf 89' lang='lat' dir='ltr'>die</span> <span class='ocrx_word' id='word_1_149' title='bbox 852 1543 1272 1613; x_wconf 83' lang='lat' dir='ltr'>redemptionis,</span> <span class='ocrx_word' id='word_1_150' title='bbox 1306 1543 1360 1597; x_wconf 92' lang='lat' dir='ltr'>id</span> <span class='ocrx_word' id='word_1_151' title='bbox 1391 1552 1474 1597; x_wconf 85' lang='lat' dir='ltr'>est</span> <span class='ocrx_word' id='word_1_152' title='bbox 1504 1543 1774 1613; x_wconf 86' lang='lat' dir='ltr'>baptismi,</span> <span class='ocrx_word' id='word_1_153' title='bbox 1810 1543 1864 1595; x_wconf 90' lang='lat' dir='ltr'>in</span> 
     </span>
    </p>
   </div>
   <div class='ocr_carea' id='block_1_19' title="bbox 1961 403 3543 473">
    <p class='ocr_par' dir='ltr' id='par_1_19' title="bbox 1961 403 3543 473">
     <span class='ocr_line' id='line_1_19' title="bbox 1961 403 3543 473; baseline 0 -16"><span class='ocrx_word' id='word_1_154' title='bbox 1961 424 1982 447; x_wconf 81' lang='grc' dir='ltr'>α</span> <span class='ocrx_word' id='word_1_155' title='bbox 2018 420 2137 472; x_wconf 69' lang='lat' dir='ltr'>quae</span> <span class='ocrx_word' id='word_1_156' title='bbox 2168 403 2232 457; x_wconf 85' lang='lat' dir='ltr'>sit</span> <span class='ocrx_word' id='word_1_157' title='bbox 2264 404 2515 459; x_wconf 85' lang='lat' dir='ltr'>voluntas</span> <span class='ocrx_word' id='word_1_158' title='bbox 2547 407 2647 459; x_wconf 89' lang='lat' dir='ltr'>Dei</span> <span class='ocrx_word' id='word_1_159' title='bbox 2678 409 2852 473; x_wconf 83' lang='lat' dir='ltr'>(Item.</span> <span class='ocrx_word' id='word_1_160' title='bbox 2887 422 2986 473; x_wconf 80' lang='lat' dir='ltr'>xu,</span> <span class='ocrx_word' id='word_1_161' title='bbox 3006 411 3039 461; x_wconf 71' lang='lat'>2</span> <span class='ocrx_word' id='word_1_162' title='bbox 3065 408 3126 471; x_wconf 90' lang='lat' dir='ltr'>;I</span> <span class='ocrx_word' id='word_1_163' title='bbox 3155 406 3334 461; x_wconf 84' lang='lat' dir='ltr'>Thess.</span> <span class='ocrx_word' id='word_1_164' title='bbox 3370 421 3445 472; x_wconf 80' lang='grc' dir='ltr'>ιν,</span> <span class='ocrx_word' id='word_1_165' title='bbox 3467 406 3543 473; x_wconf 80' lang='grc'>5).</span> 
     </span>
    </p>
   </div>
   <div class='ocr_carea' id='block_1_20' title="bbox 1960 491 3548 564">
    <p class='ocr_par' dir='ltr' id='par_1_20' title="bbox 1960 491 3548 564">
     <span class='ocr_line' id='line_1_20' title="bbox 1960 491 3548 564; baseline 0.002 -21"><span class='ocrx_word' id='word_1_166' title='bbox 1960 513 1979 536; x_wconf 75' lang='grc' dir='ltr'>ιι</span> <span class='ocrx_word' id='word_1_167' title='bbox 2019 492 2083 544; x_wconf 90' lang='lat' dir='ltr'>Et</span> <span class='ocrx_word' id='word_1_168' title='bbox 2114 491 2279 546; x_wconf 92' lang='lat' dir='ltr'>nolite</span> <span class='ocrx_word' id='word_1_169' title='bbox 2326 493 2586 547; x_wconf 84' lang='lat' dir='ltr'>inebriari</span> <span class='ocrx_word' id='word_1_170' title='bbox 2632 495 2776 558; x_wconf 91' lang='lat' dir='ltr'>vino,</span> <span class='ocrx_word' id='word_1_171' title='bbox 2812 494 2864 547; x_wconf 90' lang='lat' dir='ltr'>in</span> <span class='ocrx_word' id='word_1_172' title='bbox 2897 510 3004 564; x_wconf 91' lang='lat' dir='ltr'>quo</span> <span class='ocrx_word' id='word_1_173' title='bbox 3054 502 3134 548; x_wconf 90' lang='lat' dir='ltr'>est</span> <span class='ocrx_word' id='word_1_174' title='bbox 3180 493 3415 557; x_wconf 86' lang='lat' dir='ltr'>luxuria,</span> <span class='ocrx_word' id='word_1_175' title='bbox 3449 493 3548 547; x_wconf 88' lang='lat' dir='ltr'>sed</span> 
     </span>
    </p>
   </div>
   <div class='ocr_carea' id='block_1_21' title="bbox 1961 579 3550 652">
    <p class='ocr_par' dir='ltr' id='par_1_21' title="bbox 1961 579 3550 652">
     <span class='ocr_line' id='line_1_21' title="bbox 1961 579 3550 652; baseline 0.003 -23"><span class='ocrx_word' id='word_1_176' title='bbox 1961 599 1982 627; x_wconf 75' lang='grc' dir='ltr'>ι</span> <span class='ocrx_word' id='word_1_177' title='bbox 2020 579 2315 648; x_wconf 87' lang='lat' dir='ltr'>implemini</span> <span class='ocrx_word' id='word_1_178' title='bbox 2346 580 2548 649; x_wconf 88' lang='lat' dir='ltr'>Spiritu</span> <span class='ocrx_word' id='word_1_179' title='bbox 2596 590 2800 645; x_wconf 90' lang='lat' dir='ltr'>sancto,</span> <span class='ocrx_word' id='word_1_180' title='bbox 2835 582 3119 652; x_wconf 89' lang='lat' dir='ltr'>loquentes</span> <span class='ocrx_word' id='word_1_181' title='bbox 3151 580 3550 651; x_wconf 87' lang='lat' dir='ltr'>vobismetipsis</span> 
     </span>
    </p>
   </div>
   <div class='ocr_carea' id='block_1_22' title="bbox 1963 666 3544 739">
    <p class='ocr_par' dir='ltr' id='par_1_22' title="bbox 1963 666 3544 739">
     <span class='ocr_line' id='line_1_22' title="bbox 1963 666 3544 739; baseline 0.003 -21"><span class='ocrx_word' id='word_1_182' title='bbox 1963 688 1982 713; x_wconf 80' lang='grc' dir='ltr'><strong>α</strong></span> <span class='ocrx_word' id='word_1_183' title='bbox 2020 666 2074 719; x_wconf 92' lang='lat' dir='ltr'>in</span> <span class='ocrx_word' id='word_1_184' title='bbox 2120 667 2363 736; x_wconf 88' lang='lat' dir='ltr'>psalmis,</span> <span class='ocrx_word' id='word_1_185' title='bbox 2414 676 2465 721; x_wconf 91' lang='lat' dir='ltr'>et</span> <span class='ocrx_word' id='word_1_186' title='bbox 2513 668 2746 738; x_wconf 81' lang='lat' dir='ltr'>hymnis,</span> <span class='ocrx_word' id='word_1_187' title='bbox 2783 676 2834 723; x_wconf 87' lang='lat' dir='ltr'>et</span> <span class='ocrx_word' id='word_1_188' title='bbox 2883 670 3108 725; x_wconf 86' lang='lat' dir='ltr'>canticis</span> <span class='ocrx_word' id='word_1_189' title='bbox 3158 669 3544 739; x_wconf 88' lang='lat' dir='ltr'>spiritualibus,</span> 
     </span>
    </p>
   </div>
   <div class='ocr_carea' id='block_1_23' title="bbox 1962 756 3551 825">
    <p class='ocr_par' dir='ltr' id='par_1_23' title="bbox 1962 756 3551 825">
     <span class='ocr_line' id='line_1_23' title="bbox 1962 756 3551 825; baseline 0.004 -22"><span class='ocrx_word' id='word_1_190' title='bbox 1962 774 1983 803; x_wconf 76' lang='grc' dir='ltr'>ι</span> <span class='ocrx_word' id='word_1_191' title='bbox 2021 763 2303 809; x_wconf 87' lang='lat' dir='ltr'>cantantes</span> <span class='ocrx_word' id='word_1_192' title='bbox 2352 763 2405 809; x_wconf 91' lang='lat' dir='ltr'>et</span> <span class='ocrx_word' id='word_1_193' title='bbox 2447 756 2741 825; x_wconf 85' lang='lat' dir='ltr'>psallentes</span> <span class='ocrx_word' id='word_1_194' title='bbox 2785 758 2839 809; x_wconf 90' lang='lat' dir='ltr'>in</span> <span class='ocrx_word' id='word_1_195' title='bbox 2888 758 3144 812; x_wconf 87' lang='lat' dir='ltr'>cordibus</span> <span class='ocrx_word' id='word_1_196' title='bbox 3191 758 3387 811; x_wconf 79' lang='lat' dir='ltr'>vestris</span> <span class='ocrx_word' id='word_1_197' title='bbox 3434 758 3551 810; x_wconf 94' lang='lat' dir='ltr'>Do-</span> 
     </span>
    </p>
   </div>
   <div class='ocr_carea' id='block_1_24' title="bbox 1963 841 3551 915">
    <p class='ocr_par' dir='ltr' id='par_1_24' title="bbox 1963 841 3551 915">
     <span class='ocr_line' id='line_1_24' title="bbox 1963 841 3551 915; baseline 0.004 -23"><span class='ocrx_word' id='word_1_198' title='bbox 1963 863 1984 891; x_wconf 75' lang='grc' dir='ltr'>ι</span> <span class='ocrx_word' id='word_1_199' title='bbox 2019 841 2185 908; x_wconf 89' lang='lat' dir='ltr'>mino,</span> <span class='ocrx_word' id='word_1_200' title='bbox 2239 843 2443 912; x_wconf 78' lang='lat' dir='ltr'>gratias</span> <span class='ocrx_word' id='word_1_201' title='bbox 2492 852 2719 915; x_wconf 84' lang='lat' dir='ltr'>agentes</span> <span class='ocrx_word' id='word_1_202' title='bbox 2770 861 2988 914; x_wconf 87' lang='lat' dir='ltr'>semper</span> <span class='ocrx_word' id='word_1_203' title='bbox 3034 862 3133 915; x_wconf 93' lang='lat' dir='ltr'>pro</span> <span class='ocrx_word' id='word_1_204' title='bbox 3182 845 3455 907; x_wconf 90' lang='lat' dir='ltr'>omnibus,</span> <span class='ocrx_word' id='word_1_205' title='bbox 3497 845 3551 898; x_wconf 91' lang='lat' dir='ltr'>in</span> 
     </span>
    </p>
   </div>
   <div class='ocr_carea' id='block_1_25' title="bbox 1964 926 3550 993">
    <p class='ocr_par' dir='ltr' id='par_1_25' title="bbox 1964 926 3550 993">
     <span class='ocr_line' id='line_1_25' title="bbox 1964 926 3550 993; baseline 0.003 -16"><span class='ocrx_word' id='word_1_206' title='bbox 1964 948 1984 969; x_wconf 89' lang='grc'><em>‹‹</em></span> <span class='ocrx_word' id='word_1_207' title='bbox 2021 926 2238 979; x_wconf 88' lang='lat' dir='ltr'>nomine</span> <span class='ocrx_word' id='word_1_208' title='bbox 2270 926 2482 979; x_wconf 91' lang='lat' dir='ltr'>Domini</span> <span class='ocrx_word' id='word_1_209' title='bbox 2514 928 2685 981; x_wconf 88' lang='lat' dir='ltr'>nostri</span> <span class='ocrx_word' id='word_1_210' title='bbox 2720 928 2849 981; x_wconf 87' lang='lat' dir='ltr'>Jesu</span> <span class='ocrx_word' id='word_1_211' title='bbox 2900 928 3115 993; x_wconf 85' lang='lat' dir='ltr'>Christi,</span> <span class='ocrx_word' id='word_1_212' title='bbox 3151 930 3264 982; x_wconf 90' lang='lat' dir='ltr'>Deo</span> <span class='ocrx_word' id='word_1_213' title='bbox 3296 935 3347 982; x_wconf 87' lang='lat' dir='ltr'>et</span> <span class='ocrx_word' id='word_1_214' title='bbox 3388 928 3550 981; x_wconf 84' lang='lat' dir='ltr'>Patri.</span> 
     </span>
    </p>
   </div>
   <div class='ocr_carea' id='block_1_26' title="bbox 1965 1013 3647 1089">
    <p class='ocr_par' dir='ltr' id='par_1_26' title="bbox 1965 1013 3647 1089">
     <span class='ocr_line' id='line_1_26' title="bbox 1965 1013 3647 1089; baseline 0.002 -23"><span class='ocrx_word' id='word_1_215' title='bbox 1965 1035 1984 1057; x_wconf 79' lang='grc' dir='ltr'>ιι</span> <span class='ocrx_word' id='word_1_216' title='bbox 2022 1013 2261 1081; x_wconf 90' lang='lat' dir='ltr'>Subjecti</span> <span class='ocrx_word' id='word_1_217' title='bbox 2294 1014 2543 1079; x_wconf 82' lang='lat' dir='ltr'>invicem,</span> <span class='ocrx_word' id='word_1_218' title='bbox 2578 1016 2633 1067; x_wconf 91' lang='lat' dir='ltr'>in</span> <span class='ocrx_word' id='word_1_219' title='bbox 2664 1016 2856 1069; x_wconf 90' lang='lat' dir='ltr'>timore</span> <span class='ocrx_word' id='word_1_220' title='bbox 2887 1017 3104 1070; x_wconf 83' lang='lat' dir='ltr'>Christi.</span> <span class='ocrx_word' id='word_1_221' title='bbox 3140 1016 3395 1069; x_wconf 76' lang='lat' dir='ltr'>Mulieres</span> <span class='ocrx_word' id='word_1_222' title='bbox 3424 1016 3551 1071; x_wconf 88' lang='lat' dir='ltr'>viris</span> <span class='ocrx_word' id='word_1_223' title='bbox 3644 1084 3647 1089; x_wconf 16' lang='grc' dir='ltr'>ν</span> 
     </span>
    </p>
   </div>
   <div class='ocr_carea' id='block_1_27' title="bbox 1964 1100 3553 1174">
    <p class='ocr_par' dir='ltr' id='par_1_27' title="bbox 1964 1100 3553 1174">
     <span class='ocr_line' id='line_1_27' title="bbox 1964 1100 3553 1174; baseline 0.003 -21"><span class='ocrx_word' id='word_1_224' title='bbox 1964 1122 1984 1146; x_wconf 89' lang='grc'><em>‹‹</em></span> <span class='ocrx_word' id='word_1_225' title='bbox 2024 1100 2135 1154; x_wconf 91' lang='lat' dir='ltr'>suis</span> <span class='ocrx_word' id='word_1_226' title='bbox 2162 1102 2388 1155; x_wconf 71' lang='lat' dir='ltr'>subdita:</span> <span class='ocrx_word' id='word_1_227' title='bbox 2421 1102 2543 1167; x_wconf 88' lang='lat' dir='ltr'>sint,</span> <span class='ocrx_word' id='word_1_228' title='bbox 2579 1103 2715 1157; x_wconf 87' lang='lat' dir='ltr'>sicut</span> <span class='ocrx_word' id='word_1_229' title='bbox 2764 1105 3011 1167; x_wconf 89' lang='lat' dir='ltr'>Domino,</span> <span class='ocrx_word' id='word_1_230' title='bbox 3050 1104 3303 1174; x_wconf 90' lang='lat' dir='ltr'>quoniam</span> <span class='ocrx_word' id='word_1_231' title='bbox 3345 1104 3427 1158; x_wconf 86' lang='lat' dir='ltr'>vir</span> <span class='ocrx_word' id='word_1_232' title='bbox 3455 1119 3553 1157; x_wconf 87' lang='lat' dir='ltr'>ca-</span> 
     </span>
    </p>
   </div>
   <div class='ocr_carea' id='block_1_28' title="bbox 1965 1190 3553 1261">
    <p class='ocr_par' dir='ltr' id='par_1_28' title="bbox 1965 1190 3553 1261">
     <span class='ocr_line' id='line_1_28' title="bbox 1965 1190 3553 1261; baseline 0.002 -20"><span class='ocrx_word' id='word_1_233' title='bbox 1965 1212 1984 1234; x_wconf 88' lang='lat'><strong>«</strong></span> <span class='ocrx_word' id='word_1_234' title='bbox 2024 1196 2118 1259; x_wconf 87' lang='lat' dir='ltr'>put</span> <span class='ocrx_word' id='word_1_235' title='bbox 2148 1198 2227 1242; x_wconf 90' lang='lat' dir='ltr'>est</span> <span class='ocrx_word' id='word_1_236' title='bbox 2258 1190 2515 1254; x_wconf 87' lang='lat' dir='ltr'>mulieris,</span> <span class='ocrx_word' id='word_1_237' title='bbox 2551 1191 2689 1245; x_wconf 85' lang='lat' dir='ltr'>sicut</span> <span class='ocrx_word' id='word_1_238' title='bbox 2719 1192 2960 1245; x_wconf 87' lang='lat' dir='ltr'>Christus</span> <span class='ocrx_word' id='word_1_239' title='bbox 2992 1200 3151 1261; x_wconf 82' lang='lat' dir='ltr'>caput</span> <span class='ocrx_word' id='word_1_240' title='bbox 3183 1200 3263 1245; x_wconf 91' lang='lat' dir='ltr'>cst</span> <span class='ocrx_word' id='word_1_241' title='bbox 3291 1192 3553 1246; x_wconf 78' lang='lat' dir='ltr'>Ecclesiae</span> 
     </span>
    </p>
   </div>
   <div class='ocr_carea' id='block_1_29' title="bbox 1965 1278 3559 1349">
    <p class='ocr_par' dir='ltr' id='par_1_29' title="bbox 1965 1278 3559 1349">
     <span class='ocr_line' id='line_1_29' title="bbox 1965 1278 3559 1349; baseline 0 -18"><span class='ocrx_word' id='word_1_242' title='bbox 1965 1299 1986 1322; x_wconf 82' lang='lat'><strong>«</strong></span> <span class='ocrx_word' id='word_1_243' title='bbox 2024 1279 2074 1346; x_wconf 84' lang='grc' dir='ltr'>(Ι</span> <span class='ocrx_word' id='word_1_244' title='bbox 2105 1279 2225 1333; x_wconf 87' lang='lat' dir='ltr'>Cor.</span> <span class='ocrx_word' id='word_1_245' title='bbox 2258 1292 2339 1341; x_wconf 80' lang='lat' dir='ltr'>x1,</span> <span class='ocrx_word' id='word_1_246' title='bbox 2375 1280 2428 1347; x_wconf 88' lang='grc'>3)</span> <span class='ocrx_word' id='word_1_247' title='bbox 2460 1278 2610 1346; x_wconf 89' lang='lat' dir='ltr'>;ipse</span> <span class='ocrx_word' id='word_1_248' title='bbox 2642 1279 2877 1334; x_wconf 83' lang='lat' dir='ltr'>salvator</span> <span class='ocrx_word' id='word_1_249' title='bbox 2909 1280 3155 1349; x_wconf 87' lang='lat' dir='ltr'>corporis</span> <span class='ocrx_word' id='word_1_250' title='bbox 3177 1280 3311 1346; x_wconf 82' lang='lat' dir='ltr'>ejus.</span> <span class='ocrx_word' id='word_1_251' title='bbox 3348 1280 3454 1333; x_wconf 87' lang='lat' dir='ltr'>Sed</span> <span class='ocrx_word' id='word_1_252' title='bbox 3487 1279 3559 1332; x_wconf 90' lang='lat' dir='ltr'>si-</span> 
     </span>
    </p>
   </div>
   <div class='ocr_carea' id='block_1_30' title="bbox 1966 1365 3556 1434">
    <p class='ocr_par' dir='ltr' id='par_1_30' title="bbox 1966 1365 3556 1434">
     <span class='ocr_line' id='line_1_30' title="bbox 1966 1365 3556 1434; baseline 0.001 -15"><span class='ocrx_word' id='word_1_253' title='bbox 1966 1388 1986 1411; x_wconf 85' lang='grc'>‹‹</span> <span class='ocrx_word' id='word_1_254' title='bbox 2026 1372 2115 1419; x_wconf 87' lang='lat' dir='ltr'>cut</span> <span class='ocrx_word' id='word_1_255' title='bbox 2148 1365 2395 1427; x_wconf 85' lang='lat' dir='ltr'>Ecclesia</span> <span class='ocrx_word' id='word_1_256' title='bbox 2427 1366 2669 1433; x_wconf 83' lang='lat' dir='ltr'>subjecta</span> <span class='ocrx_word' id='word_1_257' title='bbox 2700 1375 2781 1420; x_wconf 88' lang='lat' dir='ltr'>est</span> <span class='ocrx_word' id='word_1_258' title='bbox 2828 1368 3061 1434; x_wconf 88' lang='lat' dir='ltr'>Christo,</span> <span class='ocrx_word' id='word_1_259' title='bbox 3095 1368 3168 1421; x_wconf 88' lang='lat' dir='ltr'>ita</span> <span class='ocrx_word' id='word_1_260' title='bbox 3199 1376 3249 1421; x_wconf 91' lang='lat' dir='ltr'>et</span> <span class='ocrx_word' id='word_1_261' title='bbox 3296 1367 3556 1421; x_wconf 89' lang='lat' dir='ltr'>mulieres</span> 
     </span>
    </p>
   </div>
   <div class='ocr_carea' id='block_1_31' title="bbox 1967 1453 3560 1525">
    <p class='ocr_par' dir='ltr' id='par_1_31' title="bbox 1967 1453 3560 1525">
     <span class='ocr_line' id='line_1_31' title="bbox 1967 1453 3560 1525; baseline 0.004 -24"><span class='ocrx_word' id='word_1_262' title='bbox 1967 1474 1988 1501; x_wconf 74' lang='grc' dir='ltr'><strong>α</strong></span> <span class='ocrx_word' id='word_1_263' title='bbox 2025 1453 2155 1507; x_wconf 88' lang='lat' dir='ltr'>viris</span> <span class='ocrx_word' id='word_1_264' title='bbox 2185 1454 2297 1507; x_wconf 88' lang='lat' dir='ltr'>suis</span> <span class='ocrx_word' id='word_1_265' title='bbox 2326 1454 2378 1507; x_wconf 91' lang='lat' dir='ltr'>in</span> <span class='ocrx_word' id='word_1_266' title='bbox 2412 1455 2683 1509; x_wconf 88' lang='lat' dir='ltr'>omnibus.</span> <span class='ocrx_word' id='word_1_267' title='bbox 2724 1455 2854 1519; x_wconf 80' lang='lat' dir='ltr'>Viri,</span> <span class='ocrx_word' id='word_1_268' title='bbox 2886 1456 3093 1525; x_wconf 83' lang='lat' dir='ltr'>diligite</span> <span class='ocrx_word' id='word_1_269' title='bbox 3124 1471 3319 1509; x_wconf 85' lang='lat' dir='ltr'>uxores</span> <span class='ocrx_word' id='word_1_270' title='bbox 3348 1463 3560 1510; x_wconf 88' lang='lat' dir='ltr'>vestras</span> 
     </span>
    </p>
   </div>
   <div class='ocr_carea' id='block_1_32' title="bbox 1968 1543 3557 1612">
    <p class='ocr_par' dir='ltr' id='par_1_32' title="bbox 1968 1543 3557 1612">
     <span class='ocr_line' id='line_1_32' title="bbox 1968 1543 3557 1612; baseline -0.001 -15"><span class='ocrx_word' id='word_1_271' title='bbox 1968 1562 1990 1590; x_wconf 78' lang='grc' dir='ltr'>ι</span> <span class='ocrx_word' id='word_1_272' title='bbox 2026 1543 2169 1612; x_wconf 86' lang='lat' dir='ltr'>(Col.</span> <span class='ocrx_word' id='word_1_273' title='bbox 2203 1558 2283 1605; x_wconf 82' lang='grc' dir='ltr'>ιιι,</span> <span class='ocrx_word' id='word_1_274' title='bbox 2320 1546 2384 1595; x_wconf 80' lang='lat' dir='ltr'>t8</span> <span class='ocrx_word' id='word_1_275' title='bbox 2424 1562 2437 1605; x_wconf 84' lang='lat'>;</span> <span class='ocrx_word' id='word_1_276' title='bbox 2475 1545 2500 1597; x_wconf 90' lang='lat' dir='ltr'>I</span> <span class='ocrx_word' id='word_1_277' title='bbox 2524 1545 2678 1597; x_wconf 84' lang='lat' dir='ltr'>Petr.</span> <span class='ocrx_word' id='word_1_278' title='bbox 2715 1559 2792 1609; x_wconf 81' lang='lat' dir='ltr'>in,</span> <span class='ocrx_word' id='word_1_279' title='bbox 2831 1545 2902 1609; x_wconf 78' lang='lat' dir='ltr'>t),</span> <span class='ocrx_word' id='word_1_280' title='bbox 2939 1544 3075 1598; x_wconf 88' lang='lat' dir='ltr'>sicut</span> <span class='ocrx_word' id='word_1_281' title='bbox 3106 1552 3154 1597; x_wconf 89' lang='lat' dir='ltr'>et</span> <span class='ocrx_word' id='word_1_282' title='bbox 3187 1544 3433 1597; x_wconf 87' lang='lat' dir='ltr'>Christus</span> <span class='ocrx_word' id='word_1_283' title='bbox 3469 1544 3557 1596; x_wconf 89' lang='lat' dir='ltr'>di-</span> 
     </span>
    </p>
   </div>
   <div class='ocr_carea' id='block_1_33' title="bbox 264 1630 3560 1720">
    <p class='ocr_par' dir='ltr' id='par_1_33' title="bbox 264 1630 3560 1720">
     <span class='ocr_line' id='line_1_33' title="bbox 264 1630 3560 1720; baseline 0 -37"><span class='ocrx_word' id='word_1_284' title='bbox 264 1647 376 1702; x_wconf 90' lang='lat' dir='ltr'>quo</span> <span class='ocrx_word' id='word_1_285' title='bbox 425 1630 491 1683; x_wconf 91' lang='lat' dir='ltr'>ab</span> <span class='ocrx_word' id='word_1_286' title='bbox 537 1630 685 1684; x_wconf 90' lang='lat' dir='ltr'>omni</span> <span class='ocrx_word' id='word_1_287' title='bbox 726 1638 952 1699; x_wconf 87' lang='lat' dir='ltr'>peccato</span> <span class='ocrx_word' id='word_1_288' title='bbox 1002 1631 1262 1700; x_wconf 90' lang='lat' dir='ltr'>redempti</span> <span class='ocrx_word' id='word_1_289' title='bbox 1310 1631 1460 1684; x_wconf 83' lang='lat' dir='ltr'>estis.</span> <span class='ocrx_word' id='word_1_290' title='bbox 1514 1632 1695 1686; x_wconf 82' lang='lat' dir='ltr'>Nolite</span> <span class='ocrx_word' id='word_1_291' title='bbox 1724 1648 1935 1720; x_wconf 79' lang='lat' dir='ltr'>con-B</span> <span class='ocrx_word' id='word_1_292' title='bbox 1968 1652 1988 1674; x_wconf 80' lang='grc' dir='ltr'><strong><em>α</em></strong></span> <span class='ocrx_word' id='word_1_293' title='bbox 2026 1630 2154 1684; x_wconf 81' lang='lat' dir='ltr'>lexit</span> <span class='ocrx_word' id='word_1_294' title='bbox 2200 1630 2526 1697; x_wconf 90' lang='lat' dir='ltr'>Ecclesiam,</span> <span class='ocrx_word' id='word_1_295' title='bbox 2561 1640 2613 1684; x_wconf 89' lang='lat' dir='ltr'>et</span> <span class='ocrx_word' id='word_1_296' title='bbox 2663 1631 2901 1701; x_wconf 76' lang='lat' dir='ltr'>seipsum</span> <span class='ocrx_word' id='word_1_297' title='bbox 2950 1632 3167 1685; x_wconf 88' lang='lat' dir='ltr'>tradidit</span> <span class='ocrx_word' id='word_1_298' title='bbox 3215 1648 3315 1701; x_wconf 88' lang='lat' dir='ltr'>pro</span> <span class='ocrx_word' id='word_1_299' title='bbox 3368 1647 3452 1697; x_wconf 88' lang='lat' dir='ltr'>ea,</span> <span class='ocrx_word' id='word_1_300' title='bbox 3502 1639 3560 1685; x_wconf 90' lang='lat' dir='ltr'>ut</span> 
     </span>
    </p>
   </div>
   <div class='ocr_carea' id='block_1_34' title="bbox 266 1717 1861 1788">
    <p class='ocr_par' dir='ltr' id='par_1_34' title="bbox 266 1717 1861 1788">
     <span class='ocr_line' id='line_1_34' title="bbox 266 1717 1861 1788; baseline -0.001 -15"><span class='ocrx_word' id='word_1_301' title='bbox 266 1720 505 1773; x_wconf 85' lang='lat' dir='ltr'>tristare</span> <span class='ocrx_word' id='word_1_302' title='bbox 528 1718 824 1788; x_wconf 83' lang='lat' dir='ltr'>Spiritum,</span> <span class='ocrx_word' id='word_1_303' title='bbox 842 1717 937 1771; x_wconf 87' lang='lat' dir='ltr'>sed</span> <span class='ocrx_word' id='word_1_304' title='bbox 963 1719 1201 1773; x_wconf 88' lang='lat' dir='ltr'>tollatur</span> <span class='ocrx_word' id='word_1_305' title='bbox 1220 1736 1253 1773; x_wconf 92' lang='lat' dir='ltr'>a</span> <span class='ocrx_word' id='word_1_306' title='bbox 1275 1718 1423 1772; x_wconf 82' lang='lat' dir='ltr'>vobis</span> <span class='ocrx_word' id='word_1_307' title='bbox 1444 1720 1628 1773; x_wconf 86' lang='lat' dir='ltr'>omnis</span> <span class='ocrx_word' id='word_1_308' title='bbox 1650 1719 1861 1772; x_wconf 89' lang='lat' dir='ltr'>amari-</span> 
     </span>
    </p>
   </div>
   <div class='ocr_carea' id='block_1_35' title="bbox 268 1804 1865 1870">
    <p class='ocr_par' dir='ltr' id='par_1_35' title="bbox 268 1804 1865 1870">
     <span class='ocr_line' id='line_1_35' title="bbox 268 1804 1865 1870; baseline 0 -10"><span class='ocrx_word' id='word_1_309' title='bbox 268 1806 406 1860; x_wconf 84' lang='lat' dir='ltr'>tudo</span> <span class='ocrx_word' id='word_1_310' title='bbox 437 1804 621 1870; x_wconf 91' lang='lat' dir='ltr'>animi,</span> <span class='ocrx_word' id='word_1_311' title='bbox 657 1811 711 1859; x_wconf 90' lang='lat' dir='ltr'>et</span> <span class='ocrx_word' id='word_1_312' title='bbox 744 1806 853 1867; x_wconf 86' lang='lat' dir='ltr'>ira,</span> <span class='ocrx_word' id='word_1_313' title='bbox 889 1804 939 1857; x_wconf 91' lang='lat' dir='ltr'>id</span> <span class='ocrx_word' id='word_1_314' title='bbox 970 1813 1053 1857; x_wconf 89' lang='lat' dir='ltr'>est</span> <span class='ocrx_word' id='word_1_315' title='bbox 1083 1805 1261 1858; x_wconf 86' lang='lat' dir='ltr'>subita</span> <span class='ocrx_word' id='word_1_316' title='bbox 1293 1806 1584 1861; x_wconf 87' lang='lat' dir='ltr'>commotio</span> <span class='ocrx_word' id='word_1_317' title='bbox 1614 1805 1778 1859; x_wconf 90' lang='lat' dir='ltr'>animi</span> <span class='ocrx_word' id='word_1_318' title='bbox 1808 1810 1865 1860; x_wconf 92' lang='lat' dir='ltr'>et</span> 
     </span>
    </p>
   </div>
   <div class='ocr_carea' id='block_1_36' title="bbox 266 1892 1865 1963">
    <p class='ocr_par' dir='ltr' id='par_1_36' title="bbox 266 1892 1865 1963">
     <span class='ocr_line' id='line_1_36' title="bbox 266 1892 1865 1963; baseline -0.003 -14"><span class='ocrx_word' id='word_1_319' title='bbox 266 1893 612 1962; x_wconf 82' lang='lat' dir='ltr'>indignatio.</span> <span class='ocrx_word' id='word_1_320' title='bbox 665 1892 720 1946; x_wconf 89' lang='lat' dir='ltr'>Si</span> <span class='ocrx_word' id='word_1_321' title='bbox 764 1892 908 1946; x_wconf 90' lang='lat' dir='ltr'>enim</span> <span class='ocrx_word' id='word_1_322' title='bbox 958 1892 1212 1963; x_wconf 81' lang='lat' dir='ltr'>ignobilis</span> <span class='ocrx_word' id='word_1_323' title='bbox 1261 1893 1669 1963; x_wconf 90' lang='lat' dir='ltr'>superabundat</span> <span class='ocrx_word' id='word_1_324' title='bbox 1711 1894 1865 1947; x_wconf 86' lang='lat' dir='ltr'>vobis</span> 
     </span>
    </p>
   </div>
   <div class='ocr_carea' id='block_1_37' title="bbox 266 1979 1865 2051">
    <p class='ocr_par' dir='ltr' id='par_1_37' title="bbox 266 1979 1865 2051">
     <span class='ocr_line' id='line_1_37' title="bbox 266 1979 1865 2051; baseline -0.001 -16"><span class='ocrx_word' id='word_1_325' title='bbox 266 1981 562 2043; x_wconf 88' lang='lat' dir='ltr'>nobilibus,</span> <span class='ocrx_word' id='word_1_326' title='bbox 588 1997 655 2034; x_wconf 93' lang='lat' dir='ltr'>ne</span> <span class='ocrx_word' id='word_1_327' title='bbox 686 1979 1066 2051; x_wconf 84' lang='lat' dir='ltr'>indignemini.</span> <span class='ocrx_word' id='word_1_328' title='bbox 1100 1982 1165 2033; x_wconf 87' lang='lat' dir='ltr'>Et</span> <span class='ocrx_word' id='word_1_329' title='bbox 1200 1982 1432 2051; x_wconf 86' lang='lat' dir='ltr'>clamor,</span> <span class='ocrx_word' id='word_1_330' title='bbox 1457 1997 1525 2034; x_wconf 90' lang='lat' dir='ltr'>ne</span> <span class='ocrx_word' id='word_1_331' title='bbox 1557 1981 1865 2034; x_wconf 90' lang='lat' dir='ltr'>inordinate</span> 
     </span>
    </p>
   </div>
   <div class='ocr_carea' id='block_1_38' title="bbox 266 2068 1865 2139">
    <p class='ocr_par' dir='ltr' id='par_1_38' title="bbox 266 2068 1865 2139">
     <span class='ocr_line' id='line_1_38' title="bbox 266 2068 1865 2139; baseline -0.003 -14"><span class='ocrx_word' id='word_1_332' title='bbox 266 2068 623 2126; x_wconf 90' lang='lat' dir='ltr'>conclametis</span> <span class='ocrx_word' id='word_1_333' title='bbox 652 2068 933 2138; x_wconf 87' lang='lat' dir='ltr'>litigando,</span> <span class='ocrx_word' id='word_1_334' title='bbox 968 2072 1022 2121; x_wconf 91' lang='lat' dir='ltr'>et</span> <span class='ocrx_word' id='word_1_335' title='bbox 1054 2068 1399 2139; x_wconf 88' lang='lat' dir='ltr'>blasphemia</span> <span class='ocrx_word' id='word_1_336' title='bbox 1431 2068 1565 2123; x_wconf 86' lang='lat' dir='ltr'>facta</span> <span class='ocrx_word' id='word_1_337' title='bbox 1610 2068 1663 2121; x_wconf 92' lang='lat' dir='ltr'>in</span> <span class='ocrx_word' id='word_1_338' title='bbox 1696 2069 1865 2121; x_wconf 89' lang='lat' dir='ltr'>Deum</span> 
     </span>
    </p>
   </div>
   <div class='ocr_carea' id='block_1_39' title="bbox 267 2155 1867 2226">
    <p class='ocr_par' dir='ltr' id='par_1_39' title="bbox 267 2155 1867 2226">
     <span class='ocr_line' id='line_1_39' title="bbox 267 2155 1867 2226; baseline -0.001 -14"><span class='ocrx_word' id='word_1_339' title='bbox 267 2158 356 2212; x_wconf 85' lang='lat' dir='ltr'>vel</span> <span class='ocrx_word' id='word_1_340' title='bbox 386 2157 711 2226; x_wconf 83' lang='lat' dir='ltr'>proximum.</span> <span class='ocrx_word' id='word_1_341' title='bbox 749 2156 854 2223; x_wconf 85' lang='lat' dir='ltr'>Qui</span> <span class='ocrx_word' id='word_1_342' title='bbox 884 2156 1029 2209; x_wconf 91' lang='lat' dir='ltr'>enim</span> <span class='ocrx_word' id='word_1_343' title='bbox 1079 2156 1155 2210; x_wconf 91' lang='lat' dir='ltr'>sic</span> <span class='ocrx_word' id='word_1_344' title='bbox 1196 2157 1269 2209; x_wconf 90' lang='lat' dir='ltr'>ait</span> <span class='ocrx_word' id='word_1_345' title='bbox 1304 2172 1315 2209; x_wconf 90' lang='lat'>:</span> <span class='ocrx_word' id='word_1_346' title='bbox 1350 2155 1531 2223; x_wconf 87' lang='lat' dir='ltr'>Quare</span> <span class='ocrx_word' id='word_1_347' title='bbox 1575 2158 1678 2211; x_wconf 90' lang='lat' dir='ltr'>hoc</span> <span class='ocrx_word' id='word_1_348' title='bbox 1720 2158 1867 2210; x_wconf 89' lang='lat' dir='ltr'>Deus</span> 
     </span>
    </p>
   </div>
   <div class='ocr_carea' id='block_1_40' title="bbox 258 2243 1856 2313">
    <p class='ocr_par' dir='ltr' id='par_1_40' title="bbox 258 2243 1856 2313">
     <span class='ocr_line' id='line_1_40' title="bbox 258 2243 1856 2313; baseline -0.001 -15"><span class='ocrx_word' id='word_1_349' title='bbox 258 2244 442 2299; x_wconf 84' lang='lat' dir='ltr'>fecit?</span> <span class='ocrx_word' id='word_1_350' title='bbox 473 2244 696 2299; x_wconf 81' lang='lat' dir='ltr'>Videtur</span> <span class='ocrx_word' id='word_1_351' title='bbox 719 2243 921 2298; x_wconf 88' lang='lat' dir='ltr'>dixisse</span> <span class='ocrx_word' id='word_1_352' title='bbox 963 2244 1107 2313; x_wconf 87' lang='lat' dir='ltr'>quod</span> <span class='ocrx_word' id='word_1_353' title='bbox 1142 2245 1285 2297; x_wconf 88' lang='lat' dir='ltr'>Deus</span> <span class='ocrx_word' id='word_1_354' title='bbox 1314 2260 1423 2298; x_wconf 90' lang='lat' dir='ltr'>non</span> <span class='ocrx_word' id='word_1_355' title='bbox 1473 2244 1610 2298; x_wconf 89' lang='lat' dir='ltr'>bene</span> <span class='ocrx_word' id='word_1_356' title='bbox 1643 2244 1856 2299; x_wconf 82' lang='lat' dir='ltr'>fecerit.</span> 
     </span>
    </p>
   </div>
   <div class='ocr_carea' id='block_1_41' title="bbox 270 2331 1866 2398">
    <p class='ocr_par' dir='ltr' id='par_1_41' title="bbox 270 2331 1866 2398">
     <span class='ocr_line' id='line_1_41' title="bbox 270 2331 1866 2398; baseline -0.001 -10"><span class='ocrx_word' id='word_1_357' title='bbox 270 2335 338 2388; x_wconf 89' lang='lat' dir='ltr'>Ut</span> <span class='ocrx_word' id='word_1_358' title='bbox 356 2331 597 2387; x_wconf 87' lang='lat' dir='ltr'>breviter</span> <span class='ocrx_word' id='word_1_359' title='bbox 617 2331 796 2385; x_wconf 86' lang='lat' dir='ltr'>omnia</span> <span class='ocrx_word' id='word_1_360' title='bbox 818 2346 1130 2386; x_wconf 90' lang='lat' dir='ltr'>removeam</span> <span class='ocrx_word' id='word_1_361' title='bbox 1158 2349 1172 2398; x_wconf 80' lang='lat'>-,</span> <span class='ocrx_word' id='word_1_362' title='bbox 1204 2332 1319 2386; x_wconf 72' lang='lat' dir='ltr'>haec</span> <span class='ocrx_word' id='word_1_363' title='bbox 1348 2348 1477 2386; x_wconf 88' lang='lat' dir='ltr'>cum</span> <span class='ocrx_word' id='word_1_364' title='bbox 1506 2334 1663 2386; x_wconf 90' lang='lat' dir='ltr'>omni</span> <span class='ocrx_word' id='word_1_365' title='bbox 1691 2334 1866 2386; x_wconf 87' lang='lat' dir='ltr'>mali-</span> 
     </span>
    </p>
   </div>
   <div class='ocr_carea' id='block_1_42' title="bbox 268 2418 1867 2481">
    <p class='ocr_par' dir='ltr' id='par_1_42' title="bbox 268 2418 1867 2481">
     <span class='ocr_line' id='line_1_42' title="bbox 268 2418 1867 2481; baseline -0.001 -7"><span class='ocrx_word' id='word_1_366' title='bbox 268 2422 374 2481; x_wconf 87' lang='lat' dir='ltr'>tia,</span> <span class='ocrx_word' id='word_1_367' title='bbox 408 2420 460 2472; x_wconf 92' lang='lat' dir='ltr'>id</span> <span class='ocrx_word' id='word_1_368' title='bbox 493 2426 573 2472; x_wconf 89' lang='lat' dir='ltr'>est</span> <span class='ocrx_word' id='word_1_369' title='bbox 613 2418 790 2471; x_wconf 92' lang='lat' dir='ltr'>omnis</span> <span class='ocrx_word' id='word_1_370' title='bbox 836 2418 1037 2471; x_wconf 89' lang='lat' dir='ltr'>malitia</span> <span class='ocrx_word' id='word_1_371' title='bbox 1088 2421 1326 2474; x_wconf 87' lang='lat' dir='ltr'>tollatur</span> <span class='ocrx_word' id='word_1_372' title='bbox 1356 2437 1390 2473; x_wconf 89' lang='lat' dir='ltr'>a</span> <span class='ocrx_word' id='word_1_373' title='bbox 1420 2420 1585 2474; x_wconf 86' lang='lat' dir='ltr'>vobis.</span> <span class='ocrx_word' id='word_1_374' title='bbox 1618 2421 1699 2473; x_wconf 91' lang='lat' dir='ltr'>Ne</span> <span class='ocrx_word' id='word_1_375' title='bbox 1751 2420 1867 2473; x_wconf 88' lang='lat' dir='ltr'>sitis</span> 
     </span>
    </p>
   </div>
   <div class='ocr_carea' id='block_1_43' title="bbox 268 2506 1867 2577">
    <p class='ocr_par' dir='ltr' id='par_1_43' title="bbox 268 2506 1867 2577">
     <span class='ocr_line' id='line_1_43' title="bbox 268 2506 1867 2577; baseline -0.001 -16"><span class='ocrx_word' id='word_1_376' title='bbox 268 2507 445 2561; x_wconf 89' lang='lat' dir='ltr'>amari</span> <span class='ocrx_word' id='word_1_377' title='bbox 468 2506 553 2560; x_wconf 92' lang='lat' dir='ltr'>vel</span> <span class='ocrx_word' id='word_1_378' title='bbox 571 2506 892 2576; x_wconf 85' lang='lat' dir='ltr'>blasphemi,</span> <span class='ocrx_word' id='word_1_379' title='bbox 928 2507 1022 2560; x_wconf 91' lang='lat' dir='ltr'>sed</span> <span class='ocrx_word' id='word_1_380' title='bbox 1051 2511 1229 2561; x_wconf 88' lang='lat' dir='ltr'>estote</span> <span class='ocrx_word' id='word_1_381' title='bbox 1262 2507 1507 2577; x_wconf 85' lang='lat' dir='ltr'>benigni,</span> <span class='ocrx_word' id='word_1_382' title='bbox 1528 2506 1581 2559; x_wconf 90' lang='lat' dir='ltr'>id</span> <span class='ocrx_word' id='word_1_383' title='bbox 1612 2515 1693 2560; x_wconf 89' lang='lat' dir='ltr'>est</span> <span class='ocrx_word' id='word_1_384' title='bbox 1726 2507 1867 2577; x_wconf 83' lang='lat' dir='ltr'>largi</span> 
     </span>
    </p>
   </div>
   <div class='ocr_carea' id='block_1_44' title="bbox 266 2592 1867 2664">
    <p class='ocr_par' dir='ltr' id='par_1_44' title="bbox 266 2592 1867 2664">
     <span class='ocr_line' id='line_1_44' title="bbox 266 2592 1867 2664; baseline -0.002 -15"><span class='ocrx_word' id='word_1_385' title='bbox 266 2596 503 2649; x_wconf 89' lang='lat' dir='ltr'>invicem</span> <span class='ocrx_word' id='word_1_386' title='bbox 532 2594 669 2648; x_wconf 85' lang='lat' dir='ltr'>alter</span> <span class='ocrx_word' id='word_1_387' title='bbox 712 2594 891 2648; x_wconf 90' lang='lat' dir='ltr'>dando</span> <span class='ocrx_word' id='word_1_388' title='bbox 942 2592 1116 2648; x_wconf 88' lang='lat' dir='ltr'>alteri.</span> <span class='ocrx_word' id='word_1_389' title='bbox 1150 2594 1213 2647; x_wconf 89' lang='lat' dir='ltr'>Et</span> <span class='ocrx_word' id='word_1_390' title='bbox 1245 2594 1291 2646; x_wconf 92' lang='lat' dir='ltr'>si</span> <span class='ocrx_word' id='word_1_391' title='bbox 1321 2610 1428 2647; x_wconf 90' lang='lat' dir='ltr'>non</span> <span class='ocrx_word' id='word_1_392' title='bbox 1476 2594 1687 2647; x_wconf 87' lang='lat' dir='ltr'>habetis</span> <span class='ocrx_word' id='word_1_393' title='bbox 1737 2594 1867 2664; x_wconf 87' lang='lat' dir='ltr'>quid</span> 
     </span>
    </p>
   </div>
   <div class='ocr_carea' id='block_1_45' title="bbox 267 2682 1868 2748">
    <p class='ocr_par' dir='ltr' id='par_1_45' title="bbox 267 2682 1868 2748">
     <span class='ocr_line' id='line_1_45' title="bbox 267 2682 1868 2748; baseline -0.002 -10"><span class='ocrx_word' id='word_1_394' title='bbox 267 2683 430 2748; x_wconf 87' lang='lat' dir='ltr'>detis,</span> <span class='ocrx_word' id='word_1_395' title='bbox 466 2689 639 2736; x_wconf 90' lang='lat' dir='ltr'>estote</span> <span class='ocrx_word' id='word_1_396' title='bbox 680 2682 871 2736; x_wconf 88' lang='lat' dir='ltr'>saltem</span> <span class='ocrx_word' id='word_1_397' title='bbox 916 2683 1305 2736; x_wconf 86' lang='lat' dir='ltr'>misericordes</span> <span class='ocrx_word' id='word_1_398' title='bbox 1355 2682 1557 2746; x_wconf 89' lang='lat' dir='ltr'>animo,</span> <span class='ocrx_word' id='word_1_399' title='bbox 1592 2683 1868 2736; x_wconf 79' lang='lat' dir='ltr'>donantes</span> 
     </span>
    </p>
   </div>
   <div class='ocr_carea' id='block_1_46' title="bbox 268 2769 1866 2840">
    <p class='ocr_par' dir='ltr' id='par_1_46' title="bbox 268 2769 1866 2840">
     <span class='ocr_line' id='line_1_46' title="bbox 268 2769 1866 2840; baseline -0.001 -15"><span class='ocrx_word' id='word_1_400' title='bbox 268 2774 535 2835; x_wconf 85' lang='lat' dir='ltr'>invicem,</span> <span class='ocrx_word' id='word_1_401' title='bbox 583 2770 637 2823; x_wconf 92' lang='lat' dir='ltr'>id</span> <span class='ocrx_word' id='word_1_402' title='bbox 668 2778 750 2824; x_wconf 91' lang='lat' dir='ltr'>est</span> <span class='ocrx_word' id='word_1_403' title='bbox 777 2769 1109 2840; x_wconf 87' lang='lat' dir='ltr'>indulgendo</span> <span class='ocrx_word' id='word_1_404' title='bbox 1138 2770 1275 2823; x_wconf 89' lang='lat' dir='ltr'>alter</span> <span class='ocrx_word' id='word_1_405' title='bbox 1302 2770 1475 2838; x_wconf 88' lang='lat' dir='ltr'>alteri,</span> <span class='ocrx_word' id='word_1_406' title='bbox 1526 2772 1673 2825; x_wconf 81' lang='lat' dir='ltr'>sicut</span> <span class='ocrx_word' id='word_1_407' title='bbox 1729 2772 1866 2827; x_wconf 83' lang='lat' dir='ltr'>Deus</span> 
     </span>
    </p>
   </div>
   <div class='ocr_carea' id='block_1_47' title="bbox 268 2856 1865 2928">
    <p class='ocr_par' dir='ltr' id='par_1_47' title="bbox 268 2856 1865 2928">
     <span class='ocr_line' id='line_1_47' title="bbox 268 2856 1865 2928; baseline -0.002 -15"><span class='ocrx_word' id='word_1_408' title='bbox 268 2859 502 2915; x_wconf 87' lang='lat' dir='ltr'>donavit</span> <span class='ocrx_word' id='word_1_409' title='bbox 552 2857 699 2912; x_wconf 87' lang='lat' dir='ltr'>vobis</span> <span class='ocrx_word' id='word_1_410' title='bbox 728 2865 950 2928; x_wconf 90' lang='lat' dir='ltr'>peccata</span> <span class='ocrx_word' id='word_1_411' title='bbox 976 2858 1039 2911; x_wconf 87' lang='lat' dir='ltr'>in</span> <span class='ocrx_word' id='word_1_412' title='bbox 1071 2856 1311 2923; x_wconf 81' lang='lat' dir='ltr'>Christo,</span> <span class='ocrx_word' id='word_1_413' title='bbox 1347 2858 1399 2911; x_wconf 93' lang='lat' dir='ltr'>id</span> <span class='ocrx_word' id='word_1_414' title='bbox 1432 2865 1512 2913; x_wconf 92' lang='lat' dir='ltr'>est</span> <span class='ocrx_word' id='word_1_415' title='bbox 1557 2874 1655 2928; x_wconf 91' lang='lat' dir='ltr'>per</span> <span class='ocrx_word' id='word_1_416' title='bbox 1704 2858 1865 2911; x_wconf 88' lang='lat' dir='ltr'>Chri-</span> 
     </span>
    </p>
   </div>
   <div class='ocr_carea' id='block_1_48' title="bbox 271 2953 439 3001">
    <p class='ocr_par' dir='ltr' id='par_1_48' title="bbox 271 2953 439 3001">
     <span class='ocr_line' id='line_1_48' title="bbox 271 2953 439 3001; baseline -0.006 0"><span class='ocrx_word' id='word_1_417' title='bbox 271 2953 439 3001; x_wconf 86' lang='lat' dir='ltr'>stum.</span> 
     </span>
    </p>
   </div>
   <div class='ocr_carea' id='block_1_49' title="bbox 768 3084 1363 3141">
    <p class='ocr_par' dir='ltr' id='par_1_49' title="bbox 768 3084 1363 3141">
     <span class='ocr_line' id='line_1_49' title="bbox 768 3084 1363 3141; baseline -0.002 -1"><span class='ocrx_word' id='word_1_418' title='bbox 768 3084 1007 3140; x_wconf 70' lang='lat'>248</span> <span class='ocrx_word' id='word_1_419' title='bbox 1044 3085 1267 3141; x_wconf 80' lang='lat' dir='ltr'>CAPUT</span> <span class='ocrx_word' id='word_1_420' title='bbox 1299 3086 1363 3140; x_wconf 86' lang='lat' dir='ltr'>V.</span> 
     </span>
    </p>
   </div>
   <div class='ocr_carea' id='block_1_50' title="bbox 351 3216 1861 3289">
    <p class='ocr_par' dir='ltr' id='par_1_50' title="bbox 351 3216 1861 3289">
     <span class='ocr_line' id='line_1_50' title="bbox 351 3216 1861 3289; baseline -0.002 -17"><span class='ocrx_word' id='word_1_421' title='bbox 351 3241 372 3263; x_wconf 80' lang='grc' dir='ltr'>ιι</span> <span class='ocrx_word' id='word_1_422' title='bbox 408 3218 594 3272; x_wconf 84' lang='lat' dir='ltr'>Estote</span> <span class='ocrx_word' id='word_1_423' title='bbox 622 3233 757 3289; x_wconf 88' lang='lat' dir='ltr'>ergo</span> <span class='ocrx_word' id='word_1_424' title='bbox 787 3216 1082 3271; x_wconf 89' lang='lat' dir='ltr'>imitatores</span> <span class='ocrx_word' id='word_1_425' title='bbox 1108 3217 1224 3281; x_wconf 88' lang='lat' dir='ltr'>Dei,</span> <span class='ocrx_word' id='word_1_426' title='bbox 1250 3216 1385 3272; x_wconf 88' lang='lat' dir='ltr'>sicut</span> <span class='ocrx_word' id='word_1_427' title='bbox 1414 3216 1507 3270; x_wconf 84' lang='lat' dir='ltr'>filii</span> <span class='ocrx_word' id='word_1_428' title='bbox 1536 3216 1861 3280; x_wconf 89' lang='lat' dir='ltr'>charissimi,</span> 
     </span>
    </p>
   </div>
   <div class='ocr_carea' id='block_1_51' title="bbox 277 3304 1867 3369">
    <p class='ocr_par' dir='ltr' id='par_1_51' title="bbox 277 3304 1867 3369">
     <span class='ocr_line' id='line_1_51' title="bbox 277 3304 1867 3369; baseline -0.002 -9"><span class='ocrx_word' id='word_1_429' title='bbox 277 3329 299 3350; x_wconf 75' lang='grc' dir='ltr'>α</span> <span class='ocrx_word' id='word_1_430' title='bbox 338 3314 390 3360; x_wconf 89' lang='lat' dir='ltr'>et</span> <span class='ocrx_word' id='word_1_431' title='bbox 436 3305 703 3359; x_wconf 87' lang='lat' dir='ltr'>ambulate</span> <span class='ocrx_word' id='word_1_432' title='bbox 729 3305 783 3358; x_wconf 92' lang='lat' dir='ltr'>in</span> <span class='ocrx_word' id='word_1_433' title='bbox 814 3305 1122 3369; x_wconf 89' lang='lat' dir='ltr'>dilectione,</span> <span class='ocrx_word' id='word_1_434' title='bbox 1156 3304 1293 3359; x_wconf 90' lang='lat' dir='ltr'>sicut</span> <span class='ocrx_word' id='word_1_435' title='bbox 1322 3312 1370 3359; x_wconf 91' lang='lat' dir='ltr'>et</span> <span class='ocrx_word' id='word_1_436' title='bbox 1404 3305 1650 3359; x_wconf 90' lang='lat' dir='ltr'>Christus</span> <span class='ocrx_word' id='word_1_437' title='bbox 1681 3305 1867 3359; x_wconf 86' lang='lat' dir='ltr'>dilexit</span> 
     </span>
    </p>
   </div>
   <div class='ocr_carea' id='block_1_52' title="bbox 277 3392 1867 3463">
    <p class='ocr_par' dir='ltr' id='par_1_52' title="bbox 277 3392 1867 3463">
     <span class='ocr_line' id='line_1_52' title="bbox 277 3392 1867 3463; baseline -0.001 -16"><span class='ocrx_word' id='word_1_438' title='bbox 277 3416 299 3438; x_wconf 74' lang='grc' dir='ltr'>ιι</span> <span class='ocrx_word' id='word_1_439' title='bbox 338 3408 456 3459; x_wconf 87' lang='lat' dir='ltr'>nos,</span> <span class='ocrx_word' id='word_1_440' title='bbox 491 3400 544 3447; x_wconf 91' lang='lat' dir='ltr'>et</span> <span class='ocrx_word' id='word_1_441' title='bbox 571 3393 788 3447; x_wconf 89' lang='lat' dir='ltr'>tradidit</span> <span class='ocrx_word' id='word_1_442' title='bbox 827 3393 1177 3463; x_wconf 90' lang='lat' dir='ltr'>semetipsum</span> <span class='ocrx_word' id='word_1_443' title='bbox 1207 3408 1307 3462; x_wconf 88' lang='lat' dir='ltr'>pro</span> <span class='ocrx_word' id='word_1_444' title='bbox 1337 3392 1493 3447; x_wconf 90' lang='lat' dir='ltr'>nobis</span> <span class='ocrx_word' id='word_1_445' title='bbox 1536 3392 1867 3446; x_wconf 80' lang='lat' dir='ltr'>oblationem</span> 
     </span>
    </p>
   </div>
   <div class='ocr_carea' id='block_1_53' title="bbox 275 3481 1868 3537">
    <p class='ocr_par' dir='ltr' id='par_1_53' title="bbox 275 3481 1868 3537">
     <span class='ocr_line' id='line_1_53' title="bbox 275 3481 1868 3537; baseline -0.002 -1"><span class='ocrx_word' id='word_1_446' title='bbox 275 3505 299 3528; x_wconf 75' lang='grc' dir='ltr'>«ι</span> <span class='ocrx_word' id='word_1_447' title='bbox 338 3491 392 3537; x_wconf 91' lang='lat' dir='ltr'>et</span> <span class='ocrx_word' id='word_1_448' title='bbox 423 3482 655 3536; x_wconf 89' lang='lat' dir='ltr'>hostiam</span> <span class='ocrx_word' id='word_1_449' title='bbox 684 3482 799 3535; x_wconf 92' lang='lat' dir='ltr'>Deo</span> <span class='ocrx_word' id='word_1_450' title='bbox 846 3481 901 3534; x_wconf 91' lang='lat' dir='ltr'>in</span> <span class='ocrx_word' id='word_1_451' title='bbox 947 3482 1171 3535; x_wconf 90' lang='lat' dir='ltr'>odorem</span> <span class='ocrx_word' id='word_1_452' title='bbox 1219 3481 1520 3535; x_wconf 90' lang='lat' dir='ltr'>suavitatis.</span> <span class='ocrx_word' id='word_1_453' title='bbox 1568 3481 1868 3535; x_wconf 87' lang='lat' dir='ltr'>Fornicatio</span> 
     </span>
    </p>
   </div>
   <div class='ocr_carea' id='block_1_54' title="bbox 280 3568 1868 3637">
    <p class='ocr_par' dir='ltr' id='par_1_54' title="bbox 280 3568 1868 3637">
     <span class='ocr_line' id='line_1_54' title="bbox 280 3568 1868 3637; baseline -0.002 -12"><span class='ocrx_word' id='word_1_454' title='bbox 280 3594 301 3618; x_wconf 79' lang='grc' dir='ltr'>σι</span> <span class='ocrx_word' id='word_1_455' title='bbox 338 3578 538 3637; x_wconf 89' lang='lat' dir='ltr'>autem,</span> <span class='ocrx_word' id='word_1_456' title='bbox 606 3577 659 3623; x_wconf 90' lang='lat' dir='ltr'>et</span> <span class='ocrx_word' id='word_1_457' title='bbox 701 3569 876 3623; x_wconf 90' lang='lat' dir='ltr'>omnis</span> <span class='ocrx_word' id='word_1_458' title='bbox 933 3568 1290 3636; x_wconf 90' lang='lat' dir='ltr'>immunditia,</span> <span class='ocrx_word' id='word_1_459' title='bbox 1339 3577 1430 3622; x_wconf 90' lang='lat' dir='ltr'>aut</span> <span class='ocrx_word' id='word_1_460' title='bbox 1461 3568 1719 3634; x_wconf 88' lang='lat' dir='ltr'>avaritia,</span> <span class='ocrx_word' id='word_1_461' title='bbox 1770 3584 1868 3622; x_wconf 92' lang='lat' dir='ltr'>nec</span> 
     </span>
    </p>
   </div>
   <div class='ocr_carea' id='block_1_55' title="bbox 279 3656 1870 3722">
    <p class='ocr_par' dir='ltr' id='par_1_55' title="bbox 279 3656 1870 3722">
     <span class='ocr_line' id='line_1_55' title="bbox 279 3656 1870 3722; baseline -0.001 -11"><span class='ocrx_word' id='word_1_462' title='bbox 279 3682 301 3705; x_wconf 83' lang='lat'><strong>«</strong></span> <span class='ocrx_word' id='word_1_463' title='bbox 340 3658 648 3713; x_wconf 83' lang='lat' dir='ltr'>nominetur</span> <span class='ocrx_word' id='word_1_464' title='bbox 678 3657 735 3710; x_wconf 89' lang='lat' dir='ltr'>in</span> <span class='ocrx_word' id='word_1_465' title='bbox 774 3657 950 3722; x_wconf 91' lang='lat' dir='ltr'>vobis,</span> <span class='ocrx_word' id='word_1_466' title='bbox 985 3656 1124 3711; x_wconf 90' lang='lat' dir='ltr'>sicut</span> <span class='ocrx_word' id='word_1_467' title='bbox 1169 3657 1325 3711; x_wconf 86' lang='lat' dir='ltr'>decet</span> <span class='ocrx_word' id='word_1_468' title='bbox 1356 3665 1591 3721; x_wconf 89' lang='lat' dir='ltr'>sanctos,</span> <span class='ocrx_word' id='word_1_469' title='bbox 1622 3664 1712 3710; x_wconf 90' lang='lat' dir='ltr'>aut</span> <span class='ocrx_word' id='word_1_470' title='bbox 1750 3664 1870 3710; x_wconf 89' lang='lat' dir='ltr'>tur-</span> 
     </span>
    </p>
   </div>
   <div class='ocr_carea' id='block_1_56' title="bbox 280 3744 1871 3815">
    <p class='ocr_par' dir='ltr' id='par_1_56' title="bbox 280 3744 1871 3815">
     <span class='ocr_line' id='line_1_56' title="bbox 280 3744 1871 3815; baseline -0.001 -16"><span class='ocrx_word' id='word_1_471' title='bbox 280 3770 301 3792; x_wconf 83' lang='lat' dir='ltr'><strong><em>u</em></strong></span> <span class='ocrx_word' id='word_1_472' title='bbox 336 3746 545 3815; x_wconf 87' lang='lat' dir='ltr'>pitudo,</span> <span class='ocrx_word' id='word_1_473' title='bbox 591 3753 680 3799; x_wconf 87' lang='lat' dir='ltr'>aut</span> <span class='ocrx_word' id='word_1_474' title='bbox 710 3744 1120 3815; x_wconf 90' lang='lat' dir='ltr'>stultiloquium,</span> <span class='ocrx_word' id='word_1_475' title='bbox 1154 3752 1245 3798; x_wconf 88' lang='lat' dir='ltr'>aut</span> <span class='ocrx_word' id='word_1_476' title='bbox 1291 3744 1615 3809; x_wconf 87' lang='lat' dir='ltr'>scurrilitas,</span> <span class='ocrx_word' id='word_1_477' title='bbox 1650 3762 1771 3815; x_wconf 68' lang='lat' dir='ltr'>quae</span> <span class='ocrx_word' id='word_1_478' title='bbox 1802 3745 1871 3798; x_wconf 88' lang='lat' dir='ltr'>ad</span> 
     </span>
    </p>
   </div>
   <div class='ocr_carea' id='block_1_57' title="bbox 280 3820 1873 3903">
    <p class='ocr_par' dir='ltr' id='par_1_57' title="bbox 280 3820 1873 3903">
     <span class='ocr_line' id='line_1_57' title="bbox 280 3820 1873 3903; baseline 0 -16"><span class='ocrx_word' id='word_1_479' title='bbox 280 3858 301 3879; x_wconf 79' lang='grc' dir='ltr'>ιι</span> <span class='ocrx_word' id='word_1_480' title='bbox 342 3850 461 3887; x_wconf 89' lang='lat' dir='ltr'>rem</span> <span class='ocrx_word' id='word_1_481' title='bbox 491 3849 598 3887; x_wconf 94' lang='lat' dir='ltr'>non</span> <span class='ocrx_word' id='word_1_482' title='bbox 628 3833 873 3902; x_wconf 90' lang='lat' dir='ltr'>pertinet,</span> <span class='ocrx_word' id='word_1_483' title='bbox 900 3832 996 3885; x_wconf 88' lang='lat' dir='ltr'>sed</span> <span class='ocrx_word' id='word_1_484' title='bbox 1026 3832 1203 3902; x_wconf 84' lang='lat' dir='ltr'>magis</span> <span class='ocrx_word' id='word_1_485' title='bbox 1234 3820 1530 3903; x_wconf 85' lang='lat' dir='ltr'>gratiarum</span> <span class='ocrx_word' id='word_1_486' title='bbox 1564 3832 1725 3887; x_wconf 91' lang='lat' dir='ltr'>actio.</span> <span class='ocrx_word' id='word_1_487' title='bbox 1762 3834 1873 3887; x_wconf 85' lang='lat' dir='ltr'>Hoc</span> 
     </span>
    </p>
   </div>
   <div class='ocr_carea' id='block_1_58' title="bbox 280 3920 1870 3992">
    <p class='ocr_par' dir='ltr' id='par_1_58' title="bbox 280 3920 1870 3992">
     <span class='ocr_line' id='line_1_58' title="bbox 280 3920 1870 3992; baseline 0 -19"><span class='ocrx_word' id='word_1_488' title='bbox 280 3944 302 3973; x_wconf 73' lang='grc' dir='ltr'>ι</span> <span class='ocrx_word' id='word_1_489' title='bbox 343 3922 489 3975; x_wconf 89' lang='lat' dir='ltr'>enim</span> <span class='ocrx_word' id='word_1_490' title='bbox 520 3920 708 3975; x_wconf 90' lang='lat' dir='ltr'>scitote</span> <span class='ocrx_word' id='word_1_491' title='bbox 740 3920 1123 3992; x_wconf 87' lang='lat' dir='ltr'>intelligentes,</span> <span class='ocrx_word' id='word_1_492' title='bbox 1158 3920 1304 3991; x_wconf 89' lang='lat' dir='ltr'>quod</span> <span class='ocrx_word' id='word_1_493' title='bbox 1332 3921 1508 3974; x_wconf 90' lang='lat' dir='ltr'>omnis</span> <span class='ocrx_word' id='word_1_494' title='bbox 1554 3920 1870 3988; x_wconf 87' lang='lat' dir='ltr'>fornicator,</span> 
     </span>
    </p>
   </div>
   <div class='ocr_carea' id='block_1_59' title="bbox 285 4008 1873 4079">
    <p class='ocr_par' dir='ltr' id='par_1_59' title="bbox 285 4008 1873 4079">
     <span class='ocr_line' id='line_1_59' title="bbox 285 4008 1873 4079; baseline 0.003 -22"><span class='ocrx_word' id='word_1_495' title='bbox 285 4036 307 4057; x_wconf 74' lang='grc' dir='ltr'><strong><em>υ</em></strong></span> <span class='ocrx_word' id='word_1_496' title='bbox 344 4018 436 4063; x_wconf 84' lang='lat' dir='ltr'>aut</span> <span class='ocrx_word' id='word_1_497' title='bbox 484 4009 813 4071; x_wconf 89' lang='lat' dir='ltr'>immundus,</span> <span class='ocrx_word' id='word_1_498' title='bbox 866 4016 958 4061; x_wconf 88' lang='lat' dir='ltr'>aut</span> <span class='ocrx_word' id='word_1_499' title='bbox 1003 4023 1230 4073; x_wconf 88' lang='lat' dir='ltr'>avarus,</span> <span class='ocrx_word' id='word_1_500' title='bbox 1282 4008 1427 4079; x_wconf 91' lang='lat' dir='ltr'>quod</span> <span class='ocrx_word' id='word_1_501' title='bbox 1475 4017 1556 4062; x_wconf 88' lang='lat' dir='ltr'>est</span> <span class='ocrx_word' id='word_1_502' title='bbox 1604 4008 1873 4062; x_wconf 90' lang='lat' dir='ltr'>idolorum</span> 
     </span>
    </p>
   </div>
   <div class='ocr_carea' id='block_1_60' title="bbox 284 4095 1877 4167">
    <p class='ocr_par' dir='ltr' id='par_1_60' title="bbox 284 4095 1877 4167">
     <span class='ocr_line' id='line_1_60' title="bbox 284 4095 1877 4167; baseline 0.001 -20"><span class='ocrx_word' id='word_1_503' title='bbox 284 4120 307 4147; x_wconf 73' lang='grc' dir='ltr'>ι</span> <span class='ocrx_word' id='word_1_504' title='bbox 347 4096 604 4161; x_wconf 91' lang='lat' dir='ltr'>servitus,</span> <span class='ocrx_word' id='word_1_505' title='bbox 627 4111 735 4150; x_wconf 91' lang='lat' dir='ltr'>non</span> <span class='ocrx_word' id='word_1_506' title='bbox 766 4096 931 4150; x_wconf 88' lang='lat' dir='ltr'>habet</span> <span class='ocrx_word' id='word_1_507' title='bbox 963 4095 1337 4150; x_wconf 60' lang='lat' dir='ltr'>harreditatem</span> <span class='ocrx_word' id='word_1_508' title='bbox 1367 4096 1422 4148; x_wconf 91' lang='lat' dir='ltr'>in</span> <span class='ocrx_word' id='word_1_509' title='bbox 1452 4111 1622 4167; x_wconf 88' lang='lat' dir='ltr'>regno</span> <span class='ocrx_word' id='word_1_510' title='bbox 1678 4095 1877 4149; x_wconf 88' lang='lat' dir='ltr'>Christi</span> 
     </span>
    </p>
   </div>
   <div class='ocr_carea' id='block_1_61' title="bbox 287 4183 1878 4253">
    <p class='ocr_par' dir='ltr' id='par_1_61' title="bbox 287 4183 1878 4253">
     <span class='ocr_line' id='line_1_61' title="bbox 287 4183 1878 4253; baseline -0.003 -14"><span class='ocrx_word' id='word_1_511' title='bbox 287 4207 307 4233; x_wconf 75' lang='grc' dir='ltr'>ι</span> <span class='ocrx_word' id='word_1_512' title='bbox 348 4193 401 4239; x_wconf 89' lang='lat' dir='ltr'>et</span> <span class='ocrx_word' id='word_1_513' title='bbox 432 4184 549 4238; x_wconf 88' lang='lat' dir='ltr'>Dei.</span> <span class='ocrx_word' id='word_1_514' title='bbox 571 4185 745 4238; x_wconf 91' lang='lat' dir='ltr'>Nemo</span> <span class='ocrx_word' id='word_1_515' title='bbox 776 4199 873 4237; x_wconf 91' lang='lat' dir='ltr'>vos</span> <span class='ocrx_word' id='word_1_516' title='bbox 899 4183 1117 4238; x_wconf 79' lang='lat' dir='ltr'>seducet</span> <span class='ocrx_word' id='word_1_517' title='bbox 1146 4184 1400 4237; x_wconf 90' lang='lat' dir='ltr'>inanibus</span> <span class='ocrx_word' id='word_1_518' title='bbox 1420 4183 1599 4238; x_wconf 91' lang='lat' dir='ltr'>verbis</span> <span class='ocrx_word' id='word_1_519' title='bbox 1623 4201 1636 4247; x_wconf 88' lang='lat'><strong>;</strong></span> <span class='ocrx_word' id='word_1_520' title='bbox 1656 4192 1878 4253; x_wconf 83' lang='lat' dir='ltr'>prOpter</span> 
     </span>
    </p>
   </div>
   <div class='ocr_carea' id='block_1_62' title="bbox 289 4270 1877 4328">
    <p class='ocr_par' dir='ltr' id='par_1_62' title="bbox 289 4270 1877 4328">
     <span class='ocr_line' id='line_1_62' title="bbox 289 4270 1877 4328; baseline -0.002 -2"><span class='ocrx_word' id='word_1_521' title='bbox 289 4297 311 4321; x_wconf 80' lang='grc' dir='ltr'>ι</span> <span class='ocrx_word' id='word_1_522' title='bbox 345 4275 463 4328; x_wconf 71' lang='lat' dir='ltr'>haec</span> <span class='ocrx_word' id='word_1_523' title='bbox 494 4272 638 4326; x_wconf 87' lang='lat' dir='ltr'>enim</span> <span class='ocrx_word' id='word_1_524' title='bbox 668 4272 813 4327; x_wconf 88' lang='lat' dir='ltr'>venit</span> <span class='ocrx_word' id='word_1_525' title='bbox 840 4271 922 4325; x_wconf 89' lang='lat' dir='ltr'>ira</span> <span class='ocrx_word' id='word_1_526' title='bbox 952 4271 1051 4325; x_wconf 88' lang='lat' dir='ltr'>Dei</span> <span class='ocrx_word' id='word_1_527' title='bbox 1080 4271 1134 4324; x_wconf 91' lang='lat' dir='ltr'>in</span> <span class='ocrx_word' id='word_1_528' title='bbox 1166 4270 1306 4326; x_wconf 83' lang='lat' dir='ltr'>filios</span> <span class='ocrx_word' id='word_1_529' title='bbox 1334 4270 1663 4326; x_wconf 73' lang='lat' dir='ltr'>difiidentize.</span> <span class='ocrx_word' id='word_1_530' title='bbox 1701 4271 1877 4325; x_wconf 88' lang='lat' dir='ltr'>Nolite</span> 
     </span>
    </p>
   </div>
   <div class='ocr_carea' id='block_1_63' title="bbox 1969 1718 3557 1791">
    <p class='ocr_par' dir='ltr' id='par_1_63' title="bbox 1969 1718 3557 1791">
     <span class='ocr_line' id='line_1_63' title="bbox 1969 1718 3557 1791; baseline 0.003 -22"><span class='ocrx_word' id='word_1_531' title='bbox 1969 1739 1990 1768; x_wconf 75' lang='grc' dir='ltr'>ι</span> <span class='ocrx_word' id='word_1_532' title='bbox 2024 1718 2169 1771; x_wconf 89' lang='lat' dir='ltr'>illam</span> <span class='ocrx_word' id='word_1_533' title='bbox 2235 1718 2612 1785; x_wconf 67' lang='lat' dir='ltr'>sanctiﬁcai‘et,</span> <span class='ocrx_word' id='word_1_534' title='bbox 2674 1721 2942 1773; x_wconf 89' lang='lat' dir='ltr'>mundans</span> <span class='ocrx_word' id='word_1_535' title='bbox 3008 1721 3222 1775; x_wconf 88' lang='lat' dir='ltr'>lavacro</span> <span class='ocrx_word' id='word_1_536' title='bbox 3280 1735 3436 1791; x_wconf 69' lang='lat' dir='ltr'>aqua:</span> <span class='ocrx_word' id='word_1_537' title='bbox 3503 1720 3557 1773; x_wconf 90' lang='lat' dir='ltr'>in</span> 
     </span>
    </p>
   </div>
   <div class='ocr_carea' id='block_1_64' title="bbox 1969 1806 3555 1877">
    <p class='ocr_par' dir='ltr' id='par_1_64' title="bbox 1969 1806 3555 1877">
     <span class='ocr_line' id='line_1_64' title="bbox 1969 1806 3555 1877; baseline 0.001 -21"><span class='ocrx_word' id='word_1_538' title='bbox 1969 1827 1991 1856; x_wconf 73' lang='grc' dir='ltr'><strong><em>ι</em></strong></span> <span class='ocrx_word' id='word_1_539' title='bbox 2031 1806 2197 1861; x_wconf 87' lang='lat' dir='ltr'>verbo</span> <span class='ocrx_word' id='word_1_540' title='bbox 2236 1806 2376 1869; x_wconf 55' lang='lat' dir='ltr'>vita»,</span> <span class='ocrx_word' id='word_1_541' title='bbox 2398 1815 2453 1860; x_wconf 91' lang='lat' dir='ltr'>ut</span> <span class='ocrx_word' id='word_1_542' title='bbox 2473 1807 2749 1861; x_wconf 89' lang='lat' dir='ltr'>exhiberet</span> <span class='ocrx_word' id='word_1_543' title='bbox 2776 1808 2893 1876; x_wconf 89' lang='lat' dir='ltr'>ipse</span> <span class='ocrx_word' id='word_1_544' title='bbox 2916 1807 3018 1860; x_wconf 89' lang='lat' dir='ltr'>sibi</span> <span class='ocrx_word' id='word_1_545' title='bbox 3048 1808 3345 1877; x_wconf 81' lang='lat' dir='ltr'>gloriosam</span> <span class='ocrx_word' id='word_1_546' title='bbox 3369 1808 3555 1861; x_wconf 78' lang='lat' dir='ltr'>Eccle-</span> 
     </span>
    </p>
   </div>
   <div class='ocr_carea' id='block_1_65' title="bbox 1970 1894 3561 1965">
    <p class='ocr_par' dir='ltr' id='par_1_65' title="bbox 1970 1894 3561 1965">
     <span class='ocr_line' id='line_1_65' title="bbox 1970 1894 3561 1965; baseline 0.002 -21"><span class='ocrx_word' id='word_1_547' title='bbox 1970 1915 1991 1944; x_wconf 74' lang='grc' dir='ltr'>ι</span> <span class='ocrx_word' id='word_1_548' title='bbox 2028 1894 2185 1959; x_wconf 89' lang='lat' dir='ltr'>siam,</span> <span class='ocrx_word' id='word_1_549' title='bbox 2236 1910 2344 1948; x_wconf 92' lang='lat' dir='ltr'>non</span> <span class='ocrx_word' id='word_1_550' title='bbox 2393 1895 2682 1949; x_wconf 88' lang='lat' dir='ltr'>habentem</span> <span class='ocrx_word' id='word_1_551' title='bbox 2731 1895 3017 1959; x_wconf 87' lang='lat' dir='ltr'>maculam,</span> <span class='ocrx_word' id='word_1_552' title='bbox 3070 1902 3158 1947; x_wconf 88' lang='lat' dir='ltr'>aut</span> <span class='ocrx_word' id='word_1_553' title='bbox 3205 1910 3418 1965; x_wconf 85' lang='lat' dir='ltr'>rugam,</span> <span class='ocrx_word' id='word_1_554' title='bbox 3468 1902 3561 1947; x_wconf 90' lang='lat' dir='ltr'>aut</span> 
     </span>
    </p>
   </div>
   <div class='ocr_carea' id='block_1_66' title="bbox 1971 1982 3559 2052">
    <p class='ocr_par' dir='ltr' id='par_1_66' title="bbox 1971 1982 3559 2052">
     <span class='ocr_line' id='line_1_66' title="bbox 1971 1982 3559 2052; baseline 0.003 -22"><span class='ocrx_word' id='word_1_555' title='bbox 1971 2003 1992 2030; x_wconf 76' lang='grc' dir='ltr'><strong><em>ι</em></strong></span> <span class='ocrx_word' id='word_1_556' title='bbox 2030 1982 2231 2052; x_wconf 89' lang='lat' dir='ltr'>aliquid</span> <span class='ocrx_word' id='word_1_557' title='bbox 2276 1982 2602 2049; x_wconf 71' lang='lat' dir='ltr'>huiusmodi,</span> <span class='ocrx_word' id='word_1_558' title='bbox 2638 1983 2735 2036; x_wconf 89' lang='lat' dir='ltr'>sed</span> <span class='ocrx_word' id='word_1_559' title='bbox 2778 1990 2832 2035; x_wconf 93' lang='lat' dir='ltr'>ut</span> <span class='ocrx_word' id='word_1_560' title='bbox 2864 1982 2930 2035; x_wconf 90' lang='lat' dir='ltr'>sit</span> <span class='ocrx_word' id='word_1_561' title='bbox 2962 1990 3149 2037; x_wconf 87' lang='lat' dir='ltr'>sancta</span> <span class='ocrx_word' id='word_1_562' title='bbox 3192 1990 3243 2035; x_wconf 90' lang='lat' dir='ltr'>et</span> <span class='ocrx_word' id='word_1_563' title='bbox 3287 1982 3559 2036; x_wconf 90' lang='lat' dir='ltr'>immacu-</span> 
     </span>
    </p>
   </div>
   <div class='ocr_carea' id='block_1_67' title="bbox 1971 2070 3561 2141">
    <p class='ocr_par' dir='ltr' id='par_1_67' title="bbox 1971 2070 3561 2141">
     <span class='ocr_line' id='line_1_67' title="bbox 1971 2070 3561 2141; baseline 0.001 -19"><span class='ocrx_word' id='word_1_564' title='bbox 1971 2093 1991 2115; x_wconf 78' lang='grc' dir='ltr'>«ι</span> <span class='ocrx_word' id='word_1_565' title='bbox 2029 2070 2156 2123; x_wconf 91' lang='lat' dir='ltr'>lata.</span> <span class='ocrx_word' id='word_1_566' title='bbox 2209 2071 2286 2123; x_wconf 89' lang='lat' dir='ltr'>lta</span> <span class='ocrx_word' id='word_1_567' title='bbox 2317 2079 2367 2122; x_wconf 90' lang='lat' dir='ltr'>et</span> <span class='ocrx_word' id='word_1_568' title='bbox 2415 2070 2516 2123; x_wconf 86' lang='lat' dir='ltr'>viri</span> <span class='ocrx_word' id='word_1_569' title='bbox 2563 2070 2761 2123; x_wconf 89' lang='lat' dir='ltr'>debent</span> <span class='ocrx_word' id='word_1_570' title='bbox 2808 2070 3035 2141; x_wconf 85' lang='lat' dir='ltr'>diligere</span> <span class='ocrx_word' id='word_1_571' title='bbox 3080 2085 3277 2123; x_wconf 84' lang='lat' dir='ltr'>uxores</span> <span class='ocrx_word' id='word_1_572' title='bbox 3324 2085 3471 2135; x_wconf 91' lang='lat' dir='ltr'>suas,</span> <span class='ocrx_word' id='word_1_573' title='bbox 3502 2077 3561 2123; x_wconf 90' lang='lat' dir='ltr'>ut</span> 
     </span>
    </p>
   </div>
   <div class='ocr_carea' id='block_1_68' title="bbox 1972 2156 3560 2228">
    <p class='ocr_par' dir='ltr' id='par_1_68' title="bbox 1972 2156 3560 2228">
     <span class='ocr_line' id='line_1_68' title="bbox 1972 2156 3560 2228; baseline -0.001 -17"><span class='ocrx_word' id='word_1_574' title='bbox 1972 2180 1991 2201; x_wconf 88' lang='lat'><strong>«</strong></span> <span class='ocrx_word' id='word_1_575' title='bbox 2028 2172 2263 2226; x_wconf 89' lang='lat' dir='ltr'>corpora</span> <span class='ocrx_word' id='word_1_576' title='bbox 2308 2173 2421 2210; x_wconf 89' lang='lat' dir='ltr'>sua.</span> <span class='ocrx_word' id='word_1_577' title='bbox 2457 2156 2559 2223; x_wconf 90' lang='lat' dir='ltr'>Qui</span> <span class='ocrx_word' id='word_1_578' title='bbox 2604 2173 2757 2211; x_wconf 89' lang='lat' dir='ltr'>suam</span> <span class='ocrx_word' id='word_1_579' title='bbox 2807 2174 3026 2211; x_wconf 84' lang='lat' dir='ltr'>uxorem</span> <span class='ocrx_word' id='word_1_580' title='bbox 3077 2157 3270 2228; x_wconf 87' lang='lat' dir='ltr'>diligit,</span> <span class='ocrx_word' id='word_1_581' title='bbox 3321 2157 3560 2226; x_wconf 88' lang='lat' dir='ltr'>seipsum</span> 
     </span>
    </p>
   </div>
   <div class='ocr_carea' id='block_1_69' title="bbox 1973 2244 3562 2315">
    <p class='ocr_par' dir='ltr' id='par_1_69' title="bbox 1973 2244 3562 2315">
     <span class='ocr_line' id='line_1_69' title="bbox 1973 2244 3562 2315; baseline 0.002 -21"><span class='ocrx_word' id='word_1_582' title='bbox 1973 2266 1994 2294; x_wconf 75' lang='grc' dir='ltr'>ι</span> <span class='ocrx_word' id='word_1_583' title='bbox 2032 2244 2227 2315; x_wconf 89' lang='lat' dir='ltr'>diligit.</span> <span class='ocrx_word' id='word_1_584' title='bbox 2262 2246 2436 2298; x_wconf 84' lang='lat' dir='ltr'>Nemo</span> <span class='ocrx_word' id='word_1_585' title='bbox 2459 2245 2601 2298; x_wconf 90' lang='lat' dir='ltr'>enim</span> <span class='ocrx_word' id='word_1_586' title='bbox 2634 2261 2872 2315; x_wconf 91' lang='lat' dir='ltr'>unquam</span> <span class='ocrx_word' id='word_1_587' title='bbox 2896 2261 3115 2299; x_wconf 88' lang='lat' dir='ltr'>carnem</span> <span class='ocrx_word' id='word_1_588' title='bbox 3139 2261 3293 2297; x_wconf 90' lang='lat' dir='ltr'>suam</span> <span class='ocrx_word' id='word_1_589' title='bbox 3322 2244 3446 2298; x_wconf 92' lang='lat' dir='ltr'>odio</span> <span class='ocrx_word' id='word_1_590' title='bbox 3468 2245 3562 2297; x_wconf 89' lang='lat' dir='ltr'>ha-</span> 
     </span>
    </p>
   </div>
   <div class='ocr_carea' id='block_1_70' title="bbox 1974 2332 3560 2397">
    <p class='ocr_par' dir='ltr' id='par_1_70' title="bbox 1974 2332 3560 2397">
     <span class='ocr_line' id='line_1_70' title="bbox 1974 2332 3560 2397; baseline 0.001 -13"><span class='ocrx_word' id='word_1_591' title='bbox 1974 2355 1994 2377; x_wconf 75' lang='grc' dir='ltr'>α</span> <span class='ocrx_word' id='word_1_592' title='bbox 2031 2332 2161 2397; x_wconf 68' lang='grc' dir='ltr'>ὺυίι,</span> <span class='ocrx_word' id='word_1_593' title='bbox 2198 2332 2292 2385; x_wconf 88' lang='lat' dir='ltr'>sed</span> <span class='ocrx_word' id='word_1_594' title='bbox 2324 2333 2484 2385; x_wconf 88' lang='lat' dir='ltr'>nutrit</span> <span class='ocrx_word' id='word_1_595' title='bbox 2516 2340 2566 2386; x_wconf 91' lang='lat' dir='ltr'>et</span> <span class='ocrx_word' id='word_1_596' title='bbox 2596 2332 2740 2386; x_wconf 82' lang='lat' dir='ltr'>fovet</span> <span class='ocrx_word' id='word_1_597' title='bbox 2768 2348 2908 2397; x_wconf 89' lang='lat' dir='ltr'>eam,</span> <span class='ocrx_word' id='word_1_598' title='bbox 2942 2333 3075 2387; x_wconf 87' lang='lat' dir='ltr'>sicut</span> <span class='ocrx_word' id='word_1_599' title='bbox 3096 2343 3145 2389; x_wconf 90' lang='lat' dir='ltr'>et</span> <span class='ocrx_word' id='word_1_600' title='bbox 3177 2332 3425 2386; x_wconf 89' lang='lat' dir='ltr'>Christus</span> <span class='ocrx_word' id='word_1_601' title='bbox 3448 2333 3560 2386; x_wconf 89' lang='lat' dir='ltr'>Ec-</span> 
     </span>
    </p>
   </div>
   <div class='ocr_carea' id='block_1_71' title="bbox 1973 2420 3562 2490">
    <p class='ocr_par' dir='ltr' id='par_1_71' title="bbox 1973 2420 3562 2490">
     <span class='ocr_line' id='line_1_71' title="bbox 1973 2420 3562 2490; baseline 0 -16"><span class='ocrx_word' id='word_1_602' title='bbox 1973 2441 1994 2467; x_wconf 76' lang='grc' dir='ltr'>ι</span> <span class='ocrx_word' id='word_1_603' title='bbox 2032 2420 2255 2474; x_wconf 87' lang='lat' dir='ltr'>clesiam</span> <span class='ocrx_word' id='word_1_604' title='bbox 2282 2438 2294 2473; x_wconf 89' lang='lat'><strong>:</strong></span> <span class='ocrx_word' id='word_1_605' title='bbox 2320 2421 2446 2490; x_wconf 90' lang='lat' dir='ltr'>quia</span> <span class='ocrx_word' id='word_1_606' title='bbox 2462 2421 2706 2474; x_wconf 89' lang='lat' dir='ltr'>membra</span> <span class='ocrx_word' id='word_1_607' title='bbox 2725 2437 2909 2473; x_wconf 91' lang='lat' dir='ltr'>sumus</span> <span class='ocrx_word' id='word_1_608' title='bbox 2931 2421 3177 2489; x_wconf 89' lang='lat' dir='ltr'>corporis</span> <span class='ocrx_word' id='word_1_609' title='bbox 3190 2421 3304 2488; x_wconf 85' lang='lat' dir='ltr'>ejus</span> <span class='ocrx_word' id='word_1_610' title='bbox 3316 2420 3384 2473; x_wconf 90' lang='lat' dir='ltr'>de</span> <span class='ocrx_word' id='word_1_611' title='bbox 3402 2434 3562 2474; x_wconf 90' lang='lat' dir='ltr'>carne</span> 
     </span>
    </p>
   </div>
   <div class='ocr_carea' id='block_1_72' title="bbox 1974 2508 3562 2577">
    <p class='ocr_par' dir='ltr' id='par_1_72' title="bbox 1974 2508 3562 2577">
     <span class='ocr_line' id='line_1_72' title="bbox 1974 2508 3562 2577; baseline -0.001 -17"><span class='ocrx_word' id='word_1_612' title='bbox 1974 2532 1994 2554; x_wconf 79' lang='grc' dir='ltr'>α</span> <span class='ocrx_word' id='word_1_613' title='bbox 2032 2509 2148 2575; x_wconf 88' lang='lat' dir='ltr'>ejus</span> <span class='ocrx_word' id='word_1_614' title='bbox 2171 2516 2222 2561; x_wconf 93' lang='lat' dir='ltr'>et</span> <span class='ocrx_word' id='word_1_615' title='bbox 2243 2508 2309 2561; x_wconf 92' lang='lat' dir='ltr'>de</span> <span class='ocrx_word' id='word_1_616' title='bbox 2338 2508 2554 2561; x_wconf 90' lang='lat' dir='ltr'>ossibus</span> <span class='ocrx_word' id='word_1_617' title='bbox 2578 2509 2714 2575; x_wconf 90' lang='lat' dir='ltr'>ejus.</span> <span class='ocrx_word' id='word_1_618' title='bbox 2740 2508 2965 2577; x_wconf 83' lang='lat' dir='ltr'>Propter</span> <span class='ocrx_word' id='word_1_619' title='bbox 2986 2509 3089 2562; x_wconf 88' lang='lat' dir='ltr'>hoc</span> <span class='ocrx_word' id='word_1_620' title='bbox 3110 2508 3378 2577; x_wconf 89' lang='lat' dir='ltr'>relinquet</span> <span class='ocrx_word' id='word_1_621' title='bbox 3399 2508 3562 2560; x_wconf 93' lang='lat' dir='ltr'>homo</span> 
     </span>
    </p>
   </div>
   <div class='ocr_carea' id='block_1_73' title="bbox 1973 2595 3556 2664">
    <p class='ocr_par' dir='ltr' id='par_1_73' title="bbox 1973 2595 3556 2664">
     <span class='ocr_line' id='line_1_73' title="bbox 1973 2595 3556 2664; baseline 0.001 -19"><span class='ocrx_word' id='word_1_622' title='bbox 1973 2617 1994 2645; x_wconf 76' lang='grc' dir='ltr'>ι</span> <span class='ocrx_word' id='word_1_623' title='bbox 2032 2603 2240 2664; x_wconf 89' lang='lat' dir='ltr'>patrem</span> <span class='ocrx_word' id='word_1_624' title='bbox 2275 2604 2327 2648; x_wconf 89' lang='lat' dir='ltr'>et</span> <span class='ocrx_word' id='word_1_625' title='bbox 2357 2604 2587 2648; x_wconf 84' lang='lat' dir='ltr'>matrem</span> <span class='ocrx_word' id='word_1_626' title='bbox 2628 2611 2801 2659; x_wconf 89' lang='lat' dir='ltr'>suam,</span> <span class='ocrx_word' id='word_1_627' title='bbox 2836 2603 2888 2649; x_wconf 89' lang='lat' dir='ltr'>et</span> <span class='ocrx_word' id='word_1_628' title='bbox 2918 2595 3210 2649; x_wconf 72' lang='lat' dir='ltr'>atllizerebit</span> <span class='ocrx_word' id='word_1_629' title='bbox 3241 2596 3394 2648; x_wconf 87' lang='lat' dir='ltr'>uxori</span> <span class='ocrx_word' id='word_1_630' title='bbox 3426 2610 3556 2659; x_wconf 67' lang='lat' dir='ltr'>suae,</span> 
     </span>
    </p>
   </div>
   <div class='ocr_carea' id='block_1_74' title="bbox 1974 2682 3556 2753">
    <p class='ocr_par' dir='ltr' id='par_1_74' title="bbox 1974 2682 3556 2753">
     <span class='ocr_line' id='line_1_74' title="bbox 1974 2682 3556 2753; baseline 0.002 -21"><span class='ocrx_word' id='word_1_631' title='bbox 1974 2704 1995 2731; x_wconf 70' lang='grc' dir='ltr'><strong><em>α</em></strong></span> <span class='ocrx_word' id='word_1_632' title='bbox 2032 2691 2082 2735; x_wconf 91' lang='lat' dir='ltr'>et</span> <span class='ocrx_word' id='word_1_633' title='bbox 2113 2690 2267 2736; x_wconf 87' lang='lat' dir='ltr'>erunt</span> <span class='ocrx_word' id='word_1_634' title='bbox 2314 2684 2423 2736; x_wconf 87' lang='lat' dir='ltr'>duo</span> <span class='ocrx_word' id='word_1_635' title='bbox 2454 2682 2508 2735; x_wconf 88' lang='lat' dir='ltr'>in</span> <span class='ocrx_word' id='word_1_636' title='bbox 2556 2698 2719 2737; x_wconf 88' lang='lat' dir='ltr'>carne</span> <span class='ocrx_word' id='word_1_637' title='bbox 2770 2700 2873 2735; x_wconf 88' lang='lat' dir='ltr'>una</span> <span class='ocrx_word' id='word_1_638' title='bbox 2903 2684 3061 2753; x_wconf 76' lang='lat' dir='ltr'>(Gen.</span> <span class='ocrx_word' id='word_1_639' title='bbox 3118 2698 3175 2749; x_wconf 83' lang='lat' dir='ltr'>lt,</span> <span class='ocrx_word' id='word_1_640' title='bbox 3208 2687 3274 2737; x_wconf 69' lang='lat'>28</span> <span class='ocrx_word' id='word_1_641' title='bbox 3312 2701 3325 2747; x_wconf 90' lang='lat'><strong>;</strong></span> <span class='ocrx_word' id='word_1_642' title='bbox 3359 2682 3556 2736; x_wconf 82' lang='lat' dir='ltr'>Matth.</span> 
     </span>
    </p>
   </div>
   <div class='ocr_carea' id='block_1_75' title="bbox 1974 2770 3563 2841">
    <p class='ocr_par' dir='ltr' id='par_1_75' title="bbox 1974 2770 3563 2841">
     <span class='ocr_line' id='line_1_75' title="bbox 1974 2770 3563 2841; baseline 0.002 -22"><span class='ocrx_word' id='word_1_643' title='bbox 1974 2792 1995 2819; x_wconf 79' lang='grc' dir='ltr'>ι</span> <span class='ocrx_word' id='word_1_644' title='bbox 2034 2786 2154 2836; x_wconf 73' lang='lat' dir='ltr'>xxx,</span> <span class='ocrx_word' id='word_1_645' title='bbox 2188 2772 2263 2839; x_wconf 84' lang='lat'>5).</span> <span class='ocrx_word' id='word_1_646' title='bbox 2289 2770 2700 2825; x_wconf 89' lang='lat' dir='ltr'>Sacramentum</span> <span class='ocrx_word' id='word_1_647' title='bbox 2722 2772 2823 2824; x_wconf 89' lang='lat' dir='ltr'>hoc</span> <span class='ocrx_word' id='word_1_648' title='bbox 2846 2786 3100 2841; x_wconf 86' lang='lat' dir='ltr'>magnum</span> <span class='ocrx_word' id='word_1_649' title='bbox 3123 2778 3222 2823; x_wconf 92' lang='lat' dir='ltr'>est.</span> <span class='ocrx_word' id='word_1_650' title='bbox 3248 2771 3366 2841; x_wconf 85' lang='lat' dir='ltr'>Ego</span> <span class='ocrx_word' id='word_1_651' title='bbox 3388 2777 3563 2823; x_wconf 89' lang='lat' dir='ltr'>autem</span> 
     </span>
    </p>
   </div>
   <div class='ocr_carea' id='block_1_76' title="bbox 1973 2858 3564 2923">
    <p class='ocr_par' dir='ltr' id='par_1_76' title="bbox 1973 2858 3564 2923">
     <span class='ocr_line' id='line_1_76' title="bbox 1973 2858 3564 2923; baseline 0.001 -15"><span class='ocrx_word' id='word_1_652' title='bbox 1973 2879 1994 2908; x_wconf 71' lang='grc' dir='ltr'><strong>α</strong></span> <span class='ocrx_word' id='word_1_653' title='bbox 2030 2858 2172 2923; x_wconf 91' lang='lat' dir='ltr'>dico,</span> <span class='ocrx_word' id='word_1_654' title='bbox 2207 2858 2261 2911; x_wconf 92' lang='lat' dir='ltr'>in</span> <span class='ocrx_word' id='word_1_655' title='bbox 2300 2858 2516 2912; x_wconf 89' lang='lat' dir='ltr'>Christo</span> <span class='ocrx_word' id='word_1_656' title='bbox 2563 2866 2616 2912; x_wconf 90' lang='lat' dir='ltr'>et</span> <span class='ocrx_word' id='word_1_657' title='bbox 2664 2858 2717 2911; x_wconf 90' lang='lat' dir='ltr'>in</span> <span class='ocrx_word' id='word_1_658' title='bbox 2767 2858 3027 2913; x_wconf 82' lang='lat' dir='ltr'>Ecclesia.</span> <span class='ocrx_word' id='word_1_659' title='bbox 3082 2860 3466 2912; x_wconf 80' lang='lat' dir='ltr'>Verumtamen</span> <span class='ocrx_word' id='word_1_660' title='bbox 3511 2864 3564 2911; x_wconf 92' lang='lat' dir='ltr'>et</span> 
     </span>
    </p>
   </div>
   <div class='ocr_carea' id='block_1_77' title="bbox 1976 2944 3564 3017">
    <p class='ocr_par' dir='ltr' id='par_1_77' title="bbox 1976 2944 3564 3017">
     <span class='ocr_line' id='line_1_77' title="bbox 1976 2944 3564 3017; baseline 0.001 -22"><span class='ocrx_word' id='word_1_661' title='bbox 1976 2967 1997 2995; x_wconf 69' lang='grc' dir='ltr'><strong>α</strong></span> <span class='ocrx_word' id='word_1_662' title='bbox 2035 2962 2130 3000; x_wconf 89' lang='lat' dir='ltr'>vos</span> <span class='ocrx_word' id='word_1_663' title='bbox 2200 2945 2437 3017; x_wconf 89' lang='lat' dir='ltr'>singuli,</span> <span class='ocrx_word' id='word_1_664' title='bbox 2499 2946 2867 3016; x_wconf 86' lang='lat' dir='ltr'>unusquisque</span> <span class='ocrx_word' id='word_1_665' title='bbox 2940 2962 3165 2999; x_wconf 82' lang='lat' dir='ltr'>uxorem</span> <span class='ocrx_word' id='word_1_666' title='bbox 3227 2961 3378 2997; x_wconf 92' lang='lat' dir='ltr'>suam</span> <span class='ocrx_word' id='word_1_667' title='bbox 3427 2944 3564 2998; x_wconf 87' lang='lat' dir='ltr'>sicut</span> 
     </span>
    </p>
   </div>
   <div class='ocr_carea' id='block_1_78' title="bbox 1982 3031 3561 3104">
    <p class='ocr_par' dir='ltr' id='par_1_78' title="bbox 1982 3031 3561 3104">
     <span class='ocr_line' id='line_1_78' title="bbox 1982 3031 3561 3104; baseline -0.002 -16"><span class='ocrx_word' id='word_1_668' title='bbox 1982 3056 2001 3079; x_wconf 81' lang='grc' dir='ltr'>α</span> <span class='ocrx_word' id='word_1_669' title='bbox 2039 3034 2277 3103; x_wconf 90' lang='lat' dir='ltr'>seipsum</span> <span class='ocrx_word' id='word_1_670' title='bbox 2361 3033 2588 3104; x_wconf 87' lang='lat' dir='ltr'>diligat,</span> <span class='ocrx_word' id='word_1_671' title='bbox 2658 3049 2795 3089; x_wconf 88' lang='lat' dir='ltr'>uxor</span> <span class='ocrx_word' id='word_1_672' title='bbox 2876 3041 3061 3087; x_wconf 86' lang='lat' dir='ltr'>autum</span> <span class='ocrx_word' id='word_1_673' title='bbox 3144 3032 3326 3086; x_wconf 89' lang='lat' dir='ltr'>timeat</span> <span class='ocrx_word' id='word_1_674' title='bbox 3391 3031 3561 3087; x_wconf 90' lang='lat' dir='ltr'>virum</span> 
     </span>
    </p>
   </div>
   <div class='ocr_carea' id='block_1_79' title="bbox 1977 3138 2268 3175">
    <p class='ocr_par' dir='ltr' id='par_1_79' title="bbox 1977 3138 2268 3175">
     <span class='ocr_line' id='line_1_79' title="bbox 1977 3138 2268 3175; baseline 0.003 -1"><span class='ocrx_word' id='word_1_675' title='bbox 1977 3145 1997 3168; x_wconf 79' lang='grc' dir='ltr'>α</span> <span class='ocrx_word' id='word_1_676' title='bbox 2033 3138 2207 3175; x_wconf 91' lang='lat' dir='ltr'>suum.</span> <span class='ocrx_word' id='word_1_677' title='bbox 2248 3146 2268 3169; x_wconf 77' lang='grc' dir='ltr'>ι)</span> 
     </span>
    </p>
   </div>
   <div class='ocr_carea' id='block_1_80' title="bbox 2602 3276 2917 3314">
    <p class='ocr_par' dir='ltr' id='par_1_80' title="bbox 2602 3276 2917 3314">
     <span class='ocr_line' id='line_1_80' title="bbox 2602 3276 2917 3314; baseline -0.003 0"><span class='ocrx_word' id='word_1_678' title='bbox 2602 3276 2917 3314; x_wconf 68' lang='lat' dir='ltr'>EXPOSITIO.</span> 
     </span>
    </p>
   </div>
   <div class='ocr_carea' id='block_1_81' title="bbox 2045 3393 3566 3465">
    <p class='ocr_par' dir='ltr' id='par_1_81' title="bbox 2045 3393 3566 3465">
     <span class='ocr_line' id='line_1_81' title="bbox 2045 3393 3566 3465; baseline -0.001 -17"><span class='ocrx_word' id='word_1_679' title='bbox 2045 3396 2112 3448; x_wconf 89' lang='lat' dir='ltr'>Et</span> <span class='ocrx_word' id='word_1_680' title='bbox 2140 3393 2266 3465; x_wconf 87' lang='lat' dir='ltr'>quia</span> <span class='ocrx_word' id='word_1_681' title='bbox 2294 3395 2441 3448; x_wconf 91' lang='lat' dir='ltr'>Deus</span> <span class='ocrx_word' id='word_1_682' title='bbox 2471 3393 2691 3447; x_wconf 89' lang='lat' dir='ltr'>donavit</span> <span class='ocrx_word' id='word_1_683' title='bbox 2722 3400 2961 3462; x_wconf 88' lang='lat' dir='ltr'>peccata,</span> <span class='ocrx_word' id='word_1_684' title='bbox 2996 3409 3120 3462; x_wconf 85' lang='lat' dir='ltr'>ergo</span> <span class='ocrx_word' id='word_1_685' title='bbox 3161 3397 3337 3447; x_wconf 88' lang='lat' dir='ltr'>estote</span> <span class='ocrx_word' id='word_1_686' title='bbox 3368 3394 3566 3447; x_wconf 88' lang='lat' dir='ltr'>imita-</span> 
     </span>
    </p>
   </div>
   <div class='ocr_carea' id='block_1_82' title="bbox 1979 3480 3568 3548">
    <p class='ocr_par' dir='ltr' id='par_1_82' title="bbox 1979 3480 3568 3548">
     <span class='ocr_line' id='line_1_82' title="bbox 1979 3480 3568 3548; baseline -0.004 -11"><span class='ocrx_word' id='word_1_687' title='bbox 1979 3488 2125 3537; x_wconf 88' lang='lat' dir='ltr'>tores</span> <span class='ocrx_word' id='word_1_688' title='bbox 2174 3484 2291 3547; x_wconf 91' lang='lat' dir='ltr'>Dei,</span> <span class='ocrx_word' id='word_1_689' title='bbox 2333 3485 2482 3537; x_wconf 88' lang='lat' dir='ltr'>sicut</span> <span class='ocrx_word' id='word_1_690' title='bbox 2532 3483 2641 3548; x_wconf 81' lang='lat' dir='ltr'>ﬁlii</span> <span class='ocrx_word' id='word_1_691' title='bbox 2687 3482 3028 3545; x_wconf 84' lang='lat' dir='ltr'>eharissimi,</span> <span class='ocrx_word' id='word_1_692' title='bbox 3063 3480 3383 3534; x_wconf 88' lang='lat' dir='ltr'>dimittendo</span> <span class='ocrx_word' id='word_1_693' title='bbox 3433 3480 3568 3533; x_wconf 90' lang='lat' dir='ltr'>alter</span> 
     </span>
    </p>
   </div>
   <div class='ocr_carea' id='block_1_83' title="bbox 1975 3566 3563 3627">
    <p class='ocr_par' dir='ltr' id='par_1_83' title="bbox 1975 3566 3563 3627">
     <span class='ocr_line' id='line_1_83' title="bbox 1975 3566 3563 3627; baseline -0.004 -2"><span class='ocrx_word' id='word_1_694' title='bbox 1975 3571 2149 3625; x_wconf 89' lang='lat' dir='ltr'>alteri.</span> <span class='ocrx_word' id='word_1_695' title='bbox 2206 3572 2321 3625; x_wconf 88' lang='lat' dir='ltr'>Nec</span> <span class='ocrx_word' id='word_1_696' title='bbox 2378 3569 2554 3623; x_wconf 88' lang='lat' dir='ltr'>solum</span> <span class='ocrx_word' id='word_1_697' title='bbox 2602 3568 2855 3622; x_wconf 84' lang='lat' dir='ltr'>donando</span> <span class='ocrx_word' id='word_1_698' title='bbox 2900 3567 3199 3627; x_wconf 88' lang='lat' dir='ltr'>imitamini,</span> <span class='ocrx_word' id='word_1_699' title='bbox 3261 3568 3357 3621; x_wconf 90' lang='lat' dir='ltr'>sed</span> <span class='ocrx_word' id='word_1_700' title='bbox 3406 3566 3563 3619; x_wconf 88' lang='lat' dir='ltr'>etiam</span> 
     </span>
    </p>
   </div>
   <div class='ocr_carea' id='block_1_84' title="bbox 1976 3653 3560 3724">
    <p class='ocr_par' dir='ltr' id='par_1_84' title="bbox 1976 3653 3560 3724">
     <span class='ocr_line' id='line_1_84' title="bbox 1976 3653 3560 3724; baseline -0.005 -11"><span class='ocrx_word' id='word_1_701' title='bbox 1976 3659 2263 3713; x_wconf 88' lang='lat' dir='ltr'>ambulate</span> <span class='ocrx_word' id='word_1_702' title='bbox 2310 3659 2370 3711; x_wconf 87' lang='lat' dir='ltr'>in</span> <span class='ocrx_word' id='word_1_703' title='bbox 2419 3658 2741 3721; x_wconf 81' lang='lat' dir='ltr'>dilectione,</span> <span class='ocrx_word' id='word_1_704' title='bbox 2792 3664 2848 3709; x_wconf 91' lang='lat' dir='ltr'>ut</span> <span class='ocrx_word' id='word_1_705' title='bbox 2893 3655 3027 3708; x_wconf 83' lang='lat' dir='ltr'>alter</span> <span class='ocrx_word' id='word_1_706' title='bbox 3073 3655 3303 3707; x_wconf 89' lang='lat' dir='ltr'>alterum</span> <span class='ocrx_word' id='word_1_707' title='bbox 3349 3653 3560 3724; x_wconf 89' lang='lat' dir='ltr'>diligat,</span> 
     </span>
    </p>
   </div>
   <div class='ocr_carea' id='block_1_85' title="bbox 1975 3740 3566 3812">
    <p class='ocr_par' dir='ltr' id='par_1_85' title="bbox 1975 3740 3566 3812">
     <span class='ocr_line' id='line_1_85' title="bbox 1975 3740 3566 3812; baseline -0.005 -11"><span class='ocrx_word' id='word_1_708' title='bbox 1975 3749 2125 3801; x_wconf 84' lang='lat' dir='ltr'>sicut</span> <span class='ocrx_word' id='word_1_709' title='bbox 2153 3750 2207 3800; x_wconf 89' lang='lat' dir='ltr'>et</span> <span class='ocrx_word' id='word_1_710' title='bbox 2242 3746 2495 3800; x_wconf 84' lang='lat' dir='ltr'>Christus</span> <span class='ocrx_word' id='word_1_711' title='bbox 2526 3746 2730 3799; x_wconf 70' lang='lat' dir='ltr'>dilexit</span> <span class='ocrx_word' id='word_1_712' title='bbox 2760 3760 2879 3797; x_wconf 86' lang='lat' dir='ltr'>nos.</span> <span class='ocrx_word' id='word_1_713' title='bbox 2902 3742 3097 3795; x_wconf 87' lang='lat' dir='ltr'>Dilexit</span> <span class='ocrx_word' id='word_1_714' title='bbox 3122 3741 3303 3812; x_wconf 90' lang='lat' dir='ltr'>utique</span> <span class='ocrx_word' id='word_1_715' title='bbox 3328 3760 3342 3807; x_wconf 91' lang='lat'><strong>;</strong></span> <span class='ocrx_word' id='word_1_716' title='bbox 3366 3740 3566 3795; x_wconf 88' lang='lat' dir='ltr'>etenim</span> 
     </span>
    </p>
   </div>
   <div class='ocr_carea' id='block_1_86' title="bbox 1978 3830 3567 3903">
    <p class='ocr_par' dir='ltr' id='par_1_86' title="bbox 1978 3830 3567 3903">
     <span class='ocr_line' id='line_1_86' title="bbox 1978 3830 3567 3903; baseline -0.004 -14"><span class='ocrx_word' id='word_1_717' title='bbox 1978 3835 2211 3889; x_wconf 86' lang='lat' dir='ltr'>tradidit</span> <span class='ocrx_word' id='word_1_718' title='bbox 2246 3836 2607 3903; x_wconf 81' lang='lat' dir='ltr'>semetipsum</span> <span class='ocrx_word' id='word_1_719' title='bbox 2641 3848 2742 3902; x_wconf 80' lang='lat' dir='ltr'>pro</span> <span class='ocrx_word' id='word_1_720' title='bbox 2776 3832 2932 3886; x_wconf 87' lang='lat' dir='ltr'>nobis</span> <span class='ocrx_word' id='word_1_721' title='bbox 2973 3830 3312 3885; x_wconf 82' lang='lat' dir='ltr'>oblationem</span> <span class='ocrx_word' id='word_1_722' title='bbox 3354 3834 3409 3884; x_wconf 91' lang='lat' dir='ltr'>et</span> <span class='ocrx_word' id='word_1_723' title='bbox 3444 3830 3567 3884; x_wconf 89' lang='lat' dir='ltr'>hos-</span> 
     </span>
    </p>
   </div>
   <div class='ocr_carea' id='block_1_87' title="bbox 1980 3917 3565 3988">
    <p class='ocr_par' dir='ltr' id='par_1_87' title="bbox 1980 3917 3565 3988">
     <span class='ocr_line' id='line_1_87' title="bbox 1980 3917 3565 3988; baseline -0.003 -12"><span class='ocrx_word' id='word_1_724' title='bbox 1980 3924 2121 3976; x_wconf 87' lang='lat' dir='ltr'>tiam</span> <span class='ocrx_word' id='word_1_725' title='bbox 2142 3923 2249 3976; x_wconf 92' lang='lat' dir='ltr'>Deo</span> <span class='ocrx_word' id='word_1_726' title='bbox 2272 3924 2331 3975; x_wconf 87' lang='lat' dir='ltr'>in</span> <span class='ocrx_word' id='word_1_727' title='bbox 2354 3922 2574 3976; x_wconf 84' lang='lat' dir='ltr'>odorem</span> <span class='ocrx_word' id='word_1_728' title='bbox 2596 3922 2913 3974; x_wconf 85' lang='lat' dir='ltr'>suauitatis.</span> <span class='ocrx_word' id='word_1_729' title='bbox 2936 3920 2994 3972; x_wconf 91' lang='lat' dir='ltr'><strong>In</strong></span> <span class='ocrx_word' id='word_1_730' title='bbox 3016 3919 3185 3972; x_wconf 84' lang='lat' dir='ltr'>veteri</span> <span class='ocrx_word' id='word_1_731' title='bbox 3203 3919 3323 3988; x_wconf 88' lang='lat' dir='ltr'>lege</span> <span class='ocrx_word' id='word_1_732' title='bbox 3336 3917 3565 3972; x_wconf 88' lang='lat' dir='ltr'>oblatio-</span> 
     </span>
    </p>
   </div>
   <div class='ocr_carea' id='block_1_88' title="bbox 1976 4005 3567 4078">
    <p class='ocr_par' dir='ltr' id='par_1_88' title="bbox 1976 4005 3567 4078">
     <span class='ocr_line' id='line_1_88' title="bbox 1976 4005 3567 4078; baseline -0.005 -13"><span class='ocrx_word' id='word_1_733' title='bbox 1976 4027 2075 4065; x_wconf 91' lang='lat' dir='ltr'>nes</span> <span class='ocrx_word' id='word_1_734' title='bbox 2096 4010 2417 4065; x_wconf 88' lang='lat' dir='ltr'>dicebantur</span> <span class='ocrx_word' id='word_1_735' title='bbox 2436 4023 2606 4078; x_wconf 89' lang='lat' dir='ltr'>panes</span> <span class='ocrx_word' id='word_1_736' title='bbox 2627 4007 3031 4078; x_wconf 86' lang='lat' dir='ltr'>propositionis,</span> <span class='ocrx_word' id='word_1_737' title='bbox 3058 4006 3362 4071; x_wconf 86' lang='lat' dir='ltr'>luminaria,</span> <span class='ocrx_word' id='word_1_738' title='bbox 3388 4013 3441 4059; x_wconf 85' lang='lat' dir='ltr'>et</span> <span class='ocrx_word' id='word_1_739' title='bbox 3462 4005 3567 4058; x_wconf 83' lang='lat' dir='ltr'>liu-</span> 
     </span>
    </p>
   </div>
   <div class='ocr_carea' id='block_1_89' title="bbox 1972 4092 3565 4167">
    <p class='ocr_par' dir='ltr' id='par_1_89' title="bbox 1972 4092 3565 4167">
     <span class='ocr_line' id='line_1_89' title="bbox 1972 4092 3565 4167; baseline -0.003 -16"><span class='ocrx_word' id='word_1_740' title='bbox 1972 4098 2231 4167; x_wconf 90' lang='lat' dir='ltr'>jusmodi.</span> <span class='ocrx_word' id='word_1_741' title='bbox 2292 4097 2477 4151; x_wconf 82' lang='lat' dir='ltr'>Hostia</span> <span class='ocrx_word' id='word_1_742' title='bbox 2530 4112 2679 4160; x_wconf 87' lang='lat' dir='ltr'>vero,</span> <span class='ocrx_word' id='word_1_743' title='bbox 2722 4096 2865 4165; x_wconf 88' lang='lat' dir='ltr'>quod</span> <span class='ocrx_word' id='word_1_744' title='bbox 2912 4094 3245 4148; x_wconf 88' lang='lat' dir='ltr'>mactabatur</span> <span class='ocrx_word' id='word_1_745' title='bbox 3288 4093 3341 4145; x_wconf 92' lang='lat' dir='ltr'>in</span> <span class='ocrx_word' id='word_1_746' title='bbox 3389 4092 3565 4147; x_wconf 91' lang='lat' dir='ltr'>altari.</span> 
     </span>
    </p>
   </div>
   <div class='ocr_carea' id='block_1_90' title="bbox 1978 4180 3568 4249">
    <p class='ocr_par' dir='ltr' id='par_1_90' title="bbox 1978 4180 3568 4249">
     <span class='ocr_line' id='line_1_90' title="bbox 1978 4180 3568 4249; baseline -0.004 -10"><span class='ocrx_word' id='word_1_747' title='bbox 1978 4188 2037 4239; x_wconf 88' lang='lat' dir='ltr'><strong>In</strong></span> <span class='ocrx_word' id='word_1_748' title='bbox 2066 4185 2281 4238; x_wconf 90' lang='lat' dir='ltr'>Christo</span> <span class='ocrx_word' id='word_1_749' title='bbox 2328 4199 2478 4249; x_wconf 87' lang='lat' dir='ltr'>vero,</span> <span class='ocrx_word' id='word_1_750' title='bbox 2528 4182 2726 4237; x_wconf 91' lang='lat' dir='ltr'>oblatio</span> <span class='ocrx_word' id='word_1_751' title='bbox 2776 4182 2872 4235; x_wconf 84' lang='lat' dir='ltr'>fuit</span> <span class='ocrx_word' id='word_1_752' title='bbox 2913 4182 3095 4236; x_wconf 89' lang='lat' dir='ltr'>omnia</span> <span class='ocrx_word' id='word_1_753' title='bbox 3137 4180 3227 4233; x_wconf 85' lang='lat' dir='ltr'>illa</span> <span class='ocrx_word' id='word_1_754' title='bbox 3274 4180 3418 4233; x_wconf 90' lang='lat' dir='ltr'>bona</span> <span class='ocrx_word' id='word_1_755' title='bbox 3448 4195 3568 4249; x_wconf 73' lang='lat' dir='ltr'>quae</span> 
     </span>
    </p>
   </div>
   <div class='ocr_carea' id='block_1_91' title="bbox 1978 4267 3568 4344">
    <p class='ocr_par' dir='ltr' id='par_1_91' title="bbox 1978 4267 3568 4344">
     <span class='ocr_line' id='line_1_91' title="bbox 1978 4267 3568 4344; baseline -0.004 -18"><span class='ocrx_word' id='word_1_756' title='bbox 1978 4272 2149 4344; x_wconf 87' lang='lat' dir='ltr'>gessit</span> <span class='ocrx_word' id='word_1_757' title='bbox 2196 4289 2366 4343; x_wconf 92' lang='lat' dir='ltr'>usque</span> <span class='ocrx_word' id='word_1_758' title='bbox 2397 4272 2463 4324; x_wconf 90' lang='lat' dir='ltr'>ad</span> <span class='ocrx_word' id='word_1_759' title='bbox 2493 4271 2637 4324; x_wconf 90' lang='lat' dir='ltr'>diem</span> <span class='ocrx_word' id='word_1_760' title='bbox 2685 4270 2893 4324; x_wconf 92' lang='lat' dir='ltr'>mortis.</span> <span class='ocrx_word' id='word_1_761' title='bbox 2930 4270 3115 4323; x_wconf 87' lang='lat' dir='ltr'>Ilostia</span> <span class='ocrx_word' id='word_1_762' title='bbox 3166 4276 3347 4321; x_wconf 87' lang='lat' dir='ltr'>autem</span> <span class='ocrx_word' id='word_1_763' title='bbox 3391 4267 3568 4322; x_wconf 88' lang='lat' dir='ltr'>dictus</span> 
     </span>
    </p>
   </div>
   <div class='ocr_carea' id='block_1_92' title="bbox 290 4354 3576 4432">
    <p class='ocr_par' dir='ltr' id='par_1_92' title="bbox 290 4354 3576 4432">
     <span class='ocr_line' id='line_1_92' title="bbox 290 4354 3576 4432; baseline -0.002 -17"><span class='ocrx_word' id='word_1_764' title='bbox 290 4385 312 4406; x_wconf 74' lang='grc' dir='ltr'><strong><em>α</em></strong></span> <span class='ocrx_word' id='word_1_765' title='bbox 351 4376 487 4432; x_wconf 85' lang='lat' dir='ltr'>ergo</span> <span class='ocrx_word' id='word_1_766' title='bbox 506 4358 642 4414; x_wconf 70' lang='lat' dir='ltr'>eﬂ‘ici</span> <span class='ocrx_word' id='word_1_767' title='bbox 673 4360 967 4430; x_wconf 87' lang='lat' dir='ltr'>participes</span> <span class='ocrx_word' id='word_1_768' title='bbox 989 4374 1194 4413; x_wconf 89' lang='lat' dir='ltr'>eorum.</span> <span class='ocrx_word' id='word_1_769' title='bbox 1217 4359 1394 4413; x_wconf 89' lang='lat' dir='ltr'>Eratis</span> <span class='ocrx_word' id='word_1_770' title='bbox 1422 4358 1565 4413; x_wconf 91' lang='lat' dir='ltr'>enim</span> <span class='ocrx_word' id='word_1_771' title='bbox 1587 4354 1947 4429; x_wconf 90' lang='lat' dir='ltr'>aliquandoD</span> <span class='ocrx_word' id='word_1_772' title='bbox 1981 4369 2081 4424; x_wconf 89' lang='lat' dir='ltr'>est,</span> <span class='ocrx_word' id='word_1_773' title='bbox 2117 4360 2330 4430; x_wconf 89' lang='lat' dir='ltr'>quando</span> <span class='ocrx_word' id='word_1_774' title='bbox 2379 4358 2615 4427; x_wconf 91' lang='lat' dir='ltr'>seipsum</span> <span class='ocrx_word' id='word_1_775' title='bbox 2659 4357 2847 4411; x_wconf 87' lang='lat' dir='ltr'>obtulit</span> <span class='ocrx_word' id='word_1_776' title='bbox 2895 4358 2949 4409; x_wconf 88' lang='lat' dir='ltr'>in</span> <span class='ocrx_word' id='word_1_777' title='bbox 2996 4371 3089 4412; x_wconf 82' lang='lat' dir='ltr'>ara</span> <span class='ocrx_word' id='word_1_778' title='bbox 3136 4356 3333 4419; x_wconf 89' lang='lat' dir='ltr'>crucis,</span> <span class='ocrx_word' id='word_1_779' title='bbox 3382 4362 3435 4409; x_wconf 89' lang='lat' dir='ltr'>et</span> <span class='ocrx_word' id='word_1_780' title='bbox 3480 4355 3576 4408; x_wconf 89' lang='lat' dir='ltr'>illa</span> 
     </span>
    </p>
   </div>
   <div class='ocr_carea' id='block_1_93' title="bbox 292 4446 1881 4515">
    <p class='ocr_par' dir='ltr' id='par_1_93' title="bbox 292 4446 1881 4515">
     <span class='ocr_line' id='line_1_93' title="bbox 292 4446 1881 4515; baseline 0 -16"><span class='ocrx_word' id='word_1_781' title='bbox 292 4471 313 4498; x_wconf 78' lang='grc' dir='ltr'>ι</span> <span class='ocrx_word' id='word_1_782' title='bbox 352 4448 612 4515; x_wconf 65' lang='lat' dir='ltr'>tenebrae,</span> <span class='ocrx_word' id='word_1_783' title='bbox 648 4464 793 4502; x_wconf 91' lang='lat' dir='ltr'>nunc</span> <span class='ocrx_word' id='word_1_784' title='bbox 823 4456 1000 4503; x_wconf 89' lang='lat' dir='ltr'>autem</span> <span class='ocrx_word' id='word_1_785' title='bbox 1030 4448 1119 4500; x_wconf 86' lang='lat' dir='ltr'>lux</span> <span class='ocrx_word' id='word_1_786' title='bbox 1152 4447 1207 4499; x_wconf 90' lang='lat' dir='ltr'>in</span> <span class='ocrx_word' id='word_1_787' title='bbox 1238 4446 1505 4511; x_wconf 87' lang='lat' dir='ltr'>Domino;</span> <span class='ocrx_word' id='word_1_788' title='bbox 1538 4455 1594 4500; x_wconf 89' lang='lat' dir='ltr'>ut</span> <span class='ocrx_word' id='word_1_789' title='bbox 1624 4446 1717 4500; x_wconf 81' lang='lat' dir='ltr'>filii</span> <span class='ocrx_word' id='word_1_790' title='bbox 1746 4446 1881 4501; x_wconf 92' lang='lat' dir='ltr'>lucis</span> 
     </span>
    </p>
   </div>
   <div class='ocr_carea' id='block_1_94' title="bbox 290 4534 1882 4591">
    <p class='ocr_par' dir='ltr' id='par_1_94' title="bbox 290 4534 1882 4591">
     <span class='ocr_line' id='line_1_94' title="bbox 290 4534 1882 4591; baseline -0.002 -1"><span class='ocrx_word' id='word_1_791' title='bbox 290 4561 311 4583; x_wconf 72' lang='grc' dir='ltr'>α</span> <span class='ocrx_word' id='word_1_792' title='bbox 353 4536 629 4591; x_wconf 89' lang='lat' dir='ltr'>ambulate</span> <span class='ocrx_word' id='word_1_793' title='bbox 664 4551 676 4588; x_wconf 93' lang='lat'>:</span> <span class='ocrx_word' id='word_1_794' title='bbox 710 4537 937 4590; x_wconf 86' lang='lat' dir='ltr'>Fructus</span> <span class='ocrx_word' id='word_1_795' title='bbox 984 4535 1127 4589; x_wconf 88' lang='lat' dir='ltr'>enim</span> <span class='ocrx_word' id='word_1_796' title='bbox 1159 4534 1294 4590; x_wconf 91' lang='lat' dir='ltr'>lucis</span> <span class='ocrx_word' id='word_1_797' title='bbox 1339 4542 1421 4589; x_wconf 91' lang='lat' dir='ltr'>est</span> <span class='ocrx_word' id='word_1_798' title='bbox 1447 4535 1501 4588; x_wconf 90' lang='lat' dir='ltr'>in</span> <span class='ocrx_word' id='word_1_799' title='bbox 1530 4536 1676 4589; x_wconf 93' lang='lat' dir='ltr'>omni</span> <span class='ocrx_word' id='word_1_800' title='bbox 1724 4534 1882 4588; x_wconf 92' lang='lat' dir='ltr'>boni-</span> 
     </span>
    </p>
   </div>
   <div class='ocr_carea' id='block_1_95' title="bbox 290 4621 1883 4692">
    <p class='ocr_par' dir='ltr' id='par_1_95' title="bbox 290 4621 1883 4692">
     <span class='ocr_line' id='line_1_95' title="bbox 290 4621 1883 4692; baseline 0.002 -19"><span class='ocrx_word' id='word_1_801' title='bbox 290 4646 311 4673; x_wconf 79' lang='grc' dir='ltr'>ι</span> <span class='ocrx_word' id='word_1_802' title='bbox 352 4632 481 4687; x_wconf 89' lang='lat' dir='ltr'>tate,</span> <span class='ocrx_word' id='word_1_803' title='bbox 515 4632 568 4679; x_wconf 91' lang='lat' dir='ltr'>et</span> <span class='ocrx_word' id='word_1_804' title='bbox 590 4623 798 4691; x_wconf 89' lang='lat' dir='ltr'>justitia</span> <span class='ocrx_word' id='word_1_805' title='bbox 826 4630 878 4677; x_wconf 90' lang='lat' dir='ltr'>et</span> <span class='ocrx_word' id='word_1_806' title='bbox 908 4622 1131 4677; x_wconf 88' lang='lat' dir='ltr'>veritate</span> <span class='ocrx_word' id='word_1_807' title='bbox 1168 4637 1185 4691; x_wconf 92' lang='lat'>:_</span> <span class='ocrx_word' id='word_1_808' title='bbox 1214 4622 1511 4676; x_wconf 91' lang='lat' dir='ltr'>Probantes</span> <span class='ocrx_word' id='word_1_809' title='bbox 1532 4622 1660 4692; x_wconf 92' lang='lat' dir='ltr'>quid</span> <span class='ocrx_word' id='word_1_810' title='bbox 1688 4621 1755 4674; x_wconf 89' lang='lat' dir='ltr'>sit</span> <span class='ocrx_word' id='word_1_811' title='bbox 1782 4622 1883 4676; x_wconf 91' lang='lat' dir='ltr'>be-</span> 
     </span>
    </p>
   </div>
   <div class='ocr_carea' id='block_1_96' title="bbox 292 4709 1885 4781">
    <p class='ocr_par' dir='ltr' id='par_1_96' title="bbox 292 4709 1885 4781">
     <span class='ocr_line' id='line_1_96' title="bbox 292 4709 1885 4781; baseline 0 -20"><span class='ocrx_word' id='word_1_812' title='bbox 292 4734 315 4761; x_wconf 78' lang='lat'><strong>¢</strong></span> <span class='ocrx_word' id='word_1_813' title='bbox 354 4710 687 4781; x_wconf 86' lang='lat' dir='ltr'>neplacitum</span> <span class='ocrx_word' id='word_1_814' title='bbox 716 4712 852 4764; x_wconf 88' lang='lat' dir='ltr'>Deo.</span> <span class='ocrx_word' id='word_1_815' title='bbox 884 4711 950 4763; x_wconf 90' lang='lat' dir='ltr'>Et</span> <span class='ocrx_word' id='word_1_816' title='bbox 979 4710 1145 4763; x_wconf 90' lang='lat' dir='ltr'>nolite</span> <span class='ocrx_word' id='word_1_817' title='bbox 1195 4709 1590 4765; x_wconf 88' lang='lat' dir='ltr'>communicare</span> <span class='ocrx_word' id='word_1_818' title='bbox 1628 4709 1885 4779; x_wconf 87' lang='lat' dir='ltr'>operibus</span> 
     </span>
    </p>
   </div>
   <div class='ocr_carea' id='block_1_97' title="bbox 292 4798 1882 4869">
    <p class='ocr_par' dir='ltr' id='par_1_97' title="bbox 292 4798 1882 4869">
     <span class='ocr_line' id='line_1_97' title="bbox 292 4798 1882 4869; baseline -0.002 -16"><span class='ocrx_word' id='word_1_819' title='bbox 292 4824 313 4846; x_wconf 79' lang='grc' dir='ltr'>α</span> <span class='ocrx_word' id='word_1_820' title='bbox 353 4798 705 4853; x_wconf 87' lang='lat' dir='ltr'>infructuosis</span> <span class='ocrx_word' id='word_1_821' title='bbox 735 4798 1081 4853; x_wconf 88' lang='lat' dir='ltr'>tenebrarum</span> <span class='ocrx_word' id='word_1_822' title='bbox 1107 4818 1121 4864; x_wconf 87' lang='lat'><strong>;</strong></span> <span class='ocrx_word' id='word_1_823' title='bbox 1156 4798 1331 4869; x_wconf 87' lang='lat' dir='ltr'>magis</span> <span class='ocrx_word' id='word_1_824' title='bbox 1351 4806 1531 4852; x_wconf 89' lang='lat' dir='ltr'>autem</span> <span class='ocrx_word' id='word_1_825' title='bbox 1552 4798 1882 4869; x_wconf 88' lang='lat' dir='ltr'>redarguite.</span> 
     </span>
    </p>
   </div>
   <div class='ocr_carea' id='block_1_98' title="bbox 294 4885 1889 4956">
    <p class='ocr_par' dir='ltr' id='par_1_98' title="bbox 294 4885 1889 4956">
     <span class='ocr_line' id='line_1_98' title="bbox 294 4885 1889 4956; baseline 0.001 -19"><span class='ocrx_word' id='word_1_826' title='bbox 294 4908 316 4937; x_wconf 75' lang='grc' dir='ltr'><strong><em>ι</em></strong></span> <span class='ocrx_word' id='word_1_827' title='bbox 355 4885 493 4954; x_wconf 70' lang='lat' dir='ltr'>Quae</span> <span class='ocrx_word' id='word_1_828' title='bbox 541 4886 688 4941; x_wconf 89' lang='lat' dir='ltr'>enim</span> <span class='ocrx_word' id='word_1_829' title='bbox 714 4886 770 4940; x_wconf 93' lang='lat' dir='ltr'>in</span> <span class='ocrx_word' id='word_1_830' title='bbox 813 4886 1025 4941; x_wconf 91' lang='lat' dir='ltr'>occulto</span> <span class='ocrx_word' id='word_1_831' title='bbox 1071 4886 1203 4941; x_wconf 81' lang='lat' dir='ltr'>fiunt</span> <span class='ocrx_word' id='word_1_832' title='bbox 1232 4887 1301 4941; x_wconf 93' lang='lat' dir='ltr'>ab</span> <span class='ocrx_word' id='word_1_833' title='bbox 1331 4885 1484 4955; x_wconf 88' lang='lat' dir='ltr'>ipsis,</span> <span class='ocrx_word' id='word_1_834' title='bbox 1520 4894 1678 4956; x_wconf 90' lang='lat' dir='ltr'>turpe</span> <span class='ocrx_word' id='word_1_835' title='bbox 1726 4895 1807 4941; x_wconf 90' lang='lat' dir='ltr'>est</span> <span class='ocrx_word' id='word_1_836' title='bbox 1837 4893 1889 4940; x_wconf 90' lang='lat' dir='ltr'>et</span> 
     </span>
    </p>
   </div>
   <div class='ocr_carea' id='block_1_99' title="bbox 295 4974 1887 5046">
    <p class='ocr_par' dir='ltr' id='par_1_99' title="bbox 295 4974 1887 5046">
     <span class='ocr_line' id='line_1_99' title="bbox 295 4974 1887 5046; baseline -0.001 -17"><span class='ocrx_word' id='word_1_837' title='bbox 295 4998 317 5021; x_wconf 85' lang='lat'><strong>«</strong></span> <span class='ocrx_word' id='word_1_838' title='bbox 353 4976 557 5030; x_wconf 90' lang='lat' dir='ltr'>dicere.</span> <span class='ocrx_word' id='word_1_839' title='bbox 609 4974 801 5029; x_wconf 90' lang='lat' dir='ltr'>Omnia</span> <span class='ocrx_word' id='word_1_840' title='bbox 850 4984 1034 5029; x_wconf 87' lang='lat' dir='ltr'>autem</span> <span class='ocrx_word' id='word_1_841' title='bbox 1083 4992 1203 5045; x_wconf 62' lang='lat' dir='ltr'>quae</span> <span class='ocrx_word' id='word_1_842' title='bbox 1254 4982 1578 5046; x_wconf 88' lang='lat' dir='ltr'>arguuntur,</span> <span class='ocrx_word' id='word_1_843' title='bbox 1611 4990 1639 5027; x_wconf 90' lang='lat' dir='ltr'>a</span> <span class='ocrx_word' id='word_1_844' title='bbox 1687 4974 1887 5028; x_wconf 91' lang='lat' dir='ltr'>lumine</span> 
     </span>
    </p>
   </div>
   <div class='ocr_carea' id='block_1_100' title="bbox 295 5062 1889 5133">
    <p class='ocr_par' dir='ltr' id='par_1_100' title="bbox 295 5062 1889 5133">
     <span class='ocr_line' id='line_1_100' title="bbox 295 5062 1889 5133; baseline 0.001 -20"><span class='ocrx_word' id='word_1_845' title='bbox 295 5084 317 5113; x_wconf 77' lang='grc' dir='ltr'>ι</span> <span class='ocrx_word' id='word_1_846' title='bbox 356 5062 788 5117; x_wconf 86' lang='lat' dir='ltr'>manifestantur.</span> <span class='ocrx_word' id='word_1_847' title='bbox 823 5062 998 5117; x_wconf 91' lang='lat' dir='ltr'>Omne</span> <span class='ocrx_word' id='word_1_848' title='bbox 1028 5063 1172 5117; x_wconf 89' lang='lat' dir='ltr'>enim</span> <span class='ocrx_word' id='word_1_849' title='bbox 1204 5063 1347 5133; x_wconf 92' lang='lat' dir='ltr'>quod</span> <span class='ocrx_word' id='word_1_850' title='bbox 1393 5062 1771 5117; x_wconf 78' lang='lat' dir='ltr'>manifestatur</span> <span class='ocrx_word' id='word_1_851' title='bbox 1801 5063 1889 5115; x_wconf 92' lang='lat' dir='ltr'>lu-</span> 
     </span>
    </p>
   </div>
   <div class='ocr_carea' id='block_1_101' title="bbox 294 5150 1888 5221">
    <p class='ocr_par' dir='ltr' id='par_1_101' title="bbox 294 5150 1888 5221">
     <span class='ocr_line' id='line_1_101' title="bbox 294 5150 1888 5221; baseline -0.001 -17"><span class='ocrx_word' id='word_1_852' title='bbox 294 5174 316 5197; x_wconf 76' lang='grc' dir='ltr'><strong><em>α</em></strong></span> <span class='ocrx_word' id='word_1_853' title='bbox 356 5166 485 5205; x_wconf 90' lang='lat' dir='ltr'>men</span> <span class='ocrx_word' id='word_1_854' title='bbox 523 5158 625 5204; x_wconf 89' lang='lat' dir='ltr'>est.</span> <span class='ocrx_word' id='word_1_855' title='bbox 660 5151 886 5221; x_wconf 87' lang='lat' dir='ltr'>Propter</span> <span class='ocrx_word' id='word_1_856' title='bbox 932 5150 1076 5220; x_wconf 92' lang='lat' dir='ltr'>quod</span> <span class='ocrx_word' id='word_1_857' title='bbox 1107 5150 1236 5204; x_wconf 88' lang='lat' dir='ltr'>dicit</span> <span class='ocrx_word' id='word_1_858' title='bbox 1268 5168 1280 5203; x_wconf 96' lang='lat'>:</span> <span class='ocrx_word' id='word_1_859' title='bbox 1316 5151 1492 5221; x_wconf 88' lang='lat' dir='ltr'>Surge</span> <span class='ocrx_word' id='word_1_860' title='bbox 1523 5150 1615 5221; x_wconf 91' lang='lat' dir='ltr'>qui</span> <span class='ocrx_word' id='word_1_861' title='bbox 1662 5150 1888 5215; x_wconf 88' lang='lat' dir='ltr'>dormis,</span> 
     </span>
    </p>
   </div>
   <div class='ocr_carea' id='block_1_102' title="bbox 298 5237 1887 5310">
    <p class='ocr_par' dir='ltr' id='par_1_102' title="bbox 298 5237 1887 5310">
     <span class='ocr_line' id='line_1_102' title="bbox 298 5237 1887 5310; baseline -0.002 -17"><span class='ocrx_word' id='word_1_862' title='bbox 298 5262 320 5285; x_wconf 69' lang='grc' dir='ltr'><strong>κ</strong></span> <span class='ocrx_word' id='word_1_863' title='bbox 357 5247 412 5293; x_wconf 89' lang='lat' dir='ltr'>et</span> <span class='ocrx_word' id='word_1_864' title='bbox 442 5254 679 5310; x_wconf 77' lang='lat' dir='ltr'>exsurge</span> <span class='ocrx_word' id='word_1_865' title='bbox 708 5254 738 5291; x_wconf 91' lang='lat' dir='ltr'>a</span> <span class='ocrx_word' id='word_1_866' title='bbox 773 5238 1022 5303; x_wconf 90' lang='lat' dir='ltr'>mortuis,</span> <span class='ocrx_word' id='word_1_867' title='bbox 1056 5246 1108 5292; x_wconf 91' lang='lat' dir='ltr'>et</span> <span class='ocrx_word' id='word_1_868' title='bbox 1157 5237 1481 5293; x_wconf 89' lang='lat' dir='ltr'>illuminabit</span> <span class='ocrx_word' id='word_1_869' title='bbox 1524 5247 1575 5292; x_wconf 91' lang='lat' dir='ltr'>te</span> <span class='ocrx_word' id='word_1_870' title='bbox 1624 5238 1887 5292; x_wconf 89' lang='lat' dir='ltr'>Christus.</span> 
     </span>
    </p>
   </div>
   <div class='ocr_carea' id='block_1_103' title="bbox 302 5325 1890 5397">
    <p class='ocr_par' dir='ltr' id='par_1_103' title="bbox 302 5325 1890 5397">
     <span class='ocr_line' id='line_1_103' title="bbox 302 5325 1890 5397; baseline -0.001 -18"><span class='ocrx_word' id='word_1_871' title='bbox 302 5349 322 5371; x_wconf 73' lang='grc' dir='ltr'>ιι</span> <span class='ocrx_word' id='word_1_872' title='bbox 363 5326 556 5380; x_wconf 84' lang='lat' dir='ltr'>Videte</span> <span class='ocrx_word' id='word_1_873' title='bbox 598 5327 795 5397; x_wconf 88' lang='lat' dir='ltr'>itaque,</span> <span class='ocrx_word' id='word_1_874' title='bbox 832 5325 1045 5394; x_wconf 80' lang='lat' dir='ltr'>fratres,</span> <span class='ocrx_word' id='word_1_875' title='bbox 1077 5325 1350 5396; x_wconf 90' lang='lat' dir='ltr'>quomodo</span> <span class='ocrx_word' id='word_1_876' title='bbox 1398 5333 1554 5380; x_wconf 91' lang='lat' dir='ltr'>caute</span> <span class='ocrx_word' id='word_1_877' title='bbox 1582 5325 1890 5391; x_wconf 87' lang='lat' dir='ltr'>ambuletis,</span> 
     </span>
    </p>
   </div>
   <div class='ocr_carea' id='block_1_104' title="bbox 296 5412 1890 5484">
    <p class='ocr_par' dir='ltr' id='par_1_104' title="bbox 296 5412 1890 5484">
     <span class='ocr_line' id='line_1_104' title="bbox 296 5412 1890 5484; baseline -0.001 -17"><span class='ocrx_word' id='word_1_878' title='bbox 296 5439 315 5460; x_wconf 82' lang='grc' dir='ltr'>ι</span> <span class='ocrx_word' id='word_1_879' title='bbox 361 5430 473 5467; x_wconf 89' lang='lat' dir='ltr'>non</span> <span class='ocrx_word' id='word_1_880' title='bbox 508 5414 661 5484; x_wconf 91' lang='lat' dir='ltr'>quasi</span> <span class='ocrx_word' id='word_1_881' title='bbox 682 5413 1018 5484; x_wconf 87' lang='lat' dir='ltr'>insipientes,</span> <span class='ocrx_word' id='word_1_882' title='bbox 1044 5414 1140 5467; x_wconf 88' lang='lat' dir='ltr'>sed</span> <span class='ocrx_word' id='word_1_883' title='bbox 1170 5421 1227 5467; x_wconf 90' lang='lat' dir='ltr'>ut</span> <span class='ocrx_word' id='word_1_884' title='bbox 1246 5412 1518 5483; x_wconf 89' lang='lat' dir='ltr'>sapientes</span> <span class='ocrx_word' id='word_1_885' title='bbox 1539 5412 1676 5481; x_wconf 85' lang='lat' dir='ltr'>(Col.</span> <span class='ocrx_word' id='word_1_886' title='bbox 1711 5428 1791 5475; x_wconf 89' lang='lat' dir='ltr'>m,</span> <span class='ocrx_word' id='word_1_887' title='bbox 1816 5415 1890 5480; x_wconf 81' lang='grc'>5),</span> 
     </span>
    </p>
   </div>
   <div class='ocr_carea' id='block_1_105' title="bbox 298 5500 1894 5572">
    <p class='ocr_par' dir='ltr' id='par_1_105' title="bbox 298 5500 1894 5572">
     <span class='ocr_line' id='line_1_105' title="bbox 298 5500 1894 5572; baseline 0.001 -17"><span class='ocrx_word' id='word_1_888' title='bbox 298 5526 319 5549; x_wconf 73' lang='grc' dir='ltr'>ιι</span> <span class='ocrx_word' id='word_1_889' title='bbox 365 5500 697 5557; x_wconf 82' lang='lat' dir='ltr'>redimentes</span> <span class='ocrx_word' id='word_1_890' title='bbox 726 5508 961 5572; x_wconf 88' lang='lat' dir='ltr'>tempus,</span> <span class='ocrx_word' id='word_1_891' title='bbox 994 5500 1246 5571; x_wconf 89' lang='lat' dir='ltr'>quoniam</span> <span class='ocrx_word' id='word_1_892' title='bbox 1277 5500 1394 5556; x_wconf 87' lang='lat' dir='ltr'>dies</span> <span class='ocrx_word' id='word_1_893' title='bbox 1422 5500 1552 5555; x_wconf 90' lang='lat' dir='ltr'>mali</span> <span class='ocrx_word' id='word_1_894' title='bbox 1581 5507 1723 5554; x_wconf 92' lang='lat' dir='ltr'>sunt.</span> <span class='ocrx_word' id='word_1_895' title='bbox 1758 5500 1894 5557; x_wconf 86' lang='lat' dir='ltr'>Pro-</span> 
     </span>
    </p>
   </div>
   <div class='ocr_carea' id='block_1_106' title="bbox 1983 4444 3569 4507">
    <p class='ocr_par' dir='ltr' id='par_1_106' title="bbox 1983 4444 3569 4507">
     <span class='ocr_line' id='line_1_106' title="bbox 1983 4444 3569 4507; baseline -0.004 -4"><span class='ocrx_word' id='word_1_896' title='bbox 1983 4457 2136 4504; x_wconf 91' lang='lat' dir='ltr'>vetus</span> <span class='ocrx_word' id='word_1_897' title='bbox 2166 4446 2342 4501; x_wconf 89' lang='lat' dir='ltr'>hostia</span> <span class='ocrx_word' id='word_1_898' title='bbox 2390 4446 2668 4500; x_wconf 91' lang='lat' dir='ltr'>dicebatur</span> <span class='ocrx_word' id='word_1_899' title='bbox 2698 4461 2819 4498; x_wconf 90' lang='lat' dir='ltr'>esse</span> <span class='ocrx_word' id='word_1_900' title='bbox 2869 4444 3225 4499; x_wconf 87' lang='lat' dir='ltr'>suavissimus</span> <span class='ocrx_word' id='word_1_901' title='bbox 3268 4444 3403 4499; x_wconf 88' lang='lat' dir='ltr'>odor</span> <span class='ocrx_word' id='word_1_902' title='bbox 3434 4444 3569 4507; x_wconf 90' lang='lat' dir='ltr'>Deo,</span> 
     </span>
    </p>
   </div>
   <div class='ocr_carea' id='block_1_107' title="bbox 1984 4531 3569 4603">
    <p class='ocr_par' dir='ltr' id='par_1_107' title="bbox 1984 4531 3569 4603">
     <span class='ocr_line' id='line_1_107' title="bbox 1984 4531 3569 4603; baseline -0.004 -13"><span class='ocrx_word' id='word_1_903' title='bbox 1984 4536 2280 4591; x_wconf 91' lang='lat' dir='ltr'>secundum</span> <span class='ocrx_word' id='word_1_904' title='bbox 2327 4533 2649 4588; x_wconf 80' lang='lat' dir='ltr'>sacriﬁcium</span> <span class='ocrx_word' id='word_1_905' title='bbox 2700 4532 2915 4597; x_wconf 89' lang='lat' dir='ltr'>Christi,</span> <span class='ocrx_word' id='word_1_906' title='bbox 2950 4532 3093 4603; x_wconf 89' lang='lat' dir='ltr'>quod</span> <span class='ocrx_word' id='word_1_907' title='bbox 3142 4531 3569 4603; x_wconf 68' lang='lat' dir='ltr'>prmﬁgurabat;</span> 
     </span>
    </p>
   </div>
   <div class='ocr_carea' id='block_1_108' title="bbox 1985 4620 3574 4678">
    <p class='ocr_par' dir='ltr' id='par_1_108' title="bbox 1985 4620 3574 4678">
     <span class='ocr_line' id='line_1_108' title="bbox 1985 4620 3574 4678; baseline -0.003 -1"><span class='ocrx_word' id='word_1_908' title='bbox 1985 4624 2281 4678; x_wconf 90' lang='lat' dir='ltr'>secundum</span> <span class='ocrx_word' id='word_1_909' title='bbox 2312 4639 2369 4675; x_wconf 91' lang='lat' dir='ltr'>se</span> <span class='ocrx_word' id='word_1_910' title='bbox 2400 4621 2545 4675; x_wconf 89' lang='lat' dir='ltr'>enim</span> <span class='ocrx_word' id='word_1_911' title='bbox 2576 4620 2799 4674; x_wconf 87' lang='lat' dir='ltr'>fetidum</span> <span class='ocrx_word' id='word_1_912' title='bbox 2831 4628 2966 4674; x_wconf 91' lang='lat' dir='ltr'>erat.</span> <span class='ocrx_word' id='word_1_913' title='bbox 3020 4622 3208 4674; x_wconf 82' lang='lat' dir='ltr'>Eslote</span> <span class='ocrx_word' id='word_1_914' title='bbox 3258 4621 3574 4674; x_wconf 86' lang='lat' dir='ltr'>imitatores</span> 
     </span>
    </p>
   </div>
   <div class='ocr_carea' id='block_1_109' title="bbox 1985 4706 3576 4775">
    <p class='ocr_par' dir='ltr' id='par_1_109' title="bbox 1985 4706 3576 4775">
     <span class='ocr_line' id='line_1_109' title="bbox 1985 4706 3576 4775; baseline -0.003 -11"><span class='ocrx_word' id='word_1_915' title='bbox 1985 4712 2104 4775; x_wconf 90' lang='lat' dir='ltr'>Dei,</span> <span class='ocrx_word' id='word_1_916' title='bbox 2138 4726 2243 4764; x_wconf 90' lang='lat' dir='ltr'>non</span> <span class='ocrx_word' id='word_1_917' title='bbox 2276 4718 2455 4763; x_wconf 89' lang='lat' dir='ltr'>autem</span> <span class='ocrx_word' id='word_1_918' title='bbox 2506 4708 2877 4762; x_wconf 87' lang='lat' dir='ltr'>fornicatores.</span> <span class='ocrx_word' id='word_1_919' title='bbox 2908 4707 3064 4774; x_wconf 87' lang='lat' dir='ltr'>Quod</span> <span class='ocrx_word' id='word_1_920' title='bbox 3115 4707 3192 4761; x_wconf 91' lang='lat' dir='ltr'>sic</span> <span class='ocrx_word' id='word_1_921' title='bbox 3223 4706 3296 4760; x_wconf 91' lang='lat' dir='ltr'>ait</span> <span class='ocrx_word' id='word_1_922' title='bbox 3332 4721 3342 4758; x_wconf 92' lang='lat'>:</span> <span class='ocrx_word' id='word_1_923' title='bbox 3379 4706 3576 4760; x_wconf 82' lang='lat' dir='ltr'>Forni-</span> 
     </span>
    </p>
   </div>
   <div class='ocr_carea' id='block_1_110' title="bbox 1985 4793 3575 4863">
    <p class='ocr_par' dir='ltr' id='par_1_110' title="bbox 1985 4793 3575 4863">
     <span class='ocr_line' id='line_1_110' title="bbox 1985 4793 3575 4863; baseline -0.005 -10"><span class='ocrx_word' id='word_1_924' title='bbox 1985 4800 2134 4853; x_wconf 87' lang='lat' dir='ltr'>catio</span> <span class='ocrx_word' id='word_1_925' title='bbox 2191 4798 2372 4852; x_wconf 87' lang='lat' dir='ltr'>omnis</span> <span class='ocrx_word' id='word_1_926' title='bbox 2428 4796 2801 4851; x_wconf 87' lang='lat' dir='ltr'>immunditia</span> <span class='ocrx_word' id='word_1_927' title='bbox 2832 4795 2992 4863; x_wconf 91' lang='lat' dir='ltr'>(sicut</span> <span class='ocrx_word' id='word_1_928' title='bbox 3025 4810 3168 4863; x_wconf 67' lang='lat' dir='ltr'>saepe</span> <span class='ocrx_word' id='word_1_929' title='bbox 3199 4793 3575 4863; x_wconf 84' lang='lat' dir='ltr'>exposuimus)</span> 
     </span>
    </p>
   </div>
   <div class='ocr_carea' id='block_1_111' title="bbox 1986 4880 3577 4949">
    <p class='ocr_par' dir='ltr' id='par_1_111' title="bbox 1986 4880 3577 4949">
     <span class='ocr_line' id='line_1_111' title="bbox 1986 4880 3577 4949; baseline -0.003 -10"><span class='ocrx_word' id='word_1_930' title='bbox 1986 4890 2089 4940; x_wconf 88' lang='lat' dir='ltr'>aut</span> <span class='ocrx_word' id='word_1_931' title='bbox 2135 4887 2400 4949; x_wconf 87' lang='lat' dir='ltr'>avaritia,</span> <span class='ocrx_word' id='word_1_932' title='bbox 2452 4900 2560 4937; x_wconf 92' lang='lat' dir='ltr'>non</span> <span class='ocrx_word' id='word_1_933' title='bbox 2605 4883 2779 4937; x_wconf 92' lang='lat' dir='ltr'>solum</span> <span class='ocrx_word' id='word_1_934' title='bbox 2846 4882 2966 4936; x_wconf 89' lang='lat' dir='ltr'>dico</span> <span class='ocrx_word' id='word_1_935' title='bbox 3011 4898 3116 4935; x_wconf 92' lang='lat' dir='ltr'>non</span> <span class='ocrx_word' id='word_1_936' title='bbox 3181 4881 3266 4949; x_wconf 89' lang='lat' dir='ltr'>sit,</span> <span class='ocrx_word' id='word_1_937' title='bbox 3320 4880 3418 4935; x_wconf 88' lang='lat' dir='ltr'>sed</span> <span class='ocrx_word' id='word_1_938' title='bbox 3474 4896 3577 4935; x_wconf 85' lang='lat' dir='ltr'>nec</span> 
     </span>
    </p>
   </div>
   <div class='ocr_carea' id='block_1_112' title="bbox 1989 4968 3579 5033">
    <p class='ocr_par' dir='ltr' id='par_1_112' title="bbox 1989 4968 3579 5033">
     <span class='ocr_line' id='line_1_112' title="bbox 1989 4968 3579 5033; baseline -0.004 -6"><span class='ocrx_word' id='word_1_939' title='bbox 1989 4973 2147 5027; x_wconf 86' lang='lat' dir='ltr'>etiam</span> <span class='ocrx_word' id='word_1_940' title='bbox 2178 4974 2507 5027; x_wconf 89' lang='lat' dir='ltr'>nominetur</span> <span class='ocrx_word' id='word_1_941' title='bbox 2550 4973 2611 5025; x_wconf 87' lang='lat' dir='ltr'>in</span> <span class='ocrx_word' id='word_1_942' title='bbox 2655 4970 2820 5033; x_wconf 83' lang='lat' dir='ltr'>vobis,</span> <span class='ocrx_word' id='word_1_943' title='bbox 2872 4971 2925 5022; x_wconf 90' lang='lat' dir='ltr'>id</span> <span class='ocrx_word' id='word_1_944' title='bbox 2969 4978 3047 5023; x_wconf 88' lang='lat' dir='ltr'>est</span> <span class='ocrx_word' id='word_1_945' title='bbox 3080 4985 3147 5023; x_wconf 89' lang='lat' dir='ltr'>ne</span> <span class='ocrx_word' id='word_1_946' title='bbox 3180 4984 3276 5022; x_wconf 89' lang='lat' dir='ltr'>vos</span> <span class='ocrx_word' id='word_1_947' title='bbox 3307 4968 3443 5022; x_wconf 90' lang='lat' dir='ltr'>tales</span> <span class='ocrx_word' id='word_1_948' title='bbox 3473 4970 3579 5023; x_wconf 89' lang='lat' dir='ltr'>im-</span> 
     </span>
    </p>
   </div>
   <div class='ocr_carea' id='block_1_113' title="bbox 1989 5056 3584 5131">
    <p class='ocr_par' dir='ltr' id='par_1_113' title="bbox 1989 5056 3584 5131">
     <span class='ocr_line' id='line_1_113' title="bbox 1989 5056 3584 5131; baseline -0.003 -17"><span class='ocrx_word' id='word_1_949' title='bbox 1989 5060 2215 5131; x_wconf 89' lang='lat' dir='ltr'>provide</span> <span class='ocrx_word' id='word_1_950' title='bbox 2265 5058 2615 5113; x_wconf 85' lang='lat' dir='ltr'>exhibueritis</span> <span class='ocrx_word' id='word_1_951' title='bbox 2657 5058 2800 5111; x_wconf 91' lang='lat' dir='ltr'>unde</span> <span class='ocrx_word' id='word_1_952' title='bbox 2852 5057 2974 5127; x_wconf 86' lang='lat' dir='ltr'>quis</span> <span class='ocrx_word' id='word_1_953' title='bbox 3019 5056 3156 5110; x_wconf 91' lang='lat' dir='ltr'>male</span> <span class='ocrx_word' id='word_1_954' title='bbox 3188 5056 3381 5110; x_wconf 91' lang='lat' dir='ltr'>saltem</span> <span class='ocrx_word' id='word_1_955' title='bbox 3409 5056 3584 5126; x_wconf 91' lang='lat' dir='ltr'>possit</span> 
     </span>
    </p>
   </div>
   <div class='ocr_carea' id='block_1_114' title="bbox 1989 5144 3583 5217">
    <p class='ocr_par' dir='ltr' id='par_1_114' title="bbox 1989 5144 3583 5217">
     <span class='ocr_line' id='line_1_114' title="bbox 1989 5144 3583 5217; baseline -0.003 -16"><span class='ocrx_word' id='word_1_956' title='bbox 1989 5147 2213 5217; x_wconf 88' lang='lat' dir='ltr'>opinari.</span> <span class='ocrx_word' id='word_1_957' title='bbox 2274 5148 2408 5202; x_wconf 91' lang='lat' dir='ltr'>Dico</span> <span class='ocrx_word' id='word_1_958' title='bbox 2466 5162 2575 5199; x_wconf 92' lang='lat' dir='ltr'>non</span> <span class='ocrx_word' id='word_1_959' title='bbox 2629 5145 2936 5200; x_wconf 89' lang='lat' dir='ltr'>nominetur</span> <span class='ocrx_word' id='word_1_960' title='bbox 2990 5145 3045 5196; x_wconf 92' lang='lat' dir='ltr'>in</span> <span class='ocrx_word' id='word_1_961' title='bbox 3090 5144 3264 5212; x_wconf 87' lang='lat' dir='ltr'>vobis,</span> <span class='ocrx_word' id='word_1_962' title='bbox 3314 5145 3463 5199; x_wconf 88' lang='lat' dir='ltr'>sicut</span> <span class='ocrx_word' id='word_1_963' title='bbox 3491 5145 3583 5198; x_wconf 87' lang='lat' dir='ltr'>de-</span> 
     </span>
    </p>
   </div>
   <div class='ocr_carea' id='block_1_115' title="bbox 1991 5232 3582 5303">
    <p class='ocr_par' dir='ltr' id='par_1_115' title="bbox 1991 5232 3582 5303">
     <span class='ocr_line' id='line_1_115' title="bbox 1991 5232 3582 5303; baseline -0.006 -12"><span class='ocrx_word' id='word_1_964' title='bbox 1991 5240 2079 5291; x_wconf 88' lang='lat' dir='ltr'>cet</span> <span class='ocrx_word' id='word_1_965' title='bbox 2132 5239 2376 5299; x_wconf 89' lang='lat' dir='ltr'>sanctos,</span> <span class='ocrx_word' id='word_1_966' title='bbox 2436 5233 2582 5303; x_wconf 91' lang='lat' dir='ltr'>quod</span> <span class='ocrx_word' id='word_1_967' title='bbox 2639 5232 2770 5286; x_wconf 89' lang='lat' dir='ltr'>estis</span> <span class='ocrx_word' id='word_1_968' title='bbox 2818 5248 2933 5298; x_wconf 92' lang='lat' dir='ltr'>vos,</span> <span class='ocrx_word' id='word_1_969' title='bbox 2986 5248 3095 5285; x_wconf 92' lang='lat' dir='ltr'>non</span> <span class='ocrx_word' id='word_1_970' title='bbox 3144 5240 3347 5285; x_wconf 89' lang='lat' dir='ltr'>tantum</span> <span class='ocrx_word' id='word_1_971' title='bbox 3400 5246 3582 5285; x_wconf 91' lang='lat' dir='ltr'>coram</span> 
     </span>
    </p>
   </div>
   <div class='ocr_carea' id='block_1_116' title="bbox 1991 5318 3577 5390">
    <p class='ocr_par' dir='ltr' id='par_1_116' title="bbox 1991 5318 3577 5390">
     <span class='ocr_line' id='line_1_116' title="bbox 1991 5318 3577 5390; baseline -0.005 -13"><span class='ocrx_word' id='word_1_972' title='bbox 1991 5326 2126 5387; x_wconf 90' lang='lat' dir='ltr'>Deo,</span> <span class='ocrx_word' id='word_1_973' title='bbox 2178 5323 2273 5377; x_wconf 91' lang='lat' dir='ltr'>sed</span> <span class='ocrx_word' id='word_1_974' title='bbox 2320 5322 2476 5376; x_wconf 90' lang='lat' dir='ltr'>etiam</span> <span class='ocrx_word' id='word_1_975' title='bbox 2522 5320 2808 5390; x_wconf 87' lang='lat' dir='ltr'>providere</span> <span class='ocrx_word' id='word_1_976' title='bbox 2858 5320 2997 5373; x_wconf 90' lang='lat' dir='ltr'>bona</span> <span class='ocrx_word' id='word_1_977' title='bbox 3036 5336 3219 5375; x_wconf 91' lang='lat' dir='ltr'>coram</span> <span class='ocrx_word' id='word_1_978' title='bbox 3248 5318 3577 5373; x_wconf 89' lang='lat' dir='ltr'>hominibus.</span> 
     </span>
    </p>
   </div>
   <div class='ocr_carea' id='block_1_117' title="bbox 1996 5404 3583 5470">
    <p class='ocr_par' dir='ltr' id='par_1_117' title="bbox 1996 5404 3583 5470">
     <span class='ocr_line' id='line_1_117' title="bbox 1996 5404 3583 5470; baseline -0.006 -3"><span class='ocrx_word' id='word_1_979' title='bbox 1996 5410 2237 5467; x_wconf 68' lang='lat'><strong>249</strong></span> <span class='ocrx_word' id='word_1_980' title='bbox 2275 5412 2483 5464; x_wconf 87' lang='lat' dir='ltr'>Vocans</span> <span class='ocrx_word' id='word_1_981' title='bbox 2510 5424 2605 5461; x_wconf 89' lang='lat' dir='ltr'>eos</span> <span class='ocrx_word' id='word_1_982' title='bbox 2636 5415 2875 5470; x_wconf 87' lang='lat' dir='ltr'>sanctos,</span> <span class='ocrx_word' id='word_1_983' title='bbox 2909 5407 3077 5460; x_wconf 89' lang='lat' dir='ltr'>innuit</span> <span class='ocrx_word' id='word_1_984' title='bbox 3108 5424 3165 5460; x_wconf 90' lang='lat' dir='ltr'>se</span> <span class='ocrx_word' id='word_1_985' title='bbox 3200 5422 3308 5459; x_wconf 89' lang='lat' dir='ltr'>non</span> <span class='ocrx_word' id='word_1_986' title='bbox 3343 5404 3583 5459; x_wconf 89' lang='lat' dir='ltr'>scribere</span> 
     </span>
    </p>
   </div>
   <div class='ocr_carea' id='block_1_118' title="bbox 1994 5492 3585 5571">
    <p class='ocr_par' dir='ltr' id='par_1_118' title="bbox 1994 5492 3585 5571">
     <span class='ocr_line' id='line_1_118' title="bbox 1994 5492 3585 5571; baseline -0.006 -16"><span class='ocrx_word' id='word_1_987' title='bbox 1994 5501 2130 5564; x_wconf 80' lang='lat' dir='ltr'>haec,</span> <span class='ocrx_word' id='word_1_988' title='bbox 2149 5497 2272 5571; x_wconf 89' lang='lat' dir='ltr'>quia</span> <span class='ocrx_word' id='word_1_989' title='bbox 2282 5496 2647 5571; x_wconf 88' lang='lat' dir='ltr'>peccaverint,</span> <span class='ocrx_word' id='word_1_990' title='bbox 2669 5495 2763 5550; x_wconf 90' lang='lat' dir='ltr'>sed</span> <span class='ocrx_word' id='word_1_991' title='bbox 2781 5503 2999 5571; x_wconf 88' lang='lat' dir='ltr'>propter</span> <span class='ocrx_word' id='word_1_992' title='bbox 3016 5496 3119 5550; x_wconf 86' lang='lat' dir='ltr'>hoc</span> <span class='ocrx_word' id='word_1_993' title='bbox 3132 5494 3305 5548; x_wconf 90' lang='lat' dir='ltr'>solum</span> <span class='ocrx_word' id='word_1_994' title='bbox 3328 5499 3379 5548; x_wconf 89' lang='lat' dir='ltr'>et</span> <span class='ocrx_word' id='word_1_995' title='bbox 3394 5492 3496 5546; x_wconf 89' lang='lat' dir='ltr'>sibi</span> <span class='ocrx_word' id='word_1_996' title='bbox 3516 5492 3585 5553; x_wconf 85' lang='lat' dir='ltr'>de</span> 
     </span>
    </p>
   </div>
  </div>
