3960 6050
408 182 510 235 343

970 183 1025 237 S.
1068 179 1420 238 BRUNONIS
1458 179 2105 236 CARTHUSIANORUM
2142 180 2630 238 INSTITUTORIS
2668 181 2820 239 OPP.
2864 182 3038 238 PARS
3076 184 3143 239 ΙΙ.

3603 187 3708 243 344

413 312 608 358 εἱειειο
638 304 978 374 provideant.
1012 304 1319 360 Fornicatio
1350 320 1458 359 non
1487 312 1795 359 nominetur
1823 321 1875 357 in
1908 318 2008 359 vo-
2027 306 2083 363 A
2112 319 2236 359 cum
2265 306 2488 375 penitet
2518 321 2577 360 se
2605 306 2747 361 male
2774 306 2975 379 egisse.
3012 307 3109 362 Vel
3138 306 3293 362 aliter
3317 324 3330 361 :
3354 306 3550 363 Omnia
3580 325 3703 381 quae

413 392 518 456 bis,
535 396 637 446 aut
662 394 974 465 turpitudo,
993 398 1093 449 aut
1110 393 1551 463 stultiloquium,
1568 396 1669 447 aut
1690 393 2007 447 currilitas.

413 478 824 549 Turpitudinem
872 489 1029 536 vocat
1092 480 1491 534 attrectationes
1534 488 1583 533 et
1633 480 1752 532 illas
1810 479 2009 533 mulie-

414 583 534 620 rum
565 568 1003 623 deosculationes
1031 587 1045 633 ;
1078 567 1490 637 stultiloquium,
1522 568 1575 620 in
1607 567 1712 620 illis
1741 567 1832 638 qui
1863 567 2010 621 labo-

417 663 539 709 rant
567 655 813 725 apposite
855 656 1006 727 loqui
1049 656 1367 710 mulieribus
1416 656 1485 709 ad
1533 656 2000 725 persuadendum.

417 743 721 798 Scurrilitas
750 752 830 798 est
858 753 1074 814 pectere
1105 751 1158 799 et
1188 760 1384 798 ornare
1415 759 1474 797 se
1493 786 1505 807 ,
1542 751 1599 796 ut
1626 744 1870 813 placeant
1905 743 2011 797 illis

419 830 509 901 qui
534 831 776 899 judicant
806 832 1187 897 curialitatem,
1222 848 1342 902 quae
1372 830 1676 885 scurrilitas
1720 848 1835 885 non
1878 847 2011 902 per-

419 919 565 973 tinet
597 920 670 973 ad
702 936 839 984 rem,
876 920 930 973 id
961 928 1045 974 est
1073 935 1179 974 non
1211 927 1415 988 spectat
1447 920 1516 973 ad
1545 919 1781 989 aliquam
1812 919 2012 972 utilita-

418 1014 548 1075 tem,
569 1015 621 1061 et
648 1007 771 1060 ideo
802 1022 911 1062 non
936 1008 1241 1062 nominetur
1256 1008 1310 1061 in
1332 1007 1505 1070 vobis,
1530 1008 1625 1062 sed
1653 1008 1829 1077 magis
1861 1008 2011 1062 actio

416 1097 757 1167 gratiarum,
790 1096 843 1148 id
876 1104 957 1149 est
987 1096 1065 1150 sic
1094 1097 1320 1149 honeste
1353 1112 1451 1149 vos
1480 1096 1694 1159 habete,
1729 1105 1785 1148 ut
1826 1094 1879 1147 in
1910 1110 2011 1149 vo-

418 1182 501 1235 bis
550 1191 713 1254 agant
770 1183 971 1253 gratias
1027 1184 1142 1237 Deo
1201 1183 1289 1253 qui
1339 1183 1479 1237 bona
1527 1190 1709 1237 vestra
1758 1182 2008 1236 viderint.

416 1270 547 1324 Ideo
572 1271 689 1325 haec
717 1286 826 1347 non
855 1271 1198 1325 nominentur
1228 1270 1279 1322 in
1312 1270 1486 1335 vobis,
1524 1270 1650 1340 quia
1697 1270 1789 1340 qui
1818 1271 2011 1339 hujus-

416 1358 564 1411 modi
595 1366 695 1424 est,
731 1374 839 1412 non
868 1359 1029 1413 habet
1078 1358 1443 1412 haereditatem
1476 1358 1529 1410 in
1552 1374 1726 1427 regno
1758 1359 1877 1412 Dei.
1916 1358 2013 1411 Vel

412 1445 487 1499 ita
524 1464 537 1499 :
572 1447 694 1499 Non
726 1446 902 1499 solum
932 1446 1059 1499 ideo
1090 1462 1195 1499 non
1226 1446 1572 1500 nominentur
1593 1446 1645 1498 in
1678 1446 1850 1513 vobis,
1886 1445 2012 1515 quia

414 1549 525 1587 non
556 1533 827 1602 pertinent
849 1534 915 1586 ad
946 1549 1099 1598 rem;
1135 1534 1232 1587 sed
1264 1534 1423 1587 etiam
1451 1534 1573 1587 ideo
1615 1534 1738 1603 quia
1767 1532 2013 1587 auferunt

419 1637 649 1711 regnum
814 1620 973 1711 Quod
995 1622 1073 1676 sic
1093 1622 1166 1711 ait
1192 1640 1202 1674 :
1224 1624 1423 1711 scitote
1458 1624 1577 1711 hoc,
1604 1623 2006 1711 intelligentes,
2030 1652 2081 1711 Β

413 1709 468 1763 id
500 1717 582 1763 est
612 1709 1165 1779 subtiliintelligentia
1195 1711 1299 1765 hoc
1328 1710 1701 1778 discutientes,
1725 1710 1865 1781 quod
1894 1726 2010 1766 om-

413 1800 506 1852 nis
528 1800 862 1867 fornicator,
879 1804 981 1852 aut
998 1800 1345 1861 immundus,
1362 1802 1462 1852 aut
1486 1814 1710 1864 avarus,
1727 1796 1886 1868 quod,
1907 1797 2010 1851 sci-

412 1884 541 1940 licet
571 1900 799 1939 avarum
823 1901 944 1939 esse
976 1890 1060 1939 est
1088 1887 1330 1940 servitus
1362 1886 1663 1940 idolorum.
1696 1887 1831 1938 Dum
1865 1885 2010 1939 enim

414 1988 608 2026 avarus
650 1973 826 2044 magis
872 1972 1047 2042 diligit
1098 1973 1382 2042 pecuniam
1432 1988 1595 2043 quam
1644 1974 1836 2040 Deum,
1892 1988 2009 2027 eam

414 2061 519 2114 sibi
550 2060 679 2115 facit
726 2061 919 2114 Deum.
950 2060 1285 2126 Fornicator,
1324 2061 1562 2131 inquam,
1595 2076 1717 2115 cum
1760 2060 1865 2113 illis
1895 2077 2009 2116 non

415 2148 577 2202 habet
612 2147 1001 2202 [nereditatem
1032 2149 1095 2202 in
1124 2165 1291 2219 regno
1316 2148 1524 2203 Christi
1554 2152 1609 2202 et
1639 2149 1755 2215 Dei,
1780 2155 1833 2201 et
1852 2164 1919 2202 ne
1937 2148 2007 2201 ab

414 2235 727 2289 haereditate
778 2235 934 2306 regni
982 2235 1141 2289 alieni
1188 2235 1305 2288 sitis
1341 2236 1536 2290 videte.
1586 2236 1753 2290 Nemo
1782 2235 2011 2290 seducat

410 2340 499 2377 vos
528 2322 705 2377 verbis
737 2322 1021 2386 inanibus,
1047 2322 1104 2375 id
1128 2331 1210 2377 est
1241 2322 1388 2376 falsis
1412 2331 1461 2377 et
1492 2322 1863 2377 mendacibus.
1897 2323 2010 2377 Hoc

416 2410 488 2464 ait
515 2418 740 2480 propter
770 2410 892 2463 illos
921 2410 1241 2477 Nicolaitas,
1273 2411 1363 2480 qui
1410 2411 1708 2465 suadebant
1738 2411 1853 2464 Deo
1900 2425 2009 2464 non

417 2498 710 2568 displicere
742 2515 1077 2568 quaecunque
1105 2500 1362 2553 carnalia.

490 2586 703 2652 Videte,
724 2602 884 2640 nemo
906 2586 1127 2641 seducat
1144 2603 1241 2641 vos
1266 2606 1280 2648 ς
1314 2589 1451 2642 Nam
1481 2593 1713 2660 prepter
1744 2590 1859 2644 haec
1890 2605 2011 2659 qua:

416 2675 664 2745 superius
710 2674 984 2743 prohibita
1031 2683 1172 2740 sunt,
1206 2678 1363 2729 venit
1408 2677 1517 2741 ira,
1541 2676 1595 2729 id
1648 2686 1729 2731 est
1778 2677 2011 2732 vindicta

415 2764 515 2818 Dei
543 2763 604 2816 in
631 2762 777 2830 ﬁlios
808 2762 1154 2832 difﬁdentia,
1188 2762 1242 2815 id
1275 2770 1355 2817 est
1403 2779 1633 2833 quorum
1684 2766 1851 2819 salute
1901 2764 2009 2819 dif-

417 2850 654 2917 ﬁdimus,
674 2850 759 2904 vel
790 2850 879 2919 qui
909 2850 977 2903 de
1007 2850 1181 2904 salute
1207 2850 1307 2904 Dei
1328 2850 1589 2906 difﬁdunt.
1624 2854 1691 2906 Et
1720 2854 1845 2923 quia
1876 2868 2011 2923 pro-

417 2946 539 3010 pter
576 2939 691 2993 haec
722 2938 866 2992 venit
905 2938 983 2991 ira
1012 2938 1131 3004 Dei,
1153 2955 1278 3009 ergo
1312 2940 1489 2994 nolite
1524 2941 1667 3010 efﬁci
1703 2941 2011 3012 participes

2109 402 2407 465 arguuntur
2434 394 2695 448 alumine
2743 394 2906 463 (sicut
2945 395 3145 450 dictum
3197 396 3301 465 est)
3348 396 3706 451 manifestan-

2109 490 2194 535 tur
2232 481 2364 551 ipsis
2413 482 2504 551 qui
2555 483 3065 551 reprehenduntur;
3098 483 3250 552 prius
3294 484 3437 539 enim
3487 486 3708 556 ignora-

2113 570 2240 623 bant
2270 570 2483 639 pondus
2531 570 2735 639 peccati
2766 571 2865 633 sui,
2899 571 3045 640 quod
3075 587 3175 640 per
3221 573 3706 641 reprehensionem

2111 666 2435 729 agnoscunt.
2483 658 2656 712 Omne
2713 663 2905 713 autem
2957 660 3099 729 quod
3156 660 3237 714 sic
3292 662 3706 731 manifestatur

2115 747 2307 800 lumen
2337 749 2440 810 est,
2477 745 2599 816 quia
2629 746 2684 799 in
2716 761 2780 800 eo
2811 746 2954 817 quod
2976 746 3088 814 jam
3107 748 3390 819 cognoscit
3422 756 3706 817 peceatum

2113 850 2291 898 suum,
2321 833 2723 904 quodammodo
2744 833 3100 900 illuminatur,
3117 843 3168 889 et
3192 836 3590 907 appropinquat
3607 837 3705 905 ju-

2112 920 2290 975 stitiae.
2328 923 2564 992 Propter
2597 921 2739 993 quod
2781 922 3271 991 comprobandum,
3313 924 3519 978 scilicet
3558 924 3707 995 quod

2110 1005 2352 1059 tenebras
2368 1003 2499 1059 fiunt
2528 1004 2710 1059 lumen
2720 1022 2820 1075 per
2833 1006 3340 1074 manifestationem,
3364 1008 3502 1062 dicit
3535 1007 3707 1078 Spiri-

2112 1100 2198 1146 tus
2220 1101 2442 1148 sanctus
2472 1093 2525 1145 in
2554 1109 2661 1147 me.
2721 1095 2849 1148 Haec
2900 1094 3044 1148 enim
3094 1094 3380 1149 auctoritas
3425 1094 3554 1149 alibi
3597 1111 3711 1151 non

2113 1180 2380 1235 invenitur
2408 1181 2463 1233 in
2496 1181 2805 1250 Scripturis.
2858 1181 3017 1250 Dicit,
3052 1182 3288 1253 inquam,
3322 1183 3395 1237 ita
3429 1201 3442 1237 :
3481 1186 3556 1238 Tu
3612 1186 3713 1254 qui

2112 1268 2323 1322 dormis
2344 1284 2442 1337 per
2462 1268 2823 1339 ignorantiam
2848 1269 2902 1322 in
2923 1277 3150 1339 peccato
3177 1286 3367 1341 :surge
3399 1287 3495 1340 per
3524 1271 3711 1343 cogni-

2111 1355 2311 1409 tionem
2340 1358 2572 1425 peccati,
2623 1373 2717 1411 seu
2764 1374 2863 1426 per
2909 1357 3326 1423 confessionem,
3385 1366 3437 1413 et
3485 1358 3707 1431 cognito

2111 1451 2338 1513 peccato
2395 1460 2634 1515 exsurge
2665 1462 2698 1499 a
2726 1447 2986 1509 mortuis,
3036 1445 3090 1499 id
3136 1453 3218 1500 est
3246 1461 3275 1499 a
3302 1446 3541 1515 peccatis
3586 1463 3710 1517 quae

2111 1539 2373 1601 generant
2406 1540 2655 1586 mortem.
2706 1533 2802 1587 Vel
2849 1548 2877 1585 a
2924 1532 3173 1597 mortuis,
3222 1533 3277 1586 id
3304 1541 3387 1587 est
3414 1549 3447 1587 a
3476 1549 3707 1588 numero

2110 1626 2479 1684 mortuorum,
2531 1620 2584 1671 id
2632 1628 2713 1673 est
2766 1628 3115 1689 peccatorum
3140 1660 3153 1686 ,
3198 1618 3443 1675 faciendo
3501 1620 3706 1675 fructus

2110 1706 2309 1777 dignos
2338 1706 2667 1776 poenitentia:
2698 1715 2749 1761 et
2781 1707 2858 1763 sic
2889 1708 2983 1761 tibi
3014 1708 3324 1779 exsurgenti
3354 1709 3710 1765 illuminabit

2116 1795 2389 1859 Christus,
2422 1794 2477 1847 in
2508 1794 2783 1849 fundendo
2812 1796 3047 1866 gratiam

2182 1882 2326 1936 Dixit
2356 1882 2605 1951 superius
2635 1883 2941 1954 redarguite
2974 1899 3136 1953 opera
3165 1884 3511 1939 tenebrarum
3536 1901 3551 1949 ;
3584 1900 3707 1954 quas

2112 1968 2255 2023 enim
2307 1978 2610 2040 arguuntur
2658 1986 2758 2040 per
2809 1970 3319 2034 manifestationem,
3352 1972 3420 2025 de
3468 1971 3709 2026 tenebris

2114 2056 2355 2112 250
2388 2056 2521 2111 ﬁunt
2550 2058 2749 2121 lumen,
2778 2066 2827 2112 et
2870 2058 2995 2128 quia
3022 2058 3091 2112 de
3138 2059 3524 2131 redargutione
3554 2066 3707 2114 tanta

2112 2145 2356 2215 sequitur
2385 2145 2586 2199 utilitas
2617 2153 2673 2199 ut
2704 2147 2848 2217 quod
2892 2146 3239 2201 tenebrosum
3271 2156 3351 2202 est
3381 2147 3470 2201 ﬁat
3501 2148 3703 2201 lumen.

2112 2234 2303 2304 Itaque
2332 2236 2544 2302 fratres
2578 2234 2889 2303 redarguite
2928 2250 3095 2304 opera
3144 2236 3489 2289 tenebrarum
3524 2254 3536 2289 :
3570 2244 3622 2289 et
3653 2244 3709 2289 ut

2113 2320 2285 2374 libere
2308 2320 2664 2391 redarguatis,
2688 2322 2867 2376 videte
2898 2323 3164 2393 quomodo
3187 2323 3490 2377 ambuletis
3518 2327 3704 2389 caute,

2112 2406 2165 2461 id
2197 2416 2277 2461 est
2305 2424 2371 2461 ne
2406 2407 2543 2462 forte
2573 2409 2873 2463 inveniatur
2912 2409 2965 2462 in
2995 2410 3170 2477 vobis,
3206 2411 3348 2481 quod
3380 2411 3432 2463 in
3463 2410 3580 2464 aliis
3611 2427 3706 2465 re-

2111 2494 2390 2566 darguitis.
2432 2497 2603 2551 Caute
2647 2497 2966 2563 ambuletis,
2991 2513 3107 2551 non
3136 2499 3297 2569 quasi
3326 2500 3703 2569 insipientes;

2113 2582 2203 2651 qui
2248 2582 2390 2636 enim
2423 2584 2568 2653 quod
2615 2583 2670 2637 in
2701 2600 2759 2638 se
2789 2592 2890 2652 est,
2925 2585 2979 2637 in
3010 2585 3113 2639 alio
3161 2586 3531 2655 reprehendit,
3566 2586 3704 2639 insi-

2112 2670 2322 2739 pienter
2369 2671 2499 2741 agit,
2535 2671 2660 2725 dum
2712 2672 2856 2742 quod
2886 2672 2988 2725 sibi
3031 2674 3084 2725 in
3115 2673 3221 2727 alio
3268 2673 3517 2743 displicet
3545 2673 3600 2726 in
3643 2690 3704 2728 se

2112 2758 2214 2811 sibi
2236 2758 2415 2828 placet
2440 2777 2451 2812 :
2476 2760 2595 2813 Non
2618 2762 2777 2831 quasi
2806 2762 3160 2832 insipientes,
3186 2760 3281 2816 sed
3311 2765 3374 2815 ut
3394 2763 3703 2833 sapientes,

2112 2846 2168 2899 id
2198 2854 2279 2899 est
2309 2846 2460 2915 prius
2509 2856 2809 2917 purgantes
2840 2848 3243 2915 conscientiam,
3279 2856 3331 2903 et
3360 2856 3487 2903 tunc
3533 2849 3708 2903 libere

2111 2933 2252 2986 mala
2282 2934 2512 3003 proximi
2558 2936 2973 3006 redarguentes.
3008 2936 3197 3003 Caute,
3232 2936 3472 3007 inquam,
3508 2937 3707 2991 ambu-

421 3043 635 3092 eorum,
663 3025 718 3080 id
748 3034 829 3080 est
872 3026 1264 3090 fornicationis,
1299 3026 1668 3093 immunditiis,
1700 3036 1785 3082 aut
1830 2997 2012 3082 avari-
2036 2997 2081 3057 Ο
2111 3020 2234 3075 late.
2254 3023 2366 3075 Nos
2383 3022 2880 3091 dico,redimentes
2915 3024 3477 3094 tempus.Secundum
3490 3025 3704 3078 beatum

421 3116 528 3169 tiaa.
562 3115 690 3169 Ideo
721 3129 830 3169 non
871 3113 1081 3168 debetis
1103 3114 1431 3184 participare
1459 3115 1563 3181 his,
1591 3115 1711 3185 quia
1732 3116 1895 3170 modo
1912 3115 2014 3169 dif-

424 3202 616 3257 ficilius
644 3209 788 3256 esset
819 3201 973 3256 vobis
1010 3216 1255 3271 peccare,
1289 3218 1451 3273 quam
1494 3203 1660 3268 olim;
1696 3211 1822 3259 tunc
1869 3203 2013 3257 enim

423 3306 525 3361 per
554 3289 931 3360 ignorantiam,
966 3290 1064 3343 sed
1110 3306 1253 3345 nunc
1300 3291 1595 3360 prudentes
1638 3308 1855 3345 manum
1885 3292 2014 3344 mit-

426 3378 612 3433 teretis
642 3378 696 3431 in
726 3378 929 3450 ignem.
975 3377 1135 3445 Quod
1179 3378 1257 3433 sic
1306 3379 1377 3431 ait
1412 3395 1423 3433 :
1461 3381 1647 3434 Eratis
1690 3381 2010 3452 aliquando,

426 3466 481 3520 id
511 3473 592 3520 est
621 3472 745 3520 ante
777 3463 940 3519 fidem
972 3466 1235 3530 tenebras,
1268 3466 1322 3519 id
1354 3473 1432 3520 est
1474 3466 1827 3538 ignorantes;
1861 3482 2015 3521 nunc

427 3558 621 3609 autem
640 3555 742 3608 lua:
764 3554 824 3607 in
846 3554 1096 3619 Domino,
1122 3553 1173 3606 id
1197 3562 1278 3608 est
1299 3554 1582 3608 illuminati
1596 3571 1695 3624 per
1707 3555 2012 3609 Dominum.

426 3644 493 3697 Et
523 3642 646 3697 ideo
677 3642 964 3696 ambulate
1008 3645 1073 3696 ut
1120 3643 1232 3711 ﬁlii
1278 3644 1418 3697 lucis
1466 3642 1666 3697 debent
1712 3643 2014 3697 ambulare.

429 3730 727 3785 Ambulate
757 3730 879 3783 dico
910 3728 964 3781 in
994 3729 1140 3783 omni
1186 3730 1424 3784 bonitate
1452 3730 1635 3783 habita
1675 3729 1727 3782 in
1759 3730 1931 3793 vobis,
1967 3738 2020 3784 et

423 3818 632 3887 justitia
662 3826 870 3871 servata
902 3816 972 3870 ad
1001 3817 1326 3886 proximum,
1363 3826 1416 3871 et
1447 3818 1501 3870 in
1530 3818 1753 3872 veritate
1800 3827 1858 3871 ut
1888 3834 2020 3873 vera

431 3906 603 3960 verba
633 3904 841 3959 dicatis.
879 3905 1005 3958 Ideo
1035 3905 1095 3958 in
1129 3906 1213 3958 his
1243 3904 1368 3974 quia
1398 3905 1476 3960 sic
1497 3906 1771 3960 ambulare
1801 3913 1883 3959 est
1911 3922 2020 3961 non

435 3990 751 4062 simpliciter
780 4006 938 4060 opus,
970 3992 1066 4044 sed
1114 3994 1337 4061 fructus
1370 3994 1530 4058 lucis,
1565 3994 1617 4046 id
1647 4002 1730 4047 est
1777 3992 2019 4048 fructife-

432 4096 553 4134 rum
582 4096 717 4149 Opus
748 4078 1188 4133 illuminatorum.
1236 4080 1535 4135 Ambulate
1582 4085 1647 4135 ut
1695 4082 1805 4148 filii
1854 4083 2016 4149 lucis,

434 4168 751 4240 probantes,
780 4167 830 4220 id
848 4175 929 4221 est
951 4168 1302 4237 probabiliter
1324 4169 1754 4234 considerantes,
1774 4169 1915 4241 quod
1936 4174 2020 4224 est

434 4257 847 4326 beneplacitum
892 4256 1020 4309 Deo.
1053 4256 1119 4308 Et
1150 4264 1205 4309 ut
1234 4257 1377 4326 quod
1426 4256 1820 4327 beneplacitum
1851 4266 1931 4311 est
1970 4258 2020 4312 ei

2117 3109 2441 3179 Gregorium
2474 3117 2685 3179 tempus
2714 3111 3005 3179 redimere,
3039 3119 3121 3165 est
3150 3119 3393 3165 anteacta
3430 3112 3571 3166 mala
3602 3112 3705 3166 tle-

2117 3197 2257 3251 tibus
2288 3197 2513 3253 diluere.
2548 3199 2677 3252 Cum
2710 3199 2852 3252 enim
2883 3199 3024 3254 male
3066 3200 3301 3270 agimus,
3336 3207 3546 3269 tempus
3575 3216 3708 3269 per-

2118 3284 2294 3339 dimus
2319 3304 2331 3351 ;
2365 3302 2489 3340 eum
2517 3302 2649 3341 vero
2676 3286 2815 3340 mala
2845 3304 2967 3357 quae
3009 3287 3279 3358 gessimus
3308 3303 3407 3357 per
3435 3287 3710 3357 paeniten—

2118 3373 2244 3427 tiam
2274 3374 2646 3442 emendamus,
2681 3383 2732 3429 et
2760 3375 3019 3444 deinceps
3058 3375 3196 3429 bene
3228 3374 3462 3446 agimus,
3496 3384 3710 3446 tempus

2117 3461 2388 3530 perditum
2415 3462 2748 3516 redimimus.
2786 3462 2880 3517 Vel
2912 3462 3270 3529 redimentes,
3307 3463 3359 3516 id
3392 3471 3472 3517 est
3502 3479 3714 3533 praepa-

2118 3558 2301 3603 rantes
2332 3550 2486 3603 vobis
2519 3558 2748 3619 tempus.
2784 3551 2933 3605 Tunc
2962 3551 3104 3604 enim
3135 3558 3348 3621 tempus
3368 3551 3705 3621 redimimus,

2118 3652 2239 3691 cum
2272 3652 2371 3691 nos
2401 3638 2469 3691 ad
2490 3638 2761 3709 agendum
2791 3638 2936 3708 quod
2966 3639 3166 3694 bonum
3187 3639 3284 3693 sed
3314 3639 3538 3694 idoneos
3568 3655 3710 3709 pra:-

2118 3740 2393 3794 paramus.
2444 3725 2591 3779 Sicut
2633 3726 2777 3779 enim
2808 3726 2898 3796 qui
2929 3727 3069 3781 male
3098 3727 3229 3799 agit,
3265 3735 3475 3797 tempus
3504 3728 3700 3797 perdit,

2118 3812 2195 3866 sic
2244 3813 2335 3882 qui
2382 3812 2520 3867 bene
2568 3812 2681 3885 agit
2722 3822 2933 3884 tempus
2988 3814 3206 3884 quidem
3255 3815 3433 3880 habet,
3470 3814 3567 3869 sed
3597 3830 3707 3869 non

2119 3900 2372 3963 redimit;
2407 3901 2501 3954 sed
2532 3902 2884 3971 praeparando
2914 3918 2992 3967 se,
3027 3910 3082 3955 ut
3113 3902 3181 3955 sit
3210 3902 3438 3957 idoneus
3468 3902 3536 3955 ad
3566 3902 3706 3957 bene

2118 3988 2413 4059 agendum,
2447 3989 2529 4041 his
2559 3989 3046 4059 praeparationibus
3075 3998 3285 4059 tempus
3316 3990 3586 4045 redimere
3616 3989 3707 4044 di-

2118 4076 2272 4131 citur.
2311 4077 2498 4131 Videte
2530 4085 2586 4130 ut
2616 4086 2769 4132 caute
2798 4077 3104 4143 ambuletis,
3139 4086 3191 4133 et
3221 4086 3433 4147 tempus
3462 4079 3697 4133 redimav

2120 4163 2207 4229 tis,
2240 4165 2503 4235 quoniam
2554 4165 2669 4219 dies
2717 4166 2876 4232 mali,
2911 4165 2965 4219 id
3012 4173 3093 4219 est
3134 4166 3383 4220 homines
3413 4166 3467 4219 in
3514 4166 3707 4219 diebus

2120 4250 2237 4304 istis
2255 4252 2384 4306 mali
2403 4257 2557 4307 sunt.
2592 4253 2657 4306 Et
2672 4258 2969 4323 prapterea
2999 4253 3255 4323 quoniam
3277 4254 3393 4308 dies
3413 4254 3540 4308 mali
3562 4261 3704 4319 sunt,

430 4343 661 4409 faciatis,
689 4346 866 4398 nolite
895 4346 1313 4399 communicare
1344 4346 1598 4415 operibus
1633 4346 2014 4411 tenebrarum,
2040 4343 2091 4400 D
2118 4341 2294 4395 nolite
2322 4341 2448 4407 ﬁeri
2477 4342 2880 4411 imprudentes,
2907 4341 2958 4395 id
2978 4349 3059 4395 est
3078 4342 3701 4413 improvidearguentes,

429 4430 485 4485 id
517 4438 600 4485 est
632 4431 1060 4485 tenebrosorum.
1096 4430 1365 4501 Operibus
1391 4432 1513 4487 dico
1561 4434 1933 4503 infructuosis
1965 4440 2016 4487 et

427 4518 723 4585 inutilibus,
741 4519 907 4573 nolite
929 4520 1353 4585 communicare,
1369 4521 1464 4575 sed
1488 4522 1667 4590 magis
1691 4522 2015 4591 redarguite

425 4622 592 4677 opera
622 4607 985 4661 tenebrarum.
1020 4607 1141 4660 Non
1172 4607 1382 4661 debetis
1426 4608 1848 4672 communicare,
1883 4609 2014 4678 quia

426 4694 591 4762 turpe
610 4694 691 4745 est
713 4692 885 4745 etiam
907 4691 1325 4754 dicere,nedum
1344 4693 1531 4759 facere
1549 4706 1614 4743 ea
1635 4707 1756 4761 quw
1775 4692 1926 4757 ﬁunt
1946 4691 2013 4743 ab

420 4778 561 4849 ipsis
591 4780 652 4834 in
681 4778 913 4833 occulto.
954 4800 974 4824 «
1012 4776 1116 4845 Qui
1148 4778 1290 4831 enim
1333 4776 1477 4829 male
1521 4777 1634 4847 agit
1680 4777 1851 4831 lucem
1901 4778 2014 4831 odit

420 4866 601 4935 (Joan.
638 4881 716 4930 ιιι,
749 4868 859 4935 20).
890 4885 913 4914 ι
939 4865 1117 4934 Opera
1136 4864 1477 4918 tenebrarum
1500 4864 1830 4935 redarguite.
1853 4864 2012 4919 Modo

421 4952 648 5005 assumit
675 4968 685 5005 :
715 4954 917 5007 Omnia
938 4962 1130 5006 autem
1160 4968 1281 5023 qua?
1301 4955 1623 5022 arguuntur
1642 4970 1676 5007 a
1707 4953 2012 5017 lumine,id

420 5046 500 5093 est
555 5041 1024 5107 reprehenduntur
1084 5040 1149 5092 ab
1200 5039 1541 5104 illuminatis,
1602 5040 2013 5094 manifestantur

416 5141 517 5196 per
564 5126 983 5195 confessionem,
1032 5135 1083 5181 et
1129 5127 1256 5181 dum
1304 5130 1627 5197 arguuntur
1688 5128 1909 5197 poenitet
1951 5144 2011 5182 se

415 5214 557 5269 male
607 5214 808 5284 egisse.
861 5216 928 5268 Et
973 5215 1101 5268 utile
1151 5222 1233 5269 est
1264 5215 1307 5268 si
1355 5214 1785 5269 manifestantur.
1835 5216 2010 5269 Omne

418 5302 563 5357 enim
612 5302 755 5373 quod
788 5302 865 5357 sic
911 5319 1007 5372 per
1054 5302 1452 5358 confessionem
1503 5301 1877 5357 manifestatur
1919 5303 2007 5357 lu-

415 5406 541 5447 men
571 5390 736 5447 estid
767 5398 847 5446 est
886 5390 994 5459 jam
1040 5390 1229 5461 incipit
1271 5390 1476 5445 essein
1528 5389 1731 5445 lumine
1767 5390 2004 5461 justitise,

2118 4427 2213 4481 sed
2244 4429 2653 4496 intelligentcs,
2677 4428 2727 4481 id
2751 4437 2832 4483 est
2854 4444 2919 4482 ex
2940 4428 3299 4500 intelligentia
3330 4437 3381 4483 et
3413 4430 3705 4485 calliditate

2118 4514 2256 4567 mala
2285 4515 2513 4583 proximi
2562 4515 2935 4585 corripientes.
2969 4517 3377 4587 Intelligentes,
3411 4517 3550 4583 dico,
3584 4534 3705 4587 qua:

2114 4602 2189 4656 sit
2232 4603 2513 4656 voluntas.
2559 4603 2801 4656 Domini.
2826 4603 3088 4657 Voluntas
3118 4605 3259 4658 enim
3290 4604 3389 4659 Dei
3419 4612 3501 4659 est
3531 4604 3708 4674 magis

2114 4688 2381 4742 humiliter
2427 4689 2869 4745 condescendere
2911 4692 3178 4760 proximo,
3214 4707 3375 4761 quam
3404 4692 3570 4745 nimia
3613 4707 3707 4745 as-

2114 4775 2339 4844 peritate
2370 4792 2489 4829 eum
2529 4778 2823 4833 deterrere.
2857 4779 3035 4833 Nolite
3074 4778 3193 4833 fieri
3223 4779 3614 4848 imprudentes,
3650 4784 3705 4835 et

2114 4864 2289 4918 nolite
2320 4864 2595 4920 inebriari
2626 4867 2775 4931 vino,
2811 4869 2874 4920 in
2903 4884 3007 4938 quo
3038 4867 3162 4921 vino
3183 4871 3266 4922 est
3297 4882 3422 4921 cum
3443 4867 3706 4921 ebrietate

2116 4952 2351 5006 luxuria
2373 4972 2390 5018 ,-
2416 4952 2509 5006 sed
2541 4953 2907 5008 inebriamini
2938 4955 3155 5025 Spiritu
3193 4959 3405 5009 sancto.
3440 4954 3596 5022 Quod
3627 4954 3707 5010 sic

2112 5038 2213 5093 ait:
2235 5040 2559 5110 Implemini
2574 5041 2790 5111 Spiritu
2812 5046 3028 5109 sancto,
3051 5044 3335 5113 loquentes
3360 5044 3707 5114 vobismetip-

2110 5127 2205 5191 sis,
2240 5126 2292 5180 id
2323 5134 2405 5179 est
2441 5144 2562 5180 cum
2591 5128 2859 5183 intellectu
2910 5146 3099 5183 eorum
3129 5146 3248 5200 quae
3297 5130 3570 5199 profertis.
3602 5132 3704 5184 Lo-

2110 5214 2519 5285 quentes,dico,
2540 5218 2601 5271 in
2630 5218 2884 5288 psalmis.
2923 5218 3165 5271 Psalmus
3186 5218 3384 5272 dicitur
3403 5226 3595 5273 cantus
3611 5218 3701 5273 ille

2110 5302 2202 5371 qui
2244 5310 2390 5357 motu
2434 5320 2689 5358 manuum
2720 5304 2775 5359 tit
2802 5305 2856 5358 in
2903 5305 3258 5359 instrumento
3287 5306 3403 5370 illo,
3436 5306 3580 5376 quod
3610 5305 3700 5359 di-

2110 5389 2250 5445 citur
2277 5390 2614 5463 psalterium.
2647 5393 2801 5449 Unde
2832 5393 2911 5449 sic
2940 5394 3008 5447 ait
3042 5408 3053 5447 :
3085 5396 3391 5466 Loquentes
3434 5394 3497 5449 in
3540 5394 3701 5468 psal—
