3960 6050
227 212 335 267 345

832 204 1209 263 EXPOSITlO
1240 205 1314 261 IN
1351 203 1733 262 EPISTOLAS
1781 205 2007 261 PAULI.
2042 236 2111 246 —
2141 205 2216 261 IN
2246 205 2465 262 EPIST.
2516 206 2611 261 AD
2656 207 2904 263 EPHES.
2964 218 2965 221 ‘

3416 213 3520 268 346

226 335 360 399 mis,
416 331 472 386 id
520 337 600 385 est
646 330 699 384 in
751 330 834 384 his
864 346 986 401 quae
1013 329 1284 400 pertinent
1314 328 1385 383 ad
1412 328 1825 383 instructionem
1850 331 1899 389 Α
1928 345 2074 384 sum.
2129 330 2277 385 Uxor
2325 328 2467 383 enim
2516 346 2637 385 cara
2681 329 2782 385 viri
2829 338 2929 396 est,
2976 337 3029 385 et
3058 330 3183 387 ideo
3213 332 3372 387 debet
3402 349 3524 388 eam

226 419 598 476 mortalitatis.
631 421 939 490 Loquentes
987 421 1049 472 in
1090 417 1335 488 hymnis.
1367 418 1612 486 Hymnus
1641 416 1836 471 dicitur

227 510 354 563 laus
382 508 481 563 Dei
511 523 636 564 cum
665 508 912 571 cantico;
948 507 1180 575 hymnos
1210 505 1373 559 etiam
1407 505 1495 559 hic
1539 512 1716 572 vocat,
1749 504 1836 559 vel

227 597 425 651 laudes
452 596 551 650 Dei
581 595 668 649 vel
699 603 857 666 gesta
886 603 1197 649 sanctorum
1227 592 1477 647 similiter
1503 593 1573 646 ad
1601 592 1836 663 gloriam

230 685 356 739 Dei.
380 687 691 755 Loquentes
714 683 958 738 etiamin
979 683 1221 737 canticis
1254 682 1629 753 spiritalibus.
1656 680 1836 734 Canti-

223 788 354 827 cum
408 772 606 827 dicitur
651 770 937 826 exsultatio
966 770 1034 825 de
1064 769 1270 825 caalesti
1301 770 1464 835 bono,
1499 777 1553 823 et
1607 768 1732 823 ideo
1762 768 1837 823 ait

224 860 565 931 spiritalibus
602 875 613 913 :
675 859 871 930 quibus
928 858 1154 913 canticis
1182 858 1417 911 maxime
1463 866 1681 910 utuntur
1710 872 1835 911 mo-

223 949 411 1014 nachi,
444 955 671 1019 agentes
703 947 775 1000 ibi
807 946 862 1000 in
909 946 1181 1000 desiderio
1212 945 1406 999 futurae
1455 944 1824 999 beatitudinis.

226 1038 355 1092 Non
379 1037 555 1091 solum
585 1051 711 1091 cum
744 1034 1020 1090 intellectu
1053 1036 1338 1105 loquentes
1377 1034 1640 1103 psalmos,
1672 1034 1831 1103 hym-

224 1140 351 1193 nos,
382 1125 610 1187 cantica,
666 1124 763 1179 sed
817 1123 980 1177 etiam
1010 1130 1301 1193 operantes
1332 1123 1476 1193 quod
1507 1123 1823 1192 loquuntur.

228 1212 393 1281 Quod
444 1213 522 1267 sic
565 1214 681 1266 ait:
721 1212 1030 1267 Cantantes
1074 1211 1129 1264 in
1180 1210 1395 1280 hymnis
1440 1215 1496 1265 et
1524 1210 1832 1277 canticis,et

222 1302 564 1371 psallentes,
601 1300 654 1353 id
677 1308 759 1355 est
780 1300 920 1354 bene
941 1307 1230 1369 operantes
1268 1298 1320 1351 in
1342 1297 1585 1367 psalmis.
1607 1299 1835 1352 Cantare

233 1389 289 1442 in
348 1388 567 1459 hymnis
626 1395 678 1442 et
709 1386 929 1443 canticis
986 1402 1083 1457 pro
1116 1386 1280 1441 modo
1337 1402 1437 1440 suo
1466 1385 1681 1455 operari
1728 1392 1831 1440 est.

238 1476 555 1532 Cantantes
609 1476 751 1544 dico,
785 1480 841 1531 et
877 1476 1190 1547 psallentes
1230 1476 1465 1531 Domino
1488 1475 1550 1529 in
1578 1475 1833 1529 cordibus

226 1566 453 1628 vestris,
488 1564 541 1617 id
573 1572 655 1618 est
676 1580 740 1619 ex
766 1563 1057 1619 dilectione
1078 1578 1187 1618 non
1207 1562 1359 1633 quasi
1386 1562 1578 1627 coacti;
1603 1566 1833 1631 agentes

1936 416 2187 487 diligere.
2249 418 2417 472 Nemo
2463 420 2617 472 enim
2639 434 2889 489 unquam
2923 419 3122 473 habuit
3151 419 3275 477 odio
3294 436 3526 475 carnem

1934 520 2118 569 suam,
2165 506 2261 559 sed
2305 507 2494 560 nutrit
2525 506 2680 571 cibis,
2726 510 2784 561 et
2819 509 2968 577 fovet
3004 523 3129 562 eam
3159 508 3520 563 vestimentis.

1934 593 2199 662 Martyres
2256 592 2421 647 etiam
2476 594 2567 664 qui
2640 608 2835 649 carnes
2892 609 3020 649 suas
3076 595 3409 652 tradiderunt
3461 596 3530 650 ad

1934 679 2137 753 ignem,
2172 680 2424 735 dicentur
2454 681 2712 736 dilexisse
2753 697 2994 747 carnem,
3027 682 3155 737 dum
3186 699 3305 738 eam
3334 684 3528 739 volue-

1934 776 2059 820 runt
2089 767 2202 837 pati
2222 768 2289 821 ad
2322 769 2531 834 horam,
2567 776 2623 822 ut
2651 768 2730 823 sic
2760 770 3128 840 requiesceret
3159 770 3211 824 in
3244 778 3526 838 aeternum,

1936 854 2085 909 Sicut
2140 854 2387 909 inﬁrmus
2437 856 2528 925 qui
2572 872 2797 911 carnem
2842 872 2996 911 suam
3028 858 3240 913 medico
3272 859 3435 913 tradit
3458 861 3531 915 ad

1934 943 2220 1009 urendum,
2274 952 2327 998 et
2382 944 2698 1010 secandum,
2746 953 2803 998 ut
2849 962 2947 1015 per
2992 946 3343 1016 asperitatem
3373 947 3531 1002 unius

1932 1030 2040 1084 diei
2090 1031 2287 1085 habeat
2331 1031 2495 1100 longo
2540 1040 2788 1102 tempore
2821 1033 3059 1103 quietam
3087 1034 3370 1090 sanitatem
3400 1050 3530 1090 cor-

1932 1118 2101 1188 poris.
2135 1119 2313 1173 Nutrit
2342 1120 2465 1174 dico
2498 1128 2550 1175 et
2576 1120 2740 1185 fovet,
2781 1124 2931 1176 sicut
2964 1123 3227 1178 Christus
3273 1123 3438 1176 nutrit
3478 1130 3534 1178 et

1934 1205 2079 1260 fovet
2108 1208 2418 1262 Ecclesium
2439 1208 2647 1263 scilicet
2668 1224 2769 1263 nos
2789 1209 2880 1279 qui
2900 1210 3145 1265 Ecclesia
3167 1212 3283 1278 ejus
3304 1227 3489 1265 sumus
3513 1229 3528 1277 ;

1934 1294 2059 1348 ideo
2087 1294 2255 1348 nutrit
2276 1311 2395 1360 nos,
2430 1296 2727 1351 Ecclesium
2762 1312 2938 1363 suam,
2969 1314 3078 1368 qua
3106 1314 3301 1353 sumus
3348 1315 3529 1353 mem-

1934 1382 2034 1437 bra
2066 1386 2314 1453 corporis
2340 1386 2461 1453 ejus
2492 1384 2714 1451 Christi,
2759 1384 2813 1437 id
2840 1392 2920 1439 est
2950 1384 3229 1440 Ecclesiae.
3262 1386 3375 1441 Nos
3407 1386 3531 1442 dico

1932 1469 2233 1525 existentes
2292 1470 2513 1541 quidam
2561 1472 2627 1526 de
2684 1487 2857 1526 carne
2915 1474 3054 1540 eius.
3086 1472 3152 1526 Hi
3181 1480 3306 1526 sunt
3334 1472 3533 1529 inﬁmi

1932 1556 2111 1611 minus
2142 1557 2308 1613 fortes
2337 1558 2393 1611 in
2424 1558 2693 1614 Ecclesia.
2729 1558 2962 1627 Quidam
2992 1575 3122 1615 vero
3149 1560 3445 1615 existentes
3466 1561 3531 1615 de

230 1653 397 1708 etiam
433 1653 650 1723 gratias
671 1668 891 1723 semper
922 1653 1038 1706 Deo
1068 1658 1122 1704 et
1150 1650 1309 1717 Patri,
1346 1651 1437 1720 qui
1467 1658 1518 1705 et
1547 1649 1750 1704 creavit
1777 1657 1830 1703 et
1859 1677 1910 1736 Β
1933 1646 2145 1700 ossibus
2194 1648 2335 1716 ejus,
2384 1646 2440 1699 id
2470 1655 2552 1700 est
2598 1646 2667 1701 de
2699 1646 3094 1701 robustioribus
3140 1647 3194 1700 in
3248 1648 3523 1703 Ecclesia.

226 1740 436 1813 diligit.
468 1741 692 1795 Gratias
723 1739 845 1795 dico
891 1755 992 1810 pro
1019 1739 1276 1795 omnibus
1308 1754 1405 1792 seu
1436 1737 1698 1805 adversis,
1733 1752 1829 1791 seu

227 1828 535 1899 prosperis.
569 1829 813 1897 Agentes
844 1827 969 1881 dico
998 1828 1061 1881 in
1091 1826 1338 1890 nomine,
1361 1826 1415 1879 id
1436 1833 1518 1879 est
1538 1825 1607 1879 ad
1630 1822 1830 1895 gloriﬁ-

228 1916 468 1972 candum
485 1931 685 1969 nomen
708 1916 930 1969 Domini
951 1916 1135 1969 nostri
1155 1917 1284 1969 Jesu
1309 1915 1533 1968 Christi.
1554 1913 1664 1967 Vos
1685 1912 1826 1977 dico,

229 2004 474 2075 subjecti
493 2005 736 2058 invicem
766 2003 904 2057 alter
934 2002 1087 2057 alteri
1117 2003 1179 2056 in
1211 2002 1432 2065 timore,
1466 2000 1519 2053 id
1550 2007 1632 2054 est
1660 1999 1715 2053 in
1741 2000 1829 2054 di-

232 2091 471 2147 lectione
505 2090 741 2145 Christi.

307 2181 599 2251 Postquam
630 2180 747 2234 haec
766 2187 1043 2249 praecepta
1071 2178 1124 2232 in
1145 2178 1362 2248 publico
1383 2176 1550 2243 dedit,
1576 2176 1833 2230 admonet

232 2267 527 2338 separatim
587 2283 749 2321 sexus
780 2276 831 2321 et
860 2267 1220 2332 conditiones,
1254 2266 1525 2336 quomodo
1557 2266 1832 2319 cohaerere

234 2356 440 2410 debent
468 2356 603 2409 alter
633 2355 810 2409 alteri.
842 2355 1037 2409 Littera
1075 2355 1152 2409 sic
1192 2354 1439 2425 jungitur
1469 2370 1481 2406 :
1534 2353 1669 2407 Dico
1700 2354 1831 2407 sub-

222 2445 373 2513 jecti
404 2450 575 2497 estote
609 2444 867 2509 invicem,
894 2443 990 2496 sed
1010 2443 1277 2496 mulieres
1299 2441 1404 2495 alio
1425 2456 1625 2509 genere
1647 2441 1832 2508 subje-

230 2532 431 2585 ctionis
460 2532 694 2586 subditis
723 2532 995 2586 sintviris
1028 2530 1163 2596 suis,
1204 2530 1272 2582 ita
1297 2528 1528 2582 subdita:
1558 2530 1707 2583 sicut
1729 2530 1835 2582 Do-

234 2622 415 2674 mino.
469 2620 596 2673 Ideo
630 2618 758 2673 viris
803 2618 1157 2686 subjiciuntur
1185 2625 1240 2671 ut
1269 2617 1521 2681 Domino,
1559 2617 1821 2687 quoniam

236 2708 326 2761 vir
355 2711 531 2777 caput
566 2747 579 2773 ,
612 2706 666 2759 id
697 2713 778 2760 est
808 2714 986 2760 rector
1016 2710 1101 2760 est
1118 2712 1169 2760 et
1197 2704 1522 2775 principium
1552 2705 1830 2770 mulieris,

232 2797 388 2850 sicut
411 2799 468 2849 et
490 2793 744 2849 Christus
755 2799 925 2865 caput
946 2801 1027 2848 est
1044 2794 1323 2859 Ecclesiae,
1340 2792 1697 2863 gubernando
1715 2807 1837 2845 eam

235 2898 405 2953 quam
465 2881 715 2935 formavit
745 2883 813 2936 de
842 2882 1005 2936 latere
1037 2898 1153 2935 suo.
1216 2881 1362 2935 Sicut
1409 2880 1551 2934 enim
1589 2880 1657 2933 de
1687 2886 1838 2934 costa

238 2970 343 3024 viri
401 2970 599 3025 mulier
655 2971 813 3040 (Cen.
862 2985 918 3031 η,
970 2974 1057 3033 21,
1090 2971 1203 3039 22),
1240 2968 1317 3023 sic
1348 2968 1415 3022 de
1443 2968 1612 3022 latere
1640 2966 1837 3022 Christi

1933 1732 2181 1786 Christus
2236 1748 2454 1788 carnem
2514 1734 2721 1801 habuit,
2796 1735 3098 1789 secundum
3163 1734 3533 1791 infirmitatem

1931 1820 2084 1888 Cujus
2104 1820 2336 1875 taedebat
2369 1828 2422 1875 et
2452 1823 2702 1892 pavebat.
2758 1822 2956 1876 Habuit
2984 1838 3132 1888 ossa,
3164 1822 3220 1876 id
3249 1830 3332 1877 est
3361 1824 3529 1878 ratio-

1932 1923 2057 1962 nem
2093 1909 2393 1963 secundum
2426 1926 2589 1979 quam
2619 1910 2836 1965 dicebat
2870 1926 2883 1964 :
2922 1932 2943 1959 ι
2989 1909 3219 1980 Spiritus
3245 1918 3532 1980 promptus

1932 2003 2014 2048 est
2044 1997 2266 2062 (Matth.
2302 2011 2462 2058 xxvx,
2514 1999 2629 2067 41).
2670 2021 2691 2045 η
2724 1998 2813 2052 Sic
2852 1997 3013 2052 hodie
3044 1997 3097 2051 in
3126 1997 3375 2053 Ecclesia
3404 1998 3529 2068 qui-

1931 2078 2059 2131 dam
2118 2093 2267 2145 caro,
2335 2080 2554 2150 quidam
2614 2095 2743 2135 ossa
2798 2080 3068 2135 dicuntur.
3131 2083 3190 2134 In
3238 2081 3343 2136 hoc
3372 2081 3534 2135 etiam

1931 2166 2103 2220 verbo
2158 2166 2318 2221 mittit
2373 2183 2474 2221 nos
2532 2168 2602 2222 ad
2647 2169 2881 2239 primam
2930 2168 3282 2234 creationem,
3316 2168 3531 2239 quando

1932 2253 2105 2307 Adam
2127 2254 2320 2309 videns
2368 2256 2537 2310 Evam
2585 2263 2821 2310 creatam
2850 2256 2924 2309 ait
2957 2274 2970 2310 :
3000 2277 3022 2306 α
3057 2256 3172 2311 Hoc
3199 2272 3343 2311 nunc
3371 2272 3435 2311 os
3463 2256 3533 2311 de

1934 2341 2153 2396 ossibus
2183 2343 2341 2408 meis,
2380 2350 2433 2397 et
2458 2358 2585 2398 caro
2616 2344 2683 2397 de
2715 2358 2881 2399 carne
2911 2359 3032 2399 mea
3061 2344 3225 2413 (Gen.
3260 2360 3318 2409 ιι,
3351 2346 3468 2411 23).
3505 2367 3527 2391 ι

1934 2432 2179 2499 Propter
2214 2432 2334 2499 hoc,
2371 2430 2495 2500 quia
2515 2446 2648 2485 uxor
2669 2447 2797 2487 caro
2817 2431 2919 2488 viri
2939 2439 3042 2496 est,
3065 2433 3348 2503 relinquet
3372 2433 3530 2488 homo

1933 2522 2160 2587 patrem
2182 2522 2236 2572 et
2258 2523 2503 2573 matrem
2523 2535 2706 2584 suam,
2723 2524 2780 2574 et
2801 2520 3107 2575 adhaarebit
3124 2521 3293 2575 uxori
3312 2536 3446 2584 suas,
3472 2523 3531 2575 et

1937 2609 2108 2658 erunt
2137 2605 2264 2671 duo,
2317 2606 2401 2659 vir
2430 2614 2483 2660 et
2512 2622 2668 2671 uxor,
2700 2608 2764 2661 in
2805 2623 2978 2662 carne
3024 2624 3161 2662 una.
3205 2608 3336 2661 Cum
3366 2608 3529 2661 homo

1938 2706 2062 2746 caro
2091 2692 2159 2745 sit
2190 2692 2363 2762 patris
2399 2701 2453 2747 et
2482 2694 2669 2748 matris
2700 2694 2755 2747 in
2782 2710 2969 2763 carne,
3003 2711 3235 2765 quorum
3263 2695 3531 2765 originem

1939 2779 2167 2847 habuit;
2197 2781 2375 2853 magis
2418 2782 2615 2837 dicitur
2663 2782 2744 2836 vir
2772 2798 2902 2838 caro
2948 2782 3213 2852 mulieris,
3246 2791 3299 2837 et
3325 2798 3527 2838 secun-

1939 2868 2066 2921 dum
2123 2876 2372 2923 naturam
2420 2871 2727 2936 creationis,
2781 2888 2901 2943 quae
2929 2872 2998 2926 de
3029 2871 3147 2927 viro
3188 2871 3383 2926 mulier
3414 2870 3529 2926 for-

1938 2964 2082 3010 mata
2115 2965 2215 3011 est.
2250 2959 2315 3011 Et
2346 2959 2645 3013 secundum
2704 2959 2813 3014 vim
2855 2959 2997 3013 illius
3027 2959 3421 3027 conjunctionis
3474 2958 3532 3013 in

402 3019 589 3025 mw-"
657 3019 812 3040 κν.--
972 3019 1057 3033 ηη
1094 3019 1203 3039 μη,
1241 3019 1313 3023 ν-
3128 3019 3146 3027 -

236 3059 511 3114 Ecclesia.
542 3060 665 3129 Ipse
694 3058 857 3112 etiam
887 3058 1133 3111 Christus
1171 3058 1420 3113 salvator
1465 3064 1547 3110 est
1594 3056 1838 3127 corporis
1869 3019 1915 3079 Ο
1938 3060 2043 3114 qua
2082 3045 2404 3100 mirabiliter
2452 3054 2734 3101 transeunt
2773 3048 2826 3101 in
2874 3048 3132 3101 unitatem
3160 3047 3359 3110 carnis,
3392 3047 3531 3101 adeo

235 3149 379 3217 ejus,
413 3147 469 3200 id
501 3155 581 3201 est
611 3146 893 3213 Ecclesiae,
937 3162 1058 3200 cum
1109 3145 1253 3200 enim
1292 3144 1484 3209 salvat;
1510 3145 1604 3198 sed
1636 3144 1717 3197 vir
1745 3160 1832 3197 re-

238 3251 380 3307 gere
411 3234 630 3306 quidem
678 3242 855 3305 potest
887 3234 1193 3299 mulierem,
1239 3233 1336 3288 sed
1367 3233 1585 3286 salvare
1616 3231 1826 3302 nequit.

237 3324 311 3377 Et
338 3323 465 3378 licet
497 3323 549 3376 in
580 3324 681 3378 hoc
713 3322 983 3386 differant,
1022 3323 1167 3393 quod
1188 3321 1436 3375 Christus
1454 3321 1626 3374 salvat
1653 3320 1839 3374 Eccle-

236 3411 400 3476 siam,
430 3411 511 3465 vir
567 3427 677 3465 non
704 3411 873 3464 salvat
900 3410 1181 3465 mulierem
1208 3428 1221 3475 ;
1258 3417 1436 3463 tamen
1468 3424 1576 3462 non
1606 3416 1835 3478 propte-

236 3515 328 3554 rea
361 3499 541 3553 minor
570 3499 636 3552 sit
668 3498 953 3566 subjectio.
991 3498 1098 3553 Sed
1128 3500 1277 3553 sicut
1307 3498 1557 3552 Ecclesia
1584 3496 1837 3565 subjecta

236 3592 322 3643 est
358 3586 597 3652 Christo,
632 3590 715 3641 ita
745 3592 801 3642 et
834 3588 1103 3641 mulieres
1133 3588 1396 3657 subjecta:
1416 3586 1535 3639 sint
1558 3586 1696 3639 viris
1718 3586 1836 3638 suis

235 3679 301 3732 in
322 3676 581 3730 omnibus
612 3692 733 3745 qua:
772 3682 1003 3744 oportet.
1048 3672 1302 3728 Mulieres
1348 3673 1647 3726 subdantur
1668 3672 1825 3727 viris.

240 3766 350 3818 Vos
369 3771 549 3818 autem
584 3764 689 3818 viri
710 3778 817 3817 non
840 3763 963 3817 dico
981 3769 1150 3816 estote
1172 3761 1370 3815 subditi
1387 3761 1717 3825 mulieribus,
1739 3760 1836 3815 sed

236 3852 459 3921 diligite
481 3868 687 3907 uxores
712 3855 925 3906 vestras
949 3871 966 3917 ;
1000 3866 1101 3905 nec
1130 3866 1338 3920 parum,
1372 3850 1468 3904 sed
1490 3851 1640 3905 sicut
1672 3848 1835 3903 Chri-

232 3944 359 3994 stus
372 3941 582 3994 dilexit
594 3940 748 3995 25
766 3939 825 3994 1
848 3940 1172 3994 Ecclesium.
1192 3938 1580 4008 Dilexitutique
1600 3956 1614 4003 ;
1630 3937 1836 3991 etenim

239 4029 484 4083 tradidit
516 4029 758 4099 seipsum
792 4027 847 4080 in
876 4035 1106 4081 mortem
1128 4044 1227 4099 pro
1249 4043 1333 4089 ea,
1359 4030 1421 4081 ut
1450 4026 1837 4093 sanctiﬁcaret

240 4118 408 4171 illam
437 4134 471 4169 a
490 4116 751 4185 peccatis,
782 4116 1070 4170 mandans
1117 4131 1240 4169 eam
1274 4116 1495 4169 lavacro
1528 4131 1703 4185 aqua.
1740 4114 1837 4169 Hic

236 4220 437 4275 aquam
485 4205 721 4258 ostendit
766 4204 1132 4259 necessariam
1182 4202 1531 4257 absolutioni.
1572 4202 1836 4255 Mundans

238 4292 365 4347 dico
414 4294 476 4346 in
534 4292 711 4346 verbo.
750 4292 985 4346 Verbum
1036 4291 1163 4345 dicit
1210 4290 1569 4361 prolationem
1598 4290 1833 4343 Trinita-

1938 3140 1997 3185 ut
2016 3133 2197 3188 dicant
2227 3134 2439 3203 physici
2488 3136 2651 3205 quod,
2686 3136 2733 3190 si
2781 3135 3005 3205 sanguis
3055 3134 3158 3189 viri
3188 3142 3241 3189 et
3268 3134 3527 3200 mulieris,

1938 3220 2030 3290 qui
2060 3221 2356 3276 carnaliter
2400 3223 2671 3277 commisti
2715 3224 2840 3288 sint,
2874 3224 2929 3277 in
2959 3223 3151 3278 eodem
3182 3239 3309 3278 vase
3356 3238 3530 3292 pona-

1940 3314 2042 3373 tur,
2102 3308 2509 3379 indivisibiliter
2563 3311 2960 3365 commiscetur.
3004 3311 3061 3366 Si
3126 3326 3259 3366 vero
3306 3310 3532 3381 sanguis

1938 3410 2125 3450 eorum
2177 3397 2268 3467 qui
2305 3413 2420 3451 rem
2470 3397 2630 3452 simul
2672 3414 2781 3453 non
2820 3398 3122 3464 habuerint,
3158 3398 3404 3453 similiter
3428 3413 3531 3468 po-

1937 3490 2112 3552 natur,
2165 3499 2275 3539 non
2324 3485 2404 3541 sic
2455 3485 2804 3553 admiscetur,
2834 3488 2931 3541 sed
2961 3486 3183 3557 sanguis
3214 3486 3315 3542 viri
3345 3502 3444 3556 per
3470 3501 3531 3541 se

1938 3580 1991 3625 et
2017 3570 2282 3637 mulieris,
2334 3572 2472 3628 sicut
2500 3581 2623 3629 ante
2668 3574 2753 3629 vel
2784 3582 2907 3644 post
2943 3574 3175 3645 positum
3208 3581 3309 3639 est,
3341 3588 3528 3628 rema-

1937 3667 2050 3713 net.
2101 3661 2397 3731 Propterea
2432 3661 2561 3732 quia
2607 3677 2715 3716 una
2746 3677 2872 3717 caro
2912 3670 3056 3728 sunt,
3088 3661 3171 3717 vir
3199 3662 3361 3716 debet
3387 3676 3526 3715 uxo-

1937 3763 2059 3802 rem
2116 3748 2359 3819 diligere.
2409 3750 2676 3805 Praeterea
2704 3750 2827 3805 ideo
2858 3750 2985 3821 quia
3006 3752 3125 3817 hoc,
3149 3749 3205 3804 id
3247 3756 3330 3804 est
3358 3748 3525 3804 relin-

1939 3844 2067 3908 quet
2093 3837 2256 3891 homo
2285 3844 2511 3907 patrem,
2544 3846 2673 3905 etc.,
2697 3843 2784 3894 est
2815 3855 3104 3910 magnum,
3135 3837 3191 3892 id
3212 3845 3294 3893 est
3313 3852 3527 3909 magnae

1938 3925 2019 3980 rei
2038 3930 2482 3981 sacramentum.
2500 3926 2657 3995 Quod
2675 3927 2821 3981 enim
2838 3927 2942 3982 ait:
2959 3928 3253 3998 Rclinquet
3266 3927 3426 3981 homo
3434 3942 3529 3997 pa-

1941 4018 2106 4081 trem,
2141 4013 2415 4086 signiﬁcat
2446 4015 2638 4069 Filium
2670 4015 2770 4070 Dei
2810 4014 3095 4086 reliquisse
3134 4015 3367 4081 Patrem,
3400 4014 3527 4068 dum

1937 4101 2039 4171 ipsi
2071 4118 2171 4171 per
2196 4110 2448 4157 naturam
2478 4103 2691 4157 deitatis
2720 4102 3005 4157 invisibilis
3048 4102 3185 4157 sicut
3214 4103 3389 4168 Pater,
3426 4102 3529 4156 sub

1937 4188 2115 4244 forma
2169 4190 2315 4244 servi
2366 4191 2601 4259 praebuit
2628 4207 2688 4245 se
2728 4191 3019 4246 visibilem.
3070 4190 3305 4260 Reliquit
3332 4189 3525 4244 iterum

1936 4285 2186 4342 matrem,
2220 4278 2276 4331 id
2304 4286 2385 4331 est
2437 4279 2790 4351 Synagogam
2819 4278 2872 4332 in
2905 4294 3013 4349 qua
3041 4278 3275 4333 nutritus
3304 4285 3441 4343 erat,
3472 4285 3526 4333 et

238 4381 330 4435 tis.
366 4380 548 4433 Verbo
578 4380 700 4434 dico
750 4381 898 4447 vitta,
934 4379 985 4432 id
1026 4387 1107 4433 est
1140 4379 1190 4433 in
1224 4395 1331 4449 quo
1364 4378 1543 4433 Verbo
1572 4378 1833 4448 accipitur
1854 4366 1905 4425 D
1937 4366 2165 4421 adhaesit
2191 4366 2345 4421 uxori
2375 4382 2505 4433 suae,
2534 4367 2588 4421 id
2620 4374 2703 4421 est
2728 4367 2988 4423 Ecclesiae
3007 4382 3169 4438 quam
3200 4366 3304 4420 sibi
3325 4365 3525 4420 annulo

238 4469 352 4523 vita
380 4468 618 4536 justitize.
680 4469 777 4522 Vel
810 4468 990 4522 Verbo
1018 4467 1158 4534 vitae,
1195 4467 1248 4521 id
1289 4475 1370 4521 est
1414 4467 1628 4521 Christo
1661 4467 1748 4536 qui
1780 4466 1834 4520 in

238 4557 515 4627 baptismo
547 4557 713 4611 vitam
745 4557 902 4611 nobis
935 4555 1195 4623 justititiae
1226 4555 1475 4609 restituit.
1510 4553 1833 4610 Sanctiﬁca-

238 4654 324 4699 ret
355 4645 480 4698 ideo
512 4650 575 4698 ut
606 4645 656 4697 in
688 4645 775 4700 die
805 4645 1108 4714 nuptiarum
1141 4644 1255 4714 ipse
1286 4642 1707 4699 sibiexhiberet
1728 4646 1834 4698 Ec-

236 4735 494 4798 clesiam,
554 4734 754 4787 decore
788 4734 1041 4786 virtutum
1062 4734 1379 4803 gloriosam,
1406 4748 1517 4786 non
1539 4731 1835 4787 habentem

237 4822 549 4884 maculam,
576 4820 628 4873 id
651 4829 733 4875 est
760 4821 960 4891 aliquid
984 4820 1283 4885 criminale,
1314 4824 1415 4874 aut
1438 4837 1655 4891 rugam,
1680 4818 1733 4872 id
1755 4826 1837 4873 est

234 4909 619 4963 dolositatem:
653 4914 753 4963 aut
784 4909 997 4979 aliquid
1030 4909 1320 4979 ejusmodi,
1349 4908 1492 4978 quod
1521 4908 1608 4961 vel
1626 4907 1834 4962 macula

242 4996 496 5050 videatur
556 5014 678 5052 esse
723 4997 809 5051 vel
863 4998 1038 5061 dolus,
1080 4997 1175 5051 sed
1225 5001 1288 5051 ut
1318 4999 1394 5051 sit
1424 5000 1645 5061 sancta,
1681 4996 1833 5066 posi-

239 5085 387 5139 tione
420 5085 693 5152 virtutum,
720 5090 776 5141 et
801 5093 856 5140 ut
886 5088 959 5141 sit
992 5087 1385 5152 immaculata,
1423 5085 1719 5140 remotione
1750 5084 1834 5139 vi-

240 5173 458 5228 tiorum.

316 5262 468 5317 Sicut
498 5262 739 5317 Christus
762 5262 1079 5330 Ecclesiam,
1104 5264 1189 5317 ita
1208 5263 1449 5335 diligant
1472 5263 1578 5317 viri
1598 5278 1833 5325 uxores;

238 5349 313 5403 ita
343 5351 508 5405 etiam
540 5352 739 5406 debent
767 5352 998 5425 diligere
1028 5355 1095 5406 ut
1123 5367 1354 5423 corpora
1376 5368 1499 5406 sua.
1534 5351 1762 5406 Vereita
1778 5360 1837 5406 ut

239 5448 498 5510 corpora.
528 5436 795 5504 Quienim
812 5438 1009 5508 attigit
1029 5452 1190 5491 suam
1208 5434 1676 5505 uxorcm,'_diligit
1690 5436 1835 5507 δοὶρ-

1938 4453 2063 4510 ﬁdei
2119 4455 2490 4525 desponsavit.
2542 4457 2676 4520 Hoc,
2709 4455 2947 4528 inquam,
2981 4464 3064 4511 est
3093 4463 3514 4511 sacramentum.

1936 4544 2045 4614 Ego
2075 4548 2267 4599 autem
2295 4544 2415 4599 dico
2464 4560 2575 4599 rem
2636 4546 2792 4613 hujus
2848 4544 3169 4601 sacramenti
3198 4543 3432 4599 existere
3460 4544 3524 4598 in

1940 4631 2179 4697 Christo,
2210 4637 2267 4687 et
2294 4633 2358 4687 in
2390 4633 2656 4697 Ecclesia,
2692 4634 2832 4689 sicut
2888 4634 3089 4689 dictum
3119 4640 3221 4687 est.
3257 4632 3314 4687 Si
3344 4631 3523 4696 omnis

1937 4720 2041 4774 alia
2072 4736 2238 4776 causa
2266 4720 2319 4774 in
2351 4722 2609 4793 conjugio
2637 4730 2899 4789 cessaret,
2934 4720 3318 4777 celebrandum
3339 4726 3523 4773 tamen

1937 4816 2081 4863 esset
2133 4824 2233 4879 pro
2282 4809 2401 4864 sola
2454 4810 2718 4880 dignitate
2751 4810 2830 4865 rei
2862 4810 3015 4878 cujus
3056 4808 3233 4878 ﬁgura
3264 4814 3370 4862 est.
3412 4807 3521 4862 Sed

1936 4896 2062 4951 licet
2093 4913 2178 4951 res
2236 4898 2394 4965 hujus
2450 4898 2780 4953 sacramenti
2809 4899 2864 4952 in
2895 4898 3109 4953 Christo
3140 4904 3346 4951 tantum
3376 4895 3443 4949 sit
3471 4904 3524 4950 et

1936 4984 1991 5037 in
2020 4984 2287 5052 Ecclesia,
2323 5000 2433 5039 non
2462 4984 2516 5038 in
2546 4985 2662 5040 viro
2690 4994 2743 5041 et
2771 4986 3019 5053 muliere,
3054 4988 3445 5041 verumtamen
3466 4987 3521 5040 et

1936 5090 2027 5129 vos
2054 5074 2287 5143 singuli,
2324 5090 2433 5128 non
2466 5074 2554 5127 ille
2584 5090 2810 5129 uxorem
2833 5073 3081 5145 proximi,
3108 5074 3205 5128 sed
3227 5073 3525 5145 unusquis-

1936 5179 2039 5234 que
2070 5161 2269 5233 diligat
2300 5179 2462 5217 suam
2483 5163 2628 5217 sicut
2647 5164 2913 5234 seipsum;
2934 5178 3082 5217 uxor
3103 5180 3174 5218 au
3184 5166 3294 5217 tem
3311 5178 3420 5217 non
3442 5176 3524 5215 so-

1936 5250 2045 5304 lum
2075 5250 2281 5323 diligat,
2315 5251 2410 5305 sed
2433 5252 2596 5306 etiam
2631 5253 2829 5306 timeat
2866 5252 3051 5305 virum
3081 5268 3274 5307 suum.
3310 5251 3399 5307 Sic
3420 5249 3521 5306 viri

1936 5340 2007 5394 ad
2036 5356 2255 5407 uxores,
2290 5347 2343 5396 et
2372 5356 2565 5401 uxores
2592 5355 2650 5395 se
2680 5340 2913 5398 habeant
2942 5340 3010 5395 ad
3044 5340 3208 5398 viros.
