3960 6050
427 188 533 242 347

1035 363 1263 420 CAPUT
1310 365 1380 419 VI
1394 405 1406 418 .

506 504 708 571 «Filii,
767 504 983 560 obedite
1039 505 1350 575 parentibus
1417 504 1614 559 vestris
1663 503 1719 557 in
1790 503 2023 558 Domino

444 614 466 639 α
503 592 642 662 (σοι.
676 608 755 657 ιιι,
802 594 895 662 20)
918 612 935 647 :
966 594 1071 648 hoc
1120 593 1264 647 enim
1301 593 1504 661 justum
1533 599 1636 648 est.
1670 592 1888 646 Honora
1919 605 2022 661 pa-

438 702 459 725 ‹‹
493 686 627 733 trem
660 688 827 745 tuum,
880 687 933 735 et
960 689 1187 734 matrem
1232 688 1392 745 tuam,
1428 680 1573 751 quod
1600 687 1679 733 est
1709 679 2023 741 mandatum

440 790 461 813 α
497 767 733 837 primum
760 768 814 821 in
845 768 1226 839 promissione,
1260 776 1316 821 ut
1344 768 1482 821 bene
1496 768 1562 820 sit
1583 767 1700 833 tibi,
1726 775 1778 821 et
1804 767 1880 821 sis
1896 767 2022 821 lon-

434 878 457 903 «ι
494 872 681 926 garvus
732 872 899 927 super
943 865 1140 910 terram
1172 856 1369 927 (Exod.
1414 871 1513 924 xx,
1543 859 1637 921 t2;
1672 857 1821 910 Eccl.
1842 871 1922 921 ιιι,
1948 859 2018 922 9;

436 966 458 991 οι
497 945 689 999 Matth.
717 959 814 1013 xv,
840 944 919 1013 4).
949 944 1191 1000 252
1218 945 1287 997 Et
1316 960 1414 998 vos
1436 952 1621 1014 patres
1642 944 1807 998 nolite
1828 943 1897 997 ad
1921 943 2023 996 ira-

436 1053 458 1078 «ι
493 1031 739 1086 cundiam
753 1047 1053 1102 provocare
1083 1030 1222 1086 ﬁlios
1248 1039 1493 1087 vestros:
1529 1031 1627 1085 sed
1656 1031 1881 1085 educate
1899 1030 2022 1085 illos

437 1142 459 1166 α
495 1119 549 1172 in
578 1120 867 1190 disciplina
898 1127 947 1173 et
978 1120 1325 1190 corruptione
1348 1118 1582 1173 Domini.
1608 1118 1780 1183 Servi,
1807 1118 2023 1173 obedite

434 1230 455 1253 «
491 1207 725 1261 dominis
779 1207 1087 1262 carnalibus
1144 1222 1268 1262 cum
1323 1207 1516 1260 timore
1565 1213 1618 1259 et
1662 1212 1916 1273 tremore,
1966 1205 2022 1259 in

436 1316 457 1341 «
494 1294 838 1365 simplicitate
899 1295 1080 1350 cordis
1132 1294 1321 1356 vestri,
1355 1294 1492 1349 sicut
1519 1292 1750 1347 Christo.
1799 1294 1924 1347 Non
1955 1295 2022 1347 ad

435 1403 456 1428 «
490 1383 704 1438 oculum
764 1383 1084 1447 servientes,
1144 1381 1299 1452 quasi
1356 1381 1668 1435 hominibus
1720 1381 2018 1450 placentes,

437 1492 458 1515 «
497 1471 594 1524 sed
625 1479 683 1523 ut
740 1469 883 1524 servi
914 1469 1115 1523 Christi
1161 1468 1425 1523 facientes
1467 1468 1798 1523 voluntatem
1827 1469 1927 1523 Dei
1957 1485 2023 1522 ex

436 1581 457 1604 «ι
499 1558 700 1612 animo.
736 1560 869 1612 Cum
901 1558 1044 1611 bona
1082 1558 1357 1612 voluntate
1387 1556 1706 1622 servientes,
1740 1556 1877 1611 sicut
1911 1558 2023 1610 Do-

989 190 1046 245 S.
1085 187 1440 246 BRUNONIS
1478 185 2125 244 CARTHUSIANORUM
2160 186 2641 244 INSTITUTORJS
2679 187 2832 271 QPP.
2874 188 3049 244 PARS
3085 188 3151 243 II.

2045 311 2101 371 Α
2121 310 2303 365 cunda
2332 311 2530 366 tabula.
2580 312 2715 367 Duas
2742 311 2938 367 tabulas
2965 312 3104 366 datas
3133 318 3260 366 sunt
3286 310 3479 382 Moysi.
3523 312 3581 364 In
3600 311 3712 381 pri-

3608 187 3715 241 3‘8

2122 414 2212 452 ma
2255 400 2429 469 posita
2477 408 2602 454 sunt
2631 401 2737 455 tria
2763 400 3035 468 mandata,
3087 399 3412 469 pertinentia
3441 399 3511 453 ad
3541 399 3715 453 Deum

2122 485 2330 541 scilicet
2358 487 2555 560 diliges
2584 489 2758 542 Deum
2788 495 2954 557 tuum,
2982 496 3036 543 et
3054 487 3343 542 Dominum
3367 488 3543 542 Deum
3562 495 3713 541 tuum

2121 573 2397 639 adorabis,
2431 583 2482 629 et
2509 575 2586 629 illi
2614 575 2716 630 soli
2747 575 2978 631 servies.
3014 577 3079 629 Et
3108 590 3215 630 non
3248 590 3498 629 assumes
3514 590 3713 629 nomen

2121 656 2222 711 Dei
2250 657 2326 710 tui
2381 658 2437 711 in
2490 674 2711 724 vanum,
2767 665 2876 713 etc.
2916 660 2977 711 In
3007 658 3245 713 secunda
3286 657 3473 711 tabula
3503 664 3715 727 septem

2121 745 2373 799 mandata
2422 746 2601 816 posita
2645 754 2788 811 sunt,
2841 746 2911 800 ad
2940 745 3190 800 homines
3218 745 3564 816 pertinentia.
3598 746 3715 801 Hoc

2122 840 2343 886 autem:
2389 835 2608 889 Honora
2643 839 2884 905 patrem,
2931 834 3282 904 praepositum
3315 842 3397 888 est
3430 834 3551 888 aliis
3581 849 3704 889 sex.

2122 923 2228 976 Hoc
2268 922 2431 976 etiam
2479 922 2818 977 mandatum
2848 924 2964 992 fuit
2991 923 3190 977 datum
3219 924 3280 976 in
3319 923 3711 994 promissione,

2122 1009 2247 1080 quia
2305 1009 2487 1064 statim
2542 1016 2667 1080 post
2696 1010 3011 1064 mandatum
3043 1009 3331 1078 subjuncta
3361 1018 3443 1064 est
3472 1010 3717 1063 mandati

2120 1097 2450 1168 promissio;
2508 1098 2626 1152 haec
2657 1097 2866 1152 scilicet
2894 1101 2959 1152 ut
3007 1098 3142 1152 bene
3189 1099 3264 1152 sit
3299 1098 3399 1152 tibi
3425 1098 3717 1151 honoranti

2123 1193 2353 1254 patrem,
2380 1189 2436 1240 et
2458 1189 2522 1239 ut
2542 1187 2621 1239 sis
2649 1186 2928 1253 longaevus
2953 1200 3122 1256 super
3153 1188 3363 1239 terram
3408 1185 3563 1249 hanc,
3587 1192 3640 1237 et
3660 1184 3717 1238 in

2122 1289 2251 1327 vera
2296 1281 2435 1326 terra
2484 1272 2926 1342 repromissionis
2974 1271 3276 1343 longaevus,
3326 1272 3454 1341 quia
3500 1287 3718 1341 perma-

2122 1376 2279 1414 nens.
2312 1359 2431 1413 Filii
2459 1359 2716 1414 obediant
2743 1360 3080 1429 parentibus.
3105 1361 3192 1424 Et,
3218 1376 3309 1416 vos
3325 1363 3520 1431 patres
3535 1359 3716 1412 nolite

2121 1449 2268 1517 ﬁlios
2300 1452 2509 1502 vestros
2535 1463 2835 1519 provocare
2866 1448 3336 1515 adiracundiam,
3368 1447 3463 1501 sed
3482 1446 3716 1501 educata

2121 1538 2250 1592 illos
2270 1536 2334 1589 in
2356 1536 2681 1605 disciplina,
2707 1535 2967 1590 docentes
2995 1550 3091 1589 eos
3121 1551 3243 1605 quae
3273 1535 3354 1589 eis
3383 1533 3718 1588 addiscenda

432 1668 456 1692 ‹‹
487 1646 632 1701 mino
664 1654 717 1700 et
762 1662 871 1699 non
902 1645 1212 1701 hominibus
1241 1665 1255 1710 ;
1290 1645 1527 1700 scientes
1558 1645 1814 1715 quoniam
1844 1660 2018 1698 unus-

2124 1627 2344 1687 sunt,et
2377 1623 2441 1676 in
2476 1624 2849 1693 correptione,
2882 1630 2940 1675 ut
2969 1622 3015 1675 si
3043 1622 3407 1692 peccaverint,
3442 1620 3717 1691 quomodo

435 1750 456 1775 η
492 1729 742 1799 quisque,
802 1730 1166 1799 quodcunque
1197 1728 1385 1783 fecerit
1412 1728 1636 1792 bonum,
1666 1728 1771 1782 hoc
1798 1727 2025 1797 recipiet

434 1838 455 1863 α
490 1833 519 1870 a
574 1817 824 1881 Domino,
877 1816 990 1870 sive
1048 1832 1261 1881 servus,
1311 1816 1426 1870 sive
1473 1815 1630 1869 liber.
1680 1815 1749 1868 Et
1788 1830 1887 1870 vos
1919 1816 2023 1869 do-

432 1927 453 1950 u
487 1904 619 1958 mini
648 1904 838 1958 eadem
868 1903 1033 1959 facite
1064 1904 1197 1968 illis,
1230 1903 1566 1958 remittentes
1596 1902 1806 1957 minas:
1841 1902 2023 1957 scien-

435 2014 457 2039 α
492 2000 573 2047 tes
593 1992 715 2063 quia
746 2001 798 2046 et
823 1992 1036 2046 illorum
1070 2000 1120 2047 et
1152 1999 1333 2045 vester
1365 1990 1628 2045 Dominus
1648 1990 1804 2045 estin
1835 1990 2021 2055 ccelis;

434 2102 455 2125 α
491 2087 544 2133 et
617 2095 974 2150 personarum
1053 2079 1297 2148 acceptio
1377 2078 1646 2132 nonest
1702 2078 1844 2147 apud
1901 2092 2024 2131 eum

444 2188 465 2211 α
497 2167 672 2234 (Rom.
707 2170 873 2232 11,11;
907 2167 1027 2220 Act.
1062 2180 1121 2234 x,
1156 2169 1243 2231 34;
1269 2167 1465 2221 IPetr.
1501 2182 1538 2230 ι,
1572 2166 1679 2235 17).
1704 2166 1783 2219 De
1805 2172 2019 2229 caetero,

438 2276 459 2298 κ
497 2254 711 2318 fratres,
770 2252 1153 2307 confortamini
1210 2253 1265 2305 in
1311 2252 1561 2318 Domino,
1597 2259 1649 2306 et
1696 2252 1751 2305 in
1787 2252 2024 2322 potentia

441 2363 461 2386 «
499 2340 708 2394 virtutis
754 2340 890 2408 ejus.
924 2340 1135 2393 Induite
1178 2355 1276 2394 vos
1314 2349 1640 2393 armaturam
1668 2340 1787 2405 Dei,
1810 2348 1865 2393 ut
1889 2355 2023 2409 pos-

439 2450 460 2473 κ
493 2428 607 2481 sitis
638 2436 784 2483 stare
815 2428 1080 2482 adversus
1108 2427 1334 2480 insidias
1375 2427 1597 2495 diaboli;
1631 2428 1887 2498 quoniam
1916 2441 2025 2480 non

439 2538 461 2562 α
497 2523 578 2571 est
617 2516 774 2570 nobis
804 2515 1112 2571 colluctatio
1158 2515 1423 2569 adversus
1456 2521 1674 2570 carnem
1705 2523 1756 2569 et
1796 2515 2024 2585 sangui-

440 2628 459 2650 ι·
501 2620 647 2669 nem,
686 2604 783 2659 sed
813 2605 1075 2658 adversus
1100 2603 1374 2674 principes
1404 2611 1455 2657 et
1481 2610 1791 2674 potestates,
1826 2603 2025 2657 adver-

440 2714 461 2738 «
497 2708 590 2745 sus
645 2691 829 2745 mundi
882 2700 1121 2746 rectores
1178 2692 1522 2747 tenebrarum
1580 2692 1791 2758 harum,
1839 2698 2026 2745 contra

440 2802 462 2825 ‹‹
499 2778 810 2849 spiritualia
864 2779 1115 2849 nequitiae
1182 2780 1235 2832 in
1323 2779 1654 2835 coelestibus.
1732 2780 2028 2849 Propterea

438 2889 459 2913 ιε
501 2867 733 2937 accipite
788 2875 1113 2921 armaturam
1164 2867 1284 2932 Dei,
1331 2874 1390 2920 ut
1433 2866 1652 2936 possitis
1680 2865 1940 2921 resistere
1972 2866 2027 2919 in

435 2977 456 3001 ιι
494 2954 583 3009 die
614 2955 779 3019 malo,
816 2963 867 3008 et
897 2955 952 3008 in
981 2954 1229 3009 omnibus
1258 2954 1483 3025 perfecti
1512 2962 1674 3008 stare.
1709 2954 1858 3007 State
1890 2968 2026 3024 ergo

433 3065 455 3090 α
489 3042 750 3098 succincti
796 3042 1011 3096 lumbos
1057 3050 1264 3096 vestros
1286 3041 1341 3094 in
1367 3041 1614 3107 veritate,
1645 3048 1699 3095 et
1735 3040 1907 3094 induti
1933 3040 2019 3095 lo-

438 3152 459 3176 υ
496 3130 613 3186 rica
657 3130 900 3198 justitiaa,
946 3137 999 3184 et
1038 3128 1259 3185 calceati
1289 3130 1457 3199 pedes
1486 3129 1540 3182 in
1570 3128 2023 3199 praeparationem

435 3239 457 3264 α
491 3218 777 3289 Evangelii
831 3217 999 3288 pacis,
1057 3217 1110 3271 in
1167 3217 1418 3271 omnibus
1476 3224 1753 3271 sumentes
1811 3224 2021 3271 scutum

434 3328 456 3351 α
489 3304 634 3373 fidei,
668 3306 723 3360 in
752 3321 859 3377 quo
888 3304 1107 3375 possitis
1138 3305 1321 3360 omnia
1358 3304 1464 3359 tela
1510 3304 1831 3376 nequissimi
1860 3304 2021 3376 ignea

437 3414 459 3439 α
494 3392 861 3465 exstinguere.
913 3394 981 3446 Et
1023 3393 1233 3463 galeam
1285 3393 1470 3447 salutis
1498 3392 1770 3457 assumite,
1804 3408 1870 3448 ac
1898 3392 2021 3464 gla-

433 3502 455 3527 «ι
492 3481 642 3535 dium
674 3481 898 3552 spiritus
924 3481 1090 3551 (quod
1121 3488 1202 3535 est
1232 3481 1459 3535 verbum
1490 3481 1630 3549 Dei).
1664 3496 1762 3550 per
1804 3495 2022 3534 omnem

435 3592 457 3616 α
492 3568 797 3624 orationem
844 3577 897 3623 et
943 3569 1382 3624 obsecrationem
1430 3576 1649 3623 orantes
1698 3568 1846 3623 omni
1877 3576 2022 3622 tem-

434 3678 456 3703 α
492 3672 626 3727 pore
664 3658 718 3711 in
749 3657 960 3727 spiritu,
996 3665 1049 3711 et
1094 3656 1151 3711 in
1188 3656 1309 3726 ipso
1348 3655 1635 3727 vigilantes
1676 3652 1732 3709 in
1759 3656 1907 3710 omni
1933 3655 2022 3709 in-

426 3766 448 3790 α
484 3745 676 3798 stantia
706 3752 758 3799 et
787 3744 1163 3799 obsecratione
1192 3760 1292 3813 pro
1322 3743 1573 3798 omnibus
1601 3743 1800 3797 sanctis
1819 3761 1832 3807 ;
1854 3751 1905 3797 et
1922 3759 2023 3813 pro

438 3854 459 3877 «
496 3847 606 3900 me,
664 3840 722 3884 ut
774 3831 934 3885 detur
962 3831 1094 3885 mihi
1123 3846 1304 3885 sermo
1350 3831 1405 3884 in
1436 3830 1713 3900 apertione
1753 3830 1866 3884 oris
1895 3831 2019 3894 mei,

436 3941 457 3965 α
494 3934 619 3974 cum
667 3916 866 3973 fiducia
914 3926 1096 3972 notum
1142 3917 1319 3972 facere
1349 3918 1667 3988 mysterium
1694 3918 2021 3990 Evangelii;

436 4028 457 4051 «
492 4022 595 4077 pro
641 4021 749 4077 quo
778 4004 1050 4077 legatione
1079 4004 1282 4077 fungor
1312 4004 1366 4059 in
1395 4014 1581 4060 catena
1610 4005 1701 4070 ita,
1735 4014 1793 4059 ut
1822 4006 1874 4059 in
1904 4006 2023 4076 ipso

439 4116 461 4140 ιι
497 4093 751 4160 audeam,
782 4102 939 4164 prout
968 4100 1184 4163 oportet
1213 4108 1317 4160 me,
1352 4092 1519 4163 loqui.
1553 4094 1621 4149 Ut
1651 4101 1830 4148 autem
1853 4101 1904 4148 et
1925 4109 2023 4149 vos

435 4204 455 4228 α
492 4182 675 4238 sciatis
706 4198 825 4253 quae
854 4181 997 4237 circa
1027 4197 1114 4236 me
1143 4190 1284 4246 sunt,
1318 4181 1447 4253 quid
1478 4196 1661 4253 agam,
1711 4182 1895 4237 omnia
1923 4196 2024 4238 vo-

432 4292 453 4316 «
494 4270 575 4323 bis
607 4278 733 4324 nota
770 4269 934 4325 faciet
972 4269 1258 4339 Tychicus,
1293 4269 1646 4324 charissimus
1677 4269 1842 4325 frater
1876 4277 1928 4325 et
1959 4269 2020 4324 ti-

436 4380 456 4404 «ι
492 4357 631 4412 delis
688 4358 934 4412 minister
989 4358 1042 4411 in
1073 4357 1306 4412 Domino
1344 4373 1355 4411 :
1391 4374 1554 4428 quem
1583 4359 1707 4413 misi
1737 4360 1805 4413 ad
1838 4374 1933 4414 vos
1966 4358 2020 4413 in

433 4468 455 4491 α
488 4446 591 4500 hoc
652 4445 831 4515 ipsum
871 4453 926 4499 ut
954 4447 1297 4517 cognoscatis
1326 4462 1446 4518 quae
1491 4446 1636 4502 circa
1660 4462 1761 4502 nos
1790 4456 1933 4516 sunt,
1969 4455 2021 4501 et

435 4556 457 4580 «ι
493 4533 803 4589 consoletur
855 4534 1019 4589 corda
1069 4541 1270 4589 vestra.
1321 4534 1431 4589 Pax
1462 4534 1742 4600 fratribus,
1775 4543 1828 4589 et
1847 4534 2021 4590 chari-

436 4644 457 4668 ‹‹
495 4628 579 4676 tas
644 4637 767 4676 cum
833 4620 957 4686 fide,
1026 4637 1058 4675 a
1112 4622 1227 4676 Deo
1283 4630 1435 4692 patre
1501 4631 1555 4677 et
1607 4622 1838 4677 Domino
1893 4623 2023 4677 Jesu

433 4734 453 4757 σι
498 4710 736 4765 Christo.
770 4710 952 4765 Gratia
980 4726 1103 4765 cum
1138 4711 1409 4776 omnibus,
1443 4710 1533 4780 qui
1581 4710 1810 4781 diligunt
1838 4710 2023 4764 Domi-

431 4821 453 4844 α
494 4815 623 4852 num
673 4806 918 4853 nostrum
965 4799 1149 4853 Jesum
1198 4799 1467 4853 Christum
1498 4798 1552 4851 in
1582 4797 2014 4868 incorruptione.

437 4908 458 4933 α
502 4889 673 4941 Amen
688 4928 700 4941 .
745 4911 766 4934 ι»

1070 4997 1383 5037 EXPOSITIO.

504 5122 619 5177 Vos
667 5122 852 5189 etiam,
911 5123 1040 5191 ﬁlii,
1074 5122 1287 5179 obedite
1334 5123 1665 5194 parentibus
1704 5126 1924 5189 vestris,
1957 5124 2028 5179 ita

434 5219 625 5265 tamen
666 5211 810 5282 quod
861 5213 922 5266 in
973 5211 1239 5277 Dvmino;
1280 5210 1335 5264 in
1384 5209 1467 5264 his
1510 5210 1653 5264 enim
1696 5228 1815 5283 qua:
1846 5221 2028 5267 contra

434 5298 601 5355 fidem
661 5307 802 5367 sunt,
866 5306 1116 5369 parentes
1173 5298 1427 5354 audiendi
1479 5314 1587 5353 non
1618 5307 1761 5355 sunt.
1807 5300 2029 5357 Obedite

432 5387 555 5442 dico
573 5405 587 5454 ;
605 5388 703 5443 hoc
721 5388 874 5442 enim
877 5388 1104 5456 justum
1121 5390 1224 5452 est,
1241 5386 1345 5441 hoc
1366 5386 1570 5442 scilicet
1588 5387 1798 5444 honora
1807 5392 2030 5460 patrem

443 5479 605 5532 tuum
623 5479 679 5531 et
697 5480 965 5540 matrem,
982 5473 1125 5549 quod
1146 5474 1483 5531 mandatum
1498 5476 1748 5548 primum
1764 5475 1913 5533 estin
1937 5493 2028 5534 se-

2124 1711 2279 1765 decet
2318 1709 2638 1779 corripiatis.
2676 1709 2973 1779 Disciplina
3004 1717 3056 1763 et
3086 1709 3423 1779 correptione
3453 1709 3576 1763 dico
3603 1710 3716 1763 Do-

2124 1799 2290 1861 mini,
2327 1796 2380 1850 id
2409 1805 2491 1850 est
2521 1798 2819 1852 secundum
2843 1797 3132 1851 Dominum
3155 1795 3322 1851 facta.
3361 1796 3479 1850 Filii
3499 1796 3716 1850 obedite

2121 1885 2469 1955 parentibus;
2501 1901 2599 1939 vos
2620 1885 2801 1951 etiam,
2836 1886 3001 1950 servi,
3022 1885 3231 1941 obedite
3260 1885 3519 1949 dominis,
3553 1883 3718 1937 etiam

2122 1973 2470 2027 carnalibus.
2486 1972 2717 2027 Obedite
2731 1973 2853 2027 dico
2871 1990 2999 2028 cum
3015 1974 3216 2028 timore
3229 1972 3393 2026 animi
3405 1976 3460 2027 et
3475 1976 3719 2027 tremore

2123 2059 2387 2129 corporis.
2424 2061 2491 2113 Et
2520 2062 2581 2115 in
2601 2061 2974 2131 simplicitate
2994 2062 3177 2115 cordis
3205 2061 3399 2123 vestri,
3423 2059 3475 2112 id
3497 2067 3580 2113 est
3601 2059 3719 2114 sine

2122 2148 2269 2202 omni
2298 2147 2600 2213 dolositate,
2633 2144 2849 2201 obedite
2878 2146 2987 2200 illis
3030 2148 3179 2202 sicut
3208 2146 3426 2202 Christo
3456 2146 3718 2201 obedite-

2122 2234 2208 2288 tis.
2244 2234 2353 2289 Vos
2384 2234 2507 2289 dico
2538 2250 2652 2288 non
2682 2237 2992 2289 servientes
3008 2226 3113 2287 illis
3135 2234 3206 2288 ad
3222 2236 3469 2298 oculum,
3494 2233 3548 2286 id
3569 2242 3721 2289 estut

2122 2322 2180 2375 in
2236 2320 2377 2376 facie
2422 2321 2637 2375 Domini
2667 2320 2851 2375 devoti
2882 2321 3035 2386 sitis;
3069 2330 3217 2376 retro
3249 2328 3428 2375 autem
3460 2321 3709 2390 superbi.

2124 2408 2258 2464 Dico
2307 2424 2416 2463 non
2457 2408 2760 2463 servientes
2793 2409 2863 2463 ad
2893 2409 3130 2477 oculum,
3154 2411 3315 2481 quasi
3342 2409 3557 2480 perhoc
3587 2410 3718 2479 pla-

2124 2498 2299 2552 ceatis
2332 2495 2672 2565 hominibus,
2704 2497 2799 2551 sed
2823 2497 2970 2551 sicut
2990 2498 3138 2551 servi
3161 2495 3391 2565 Christi,
3416 2498 3715 2561 exanimo,

2124 2599 2232 2639 non
2281 2583 2473 2651 coacti,
2535 2582 2797 2638 facientes
2854 2586 3206 2639 voluntatem
3242 2586 3358 2650 Dei,
3386 2584 3437 2636 id
3469 2590 3550 2638 est
3580 2583 3719 2639 sicut

2125 2672 2325 2726 bonum
2383 2679 2531 2725 esset
2576 2670 2733 2726 vobis
2778 2670 2958 2727 facere
2986 2670 3317 2726 voluntatem
3348 2670 3464 2737 Dei,
3498 2670 3571 2724 ita
3601 2670 3722 2724 sitis

2126 2759 2430 2814 servientes
2461 2758 2567 2812 illis
2598 2775 2727 2814 cum
2747 2758 2889 2814 bona
2908 2759 3198 2814 voluntate
3218 2760 3371 2814 sicut
3385 2760 3638 2823 Domino,
3664 2762 3720 2813 et

2124 2864 2241 2902 non
2255 2846 2391 2902 sicut
2410 2847 2746 2903 hominibus.
2770 2847 2896 2901 Ideo
2916 2846 2989 2901 ait
3003 2849 3151 2902 sicut
3169 2847 3423 2913 Domino,
3439 2862 3561 2902 cum
3575 2845 3720 2900 enim

2123 2950 2226 3005 pro
2282 2941 2506 3005 peccato
2554 2950 2654 2989 suo
2700 2934 2788 2989 vel
2832 2941 3121 3004 parentum
3170 2934 3313 2989 servi
3358 2934 3488 2990 facti
3517 2934 3642 3001 sint,
3676 2933 3723 2987 si

2125 3024 2273 3077 hanc
2334 3037 2549 3092 pcenam
2596 3021 2806 3092 peccati
2850 3022 3120 3092 patienter
3151 3021 3368 3075 tulerint
3398 3022 3513 3076 Deo
3543 3021 3723 3093 magis

2122 3109 2349 3166 obedire
2406 3109 2659 3165 videntur
2715 3125 2877 3180 quam
2933 3108 3159 3175 homini,
3219 3108 3312 3180 qui
3361 3125 3456 3163 eos
3488 3108 3589 3162 sub
3620 3109 3723 3164 hac

2121 3196 2432 3253 conditione
2487 3212 2585 3268 pro
2641 3205 2868 3267 peccato
2928 3196 3159 3267 redegit.
3197 3196 3409 3251 Servite
3442 3196 3548 3250 illis
3581 3195 3722 3251 sicut

2123 3281 2278 3338 25
2293 3282 2362 3337 3
2380 3281 2632 3348 Domino,
2654 3283 2894 3337 scientes
2910 3281 3175 3353 quoniam
3192 3282 3590 3352 unusquisque,
3607 3281 3723 3335 sive

2120 3386 2313 3426 servus
2344 3372 2457 3425 sive
2492 3369 2648 3435 liber,
2692 3370 2963 3440 percipiet
3006 3386 3041 3423 a
3083 3370 3312 3425 Domino
3342 3375 3721 3423 remunerante

2122 3457 2224 3513 sibi
2249 3458 2627 3530 quodcumque
2649 3458 2855 3511 bonum
2875 3458 3098 3527 fecerit.
3120 3456 3294 3522 Servi,
3311 3456 3525 3511 obedite
3548 3455 3722 3510 domi-

2121 3545 2226 3613 nis,
2262 3549 2317 3600 et
2348 3561 2439 3601 vos
2468 3545 2687 3599 domini
2707 3546 2881 3613 facite
2904 3545 3022 3599 illis
3045 3544 3257 3609 eadem,
3310 3560 3419 3598 non
3443 3544 3588 3615 quod
3610 3543 3718 3597 illis

2122 3632 2390 3698 serviatis,
2417 3633 2512 3686 sed
2544 3640 2600 3685 ut
2629 3632 2843 3686 labores
2874 3647 3065 3687 eorum
3094 3632 3182 3702 pie
3213 3631 3575 3686 remuneretis
3606 3632 3719 3685 Ea-

2122 3721 2246 3775 dem
2276 3720 2433 3775 facite
2463 3719 2588 3783 illis,
2611 3720 2969 3774 remittentes
2999 3722 3205 3784 minas,
3240 3719 3293 3772 id
3326 3726 3409 3774 est
3438 3718 3603 3774 nolite
3625 3734 3721 3773 eos

2121 3823 2319 3863 vexare
2348 3806 2528 3872 minis,
2560 3808 2802 3862 scientes
2832 3808 2963 3878 quia
2992 3807 3142 3862 idem
3175 3809 3446 3863 Dominus
3486 3808 3720 3861 illorum

2123 3900 2177 3952 et
2200 3898 2382 3950 vester
2405 3899 2491 3950 est
2508 3896 2571 3949 in
2614 3896 2787 3961 caelis,
2830 3902 2883 3949 et
2914 3893 3147 3950 scientes
3177 3896 3443 3967 quoniam
3470 3894 3720 3964 acceptio

2120 3999 2493 4053 personarum
2540 3998 2656 4037 non
2695 3987 2779 4038 est
2812 3982 2963 4053 apud
2991 3985 3200 4048 Deum;
3230 3998 3339 4036 non
3370 3982 3513 4037 enim
3542 3981 3720 4035 minus

2123 4070 2297 4143 diligit
2352 4086 2571 4126 servum
2629 4086 2789 4142 quam
2819 4070 3090 4137 liberum;
3151 4070 3495 4125 solummodo
3544 4070 3720 4124 bonus

2125 4158 2218 4212 sit.

2194 4247 2484 4319 Postquam
2529 4246 2833 4319 singulares
2888 4245 3285 4301 admonitiones
3342 4245 3414 4299 ad
3461 4260 3622 4300 sexus
3672 4252 3722 4299 et

2046 4342 2099 4402 D
2120 4336 2458 4391 conditiones
2488 4334 2631 4401 fecit,
2662 4335 2950 4390 revertitur
2979 4335 3048 4389 ad
3079 4349 3423 4390 communem
3454 4332 3718 4389 Ecclesiae

2120 4424 2563 4487 admonitionem,
2622 4423 2818 4479 timens
2873 4422 3142 4479 defectum
3198 4438 3406 4487 eorum,
3440 4430 3490 4477 et
3540 4421 3718 4477 sciens

2121 4529 2215 4568 eos
2269 4529 2377 4567 non
2407 4511 2636 4582 amplius
2666 4512 2881 4567 visuros
2939 4510 3128 4566 faciem
3178 4527 3351 4564 suam.
3386 4509 3476 4565 Sic
3505 4508 3599 4563 ﬁlii
3648 4509 3716 4563 ad

2121 4608 2395 4671 parentes,
2430 4600 2571 4655 servi
2593 4599 2662 4654 ad
2680 4599 2929 4654 dominos
2950 4616 3009 4655 se
3030 4600 3280 4664 habeant,
3305 4607 3356 4653 et
3380 4614 3409 4653 e
3426 4613 3715 4654 converso.

2123 4689 2233 4743 Vos
2260 4696 2438 4743 autem
2493 4692 2725 4758 fratres,
2777 4688 2832 4741 in
2862 4688 3136 4744 communi
3166 4689 3232 4743 de
3281 4692 3503 4754 caetero,
3551 4686 3607 4740 id
3639 4694 3723 4740 est

2122 4776 2176 4830 in
2206 4776 2405 4841 futuro,
2439 4777 2865 4846 confortamini,
2898 4776 2955 4831 id
2984 4784 3065 4831 est
3113 4775 3280 4831 fortes
3310 4783 3483 4830 estote
3516 4776 3575 4829 in
3612 4774 3723 4828 Do-

2122 4864 2300 4931 mino,
2323 4872 2374 4919 et
2400 4871 2457 4919 ut
2487 4863 2867 4920 confortemini
2929 4868 3078 4919 state
3108 4865 3170 4918 in
3196 4863 3459 4934 potentia
3490 4863 3724 4917 virtutis

2124 4954 2266 5023 ejus,
2298 4951 2353 5005 id
2398 4960 2481 5006 est
2510 4959 2758 5022 potentes
2805 4958 2977 5006 estote
3007 4967 3104 5021 per
3149 4950 3404 5005 virtutem
3431 4950 3567 5018 ejus.
3603 4948 3721 5004 Vir-

2126 5046 2294 5093 tutem
2320 5038 2408 5095 hic
2439 5047 2596 5095 vocat
2624 5054 2773 5093 arma
2801 5056 2922 5110 qua
2950 5047 3269 5110 sequuntur,
3305 5038 3500 5108 quibus
3520 5044 3718 5107 poten-

2125 5136 2208 5181 tes
2256 5134 2379 5181 sunt
2408 5134 2598 5181 contra
2627 5127 2833 5182 hostes.
2879 5128 2945 5181 Ut
2975 5134 3153 5181 autem
3186 5125 3355 5181 fortes
3387 5134 3440 5180 et
3469 5132 3720 5195 potentes

2126 5214 2263 5281 sitis,
2297 5214 2521 5270 induite
2541 5231 2632 5270 vos
2676 5219 3036 5270 armaturam
3067 5216 3190 5283 Dei,
3214 5221 3268 5267 ut
3301 5213 3469 5268 armis
3502 5212 3601 5266 Dei
3631 5212 3721 5265 in-

2127 5303 2238 5357 duti
2267 5305 2497 5374 possitis
2520 5318 2673 5357 more
2705 5302 3065 5375 pugnantium
3094 5306 3249 5357 stare
3280 5302 3543 5357 adversus
3574 5301 3725 5354 insi-

2127 5391 2248 5447 dias
2278 5391 2506 5458 diaboli,
2538 5391 2594 5445 id
2627 5399 2709 5445 est
2741 5390 3017 5446 diabolum
3068 5388 3413 5443 insidiantem
3442 5387 3618 5454 vobis,
3671 5394 3727 5441 et

2129 5494 2198 5535 ne
2220 5478 2274 5533 in
2304 5479 2405 5534 hac
2433 5494 2618 5551 pugna
2665 5478 3010 5552 negligentes
3035 5477 3172 5544 sitis,
3206 5478 3337 5550 quia
3355 5493 3471 5532 non
3501 5479 3585 5531 est
3620 5490 3729 5531 no-v
