3960 6050
291 156 397 210 349

894 152 1275 212 EXPOSITIO
1314 156 1389 211 IN
1424 156 1804 215 EPISTOLAS
1844 152 2075 209 PAULI.
2111 185 2181 196 —
2209 156 2283 211 IN
2319 157 2539 213 EPIST.
2587 160 2681 215 AD
2719 161 3005 217 PHILIPP.

3479 165 3582 221 350

301 277 381 331 bis
404 277 735 333 colluctatio
755 279 1020 334 adversus
1038 295 1268 335 carnem
1299 284 1355 336 et
1374 282 1791 353 sanguinem,id
1813 290 1894 337 est
1913 276 1970 336 Α
1998 284 2209 331 scutum
2241 286 2294 333 et
2346 280 2739 350 protectionem
2792 283 2967 338 vobis.
3020 284 3087 339 In
3133 301 3237 356 quo
3274 293 3428 341 scuto
3456 285 3583 341 ﬁdei

305 373 493 423 contra
524 364 793 420 visibilem
822 367 1053 422 hostem.
1087 367 1191 422 Ubi
1222 369 1298 421 ait
1324 371 1671 434 colluctatio,
1724 370 1896 425 innuit
1990 367 2219 435 possitis
2259 370 2628 438 exstinguere
2648 372 2841 425 omnia
2869 373 3036 441 ignea
3056 374 3168 428 tela
3190 372 3336 427 illius
3356 376 3581 444 nequis-

303 468 542 525 pugnam
575 469 697 508 esse
726 454 793 508 de
821 454 1088 524 proximo.
1146 457 1249 512 Sed
1278 464 1359 511 est
1389 457 1545 512 nobis
1584 457 1892 514 colluctatio

305 540 573 596 adversus
611 543 918 614 principes,
952 543 1005 596 id
1055 551 1136 598 est
1181 545 1452 616 malignos
1501 546 1768 616 spiritus;
1800 547 1893 618 qui

303 629 467 682 etiam
498 628 617 683 aliis
668 630 942 700 spiritibus
985 631 1370 702 principantur,
1403 637 1462 689 et
1505 634 1666 689 etiam
1697 636 1891 690 adver-

299 734 397 771 sus
425 721 752 789 potestates,
784 718 838 772 id
859 727 941 773 est
962 735 1058 774 eos
1076 720 1294 791 spiritus
1317 722 1408 793 qui
1431 739 1595 793 super
1616 723 1890 794 principes

292 805 593 875 potentiam
624 806 844 861 habent.
880 808 945 861 Et
975 808 1241 865 adversus
1273 817 1522 866 rectores
1542 812 1759 878 mundi,
1779 827 1886 865 non

292 893 441 963 quod
474 894 731 949 saeculum
756 895 859 949 hoc
880 904 1089 968 regant,
1129 897 1226 951 sed
1264 905 1505 953 rectores
1529 900 1890 955 tenebrarum

296 981 523 1045 harum,
558 981 611 1035 id
669 990 749 1036 est
800 983 995 1037 horum
1052 984 1107 1037 in
1138 985 1376 1054 peccatis
1422 987 1888 1053 tenebrosorum;

294 1083 394 1122 eos
439 1068 579 1123 enim
628 1076 850 1136 tantum,
898 1086 1005 1125 non
1048 1071 1185 1126 alios
1230 1081 1447 1145 regunt.
1497 1075 1566 1128 Et
1611 1082 1693 1129 est
1732 1074 1890 1130 nobis

291 1172 482 1228 pugna
514 1164 715 1211 contra
746 1159 1095 1228 spiritualia,
1153 1160 1205 1214 id
1237 1169 1319 1216 est
1362 1170 1550 1217 contra
1587 1160 1888 1217 invisibiles

291 1245 499 1299 hostes.
534 1244 844 1314 Spiritualia
881 1246 1004 1302 dico
1035 1248 1305 1319 nequitiae
1333 1270 1352 1316 ,-
1384 1250 1700 1321 nequissimi
1744 1250 1886 1305 enim

289 1338 418 1384 sunt
437 1332 492 1385 hi
522 1332 763 1402 spiritus.
800 1334 928 1388 Haec
955 1342 1136 1389 autem
1158 1351 1341 1408 pugna
1362 1344 1442 1391 est
1461 1338 1525 1392 in
1546 1336 1883 1405 cwlestibus,

287 1418 347 1472 id
377 1426 460 1473 est
488 1435 596 1475 non
624 1435 722 1489 pro
752 1421 1006 1485 terrenis,
1041 1422 1139 1476 sed
1170 1430 1227 1476 ut
1275 1424 1517 1478 caelestia
1555 1425 1754 1495 gaudia
1783 1441 1879 1481 au-

290 1504 473 1560 ferant
514 1523 544 1559 a
576 1507 756 1562 vobis.
797 1508 918 1574 Vel,
954 1510 1252 1564 secundum
1283 1512 1665 1584 Augustinum,
1686 1517 1888 1568 contra

1994 453 2130 507 simi
2160 454 2480 509 adversarii.
2506 458 2785 513 Assumite
2818 461 2992 513 etiam
3027 462 3246 529 galeam
3275 460 3502 528 salutis,
3526 459 3583 514 id

1994 547 2077 593 est
2106 556 2232 610 spes
2260 550 2312 596 et
2339 543 2673 599 desiderium
2702 552 2920 600 azternse
2937 546 3122 599 salutis
3143 547 3212 601 sit
3228 547 3382 602 vobis
3400 548 3579 617 galea,

1994 643 2101 698 qua
2131 637 2292 699 caput
2321 630 2424 685 hoc
2452 631 2759 686 involvatis.
2813 634 2960 688 Sicut
2989 635 3131 688 enim
3175 643 3339 705 caput
3364 635 3584 706 dignius

1993 716 2297 770 membrum
2342 726 2442 783 est,
2495 719 2575 774 sic
2620 719 2796 774 futura
2845 721 2993 775 salus
3040 721 3258 793 dignior
3305 729 3585 793 respectus

1993 811 2092 858 est.
2123 805 2396 859 Assumite
2422 807 2584 861 etiam
2614 809 2871 878 gladium
2901 810 3148 880 Spiritus
3169 813 3373 874 sancti,
3410 810 3578 881 quod,

1991 890 2045 944 id
2074 899 2157 946 est
2186 895 2281 964 qui
2307 893 2529 964 gladius
2556 896 2781 950 verbum
2830 898 2927 951 Dei
2970 901 3071 951 est.
3123 898 3191 950 Et
3220 898 3323 952 hoc
3369 897 3577 968 gladio,

1992 978 2198 1034 scilicet
2227 981 2397 1035 verbo
2448 982 2547 1036 Dei
2578 981 2844 1038 feriuntur
2890 985 3075 1039 hostes
3124 992 3175 1039 et
3203 985 3424 1040 cadunt.
3467 986 3581 1039 Vos

1990 1066 2113 1121 dico
2164 1072 2394 1123 orantes
2438 1085 2540 1139 per
2580 1086 2821 1137 omnem,
2884 1072 2939 1125 id
2996 1080 3077 1127 est
3123 1089 3223 1143 per
3251 1072 3581 1127 omnismodi

1990 1157 2307 1209 orationem
2340 1155 2583 1211 254
2611 1162 2670 1212 et
2706 1174 2808 1229 per
2837 1175 3053 1214 omnem
3113 1161 3575 1217 obsecrationem.

1991 1241 2180 1296 Oratio
2201 1242 2399 1297 dicitur
2428 1251 2485 1297 ut
2516 1244 2829 1314 simpliciter
2857 1262 2869 1301 :
2896 1248 3040 1301 Deus
3061 1248 3257 1315 adjuva
3278 1264 3394 1313 me;
3417 1249 3581 1303 obse-

1988 1330 2179 1393 cratio,
2230 1347 2353 1385 cum
2374 1331 2773 1400 adjuramento,
2806 1342 2862 1387 ut
2895 1349 2906 1386 :
2940 1335 3044 1389 Per
3073 1336 3379 1405 passionem
3409 1346 3575 1402 tuam,

1988 1416 2159 1472 libera
2192 1433 2309 1486 nos,
2344 1419 2601 1474 Domine.
2644 1421 2898 1487 Orantes,
2933 1422 3084 1488 dico,
3132 1425 3285 1478 omni
3331 1428 3576 1495 tempore

1986 1520 2094 1559 non
2127 1505 2313 1578 lingua
2369 1513 2597 1575 tantum,
2630 1508 2729 1562 sed
2779 1509 3005 1580 spiritu,
3042 1510 3096 1564 id
3145 1518 3229 1565 est
3258 1526 3321 1564 ex
3371 1512 3565 1566 corde.

290 1594 622 1665 spiritualia
663 1595 963 1650 habitantia
990 1596 1045 1650 in
1075 1597 1411 1665 cmlestibus,
1442 1600 1497 1654 id
1528 1608 1610 1655 est
1640 1600 1695 1654 in
1723 1617 1871 1655 aere.
1902 1616 1955 1674 Β
1988 1594 2059 1647 Et
2088 1595 2149 1648 in
2180 1595 2314 1665 ἱρδο,
2347 1594 2401 1647 id
2433 1602 2514 1649 est
2540 1594 2593 1648 in
2625 1596 2834 1651 orando
2861 1596 2977 1650 silis
3008 1599 3306 1668 vigilantes
3326 1600 3389 1653 in
3420 1601 3581 1655 omni

284 1682 358 1735 Ει
396 1686 688 1753 propterea
737 1683 863 1753 qnia
910 1692 1101 1739 contra
1156 1685 1430 1757 principes
1486 1695 1536 1741 et
1585 1687 1884 1757 spiritualia
1984 1682 2267 1736 instantia
2288 1686 2344 1736 et
2373 1684 2435 1737 in
2456 1682 2603 1737 omni
2624 1684 3182 1751 obsecratione,facta
3200 1702 3300 1757 pro
3319 1688 3581 1743 omnibus

283 1785 474 1841 pugna
500 1776 603 1834 est,
626 1771 864 1842 accipite
884 1771 1007 1827 ideo
1028 1772 1364 1842 spiritualem
1382 1778 1741 1830 armaturam
1772 1777 1880 1842 Dei,
1984 1770 2219 1833 δαησιὶδ,
2256 1768 2397 1824 fama
2426 1771 2600 1825 etiam
2627 1786 2727 1842 ρνο
2757 1786 2846 1826 me
2875 1772 2946 1825 ad
2976 1773 3079 1827 hoc
3108 1777 3174 1827 ut
3227 1774 3396 1828 detur
3424 1773 3576 1827 mihi

282 1856 343 1911 id
372 1864 455 1911 est
484 1856 730 1922 virtutes,
762 1863 828 1913 ut
854 1875 952 1929 per
996 1861 1112 1915 haec
1155 1876 1301 1915 arma
1340 1863 1572 1933 possitis
1621 1863 1885 1919 resistere
1983 1871 2164 1912 δεννηο
2208 1857 2270 1910 in
2313 1859 2607 1928 αρενιίοηε
2656 1859 2771 1913 Oris
2805 1860 2937 1923 mei,
2972 1859 3027 1912 id
3056 1867 3139 1913 est
3169 1868 3225 1913 ut
3266 1868 3456 1930 aperto
3486 1860 3574 1914 ori

284 1946 351 1998 in
383 1945 472 1999 die
501 1946 671 2012 malo,
704 1945 761 2000 id
791 1954 873 2000 est
920 1947 975 2001 in
1004 1955 1252 2019 tempore
1305 1950 1410 2005 hoc
1440 1950 1532 2020 qui
1562 1950 1681 2005 dies
1709 1950 1884 2005 malus
1980 1944 2416 1999 8000mm0detur
2471 1945 2644 2016 gratia
2704 1945 2989 2000 sermonis.
3052 1948 3120 2000 Et
3169 1955 3228 2000 ut
3254 1948 3411 2001 detur
3440 1947 3574 2001 mihi

280 2031 500 2097 dicitur,
533 2032 659 2103 quia
690 2033 865 2088 sancti
894 2033 949 2088 in
978 2035 1083 2090 hoc
1113 2036 1496 2091 tentationibus
1536 2036 1873 2109 afﬂiguntur.
1982 2047 2111 2086 eum
2138 2030 2347 2099 ﬁducia
2377 2035 2575 2087 notum
2594 2036 2783 2103 facere
2806 2035 3167 2105 mysterium,
3211 2034 3265 2088 id
3287 2042 3369 2088 est
3391 2050 3575 2090 secre-

277 2119 399 2174 Nec
429 2118 600 2175 solum
630 2119 903 2187 resistere,
939 2123 1037 2176 sed
1070 2123 1230 2177 etiam
1278 2124 1500 2194 possitis
1548 2129 1704 2180 stare
1749 2141 1881 2197 per-
1982 2126 2092 2172 tum
2124 2119 2409 2191 Evangelii
2467 2120 2590 2175 mei.
2651 2122 2759 2176 Pro
2800 2137 2904 2192 quo
2959 2121 3219 2191 mysterio
3275 2122 3572 2178 revelando

280 2209 429 2277 fecti
455 2216 831 2263 consummata
874 2210 1101 2278 justitia.
1154 2212 1318 2267 Stare
1347 2212 1469 2268 dico
1500 2215 1561 2267 in
1602 2214 1878 2278 omnibus,

281 2302 394 2349 tam
450 2295 696 2350 adversis
750 2313 913 2367 quam
973 2298 1269 2368 prosperis.
1344 2300 1413 2353 Et
1487 2299 1616 2370 quia
1671 2300 1726 2353 in
1781 2301 1882 2356 hac

275 2398 463 2454 pugna
493 2391 771 2438 armatura
826 2385 927 2439 Dei
976 2386 1294 2441 necessaria
1341 2395 1443 2453 est,
1487 2403 1622 2460 ergo
1654 2387 1882 2457 accipite

276 2471 577 2542 cingulum,
636 2471 884 2536 loricam,
942 2480 1157 2528 scutum
1222 2482 1326 2530 etc.
1400 2475 1558 2542 Quod
1619 2475 1699 2529 sic
1756 2475 1877 2529 ait:

276 2560 439 2613 State
460 2559 522 2612 in
552 2574 738 2630 pugna
766 2561 1048 2616 succincti
1080 2559 1292 2617 lumbos
1318 2566 1549 2629 vestros,
1583 2562 1635 2615 id
1659 2569 1743 2617 est
1768 2564 1870 2615 ha-

278 2647 472 2701 bentes
508 2647 785 2717 cingulum
825 2648 879 2702 in
913 2648 1131 2715 lumbis,
1159 2665 1265 2720 quo
1301 2651 1625 2721 reprimatur
1643 2650 1875 2704 luxuria.

276 2735 567 2790 Succincti
598 2735 721 2790 dico
750 2738 814 2791 in
842 2737 1102 2791 veritate.
1135 2752 1204 2791 ne
1252 2736 1390 2792 forte
1435 2745 1586 2793 extra
1615 2737 1879 2792 simuletis

274 2822 598 2889 castitatem,
632 2824 775 2877 intus
803 2824 1087 2879 lasciviam
1138 2824 1407 2880 habeatis.
1469 2825 1568 2880 Vel
1597 2827 1878 2881 succincti

275 2911 488 2964 lumbos
518 2910 575 2964 in
603 2911 883 2977 charitate,
918 2912 1064 2982 quod
1096 2912 1316 2967 dilectio
1346 2912 1445 2967 Dei
1495 2913 1776 2983 cingulum
1808 2912 1877 2966 sit

1980 2210 2187 2278 fungor
2227 2209 2505 2279 legatione
2535 2211 2751 2280 positus
2790 2210 2853 2263 in
2888 2213 3110 2265 catena.
3146 2212 3232 2265 Ita
3263 2210 3420 2266 detur
3448 2226 3571 2266 cum

1980 2293 2179 2349 ﬁducia
2206 2299 2271 2349 ut
2316 2296 2557 2350 audeam
2605 2298 2667 2351 in
2697 2297 2814 2368 ipso
2866 2297 3164 2369 Evangelio
3197 2299 3365 2370 loqui,
3396 2302 3569 2368 prout

1979 2399 2068 2437 me
2115 2386 2351 2454 oportet,
2408 2399 2515 2437 non
2546 2384 2777 2454 amplius
2816 2391 3073 2438 venturus
3101 2385 3169 2439 ad
3221 2402 3340 2440 vos.
3374 2385 3454 2440 De
3483 2384 3569 2440 his

1979 2482 2100 2536 quae
2130 2465 2284 2520 vobis
2315 2467 2531 2538 agenda
2561 2475 2703 2533 sunt,
2738 2466 2816 2522 sic
2844 2483 2943 2522 vos
2981 2467 3159 2522 docui.
3198 2472 3262 2526 Ut
3292 2473 3484 2524 autem
3513 2473 3571 2524 et

1978 2569 2070 2608 vos
2099 2555 2296 2609 sciatis
2327 2554 2717 2621 tribulationes,
2749 2572 2869 2627 quce
2889 2556 3041 2610 circa
3060 2572 3149 2611 me
3165 2561 3300 2612 sunt
3330 2564 3423 2623 ;et
3438 2557 3570 2627 quid

1977 2657 2083 2712 ego
2110 2658 2265 2711 agam
2294 2641 2351 2694 in
2372 2641 2497 2695 illis.
2528 2642 2814 2713 Tychicus,
2839 2644 3204 2699 charissimus
3225 2648 3411 2715 frater
3434 2645 3571 2713 etﬁ-

1977 2729 2119 2784 detis
2140 2732 2403 2785 minister
2422 2731 2485 2784 in
2525 2728 2778 2797 Domino,
2807 2736 2942 2787 nota
2970 2733 3145 2803 faciet
3172 2734 3316 2787 vobis
3350 2733 3563 2799 omnia,

1983 2818 2152 2885 Quem
2183 2818 2480 2888 Tychicum
2512 2819 2644 2874 misi
2673 2820 2743 2874 ad
2772 2833 2863 2874 vos
2904 2820 2968 2874 in
3008 2819 3107 2876 hoc
3150 2822 3337 2892 ipsum
3386 2824 3451 2875 ut
3471 2834 3567 2875 co-

1975 2906 2257 2976 gnoscatis
2276 2921 2376 2975 per
2404 2922 2530 2960 eum
2560 2924 2681 2979 quae
2700 2910 2853 2963 circa
2878 2925 2978 2963 nos
3008 2913 3163 2974 sunt,
3200 2913 3256 2964 et
3277 2913 3344 2964 ut
3371 2923 3565 2965 conso-

275 2958 483 2964 -η---η-
518 2958 575 2964 --
607 2958 883 2977 -κν---ηνν
920 2958 1064 2982 1—w-
1098 2958 1313 2967 ι---νν--ν
1346 2958 1445 2967 -ν-
1497 2958 1776 2983 ymo—nu--
1808 2958 1876 2966 νη
2236 2958 2293 2975 τι
2325 2958 2361 2961 τ
2496 2958 2529 2960 η
2563 2958 2671 2979 rm
3202 2958 3247 2964 ν-
3281 2958 3336 2964 ην
3373 2958 3529 2965 νηη-

272 2996 605 3066 lumborum,
664 2997 996 3054 mortiﬁcans
1052 2999 1107 3052 in
1166 2999 1324 3054 nobis
1381 2999 1671 3054 luxuriam.
1734 3001 1880 3055 State
1904 2958 1950 3018 Ο
1982 2994 2134 3048 letur
2160 2994 2329 3049 corda
2372 2999 2558 3049 vestra
2604 3010 2727 3050 cum
2766 2995 3046 3050 audieritis
3080 3012 3167 3050 me
3193 2996 3304 3067 pati
3333 3012 3430 3066 pro
3460 3012 3564 3053 no-

278 3084 441 3145 etiam
468 3086 662 3140 induti
693 3087 925 3141 loricam
946 3087 1215 3156 justitia,
1236 3087 1291 3140 id
1320 3094 1424 3153 est,
1441 3087 1649 3155 justitia
1678 3087 1747 3142 sit
1774 3103 1875 3143 vo-

275 3171 362 3225 bis
412 3172 598 3241 lorica,
656 3172 773 3228 sine
833 3173 1056 3228 laesione
1106 3174 1377 3244 quoslibet
1407 3175 1543 3229 ictus
1574 3174 1869 3245 excipiens.

272 3260 397 3314 Non
428 3259 552 3314 ideo
581 3260 712 3315 dicit
743 3260 1023 3316 veritatem
1055 3261 1335 3334 cingulum
1361 3263 1689 3328 lumborum,
1714 3271 1768 3317 et
1794 3263 1874 3331 ju-

274 3346 478 3400 stitiam
509 3363 631 3402 esse
660 3348 905 3415 loricam,
939 3349 1072 3419 quin
1120 3366 1150 3404 e
1206 3364 1473 3405 converso
1499 3350 1645 3405 idem
1691 3351 1871 3406 dicere

272 3433 476 3488 bonum
511 3443 676 3489 esset.

344 3521 493 3576 State
522 3522 684 3577 etiam
717 3524 959 3578 calceati
1006 3524 1192 3595 pedes,
1224 3524 1280 3579 id
1309 3533 1392 3580 est
1429 3524 1743 3581 affectiones
1769 3542 1868 3581 ve-

269 3616 409 3664 stras
459 3613 596 3665 bene
627 3610 890 3665 habentes
920 3611 1173 3666 munitas.
1220 3613 1345 3667 Non
1391 3613 1514 3669 dico
1555 3620 1762 3667 tantum
1811 3613 1868 3667 in

265 3697 588 3769 Evangelio,
624 3697 722 3752 sed
749 3697 911 3751 etiam
940 3698 1004 3753 in
1024 3700 1443 3771 praeparatione
1466 3702 1775 3770 Evangelii,
1810 3708 1868 3754 ut

268 3784 511 3855 primum
538 3786 593 3838 in
623 3784 779 3839 vobis
824 3786 1104 3840 ostendam
1157 3786 1302 3856 quod
1331 3787 1451 3842 aliis
1498 3788 1863 3859 Evangeliza-

268 3872 416 3927 hitis.
442 3873 570 3928 Haec
600 3872 742 3927 enim
772 3872 1094 3943 praeparatio
1125 3874 1264 3929 bona
1294 3882 1395 3929 est.
1430 3875 1715 3948 Evangelii
1743 3875 1867 3931 dico

266 3961 450 4031 pacis,
482 3959 536 4013 id
567 3968 650 4014 est
681 3975 779 4030 per
807 3960 954 4031 quod
984 3960 1124 4015 inter
1172 3963 1345 4016 Deum
1374 3970 1428 4017 et
1460 3962 1735 4017 hominem
1764 3979 1867 4032 pax

265 4046 611 4101 reformatur.
645 4047 883 4103 Calceati
914 4048 1083 4117 pedes
1129 4064 1226 4104 vos
1278 4050 1420 4117 dico,
1469 4055 1756 4105 sumentes
1803 4052 1867 4105 in

269 4134 528 4191 omnibus
556 4135 1057 4206 impugnationibus
1087 4141 1315 4193 scutum
1333 4138 1482 4207 ﬁdei,
1506 4137 1560 4191 id
1578 4145 1659 4192 est
1681 4136 1864 4205 ﬁdem,

270 4311 2072 4343 Ἢ

1978 3080 2124 3135 mine
2155 3081 2374 3150 Christi,
2430 3098 2527 3152 pro
2558 3099 2665 3153 quo
2696 3098 2855 3138 omne
2913 3099 3049 3138 onus
3094 3084 3213 3139 leve
3269 3092 3370 3150 est,
3404 3100 3564 3139 omne

1970 3170 2161 3241 jugum
2180 3169 2321 3224 ferre
2344 3184 2509 3225 suave
2526 3178 2607 3225 est
2632 3172 2848 3239 (Matth.
2881 3185 2962 3238 ιιι,
2997 3174 3107 3241 30).
3134 3171 3231 3227 llic
3259 3171 3565 3242 Thychicus

1974 3257 2071 3311 fuit
2100 3274 2200 3327 per
2229 3273 2388 3328 quem
2418 3258 2561 3313 hanc
2590 3258 2890 3328 Epistolam
2929 3258 3100 3326 misit,
3132 3258 3419 3314 intendens
3467 3276 3564 3331 per

1974 3352 2266 3415 utrumque
2296 3360 2390 3399 eos
2419 3345 2709 3400 consolari.
2766 3340 2930 3399 Vobis
2959 3347 3235 3416 fratribus
3265 3347 3332 3401 sit
3358 3364 3479 3418 pax
3504 3352 3561 3402 et

1970 3433 2222 3488 charitas
2268 3449 2399 3487 cum
2436 3432 2542 3500 ﬁde
2564 3473 2578 3500 ,
2639 3432 2689 3485 id
2722 3441 2804 3487 est
2849 3442 2900 3487 et
2930 3431 3065 3487 ﬁdes
3093 3450 3128 3487 a
3161 3436 3263 3488 Deo
3296 3435 3467 3490 Patre
3507 3439 3566 3489 et

1969 3522 2205 3575 Domino
2245 3522 2377 3575 Jesu
2421 3519 2662 3575 Christo.
2698 3521 2887 3575 Gratia
2923 3520 3148 3576 sitcum
3179 3523 3436 3578 omnibus
3467 3522 3564 3593 qui

1968 3606 2217 3677 diligunt
2237 3609 2537 3662 Dominum
2568 3612 2828 3663 nostrum
2864 3610 3053 3663 Jesum
3093 3607 3397 3663 Christum.
3422 3608 3561 3662 Dili-

1969 3703 2103 3767 gunt
2131 3695 2253 3751 dico
2276 3697 2336 3750 in
2358 3697 2801 3767 incorruptione,
2826 3695 2879 3750 id
2897 3703 2976 3751 est
2993 3696 3049 3749 in
3064 3695 3374 3768 integritate
3396 3695 3562 3751 dilec-

1969 3783 2150 3838 tionis.
2176 3783 2388 3838 Dictum
2411 3791 2491 3839 est
2510 3800 2539 3837 a
2562 3784 2912 3839 similitudine
2935 3800 3296 3855 sponsae,quae
3318 3800 3378 3839 se
3399 3783 3563 3839 mari-

1969 3879 2082 3926 tum
2138 3872 2366 3943 diligere
2422 3873 2642 3943 probat,
2702 3873 2834 3926 dum
2889 3872 2940 3927 ei
2987 3871 3357 3944 integritatem
3408 3888 3562 3928 suam

1968 3968 2230 4015 reservat.
2267 3961 2366 4015 Vel
2394 3961 2468 4015 ita
2502 3978 2514 4014 :
2549 3960 2739 4015 Gratia
2775 3960 2841 4014 sit
2884 3960 2989 4014 illis
3020 3963 3082 4016 in
3110 3961 3557 4033 incorruptione,

1967 4046 2023 4101 id
2078 4055 2163 4102 est
2218 4047 2272 4101 in
2330 4064 2426 4119 spe
2478 4047 2922 4120 incorruptionis,
2956 4048 3010 4103 id
3039 4057 3121 4104 est
3168 4049 3292 4104 vitae
3320 4056 3554 4107 aeternae.

1969 4136 2008 4191 Α
2021 4152 2168 4196 men.

3149 4311 3549 4328 _

1044 4471 1538 4528 ARGUMENTUM
1577 4472 1651 4527 IN
1686 4470 2079 4529 EPISTOLAM
2118 4473 2212 4527 AD
2252 4471 2768 4527 PHILIPPENSES.

340 4646 679 4720 Pilippenses
705 4654 842 4720 sunt
862 4647 1206 4720 Macedones.
1240 4647 1305 4701 Hi
1334 4656 1557 4720 accepto
1587 4648 1756 4720 verbo
1788 4646 2046 4720 veritatis,
2079 4648 2429 4718 perstiterunt
2459 4648 2512 4702 in
2543 4647 2647 4703 fide
2672 4663 2817 4720 ,nec
2848 4656 3175 4719 receperunt
3202 4648 3365 4704 falsos
3422 4665 3554 4720 apo-

271 4717 461 4772 stolos.
495 4719 606 4772 Hos
637 4717 903 4773 collaudat
930 4718 1243 4789 Apostolus,
1276 4717 1521 4773 scribens
1551 4717 1629 4773 eis
1660 4734 1693 4772 a
1721 4718 1895 4773 Roma
1921 4719 1990 4773 de
2020 4717 2240 4775 carcere
2272 4735 2368 4790 per
2396 4719 2841 4789 Epaphroditum.

1124 5013 1567 5078 PROLOGUS
1610 5016 1687 5076 B.
1732 5012 2150 5077 BRUNONIS
2191 5015 2274 5075 IN
2316 5014 2681 5077 EAMDEM.

335 5197 568 5269 Philippi
595 5197 786 5253 civitas
817 5204 898 5251 est
927 5196 982 5251 in
1010 5196 1364 5253 Macedonia:
1399 5197 1525 5253 inde
1542 5198 1851 5270 Philippen-
1882 5201 1933 5259 D
1956 5215 2050 5254 sua
2082 5200 2158 5270 (II
2185 5199 2310 5255 Cor.
2350 5214 2429 5263 ιιι,
2462 5201 2536 5269 5).
2571 5198 2728 5269 Apud
2758 5200 2858 5254 hos
2890 5200 3263 5271 Philippenses
3309 5201 3554 5275 aliquan-

259 5303 369 5341 ses.
429 5286 469 5340 Ii
528 5293 705 5339 autem
760 5284 829 5340 de
884 5301 1111 5340 numero
1143 5301 1333 5340 eorum
1363 5285 1597 5353 fuerunt,
1631 5303 1768 5357 quos
1798 5288 1852 5341 in
1954 5289 2046 5342 diu
2077 5295 2432 5343 conversatus
2488 5287 2665 5342 fuerat
2709 5288 2937 5357 Paulus,
2984 5289 3283 5358 praedicans
3314 5289 3393 5343 eis
3424 5305 3550 5343 ver-

261 5373 505 5429 secunda
556 5373 803 5443 Epistola
832 5373 904 5426 ad
946 5372 1254 5427 Corinthios
1308 5374 1446 5428 adeo
1486 5373 1854 5444 magnificavit
1953 5375 2082 5430 bum
2112 5376 2240 5444 Dei,
2276 5384 2328 5430 et
2357 5392 2456 5446 per
2513 5392 2635 5429 eum
2692 5384 3053 5447 susceperunt
3109 5375 3269 5432 ﬁdem
3301 5375 3499 5431 Christi
3532 5395 3546 5443 ;

260 5461 483 5527 Paulus,
517 5461 704 5518 dicens
735 5478 746 5518 :
781 5460 1004 5532 Seipsos
1049 5460 1284 5535 primum
1312 5461 1618 5530 dederunt;
1653 5462 1849 5520 deinde
1951 5463 2145 5535 quibus
2175 5462 2486 5519 coniortatis
2532 5463 2585 5518 in
2618 5463 2885 5520 mandatis
2916 5464 3037 5530 Dei,
3070 5462 3321 5518 discessit
3351 5463 3417 5520 ab
3448 5462 3547 5521 eis.
