3960 6050
386 171 485 225 351

918 169 977 225 S.
1027 168 1381 227 BRUNONIS
1426 132 2075 230 CABTHUSIANORUM
2116 172 2599 233 INSTITUTORIS
2636 176 2794 234 OPP.
2842 178 3019 236 PARS
3066 180 3133 235 II.

3573 188 3680 243 352

385 291 483 347 sed
518 306 642 348 cum
670 292 857 348 Romae
885 297 1031 347 esset
1060 290 1115 346 in
1144 290 1391 359 vinculis,
1424 301 1647 364 propter
1674 294 1978 350 absentiam
2001 297 2052 356 A
2082 295 2246 351 modo
2276 304 2335 351 ut
2364 299 2631 368 approbet
2650 314 2744 355 eos
2763 301 3197 370 persecutionem
3220 302 3451 360 libenter
3470 304 3676 362 debere

388 387 443 433 et
478 379 882 435 tribulationem
931 379 1185 449 pastoris,
1235 380 1681 435 existimaverunt
1728 398 1982 452 persecu-

388 476 538 523 tores
560 468 780 536 justitim
808 475 861 522 et
891 467 1101 538 pseudo
1128 468 1382 536 apostoli,
1414 469 1801 538 depravatores
1830 469 1982 524 veri-

389 555 533 622 tatis,
564 554 666 609 sibi
719 555 901 609 datam
950 571 1078 610 esse
1124 556 1577 625 Opportunitatem
1622 558 1986 629 aggrediendi

388 658 526 712 quos
558 643 754 696 Paulus
795 642 1118 697 instruxerat
1166 642 1565 713 Philippenses,
1598 652 1655 698 ut
1685 652 1735 698 et
1770 643 1984 700 facilius

387 729 646 784 cederent
673 730 1061 800 persecutioni,
1114 738 1336 800 pr0pter
1382 730 1723 787 aﬂlictionem
1755 742 1804 787 et
1853 748 1984 789 con-

390 825 650 887 temptum
707 818 979 889 magistri,
1037 825 1089 872 et
1118 825 1174 871 ut
1220 818 1428 887 pseudo
1467 820 1823 890 Opportunius
1852 837 1982 890 per-

388 913 663 961 verterent
692 904 854 959 fidem
886 920 1091 971 eorum,
1143 905 1368 960 absente
1418 907 1585 961 Paulo
1646 908 1737 979 qui
1775 908 1980 964 confir-

388 1000 561 1048 maret
590 1009 706 1047 eos.
743 992 919 1060 Quam
949 1000 1235 1063 utramque
1266 1009 1505 1066 pugnam
1534 994 1764 1065 (scilicet
1794 1013 1979 1066 perse-

390 1088 636 1135 cutorum
688 1088 743 1135 et
799 1080 1317 1151 pseudodoctorum)
1386 1082 1586 1136 Paulus
1642 1083 1973 1156 intelligens,

390 1167 610 1238 scripsit
637 1168 716 1222 eis
746 1168 889 1223 hanc
918 1167 1238 1238 Epistolam,
1272 1169 1327 1222 in
1377 1184 1485 1239 qua
1513 1170 1623 1240 agit
1653 1171 1721 1225 de
1753 1171 1843 1225 illa
1872 1174 1976 1227 du-

388 1251 517 1322 plici
548 1267 733 1323 pugna
790 1258 1199 1322 persecutorum
1258 1260 1310 1306 et
1353 1254 1871 1323 pseudodoctorum,
1911 1273 1976 1313 eo

390 1431 3350 1467 ——————————__—_________

2082 384 2191 454 pati
2218 400 2318 455 pro
2349 384 2454 441 fide
2487 386 2705 453 Christi,
2740 387 2874 443 Cum
2905 391 3224 459 Apostolum
3248 409 3403 447 suum
3432 395 3675 465 gauden-

2084 479 2191 526 tem
2220 472 2437 527 audiant
2463 474 2518 528 in
2574 475 2820 541 vinculis,
2860 477 2952 547 qui
2982 478 3183 550 dignus
3232 480 3447 535 habitus
3474 482 3543 536 sit
3573 499 3677 552 pro

2082 559 2303 614 nomine
2331 562 2461 615 Jesu
2518 564 2894 618 contumeliam
2924 564 3032 634 pati
3064 584 3077 632 ;
3111 582 3235 622 cum
3294 569 3457 623 etiam
3505 570 3681 625 sciant

2081 648 2269 701 Jesum
2298 663 2399 718 pro
2450 649 2619 705 salute
2653 666 2844 706 eorum
2871 669 3110 722 passum.
3144 654 3217 708 Iis
3249 664 3302 710 et
3331 656 3451 711 aliis
3496 658 3677 713 causis

2082 735 2393 804 patientiam
2441 752 2565 792 cum
2613 739 2910 795 humilitate
2960 743 3307 797 commendat
3344 744 3442 799 eis.
3476 746 3675 800 lterum

2082 822 2382 878 doctrinam
2413 839 2600 880 eorum
2630 828 2838 896 pseudo
2866 828 2973 882 illis
3011 830 3151 884 adeo
3200 831 3456 901 deprimit
3485 841 3542 887 ut
3579 849 3677 888 vo-

2080 917 2165 964 cet
2195 926 2312 965 eam
2340 918 2602 979 stercora,
2636 922 2690 968 et
2719 915 2914 969 multas
2946 917 3038 970 dat
3066 917 3327 985 rationes,
3372 935 3536 991 quare
3564 936 3677 975 non

2080 997 2187 1051 sint
2217 998 2493 1055 audiendi.
2526 1002 2595 1055 Et
2624 1002 2680 1055 in
2712 1004 2852 1058 hunc
2880 1003 3099 1060 modum
3119 1022 3289 1076 agens
3309 1007 3376 1061 de
3405 1009 3506 1064 hac
3533 1017 3675 1064 utra-

2079 1100 2186 1155 que
2242 1102 2447 1156 pugna,
2504 1088 2733 1144 intendit
2763 1107 2859 1146 eos
2890 1108 3100 1149 armare
3156 1094 3211 1147 in
3237 1095 3343 1149 hoc
3393 1095 3536 1151 bello
3574 1112 3675 1166 per

2080 1173 2217 1227 hanc
2246 1174 2570 1243 Epistolam,
2603 1194 2672 1232 ne
2703 1179 2789 1234 vel
2819 1179 3015 1235 cedant
3034 1182 3417 1253 persecutioni,
3440 1183 3526 1239 vel
3545 1198 3679 1240 con-

2079 1260 2310 1316 sentiant
2345 1264 2534 1319 errori.

1120 1603 1721 1700 EPISTOLA
1777 1606 1940 1701 AD
2007 1609 2926 1718 PHILIPPENSES.

763 1853 1001 1909 255
1045 1852 1268 1909 CAPUT
1308 1852 1599 1931 PRIMUM.

465 2035 486 2058 ‹‹
521 2012 721 2067 Paulus
753 2019 805 2067 et
836 2012 1172 2078 Timotheus,
1202 2010 1347 2066 servi
1373 2012 1503 2064 Jesu
1532 2010 1751 2074 Christi,
1795 2010 1976 2065 omni-

390 2118 412 2152 ι
446 2100 549 2154 bus
580 2100 782 2156 sanctis
812 2100 867 2154 in
918 2100 1130 2154 Christo
1184 2101 1334 2167 Jesu,
1395 2098 1487 2169 qui
1535 2106 1659 2152 sunt
1714 2099 1977 2169 Philippis

390 2209 412 2237 α
447 2203 571 2244 cum
600 2187 876 2257 episcopis
905 2195 957 2241 et
987 2186 1324 2242 diaconibus.
1359 2185 1548 2240 Gratia
1585 2185 1742 2240 vobis
1773 2194 1823 2239 et
1870 2202 1975 2257 pax

392 2299 413 2321 α
448 2289 482 2329 a
512 2276 627 2329 Deo
659 2277 814 2329 Patre
836 2282 1044 2340 nostro,
1080 2282 1131 2329 et
1160 2273 1393 2328 Domino
1421 2271 1551 2328 Jesu
1582 2274 1817 2329 Christo.
1843 2274 1977 2329 Gra-

392 2384 414 2414 α
449 2362 554 2417 tias
584 2379 691 2435 ago
722 2364 837 2418 Deo
866 2379 989 2417 meo
1020 2362 1074 2415 in
1102 2361 1248 2416 omni
1274 2362 1533 2417 memoria
1550 2363 1737 2428 vestri,
1763 2379 1978 2433 semper

391 2472 412 2501 α
448 2450 501 2504 in
533 2451 742 2506 cunctis
771 2450 1106 2506 orationibus
1164 2450 1300 2503 meis
1342 2466 1441 2521 pro
1489 2450 1741 2505 omnibus
1799 2450 1973 2515 vobis,

391 2562 411 2585 α
448 2555 571 2595 cum
599 2539 801 2610 gaudio
832 2538 1271 2608 deprecationem
1331 2538 1555 2601 faciens,
1608 2554 1772 2608 super
1830 2553 1972 2593 com-

393 2648 415 2677 α
450 2626 815 2682 municatione
844 2634 1027 2681 vestra
1056 2626 1112 2679 in
1141 2626 1441 2696 Evangelio
1490 2626 1687 2680 Christi
1718 2641 1749 2679 a
1803 2626 1978 2696 prima

392 2736 413 2759 α
449 2714 537 2769 die
595 2730 768 2784 usque
815 2729 978 2778 nunc,
1029 2712 1310 2767 confidens
1351 2714 1453 2768 hoc
1498 2713 1694 2783 ipsum,
1729 2714 1856 2784 quia
1887 2713 1977 2784 qui

392 2823 412 2846 «
448 2801 612 2872 cmpit
666 2801 721 2854 in
777 2800 931 2855 vobis
979 2816 1116 2871 opus
1155 2801 1376 2863 bonum,
1419 2799 1661 2870 perficiet
1707 2817 1878 2871 usque
1921 2802 1976 2854 in

390 2911 412 2935 «
447 2889 591 2944 diem
622 2889 819 2944 Christi
849 2890 999 2944 Jesu.
1034 2889 1181 2944 Sicut
1202 2895 1283 2943 est
1315 2888 1443 2941 mihi
1478 2890 1683 2957 justum
1713 2890 1814 2943 hoc
1846 2905 1975 2943 sen-

390 3000 412 3023 «
449 2978 547 3032 tire
574 2992 677 3047 pro
708 2976 960 3031 omnibus
1009 2976 1184 3041 vobis,
1220 2992 1285 3030 eo
1333 2976 1479 3046 quod
1524 2976 1753 3030 habeam
1797 2991 1893 3031 vos
1921 2976 1975 3030 in

388 3086 410 3116 α
445 3064 631 3131 corde,
667 3072 718 3119 et
744 3064 798 3117 in
828 3063 1055 3119 vinculis
1086 3063 1222 3117 meis
1254 3071 1306 3117 et
1336 3064 1390 3117 in
1420 3063 1736 3117 defensione
1768 3071 1820 3118 et
1848 3079 1976 3118 con-

388 3175 409 3199 «
446 3151 744 3207 firmatione
774 3151 1079 3223 Evangelii,
1105 3151 1285 3207 socios
1316 3151 1502 3223 gaudii
1531 3151 1638 3205 mei
1668 3167 1858 3206 omnes
1879 3166 1975 3206 vos

388 3263 408 3287 «
443 3256 565 3295 esse
595 3239 771 3294 Testis
802 3239 944 3293 enim
977 3239 1107 3292 mihi
1138 3247 1219 3293 est
1264 3239 1431 3306 Deus,
1466 3239 1738 3309 quomodo
1761 3238 1974 3309 cupiam

388 3350 411 3378 α
446 3343 544 3383 vos
574 3343 764 3381 omnes
794 3327 850 3380 in
881 3327 1185 3382 visceribus
1210 3328 1339 3380 Jesu
1368 3326 1590 3381 Christi.
1625 3328 1691 3381 Et
1721 3328 1824 3382 hoc
1852 3343 1971 3394 oro,

390 3423 504 3469 «ut
559 3413 792 3469 charitas
846 3422 1029 3469 vestra
1086 3413 1264 3486 magis
1320 3429 1383 3469 ac
1430 3414 1609 3485 magis
1656 3414 1892 3469 abundet
1921 3416 1975 3468 in

386 3526 408 3551 α
444 3503 667 3560 scientia
707 3511 759 3558 et
789 3502 845 3556 in
896 3502 1044 3558 omni
1075 3519 1257 3567 sensu,
1293 3511 1351 3557 ut
1379 3501 1621 3573 probetis
1655 3502 1885 3572 potiora,
1917 3511 1975 3557 ut

389 3615 410 3637 «
444 3592 561 3646 sitis
593 3590 812 3658 sinceri,
848 3598 900 3646 et
932 3592 1049 3645 sine
1079 3588 1289 3645 offensa
1344 3590 1397 3643 in
1428 3590 1571 3644 diem
1616 3589 1835 3656 Christi,
1880 3607 1972 3645 re-

385 3702 406 3725 «
441 3679 574 3750 pleti
604 3678 782 3734 fructu
833 3678 1055 3746 justitiaa
1080 3694 1179 3747 per
1204 3678 1389 3733 Jesum
1429 3676 1718 3743 Christum,
1770 3677 1824 3729 in
1853 3676 1974 3730 lau-

385 3789 408 3819 ι
444 3767 569 3821 dem
592 3774 645 3821 et
676 3764 901 3836 gloriam
921 3766 1039 3819 Dei.
1076 3765 1224 3820 Scire
1255 3772 1432 3818 autem
1464 3780 1561 3818 vos
1600 3763 1745 3830 volo,
1782 3764 1973 3819 fratres

387 3878 407 3901 α
444 3855 571 3926 quia
601 3870 720 3924 quae
751 3853 893 3907 circa
922 3868 1007 3906 me
1030 3860 1172 3917 sunt,
1198 3852 1373 3922 magis
1394 3852 1459 3905 ad
1477 3851 1780 3922 profectum
1803 3868 1972 3906 vene-

386 3965 405 3988 u
439 3950 565 3996 runt
593 3939 890 4011 Evangelii,
926 3940 994 3992 ita
1016 3946 1070 3992 ut
1091 3939 1307 3993 vincula
1331 3955 1455 3994 mea
1476 3939 1759 3995 manifesta
1782 3939 1974 3994 fierent

385 4051 406 4081 «
442 4030 498 4083 in
528 4028 743 4084 Christo
773 4027 829 4081 in
878 4026 1024 4081 omni
1081 4026 1355 4097 praetorio,
1392 4035 1443 4080 et
1479 4027 1532 4080 in
1564 4028 1774 4082 caeteris
1802 4028 1976 4083 omni-

384 4140 405 4164 α
440 4118 560 4183 bus,
594 4125 647 4172 et
690 4117 876 4186 plures
927 4131 957 4169 e
1004 4114 1257 4168 fratribus
1288 4114 1341 4168 in
1372 4115 1604 4170 Domino
1634 4114 1971 4171 confidentes

383 4229 403 4252 «
436 4207 491 4260 in
522 4204 749 4262 vinculis
779 4204 935 4269 meis,
970 4203 1332 4257 abundantius
1364 4204 1629 4259 auderent
1646 4204 1968 4259 sinetimore

384 4316 405 4341 «ι
441 4294 663 4349 verbum
720 4292 817 4347 Dei
873 4291 1042 4363 loqui.
1102 4290 1334 4361 Quidam
1398 4292 1635 4363 quidem,
1669 4300 1722 4347 et
1748 4299 1973 4362 propter

382 4381 699 4437 «invidiam
752 4388 804 4435 et
878 4380 1298 4446 contentionem,
1376 4380 1592 4450 quidam
1664 4388 1844 4434 autem
1918 4387 1971 4434 et

382 4492 404 4516 α
438 4477 660 4540 propter
692 4469 890 4522 bonam
921 4468 1252 4522 voluntatem
1301 4468 1569 4521 Christum
1618 4468 1919 4537 praedicant
1951 4486 1965 4533 ;

2002 1832 2055 1892 Β
2083 1851 2104 1881 ι
2132 1832 2246 1887 sive
2275 1850 2375 1903 per
2404 1834 2567 1890 vitam
2598 1835 2713 1892 sive
2740 1854 2841 1908 per
2867 1846 3116 1895 mortem.
3160 1841 3287 1895 Mihi
3319 1841 3460 1897 enim
3486 1842 3671 1899 vivere

2087 1941 2109 1969 α
2147 1920 2396 1976 Christus
2426 1932 2526 1990 est,
2561 1933 2613 1979 et
2639 1926 2778 1979 mori
2809 1926 3039 1983 lucrum.
3101 1928 3260 1997 Quod
3309 1930 3354 1984 si
3403 1931 3586 1986 vivere
3616 1933 3672 1986 in

2084 2028 2106 2057 α
2144 2023 2325 2075 carne,
2359 2010 2447 2065 hic
2476 2012 2606 2066 mihi
2638 2012 2840 2069 fructus
2888 2015 3069 2086 operis
3099 2025 3201 2083 est,
3234 2025 3283 2072 et
3314 2018 3441 2089 quid
3473 2019 3670 2091 eligam

2083 2117 2103 2141 σι
2142 2095 2360 2166 ignoro.
2416 2099 2678 2155 Coarctor
2732 2111 2911 2157 autem
2968 2120 2997 2158 e
3045 2105 3301 2159 duobus:
3336 2106 3669 2161 desiderium

2082 2207 2103 2229 «
2143 2185 2346 2239 habens
2378 2186 2621 2257 dissolvi,
2657 2198 2709 2243 et
2740 2206 2860 2245 esse
2890 2207 3011 2246 cum
3034 2192 3269 2257 Christo,
3302 2194 3470 2248 multo
3495 2196 3670 2268 magis

2083 2293 2105 2321 «
2139 2274 2334 2327 melius
2368 2294 2381 2341 ;
2416 2292 2733 2345 permanere
2772 2287 2951 2334 autem
2994 2280 3048 2333 in
3077 2296 3259 2348 carne,
3293 2283 3667 2337 necessarium

2085 2379 2104 2411 ι
2143 2369 2227 2415 est
2256 2371 2475 2432 propter
2503 2380 2620 2419 vos.
2668 2367 2733 2419 Et
2783 2367 2885 2423 hoc
2941 2367 3222 2423 confidens
3254 2370 3366 2424 scio
3397 2370 3518 2441 quia
3549 2387 3667 2425 ma-

2083 2471 2104 2494 ‹‹
2140 2449 2280 2503 nebo
2312 2458 2365 2504 et
2394 2453 2729 2521 permanebo
2778 2455 3030 2509 omnibus
3078 2457 3233 2512 vobis
3261 2457 3328 2510 ad
3367 2457 3668 2527 perfectum

2082 2544 2397 2607 «vestrum,
2448 2548 2499 2594 et
2529 2542 2786 2612 gaudium
2830 2542 2975 2605 fidei,
3035 2552 3092 2598 ut
3146 2545 3433 2617 gratulatio
3488 2554 3671 2601 vestra

2082 2646 2104 2673 α
2141 2625 2380 2680 abundet
2411 2627 2465 2680 in
2496 2628 2705 2684 Christo
2733 2631 2861 2685 Jesu
2902 2631 2955 2684 in
2983 2648 3089 2697 me,
3122 2648 3219 2703 per
3247 2648 3429 2686 meum
3458 2633 3667 2687 adven-

2086 2721 2252 2767 «tum
2306 2714 2497 2769 iterum
2538 2717 2612 2771 ad
2672 2734 2790 2772 vos.
2856 2720 3086 2773 Tantum
3140 2720 3305 2791 digne
3368 2722 3666 2792 Evangelio

2082 2822 2102 2851 ι
2140 2802 2339 2856 Christi
2396 2806 2814 2875 conversamini,
2862 2815 2937 2876 ut,
2998 2808 3111 2863 sive
3167 2825 3291 2863 cum
3351 2825 3554 2864 venero
3612 2818 3665 2865 et

2082 2912 2103 2935 α
2138 2890 2326 2945 videro
2382 2907 2501 2957 vos,
2564 2893 2677 2947 sive
2731 2895 2928 2949 absens
2974 2895 3187 2950 audiam
3235 2896 3302 2951 de
3332 2897 3506 2963 vobis,
3541 2897 3665 2969 quia

2080 2998 2101 3027 ι
2138 2979 2291 3032 statis
2320 2980 2374 3032 in
2401 2996 2507 3034 uno
2540 2982 2726 3051 spiritu
2775 2983 3078 3049 unanimes,
3113 2984 3511 3039 collaborantes
3538 2983 3668 3040 ﬁdei

2080 3089 2101 3113 «
2136 3066 2440 3137 Evangelii,
2474 3077 2525 3123 et
2554 3070 2608 3123 in
2637 3071 2782 3125 nullo
2832 3072 3141 3126 terreamini
3188 3073 3257 3126 ab
3288 3072 3615 3128 adversariis
3650 3093 3663 3141 ;

2006 3180 2051 3240 Ο
2082 3176 2103 3204 σι
2138 3172 2259 3226 quae
2289 3164 2371 3211 est
2408 3157 2514 3211 illis
2543 3174 2710 3214 causa
2736 3159 3075 3229 perditionis,
3110 3160 3265 3214 vobis
3297 3169 3473 3216 autem
3506 3162 3659 3216 salu-

2081 3266 2100 3288 α
2138 3243 2226 3307 tis,
2259 3251 2311 3298 et
2340 3244 2441 3300 hoc
2472 3262 2503 3300 a
2534 3248 2649 3302 Deo
2685 3263 2697 3300 :
2731 3248 2853 3318 quia
2908 3248 3059 3303 vobis
3116 3248 3374 3303 donatum
3424 3256 3507 3303 est
3562 3266 3661 3320 pro

2080 3352 2100 3381 α
2139 3331 2371 3398 Christo,
2404 3350 2511 3388 non
2543 3335 2716 3389 solum
2763 3344 2819 3389 ut
2878 3336 2932 3389 in
2973 3352 3098 3391 eum
3154 3337 3405 3401 credatis,
3456 3337 3555 3391 sed
3603 3345 3661 3391 ut

2079 3441 2101 3469 α
2136 3420 2300 3474 etiam
2356 3438 2452 3491 pro
2504 3422 2598 3477 illo
2658 3424 2971 3493 patiamini:
3024 3424 3164 3478 idem
3224 3432 3501 3479 certamen
3557 3426 3661 3479 ha-

2081 3529 2101 3555 u
2140 3508 2348 3577 hentes,
2383 3510 2544 3581 quale
2573 3519 2625 3566 et
2682 3511 2894 3568 vidistis
2937 3511 2991 3565 in
3021 3528 3129 3578 me,
3162 3520 3215 3567 et
3262 3528 3407 3567 nunc
3436 3512 3661 3566 audistis

2079 3618 2099 3645 α
2136 3596 2203 3651 de
2235 3614 2340 3652 me.
2383 3622 2402 3645 ιι

2718 3736 3034 3777 EXPOSITIO.

2144 3853 2385 3917 Paulus,
2418 3860 2522 3908 etc.
2553 3854 2783 3909 Nomina
2816 3854 3096 3927 dignitatis
3126 3854 3215 3911 hic
3250 3871 3359 3911 non
3387 3854 3655 3926 apposuit,

2073 3939 2251 3996 sciens
2282 3940 2659 4011 Philippenses
2680 3959 2788 3997 non
2808 3943 3059 3999 dubitare
3080 3943 3149 3997 de
3163 3943 3463 4013 apostolatu
3489 3942 3653 4007 Pauli,

2074 4044 2234 4098 quem
2266 4029 2585 4100 magistrum
2611 4037 2662 4084 et
2708 4032 3025 4100 Apostolum
3055 4048 3211 4086 suum
3243 4031 3654 4096 confitebantur,

2071 4118 2219 4183 dum,
2253 4118 2390 4172 sicut
2419 4118 2525 4170 illis
2546 4118 2842 4173 tradiderat
2871 4120 3088 4189 Paulus,
3125 4120 3179 4173 in
3209 4118 3315 4173 ﬁde
3345 4119 3657 4189 operaban-

2070 4215 2201 4270 tur;
2237 4206 2332 4260 sed
2391 4206 2676 4260 intendens
2734 4208 3119 4262 commendare
3172 4207 3251 4261 eis
3281 4206 3657 4273 humilitatem,

2071 4310 2190 4350 cum
2211 4294 2473 4364 patientia
2511 4293 2825 4347 humilitatis
2855 4311 3053 4350 nomen
3085 4296 3166 4363 (se
3199 4312 3417 4349 servum
3448 4294 3659 4361 dicens)

2068 4382 2313 4436 inseruit.
2369 4382 2523 4437 Unde
2554 4381 2631 4437 sic
2678 4382 2748 4435 ait
2782 4397 2792 4435 :
2828 4386 3040 4438 Paulus
3072 4388 3127 4439 et
3162 4384 3501 4438 Timotheus.
3533 4381 3655 4435 Non

2072 4468 2195 4524 ideo
2226 4470 2562 4525 Timotheum
2597 4470 2851 4540 apposuit
2890 4471 3036 4541 quod
3085 4486 3204 4525 cum
3238 4469 3405 4524 Paulo
3435 4468 3657 4539 Episto-

383 4580 405 4603 α
439 4530 680 4628 quidam,
714 4572 781 4610 ex
810 4555 1087 4620 charitate,
1121 4555 1357 4610 scientes
1398 4530 1654 4626 quoniam
1685 4555 1741 4608 in
1772 4530 1965 4609 defen;
1988 4530 2040 4588 D
2076 4556 2183 4611 lam
2215 4558 2511 4627 scripserit,
2549 4530 2647 4613 sed
2670 4530 2825 4630 .quia
2854 4530 2923 4613 in.
2942 4559 3135 4614 eadem
3166 4559 3437 4613 voluntate
3484 4530 3656 4611 Paulo

380 4667 402 4697 cz
439 4645 591 4700 sione
622 4643 905 4716 Evangelii
948 4645 1157 4714 positus
1188 4659 1326 4697 sum.
1387 4641 1616 4710 Quidam
1666 4651 1843 4697 autem
1903 4658 1968 4696 ex

382 4756 404 4784 α
440 4732 783 4789 contentione
838 4732 1109 4786 Christum
1167 4730 1482 4785 annuntiant
1539 4745 1647 4784 non
1706 4730 1965 4797 sincere;

383 4844 403 4868 α
441 4822 813 4877 existimantes
840 4835 1159 4889 pressuram
1190 4835 1247 4872 se
1281 4819 1541 4872 suscitare
1558 4817 1784 4872 vinculis
1807 4818 1962 4873 meis.

385 4931 406 4954 ‹‹
442 4909 583 4976 Quid
605 4909 748 4962 enim
765 4909 792 4961 ?
816 4908 953 4960 Dum
974 4907 1123 4961 omni
1148 4906 1331 4970 modo,
1349 4906 1463 4959 sive
1484 4922 1582 4975 per
1598 4906 1963 4975 occasionem,

384 5018 405 5042 α
440 4996 554 5050 sive
584 5012 680 5065 per
710 4995 994 5049 veritatem
1025 4993 1271 5047 Christus
1300 4994 1661 5062 annuntietur,
1696 5002 1747 5049 et
1777 4994 1831 5049 in
1862 4996 1967 5052 hoc

385 5106 407 5129 «ε
442 5082 676 5153 gaudeo,
709 5082 807 5136 sed
837 5089 889 5136 et
915 5081 1185 5153 gaudebo.
1220 5081 1343 5136 Scio
1373 5082 1515 5135 enim
1544 5083 1669 5153 quia
1698 5084 1803 5139 hoc
1833 5084 1964 5138 mihi

382 5194 404 5218 ιι
439 5170 719 5242 proveniet
758 5168 825 5223 ad
883 5170 1111 5223 salutem
1167 5184 1267 5239 per
1296 5178 1533 5224 vestram
1581 5171 1880 5226 orationem
1911 5181 1965 5227 et

384 5257 990 5313 «subministrationem
1025 5257 1252 5326 Spiritus
1307 5258 1435 5311 Jesu
1489 5258 1704 5325 Christi,
1760 5276 1961 5315 secun-

379 5368 401 5393 «
436 5347 566 5401 dum
596 5346 1057 5417 exspectationem
1088 5353 1140 5400 et
1168 5362 1317 5417 spem
1341 5362 1534 5413 meam,
1571 5348 1696 5419 quia
1725 5348 1780 5402 in
1809 5349 1960 5403 nullo

377 5456 397 5480 «
434 5435 751 5501 confundar,
782 5435 880 5489 sed
912 5434 965 5487 in
1012 5434 1158 5489 omni
1201 5433 1418 5505 fiducia,
1453 5436 1588 5491 sicut
1637 5453 1874 5507 semper,
1908 5444 1961 5491 et

367 5544 388 5569 «ι
427 5538 570 5579 nunc
620 5521 1057 5595 magnificabitur
1116 5523 1363 5580 Christus
1410 5524 1463 5579 in
1512 5540 1743 5596 corpore
1798 5540 1948 5582 meo.

2070 4645 2337 4701 concessit
2371 4646 2531 4712 ;ideo
2586 4647 2765 4713 etiam,
2815 4647 2957 4718 quia,
3019 4647 3157 4703 sicut
3216 4647 3268 4700 in
3302 4645 3655 4717 sequentibus

2068 4732 2260 4800 innuit,
2292 4733 2554 4787 missurus
2610 4743 2720 4788 erat
2777 4734 2857 4788 eis
2902 4736 2955 4788 in
3003 4735 3250 4805 proximo
3282 4734 3644 4789 Timotheum.

2069 4820 2167 4874 Cui
2223 4821 2279 4874 in
2325 4821 2576 4875 omnibus
2622 4822 2924 4887 obedirent,
2976 4823 3202 4894 dignum
3251 4820 3348 4875 fuit
3396 4820 3652 4891 prazscri-

2069 4909 2200 4963 bere
2242 4908 2712 4964 commendatione
2760 4910 2929 4964 Pauli.
2972 4910 3168 4964 Paulus
3216 4917 3269 4963 et
3314 4908 3648 4973 Timotheus,

2067 4998 2212 5053 servi
2239 5000 2370 5053 Jesu
2402 4998 2628 5065 Christi,
2666 4997 2743 5052 sic
2786 5005 2837 5051 et
2883 5013 2980 5052 vos
3013 4997 3325 5052 servitutem
3372 4995 3568 5050 Christi
3598 4995 3651 5049 in

2066 5086 2212 5140 omni
2267 5085 2565 5139 humilitate
2622 5085 2889 5155 patientes
2937 5086 3222 5140 custodite.
3282 5084 3495 5149 Paulus,
3560 5083 3648 5136 in-

2064 5189 2247 5245 quam,
2282 5182 2332 5228 et
2378 5174 2692 5228 Timotheus
2752 5174 2992 5229 scribunt
3021 5175 3277 5229 omnibus
3307 5172 3525 5227 sanctis
3554 5172 3651 5243 qui

2062 5267 2199 5318 sunt
2230 5262 2528 5334 Philippis.
2563 5262 2772 5318 Sanctis
2802 5262 2924 5317 dico
2952 5262 3014 5316 in
3056 5263 3274 5317 Christo
3302 5262 3451 5328 Jesu,
3484 5258 3538 5312 id
3568 5265 3651 5313 est

2062 5350 2116 5404 in
2147 5350 2253 5406 fide
2286 5350 2486 5407 Christi
2515 5352 2642 5405 Jesu
2672 5350 2893 5406 sancitis
2951 5357 3005 5404 et
3032 5346 3385 5404 conﬁrmatis.
3447 5345 3547 5401 Ubi
3576 5345 3653 5401 ait

2062 5440 2320 5495 omnibus
2346 5440 2583 5504 sanctis,
2616 5439 3055 5494 communitatem
3084 5435 3344 5490 Ecclesiae
3378 5432 3646 5504 intelligit,

2058 5526 2116 5580 id
2144 5534 2248 5594 est,
2271 5526 2538 5593 subditos,
2572 5527 2769 5599 quibus
2798 5527 2853 5581 in
2874 5526 3064 5582 eadem
3096 5522 3417 5579 salutatione
3446 5521 3647 5594 praela-
