3960 6050
298 226 405 277 353

882 218 1263 276 EXPOSITIO
1302 220 1375 275 IN
1432 219 1812 276 EPISTOLAS
1865 220 2096 276 PAULI.
2134 250 2203 260 —
2234 220 2307 275 IN
2336 220 2554 276 EPIST.
2589 220 2682 274 AD
2712 219 3001 277 PHILIPP.

3440 222 3448 231 ”
3488 223 3592 276 354

298 354 385 401 tos
400 343 663 416 adjungit,
680 343 869 399 dicens
895 361 907 397 :
933 343 1174 400 256
1214 344 1464 399 Scribunt
1485 346 1739 400 omnibus
1780 346 1973 405 san-A
2005 344 2150 399 diem
2182 360 2337 398 suum
2367 343 2571 409 habuit,
2603 342 2807 399 faciens
2836 343 3035 397 bonum
3076 342 3161 398 vel
3190 342 3411 408 malum,
3445 344 3591 414 quod

298 436 429 499 etis,
462 433 517 486 id
542 440 625 486 est
646 431 877 485 subditis
906 448 1034 487 cum
1057 433 1351 504 episcopis,
1375 432 1429 487 id
1452 440 1533 487 est
1553 441 1607 488 et
1628 433 1901 504 episcOpis

297 527 372 589 et,
395 521 721 576 diaconibus
750 519 804 572 in
833 520 1027 575 eadem
1058 520 1320 575 Ecclesia.
1358 521 1457 576 Hic
1486 537 1583 591 per
1614 522 1902 592 episcOpos

303 609 604 678 accipimus
633 608 1025 678 presbyteros;
1059 624 1177 663 cum
1210 609 1264 662 in
1294 608 1487 663 eadem
1527 610 1745 665 civitate
1792 626 1900 664 non

305 697 434 761 sint,
467 696 767 766 putandum
796 695 982 765 plures
1013 711 1135 749 esse
1180 697 1489 767 episcopos.
1525 697 1621 752 Vel
1665 698 1711 751 si
1739 698 1903 751 etiam

302 783 534 854 Philippi
564 782 715 853 regio
763 790 910 837 esset
957 780 1205 837 diversas
1252 785 1460 838 habens
1492 784 1758 854 civitatas,
1809 785 1903 838 ab-

300 872 464 925 surde
494 872 746 924 transiret
774 871 844 923 ab
875 870 1149 940 episcopis
1179 871 1247 924 ad
1270 871 1543 936 diacones,
1577 872 1904 926 intermissis

299 958 657 1030 presbyteris.
688 958 804 1013 Nec
832 959 1127 1013 absurdum
1158 967 1257 1023 est,
1285 958 1330 1012 si
1361 960 1679 1015 sacerdotes
1708 960 1904 1015 dican-

303 1056 393 1101 tur
439 1045 716 1116 episcopi,
750 1062 891 1112 cum,
927 1046 1225 1101 secundum
1256 1048 1651 1119 Augustinum,
1681 1048 1907 1118 quilibet

306 1133 715 1205 paterfamilias,
751 1134 873 1203 quia
920 1149 1087 1203 super
1116 1134 1343 1188 intendit
1373 1136 1576 1201 domui,
1616 1136 1906 1206 episcopus

305 1222 479 1292 possit
518 1221 651 1276 dici.
708 1221 925 1287 Paulus,
959 1220 1204 1292 inquam,
1239 1230 1290 1277 et
1311 1223 1623 1278 Timotheus
1655 1224 1733 1278 sic
1766 1224 1907 1278 scri-

309 1311 480 1364 bunt:
519 1310 719 1365 Gratia
746 1311 894 1365 vobis
924 1313 980 1364 et
1007 1326 1127 1381 pax
1157 1328 1191 1365 a
1230 1311 1337 1366 Deo
1382 1317 1577 1366 nostro
1608 1314 1799 1376 Patre,
1853 1316 1909 1368 et

304 1399 542 1454 Domino
564 1399 697 1453 Jesu
720 1396 959 1453 Christo.
1004 1397 1152 1453 Sicut
1181 1414 1327 1468 saepe
1358 1399 1662 1469 expositum
1685 1406 1785 1454 est.
1810 1399 1909 1454 Hic

307 1486 474 1540 modo
501 1485 557 1539 in
580 1484 772 1556 primis
810 1484 1009 1539 mistim
1041 1485 1110 1539 de
1152 1493 1383 1557 utraque
1413 1502 1599 1558 pugna
1625 1503 1908 1542 commen-

310 1574 450 1628 dans
499 1573 579 1628 eis
636 1572 997 1627 humilitatem
1043 1588 1167 1628 cum
1214 1575 1474 1644 patientia
1535 1574 1683 1645 agit,
1734 1590 1908 1645 usque

308 1661 445 1715 illud
468 1660 709 1728 inferius,
744 1661 836 1715 ubi
859 1661 933 1715 ait
968 1678 981 1715 :
1017 1662 1171 1717 Scire
1197 1666 1410 1728 autem,
1430 1670 1533 1718 etc.
1565 1662 1733 1730 Quasi
1753 1663 1906 1718 dice-
1928 1693 1981 1753 B

307 1758 393 1804 ret
434 1766 447 1802 :
481 1749 723 1803 Audiens
770 1747 933 1803 ﬁdem
964 1756 1017 1803 et
1046 1749 1359 1819 patientiam
1399 1758 1657 1816 vestram,
1690 1751 1908 1821 gratias

308 1854 412 1907 ago
442 1838 549 1891 Deo
592 1853 734 1904 meo,
784 1836 840 1890 id
887 1844 971 1891 est
1018 1837 1150 1890 mihi
1195 1838 1335 1892 bene
1373 1838 1430 1891 in
1471 1838 1627 1893 vobis
1674 1837 1901 1892 faventi.

311 1925 573 1978 Nostrum
605 1924 837 1979 dicimus
867 1925 1059 1989 Deum,
1096 1926 1314 1995 quando
1342 1926 1430 1995 pie
1478 1925 1725 1981 concedit
1765 1925 1912 1996 quod

317 2026 628 2082 precamur.
663 2011 905 2076 Gratias,
940 2012 1181 2083 inquam,
1212 2028 1318 2083 ago
1349 2014 1464 2067 Deo
1493 2029 1616 2067 meo
1653 2016 1717 2067 in
1758 2015 1913 2068 omni

316 2101 590 2154 memoria
617 2102 813 2165 vestri,
847 2100 991 2170 quia,
1024 2100 1236 2170 quoties
1257 2101 1419 2156 audio
1447 2101 1653 2171 aliquid
1673 2101 1742 2155 de
1758 2101 1914 2156 vobis

313 2186 466 2257 (quia
496 2187 662 2259 digna
691 2186 796 2241 fide
828 2187 1031 2242 Christi
1061 2190 1227 2255 sunt),
1252 2188 1457 2258 gratias
1488 2204 1594 2260 ago
1626 2189 1772 2254 Deo,
1805 2205 1914 2243 non

306 2275 364 2328 in
395 2275 651 2345 quadam,
686 2275 782 2329 sed
802 2277 865 2330 in
886 2277 1043 2330 omni
1062 2278 1333 2331 memoria
1356 2279 1549 2331 vestri.
1582 2278 1642 2330 In
1664 2276 1916 2331 omnibus

313 2364 519 2417 bonum
546 2363 773 2417 audiens
805 2364 873 2418 de
904 2363 1080 2429 vobis,
1133 2365 1369 2433 gratias,
1403 2364 1644 2435 inquam,
1679 2382 1778 2435 ago
1809 2366 1916 2419 Deo

314 2452 378 2505 in
399 2453 557 2506 omni
578 2452 849 2506 memoria
879 2453 1051 2507 vestri
1083 2454 1304 2521 faciens
1336 2452 1790 2523 deprecationem
1817 2469 1917 2524 pro
1951 2494 1975 2513 .

314 2540 462 2594 vobis
490 2540 769 2605 omnibus,
802 2539 931 2609 quia
961 2554 1123 2593 nemo
1172 2556 1231 2593 se
1262 2539 1547 2611 indignum
1574 2556 1695 2594 mea
1744 2540 1917 2594 inter-

314 2627 567 2682 cessione
595 2627 766 2681 facit:
800 2628 867 2680 Et
912 2627 1017 2682 hoc
1066 2644 1197 2682 cum
1242 2628 1464 2699 gaudio.
1522 2628 1577 2682 Si
1624 2636 1919 2698 peccarent

302 2714 402 2781 illi,
438 2722 759 2785 precaretur
782 2714 1001 2785 quidem
1030 2730 1131 2785 pro
1160 2714 1258 2783 eis,
1294 2716 1392 2770 sed
1428 2715 1481 2768 in
1505 2715 1730 2769 tristitia.

386 2802 529 2869 Quia
548 2817 677 2857 vero
706 2801 935 2872 perfecti
966 2810 1104 2867 sunt,
1140 2810 1309 2856 restat
1338 2811 1394 2855 ut
1415 2811 1533 2857 oret
1562 2817 1659 2873 pro
1690 2803 1769 2857 eis
1790 2820 1919 2859 cum

314 2891 545 2960 gaudio.
574 2891 824 2948 Faciens.
861 2890 1053 2961 inquit,
1109 2890 1562 2961 deprecationem
1590 2893 1653 2945 in
1695 2894 1920 2947 cunctis

312 2978 666 3034 orationibus
694 2978 857 3033 meis.
888 2979 1178 3048 Nunquam
1208 2978 1352 3033 enim
1383 2994 1481 3033 oro
1512 2980 1657 3050 quod
1685 2987 1917 3049 praeter-

2001 432 2189 487 voluit.
2246 433 2345 487 Vel
2376 432 2421 486 si
2468 432 2698 486 dicimus
2744 432 2889 485 diem
2937 430 3156 495 Christi,
3190 431 3335 485 diem
3376 430 3592 499 judicii,

2003 529 2131 575 tunc
2158 520 2257 575 erit
2284 521 2351 575 ad
2376 521 2768 591 probationem.
2804 520 2881 573 Ita
2919 518 3163 589 perficiet
3190 519 3245 572 in
3274 519 3429 575 vobis
3458 535 3596 589 opus

2004 609 2203 663 bonum
2233 624 2424 679 usque,
2458 609 2512 662 id
2544 616 2645 673 est,
2692 607 2910 661 assidue
2950 606 3153 661 faciens
3198 608 3301 662 hoc
3342 607 3398 661 in
3438 607 3598 675 justis

2003 712 2176 767 usque
2211 696 2265 749 in
2295 696 2439 750 diem
2468 695 2665 750 Christi
2693 696 2842 760 Jesu,
2880 695 2931 748 id
2965 703 3065 761 est,
3099 694 3337 765 quandiu
3365 695 3599 749 mundus

2005 785 2238 839 durabit.
2272 784 2565 839 Conﬁdens
2604 792 2657 837 et
2699 783 2905 838 faciens
2934 784 3367 853 deprecationem
3399 791 3601 837 tantam

2004 875 2153 927 sicut
2180 876 2266 928 est
2286 875 2499 941 justum
2523 892 2540 938 ;
2565 872 2617 925 id
2645 879 2746 940 est,
2778 887 2885 926 non
2906 871 3085 925 minus
3104 888 3300 941 precor
3321 888 3422 942 pro
3444 871 3603 926 vobis

2007 975 2170 1030 quam
2194 961 2400 1028 justitia
2438 968 2617 1014 vestra
2663 967 2717 1015 et
2753 960 3079 1031 benignitas,
3114 976 3219 1030 qua
3238 975 3326 1013 me
3372 959 3601 1015 honori-

2007 1047 2110 1103 fice
2136 1048 2451 1117 suscepistis
2473 1048 2659 1119 exigit.
2682 1049 2929 1112 Iustum,
2963 1048 3204 1117 inquam,
3236 1052 3323 1103 est
3338 1047 3483 1103 mihi
3512 1046 3606 1118 qui

2008 1136 2206 1189 nullius
2239 1134 2505 1191 beneficio
2537 1136 2787 1207 ingratus
2816 1151 2957 1201 sum,
2992 1135 3089 1189 sed
3120 1135 3357 1206 benigne
3385 1151 3605 1190 recom-

2007 1239 2203 1294 penso.
2232 1226 2411 1288 Sicut,
2448 1224 2683 1293 inquam,
2710 1225 2935 1294 justum
2973 1227 3057 1278 est
3092 1224 3235 1278 mihi
3273 1239 3382 1277 non
3425 1222 3604 1278 solum

2008 1311 2310 1381 deprecari,
2341 1312 2438 1365 sed
2478 1311 2639 1365 etiam
2670 1312 2884 1365 sentire
2912 1312 3017 1366 hoc
3061 1327 3163 1381 pro
3203 1312 3386 1377 vobis;
3430 1310 3605 1366 sentio

2009 1399 2153 1453 enim
2179 1399 2579 1453 tribulationem
2610 1405 2845 1453 vestram
2876 1414 2942 1452 ex
2992 1398 3045 1453 vi
3074 1398 3487 1468 compassionis,
3538 1413 3607 1454 ac

2009 1489 2056 1541 si
2101 1504 2222 1542 eam
2263 1487 2319 1541 in
2363 1504 2522 1543 carne
2570 1502 2693 1542 mea
2738 1486 3079 1541 sustinerem.
3134 1489 3241 1542 Pro
3287 1489 3434 1543 vobis
3481 1486 3606 1543 dico

2010 1577 2303 1644 omnibus,
2358 1576 2486 1646 quia
2523 1591 2714 1630 omnes
2770 1574 2995 1645 perfecti
3035 1574 3187 1630 estis.
3236 1575 3458 1631 Sentire
3514 1591 3604 1631 me

2009 1664 2134 1719 dico
2174 1672 2225 1718 et
2268 1663 2462 1728 sentio,
2499 1679 2559 1717 eo
2589 1664 2731 1735 quod
2775 1664 3007 1718 habeam
3050 1679 3142 1718 vos
3193 1679 3302 1716 non
3345 1663 3399 1717 in
3447 1663 3609 1720 labiis

2009 1758 2233 1816 tantum,
2289 1752 2384 1805 sed
2417 1752 2480 1805 in
2528 1750 2647 1820 ipso
2692 1750 2874 1805 corde.
2918 1750 3169 1805 Tribulor
3202 1750 3347 1805 enim
3380 1750 3605 1806 interius

2008 1854 2109 1909 pro
2157 1838 2354 1893 vestris
2409 1838 2865 1901 tribulationibus.
2910 1838 3095 1892 Habeo
3147 1853 3246 1892 vos
3293 1838 3348 1890 in
3404 1839 3604 1907 corde,

2011 1935 2065 1981 et
2093 1927 2221 1980 dum
2253 1942 2373 1979 sum
2402 1927 2464 1980 in
2494 1927 2756 1989 vinculis,
2792 1933 2844 1979 et
2862 1925 2992 1979 dum
3023 1942 3142 1979 sum
3173 1926 3235 1980 in
3257 1926 3604 1996 defensione,

2012 2022 2065 2069 et
2093 2014 2300 2083 positus
2328 2016 2392 2068 in
2433 2014 2867 2082 conﬁrmatione
2906 2014 3215 2084 Evangelii.
3269 2015 3334 2068 In
3363 2014 3609 2069 vinculis

2012 2104 2151 2156 meis
2185 2102 2359 2155 habeo
2400 2117 2489 2156 vos
2523 2102 2587 2154 in
2626 2102 2809 2167 corde,
2860 2116 3175 2157 memorans
3222 2116 3319 2155 vos
3365 2100 3604 2157 25'?

2013 2190 2124 2260 pati
2151 2189 2586 2260 persecutionem
2621 2188 2759 2242 sicut
2804 2196 2857 2243 et
2896 2204 3009 2242 me.
3062 2190 3130 2242 Et
3176 2189 3241 2243 in
3288 2188 3611 2259 defensione

2014 2278 2340 2348 Evangelii,
2402 2277 2457 2330 id
2498 2285 2581 2331 est
2641 2276 2694 2329 in
2743 2291 2851 2347 quo
2908 2275 3143 2331 defendo
3204 2276 3367 2331 fidem
3420 2284 3611 2332 contra

2014 2366 2245 2435 pseudo,
2280 2364 2371 2435 qui
2401 2365 2642 2418 nituntur
2664 2372 2977 2434 pervertere
3007 2380 3148 2418 eam.
3184 2364 3371 2419 Habeo
3418 2381 3512 2420 vos
3550 2365 3613 2419 in

2016 2453 2199 2519 corde,
2234 2468 2444 2507 memor
2461 2452 2607 2523 quod
2638 2468 2736 2506 vos
2756 2468 2880 2507 cum
2903 2452 3110 2521 pseudo
3138 2467 3240 2522 pro
3270 2452 3468 2507 tuenda
3506 2450 3614 2507 fide

2017 2548 2201 2596 vestra
2227 2539 2537 2595 decertatis.
2564 2541 2667 2593 Per
2686 2540 2901 2594 vincula
2929 2548 2983 2594 et
3009 2538 3384 2594 defensionem
3414 2540 3613 2595 utrius-

2020 2644 2125 2698 que
2155 2644 2353 2700 pugnm
2386 2643 2577 2682 eorum
2610 2626 2816 2682 faciens
2847 2627 3195 2692 mentionem,
3220 2627 3489 2683 confortat
3517 2643 3613 2683 eos

2020 2716 2076 2769 in
2104 2725 2349 2787 utraque.
2382 2716 2570 2770 Habeo
2601 2715 2760 2770 etiam
2794 2731 2885 2771 vos
2921 2717 2985 2770 in
3005 2716 3185 2784 corde,
3216 2718 3280 2770 in
3308 2716 3614 2782 conﬁrma-

2024 2807 2176 2861 tione
2218 2804 2537 2876 Evangelii,
2590 2804 2644 2857 id
2684 2812 2765 2858 est
2799 2804 3017 2875 quando
3084 2804 3417 2874 simplicibus
3464 2804 3620 2859 Chri-

2021 2892 2212 2947 stianis
2262 2890 2529 2948 confirmo
2576 2891 2739 2946 fidem
2788 2906 2944 2946 suam
2998 2907 3098 2961 per
3155 2892 3461 2962 Scripturas
3510 2899 3616 2947 etc.

2023 2982 2229 3036 Memor
2255 2998 2373 3035 sum
2415 2996 2512 3037 vos
2552 2979 2798 3035 similiter
2840 2978 3005 3034 fidem
3047 2978 3375 3049 simplicium
3412 2978 3615 3035 conﬁr-

311 3066 522 3120 mittam
551 3081 675 3120 vos.
697 3064 1045 3120 Orationibus
1073 3065 1196 3120 dico
1228 3081 1337 3120 non
1357 3081 1498 3130 raro,
1550 3066 1647 3121 sed
1676 3083 1913 3139 semper,
1941 3040 1990 3102 Ο
2019 3085 2189 3123 mare.

317 3154 373 3207 id
434 3161 517 3207 est
563 3153 817 3208 continue
866 3153 1172 3208 celebratis.
1224 3156 1363 3225 Ago,
1420 3154 1916 3225 inquam,.gratias

317 3257 557 3311 semper,
601 3241 655 3294 id
686 3249 768 3295 est
800 3242 866 3295 de
905 3242 1317 3296 communitate
1360 3246 1547 3297 vestra
1594 3250 1811 3297 ostensa
1854 3245 1918 3298 in

318 3330 624 3398 Evangelia
658 3328 887 3384 Christi.
932 3329 1382 3384 Communicastis
1429 3330 1572 3384 enim
1619 3331 1918 3401 Evangelia

318 3416 540 3483 Christi,
573 3417 849 3471 credendo
879 3432 1040 3487 quam
1069 3417 1177 3472 cito
1198 3416 1444 3471 audistis.
1470 3418 1738 3473 Faciendo
1758 3418 1917 3473 etiam

318 3520 493 3575 Opera
523 3502 667 3573 ﬁdei,
695 3513 748 3558 et
768 3504 1118 3575 praedicando
1136 3504 1254 3558 aliis
1275 3521 1489 3560 mecum
1511 3504 1675 3560 fidem
1696 3507 1914 3561 Christi.

320 3592 420 3647 Vel
441 3592 516 3647 ita
549 3608 562 3647 :
599 3593 823 3648 Gratias
844 3609 943 3663 ago
962 3609 1133 3664 super
1161 3594 1677 3649 communicatione
1708 3598 1915 3662 vestra,

317 3680 374 3734 id
405 3688 489 3734 est
516 3679 584 3735 de
613 3680 719 3735 hoc
749 3680 897 3751 quod
927 3696 1015 3735 res
1031 3688 1245 3735 vestras
1265 3696 1582 3736 communes
1603 3682 1920 3736 exhibuistis

320 3768 575 3823 omnibus
634 3768 859 3823 sanctis.
925 3770 1445 3824 Communicatione
1492 3769 1616 3825 dico
1673 3770 1815 3825 facta
1856 3772 1919 3824 in

320 3857 643 3927 Evangelia,
662 3856 717 3910 id
746 3864 829 3910 est
850 3856 1149 3912 secundum
1171 3857 1525 3928 Evangelium
1546 3858 1763 3926 Christi,
1794 3858 1922 3929 quia

319 3960 423 3999 vos
451 3944 684 4014 primum
727 3945 863 4009 Deo,
905 3944 1103 4000 dehinc
1134 3953 1315 4000 vestra
1359 3945 1563 4000 sanctis
1603 3946 1919 4015 tradidistis,

319 4040 375 4086 et
402 4032 459 4085 in
480 4031 781 4103 Evangelia
810 4048 906 4101 per
950 4034 1068 4088 hinc
1115 4040 1169 4087 et
1214 4032 1391 4088 omnia
1423 4042 1697 4104 praecepta
1744 4034 1921 4088 adim-

317 4120 541 4191 plenda.
579 4121 1101 4177 Communicatione
1140 4121 1263 4176 dico
1294 4122 1530 4192 incmpta
1558 4140 1593 4177 a
1617 4125 1806 4194 prima
1833 4124 1921 4178 die

320 4206 698 4264 conversionis
732 4217 923 4263 vestra:
970 4225 1143 4281 usque
1172 4227 1347 4276 nunc,
1382 4210 1436 4264 id
1466 4218 1545 4265 est
1576 4210 1646 4264 ad
1674 4226 1920 4281 praesen-

321 4304 429 4351 tem
461 4296 631 4351 diem.
671 4298 783 4367 Ago
821 4300 1058 4367 gratias,
1101 4298 1320 4368 faciens
1348 4315 1449 4371 pro
1488 4298 1638 4355 vobis
1668 4300 1923 4370 depreca—

2090 3159 2158 3211 Et
2178 3156 2319 3213 sicut
2359 3172 2569 3211 memor
2600 3172 2720 3209 sum
2748 3154 3155 3209 tribulationum
3184 3162 3507 3220 vestrarum,
3536 3154 3618 3211 sic

2020 3253 2072 3299 et
2125 3260 2223 3299 vos
2282 3252 2455 3299 estote
2500 3244 2792 3314 participes
2847 3243 3162 3298 humilitatis
3211 3259 3365 3299 meae.
3408 3242 3619 3297 Inutilis

2020 3333 2162 3387 enim
2193 3340 2275 3387 est
2330 3332 2604 3402 patientia,
2656 3347 2819 3402 quam
2868 3347 2978 3386 non
3009 3332 3297 3387 comitatur
3322 3332 3617 3388 humilitas.

2021 3418 2221 3487 Quales
2252 3420 2429 3474 habeo
2455 3435 2552 3474 vos
2582 3419 2635 3472 in
2664 3418 2830 3473 corde
2856 3436 2869 3472 :
2893 3418 3047 3483 tales,
3074 3420 3283 3474 scilicet
3312 3436 3505 3476 omnes
3525 3435 3617 3477 vos

2022 3523 2137 3563 esse
2158 3509 2335 3563 socios
2353 3508 2545 3577 gaudii
2561 3507 2692 3571 mei,
2719 3506 3174 3561 remunerationis
3194 3522 3331 3562 mea:
3346 3507 3400 3561 in
3419 3515 3620 3563 aeterno

2020 3595 2219 3667 gaudio
2244 3638 2256 3659 ,
2318 3594 2455 3649 sicut
2510 3594 2653 3648 enim
2715 3592 3079 3648 tribulationis
3130 3610 3296 3658 meae,
3328 3594 3619 3665 participes

2022 3684 2174 3738 eritis
2205 3683 2409 3754 gaudii.
2436 3683 2578 3737 Vere
2608 3682 2785 3737 habeo
2814 3697 2913 3736 vos
2939 3682 2993 3734 in
3032 3681 3218 3736 corde.
3260 3683 3435 3737 Testis
3463 3685 3621 3738 enim

2020 3772 2165 3827 mihi
2194 3776 2277 3827 est
2306 3772 2470 3835 Deus,
2504 3771 2790 3842 quomodo,
2822 3769 2877 3823 id
2908 3778 2991 3824 est
3019 3785 3181 3841 quam
3219 3767 3426 3823 infinito
3468 3770 3621 3825 desi-

2021 3860 2175 3915 derio
2197 3874 2301 3931 ego
2329 3860 2557 3929 cupiam
2596 3874 2787 3915 omnes
2834 3872 2932 3912 vos
2975 3869 3115 3924 esse,
3149 3872 3259 3911 non
3294 3858 3351 3912 in
3388 3857 3619 3928 pedibus

2020 3947 2240 4013 Christi,
2259 3947 2367 4002 'sed
2396 3948 2461 4001 in
2488 3947 2789 4001 visceribus
2823 3946 3039 4000 Christi
3056 3947 3207 4014 Jesu,
3239 3945 3295 3999 id
3319 3953 3403 4000 est
3426 3961 3536 4001 non
3564 3946 3621 4000 in

2021 4035 2394 4100 inferioribus;
2428 4035 2523 4089 sed
2547 4036 2686 4087 inter
2714 4033 2889 4105 magis
2916 4034 3145 4090 dilectos
3175 4034 3275 4088 Dei
3304 4033 3394 4106 qui
3424 4034 3623 4090 dicun-

2022 4133 2111 4178 tur
2137 4124 2347 4179 viscera
2395 4124 2531 4191 ejus.
2583 4124 2650 4176 Et
2680 4122 2804 4192 quia
2842 4122 2921 4177 sic
2965 4122 3127 4192 cupio
3172 4122 3241 4177 de
3275 4123 3452 4191 vobis,
3498 4123 3623 4178 ideo

2023 4228 2116 4268 ora
2148 4213 2248 4267 hoc
2275 4214 2341 4265 ut
2360 4210 2611 4265 charitos
2632 4214 2817 4265 vestra
2845 4210 3052 4280 magis},
3076 4208 3409 4279 proficiendo
3437 4210 3623 4266 abun-

2022 4302 2134 4366 det,
2168 4305 2465 4369 temperata
2495 4298 2549 4351 in
2578 4296 2725 4352 omni
2754 4298 3015 4369 scientia,
3048 4298 3104 4351 id
3123 4305 3206 4352 est
3233 4297 3287 4351 in
3307 4298 3624 4355 omnimoda

324 4386 559 4449 tionem,
602 4386 775 4440 ethoc
802 4386 1010 4456 ipsum,
1043 4386 1096 4439 id
1125 4394 1208 4441 est
1238 4386 1378 4443 sicut
1408 4386 1623 4456 postulo
1650 4387 1919 4457 integrum
1939 4392 1991 4451 D
2024 4388 2375 4443 discretione.
2428 4386 2557 4440 Ideo
2598 4385 2827 4441 scientia
2867 4376 3174 4441 necessaria
3220 4393 3303 4441 est
3349 4386 3621 4455 charitati,

322 4472 613 4541 conﬁdens
642 4488 729 4527 me
770 4472 1225 4543 impetraturum;
1256 4490 1366 4529 non
1405 4482 1587 4529 tamen
1634 4490 1698 4529 ex
1730 4475 1924 4530 virtute

320 4569 528 4627 vestra,
566 4560 664 4615 sed
693 4560 818 4615 ideo
857 4562 1161 4630 conﬁdens,
1197 4563 1323 4633 quia
1362 4563 1510 4617 Deus
1534 4564 1629 4636 qui
1666 4566 1830 4635 σωρῖί
1861 4564 1925 4618 in

320 4648 470 4703 vobis
491 4650 695 4703 bonum
720 4665 872 4720 opus,
901 4649 1018 4720 ipse
1038 4650 1182 4705 idem
1209 4651 1484 4722 perﬁciet.
1519 4651 1646 4706 Ideo
1663 4651 1737 4704 ait
1758 4652 1926 4721 coepit

323 4744 378 4789 et
399 4737 677 4807 perﬁciet,
712 4745 780 4803 et,
815 4745 873 4791 ut
905 4738 1176 4808 superius,
1208 4741 1423 4810 gratias
1443 4756 1562 4810 ago,
1596 4748 1652 4793 ut
1681 4740 1928 4794 ostendat

322 4822 649 4894 principium
672 4832 723 4879 et
754 4823 917 4879 finem
938 4826 1162 4894 justitiae
1193 4842 1306 4881 suae
1338 4834 1507 4881 totum
1537 4834 1590 4881 et
1618 4827 1799 4899 gratia
1826 4827 1927 4881 Dei

324 4924 477 4966 esse.
514 4912 645 4967 Ideo
696 4912 856 4967 etiam
898 4914 972 4966 ait
1007 4915 1312 4983 conﬁdens,
1359 4915 1485 4985 quia
1533 4914 1578 4969 si
1606 4915 1778 4985 pietas
1828 4915 1929 4969 Dei

324 4998 473 5053 bona
502 5000 666 5069 coepit
701 4999 757 5053 in
785 5000 892 5053 illis
914 5000 1006 5072 qui
1036 5002 1163 5056 mali
1185 5010 1361 5068 erant,
1387 5003 1555 5058 multo
1583 5002 1762 5075 magis
1812 5018 1927 5058 cre-

325 5085 570 5140 dandum
616 5095 699 5141 est
742 5096 801 5141 ut
846 5088 901 5141 in
937 5088 1004 5142 iis
1034 5089 1127 5160 qui
1158 5091 1273 5159 jam
1316 5090 1447 5157 justi
1496 5098 1637 5157 sunt,
1680 5089 1930 5163 perficiat

320 5175 864 5231 consummationem.
925 5179 1188 5247 Perﬁciet
1239 5179 1360 5234 dico
1418 5196 1593 5251 usque
1648 5182 1713 5235 in
1778 5181 1928 5235 diem

329 5263 545 5318 Christi
564 5264 715 5329 Iesu,
735 5263 791 5317 in
808 5272 983 5320 morte
1006 5266 1285 5337 cujusque,
1314 5274 1573 5337 quantum
1597 5268 1667 5321 ad
1693 5283 1813 5323 eum
1836 5267 1929 5338 qui

320 5350 575 5416 moritur,
599 5351 784 5422 incipit
813 5353 931 5408 dies
961 5354 1180 5409 Christi.
1210 5356 1291 5409 Ex
1332 5355 1433 5410 hoc
1484 5354 1631 5410 enim
1655 5355 1765 5422 jam
1797 5355 1929 5410 nihil

327 5439 461 5494 facit
506 5447 705 5509 praeter
749 5440 1081 5497 voluntatem
1125 5442 1345 5513 Christi,
1394 5442 1505 5515 qui,
1553 5440 1683 5499 dum
1724 5443 1930 5500 viveret

2028 4476 2174 4548 quia,
2209 4477 2255 4529 si
2286 4475 2404 4529 sine
2450 4473 2778 4529 discretione
2828 4472 3008 4540 fuerit,
3050 4474 3371 4547 plerumque
3410 4476 3489 4531 sic
3518 4476 3622 4530 ob-

2025 4564 2263 4619 horrebit
2289 4563 2491 4634 aliquid
2533 4562 2744 4617 veniale
2791 4562 2845 4616 in
2874 4562 3123 4632 proximo
3169 4570 3226 4618 ut
3264 4563 3625 4634 intemperate

2025 4651 2480 4724 reprehendendo
2510 4650 2733 4705 suscitet
2770 4650 2938 4719 litem,
2971 4651 3057 4706 vel
3085 4650 3286 4722 aliquid
3326 4652 3496 4719 majus
3518 4652 3623 4707 cri-

2026 4758 2173 4807 men,
2205 4758 2349 4810 cum,
2390 4740 2436 4793 si
2465 4740 2697 4795 discrete
2738 4747 2959 4811 ageret,
2993 4740 3188 4794 melius
3217 4755 3318 4809 per
3344 4738 3621 4795 lenitatem

2028 4830 2334 4901 proximum
2389 4828 2722 4899 corrigeret,
2780 4827 2904 4882 ideo
2955 4827 3027 4881 ait
3081 4827 3334 4882 charitas
3376 4827 3625 4883 abundet

2026 4920 2090 4973 in
2120 4918 2265 4973 omni
2295 4919 2556 4973 scientia.
2592 4917 2661 4970 Et
2688 4914 2814 4986 quia
2862 4915 3082 4987 quidam
3128 4916 3393 4971 habentes
3436 4915 3623 4972 scien-

2029 5006 2155 5060 tiam
2179 5049 2192 5070 ,
2234 5006 2555 5075 plerumque
2602 5011 2782 5059 actum
2830 5004 2948 5072 ejus
2982 5003 3398 5071 obliviscuntur,
3451 5004 3618 5070 addit,

2028 5098 2084 5150 et
2105 5097 2167 5149 in
2198 5095 2353 5149 omni
2372 5108 2561 5155 sensu,
2596 5092 2651 5146 id
2681 5099 2763 5147 est
2792 5092 2847 5145 in
2874 5092 3022 5146 omni
3051 5091 3545 5161 animadversione,
3564 5098 3626 5147 ut

2029 5198 2248 5253 semper
2276 5180 2591 5237 memoriter
2636 5179 3131 5236 animadvertamus
3172 5189 3226 5236 et
3271 5181 3328 5235 in
3373 5188 3626 5253 promptu

2028 5272 2327 5327 habeamus
2382 5269 2684 5326 scientiam.
2727 5268 2982 5325 Abundet
3035 5270 3111 5324 ita
3156 5274 3223 5325 ut
3270 5285 3380 5325 non
3414 5274 3624 5324 tantum

2028 5360 2173 5416 bona
2202 5376 2235 5414 a
2262 5358 2450 5425 malis,
2499 5358 2598 5413 sed
2643 5357 2802 5413 etiam
2847 5360 3109 5430 probetis,
3143 5358 3195 5411 id
3234 5366 3318 5413 est
3360 5355 3623 5427 probabi-

2028 5449 2150 5507 liter
2167 5449 2385 5523 eligatis
2412 5448 2651 5522 potiora,
2684 5447 2739 5502 id
2767 5454 2850 5504 est
2896 5447 2965 5503 de
3013 5445 3171 5503 bonis
3211 5445 3460 5503 meliora.
3482 5447 3625 5504 Pra-
