3960 6050
434 176 547 228 355
956 175 1011 230 8.
1047 174 1402 232 BRUNONIS
1457 175 2105 235 CARTHUSIANORUM
2162 170 2646 233 INSTITUTORIS
2699 176 2852 233 OPP.
2910 175 3088 235 PARS
3147 177 3215 233 II.
3629 172 3738 233 356

444 300 585 358 betis
615 297 685 353 ita
714 303 779 356 ut
807 299 934 354 sitis
964 300 1193 365 sinceri,
1228 300 1282 355 id
1314 309 1395 356 est
1413 301 1534 372 puri
1552 301 1609 356 in
1632 301 1806 369 vobis,
1825 306 1881 358 et
1904 302 2029 357 sine
2047 302 2103 363 Α
2131 302 2404 357 invidiam
2426 344 2442 368 ,
2475 302 2599 373 quia
2644 302 2828 358 volunt
2862 302 3165 357 diminuere
3211 316 3409 357 nomen
3456 300 3633 367 Pauli,
3670 300 3732 355 in

438 391 751 461 offensione
780 388 849 442 ad
871 387 1197 457 proximum,
1232 389 1312 445 sic
1340 391 1518 445 eundo
1546 392 1608 445 in
1630 391 1779 446 diem
1801 391 2036 457 Christi,
2135 406 2242 462 quo
2273 406 2380 445 non
2411 399 2494 445 est
2520 390 2803 463 alligatum
2832 391 3057 446 verbum
3086 389 3204 445 Dei.
3238 391 3305 444 Et
3325 389 3372 443 si
3400 405 3511 444 non
3541 397 3733 459 putent

444 478 591 551 quod
618 477 749 532 nihil
778 477 831 530 in
872 477 960 531 die
999 477 1189 545 judicii
1236 478 1601 547 mundandum
1644 478 1950 533 inveniatur
1980 478 2035 532 in
2135 495 2194 533 se
2252 495 2414 549 posse
2466 495 2735 549 usurpare
2775 479 2878 533 sibi
2928 478 3141 533 laudem
3184 477 3337 532 Pauli
3363 521 3375 543 ,
3437 476 3732 547 praedicant

440 567 616 623 vobis.
651 567 759 621 Vos
790 565 911 621 dico
950 566 1152 636 repleti
1180 574 1306 620 tunc
1354 566 1408 619 in
1456 567 1543 621 die
1584 566 1782 621 Christi
1812 570 2029 637 fructu,
2133 566 2296 621 etiam
2314 571 2543 639 propter
2571 568 3016 632 contentionem,
3049 573 3324 622 certantes
3352 581 3412 620 se
3442 563 3729 635 pariticare

432 656 494 711 id
523 663 606 710 est
632 654 1072 710 remuneratione
1107 656 1360 724 justitia:
1387 662 1582 709 vestra:
1610 669 1774 724 quam
1811 655 1899 710 hic
1926 656 2030 708 ha-
2135 655 2300 709 Paulo
2330 654 2385 708 in
2431 654 2590 710 laude
2639 654 3066 725 praedicationis.
3129 653 3366 721 Quidam
3407 657 3602 708 autem
3637 652 3729 723 qui

435 744 650 799 bnistis.
685 742 893 813 Repleti
922 742 1044 796 dico
1070 757 1171 813 per
1203 743 1392 797 Iesum
1425 743 1728 809 Christum,
1764 741 2029 796 distribu-
2132 742 2260 797 boni
2292 751 2415 797 sunt
2448 744 2763 815 pradicant
2797 742 3120 809 Christum;
3153 750 3205 797 et
3235 741 3281 795 si
3310 756 3420 795 non
3458 740 3731 810 patiantur

436 843 611 890 torem
641 832 784 885 illius
815 832 1038 886 fructus.
1061 830 1311 884 Iustitia:
1326 828 1448 884 dico
1479 830 1675 885 habitae
1703 831 1765 885 in
1784 831 2030 901 gloriam
2134 829 2532 886 tribulationem
2570 834 2801 903 propter
2836 831 3038 886 bonam
3085 832 3441 885 voluntatem
3491 828 3732 882 habitam

433 928 489 979 et
522 922 747 978 laudem
777 921 896 987 Dei,
930 918 983 971 id
1012 925 1092 972 est
1122 917 1195 971 ita
1226 924 1281 971 ut
1310 918 1523 973 dicatur
1555 917 1608 971 in
1639 918 1793 972 vobis
1824 918 2029 989 glorio-
2132 919 2201 972 ad
2247 934 2456 984 omnes,
2493 919 2620 989 quia
2666 918 2865 973 vellent
2909 917 3093 973 venire
3133 933 3324 971 omnes
3372 916 3619 972 homines
3660 916 3730 969 ad

435 1028 530 1065 sus
550 1007 907 1065 etlaudabilis
936 1008 1082 1061 Deus
1111 1005 1165 1059 in
1196 1004 1394 1060 sanctis
1425 1005 1556 1059 suis.
1598 1005 1695 1059 Vel
1726 1006 1817 1060 ita.
1869 1006 2028 1060 Tales
2129 1007 2461 1078 agnitionem
2510 1006 2768 1062 veritatis.
2821 1006 3057 1072 Quidam
3092 1006 3254 1060 etiam
3302 1005 3552 1059 similiter
3600 1004 3730 1058 boni

432 1100 550 1154 sitis
578 1101 641 1153 in
669 1098 816 1152 diem
849 1095 1075 1150 Christi.
1102 1094 1210 1147 Vos
1256 1094 1378 1148 dico
1425 1092 1640 1148 interim
1688 1093 1819 1147 dum
1851 1094 2028 1149 vivitis
2132 1111 2199 1148 ex
2227 1094 2533 1161 charitate,
2570 1095 2623 1148 id
2653 1102 2737 1149 est
2768 1094 2974 1164 privata
3005 1093 3314 1155 dilectione,
3338 1108 3500 1163 quam
3531 1092 3735 1146 habent

432 1188 642 1260 repleti
668 1200 776 1241 non
799 1183 1007 1253 justitia
1036 1183 1182 1253 (qua:
1213 1181 1518 1236 facultatem
1542 1197 1652 1235 non
1672 1182 1867 1235 habeat
1894 1196 2027 1252 ope-
2131 1198 2265 1255 erga
2295 1199 2403 1249 me,
2436 1183 2737 1253 praedicant
2766 1181 3057 1248 Christum,
3079 1182 3322 1237 scientes
3344 1181 3609 1251 quoniam
3629 1194 3735 1251 ego

431 1275 611 1345 randi)
659 1274 757 1329 sed
804 1275 1021 1343 fructu,
1066 1270 1121 1324 id
1167 1276 1249 1324 est
1292 1269 1547 1339 operibus
1586 1269 1826 1337 justitize,
1878 1276 1933 1322 ut
1972 1276 2027 1322 et
2130 1272 2348 1342 positus
2368 1288 2493 1326 sum
2526 1271 2580 1325 in
2597 1269 2828 1325 vinculis
2858 1270 2921 1324 in
2952 1268 3297 1340 defensione,
3330 1267 3385 1321 id
3407 1275 3488 1321 est
3509 1275 3730 1337 pr0pter

422 1362 633 1433 justitia
677 1370 729 1417 et
758 1375 927 1430 opera
950 1357 1170 1427 justitiae
1200 1357 1253 1411 in
1301 1373 1403 1411 usu
1450 1355 1605 1412 vobis
1653 1356 1774 1410 sint.
1810 1357 2027 1427 Repleti
2129 1358 2505 1414 defensionem
2536 1358 2848 1427 Evangelii.
2894 1356 2991 1412 Vel
3022 1356 3130 1409 ita:
3160 1356 3412 1411 Scientes
3463 1357 3727 1426 quoniam

428 1452 551 1507 dico
578 1466 676 1521 per
703 1450 888 1503 Jesum
936 1446 1223 1513 Christum,
1257 1462 1323 1499 ex
1353 1460 1460 1515 quo
1500 1444 1679 1499 omnis
1703 1443 1928 1512 justitia.
1958 1444 2025 1497 Et
2130 1462 2234 1516 ego
2252 1463 2381 1501 sum
2398 1448 2631 1518 positus,
2653 1445 2709 1499 id
2726 1453 2807 1499 est
2827 1444 3151 1499 ordinatusa
3168 1444 3283 1498 Deo
3305 1445 3368 1497 in
3380 1443 3727 1513 defensione,

428 1542 533 1595 hoc
551 1541 614 1594 in
642 1538 880 1609 gloriam
910 1538 964 1591 et
1005 1534 1227 1589 laudem
1274 1534 1388 1595 Dei,
1438 1532 1492 1585 id
1542 1540 1624 1586 est
1671 1539 1728 1585 ut
1776 1533 1892 1586 Deo
1936 1538 2023 1584 ιο·
2128 1533 2183 1587 id
2208 1542 2288 1588 est
2316 1533 2383 1587 ad
2414 1534 2518 1587 hoc
2546 1540 2604 1587 ut
2649 1531 2938 1586 defendam
2973 1530 3361 1602 Evangelium,
3395 1529 3432 1583 ii
3462 1529 3729 1600 prazdica-

426 1635 541 1683 tum
570 1634 623 1681 et
651 1624 806 1681 vobis
835 1622 968 1677 nihil
996 1620 1297 1677 ascribatis.
1333 1618 1521 1674 Gloria
1542 1619 1661 1683 Dei,
1695 1618 1892 1674 dicitur
1906 1618 2025 1673 cla-
2044 1646 2098 1705 B
2128 1621 2255 1674 bant
2286 1638 2351 1676 ex
2380 1621 2591 1692 privata
2619 1620 2903 1688 charitate,
2935 1620 3179 1674 dicentes
3213 1634 3225 1673 :
3264 1618 3505 1673 Dilectus
3543 1624 3731 1671 noster

428 1716 561 1771 ritas
592 1712 822 1768 deitatis.
873 1709 1108 1765 Laudem
1139 1707 1238 1762 Dei
1268 1706 1566 1777 accipimus
1605 1707 1660 1759 in
1688 1706 1754 1759 iis
1785 1722 1903 1777 quae
1940 1706 2020 1760 vi-
2128 1708 2365 1773 Paulus;
2398 1708 2521 1779 quia
2551 1707 2751 1778 ligatus
2782 1714 2883 1773 est,
2918 1722 3027 1761 non
3057 1714 3235 1777 potest
3264 1705 3425 1760 modo
3456 1705 3727 1760 instruere

422 1804 616 1859 demus
644 1798 1019 1870 corporalibus
1047 1795 1239 1851 oculis.
1272 1796 1510 1863 Sinceri,
1561 1795 1607 1847 si
1643 1793 2019 1865 componimus
2121 1796 2401 1853 Ecclesias
2461 1812 2605 1861 suas,
2668 1795 3017 1865 suppleamus
3072 1794 3246 1849 vicem
3297 1794 3432 1861 ejus,
3474 1808 3542 1846 ne
3587 1792 3727 1847 forte

428 1907 493 1946 ex
515 1891 606 1946 sin
628 1896 680 1943 et
709 1904 874 1952 ctera,
926 1883 1236 1955 perducitur
1284 1883 1468 1937 media
1514 1881 1742 1953 syllaba,
1775 1882 2020 1937 nomina-
2125 1886 2271 1956 quod
2292 1883 2598 1949 aedificavit,
2631 1891 2876 1939 evertant
2926 1882 3004 1935 illi
3034 1882 3264 1953 pseudo.
3314 1881 3382 1934 Et
3421 1880 3499 1936 sic
3530 1895 3729 1935 carna-

428 1979 606 2044 tivus,
662 1973 958 2047 singularis
1014 1972 1259 2026 sincerus
1286 2012 1298 2036 ,
1360 1970 1569 2025 habens
1625 1970 1734 2024 duo
1788 1968 2018 2039 pluralia
2121 1972 2192 2026 lis
2231 1972 2449 2027 dilectio
2477 1979 2590 2027 erat
2618 1972 2689 2026 ad
2718 1969 3019 2042 profectum
3050 1968 3351 2041 Evangelii.

428 2065 625 2122 sinceri
674 2071 726 2118 et
770 2062 1046 2124 sinceres,
1107 2065 1167 2112 ut
1223 2058 1487 2112 diaconus
1533 2056 1749 2112 diaconi
1795 2064 1846 2111 et
1902 2057 2018 2110 dia-
2198 2062 2437 2127 Quidam
2468 2064 2661 2115 autem
2689 2058 2956 2130 perversi,
2993 2058 3130 2113 sicut
3160 2057 3344 2127 illi,“
3365 2056 3577 2127 privata
3604 2056 3728 2112 Cha.

423 2169 609 2209 cones.
644 2151 701 2205 Si
731 2148 1028 2205 secundum
1078 2146 1365 2209 lsidorum,
1416 2161 1482 2199 ex
1526 2147 1650 2201 sine
1680 2144 1831 2200 carie
1859 2160 2016 2199 com—
2121 2147 2299 2213 ritate,
2334 2148 2413 2203 sic
2439 2147 2525 2201 isti
2563 2164 2637 2203 ea:
2653 2149 3032 2213 contentione,
3066 2145 3122 2200 id
3153 2152 3235 2199 est
3264 2160 3330 2199 ex
3359 2145 3565 2215 privato
3598 2143 3727 2199 odio

422 2242 694 2312 ponimus,
754 2237 936 2292 media.
991 2234 1197 2305 syllaba
1245 2232 1536 2303 corripitur
1554 2272 1568 2301 ,
1630 2240 1683 2287 et
1749 2232 2016 2303 singulari
2119 2236 2483 2292 annuntiant
2506 2235 2811 2300 Christum,
2835 2250 2950 2290 non
2972 2234 3208 2301 sincere,
3237 2232 3291 2286 id
3313 2240 3395 2287 est
3417 2247 3525 2287 non
3554 2232 3609 2285 in
3628 2248 3729 2301 pu-

420 2336 586 2386 caret.
2120 2323 2302 2390 ritate,
2335 2325 2735 2379 existimantes
2766 2339 2823 2377 se
2853 2323 2955 2376 hoc
2976 2321 3139 2375 modo
3168 2322 3446 2376 suscitare
3484 2335 3720 2392 pressu-

494 2418 787 2485 Hucusque
842 2412 1039 2467 mistim
1089 2411 1159 2465 de
1212 2417 1438 2480 utraque
1484 2423 1664 2479 pugna
1713 2407 2012 2478 tractavit;
2118 2428 2267 2476 ram,
2294 2410 2349 2465 id
2378 2410 2925 2482 estaggravationem
2954 2409 3198 2463 vinculis
3219 2409 3380 2473 meis,
3407 2407 3460 2461 id
3488 2415 3570 2462 est
3590 2406 3725 2461 mihi

415 2505 507 2562 hic
563 2502 850 2575 separatim
905 2501 973 2555 de
1013 2514 1199 2571 pugna
1244 2504 1651 2568 persecutorum
1698 2494 1906 2566 incipit,
1938 2494 2016 2549 di-
2116 2498 2299 2568 posito
2350 2498 2405 2551 in
2462 2497 2709 2553 vinculis.
2754 2497 2795 2550 Ii
2839 2496 2982 2551 enim
3028 2496 3271 2566 perversi
3326 2496 3731 2565 disputaverant

420 2610 572 2651 cens.
605 2591 844 2646 Audiens
874 2590 1019 2644 bona
1047 2588 1116 2641 de
1144 2586 1318 2650 vobis,
1351 2585 1566 2655 gratias
1594 2601 1712 2655 ago.
1733 2584 2014 2653 Deprecor
2117 2602 2248 2642 cum
2277 2586 2463 2650 Paulo,
2497 2593 2547 2640 et
2578 2584 2777 2639 Paulus
2807 2592 3163 2654 superaverat
3203 2600 3299 2639 eos
3324 2603 3337 2650 ;
3372 2599 3516 2639 nunc
3546 2590 3729 2637 autem

420 2697 546 2737 cum
574 2678 775 2752 gaudio
804 2677 1091 2744 conﬁdens
1134 2674 1203 2728 de
1231 2673 1407 2728 vobis.
1450 2673 1570 2742 Ego
1614 2672 1693 2726 sic
1729 2686 1834 2742 ago
1865 2688 1877 2723 :
1919 2672 2012 2726 Vos
2120 2674 2267 2744 quod
2297 2673 2585 2728 audierant
2613 2672 2679 2726 ab
2710 2687 2775 2727 eo
2806 2671 3195 2742 praedicabant,
3238 2671 3362 2727 ideo
3393 2680 3449 2725 ut
3484 2687 3603 2726 cum
3634 2670 3725 2724 di-

417 2774 612 2825 autem
642 2768 759 2823 volo
786 2768 948 2829 scire,
993 2767 1231 2834 fratres,
1279 2778 1343 2816 ea
1390 2778 1511 2831 qua:
1549 2762 1702 2815 circa
1731 2775 1819 2814 me
1850 2762 2007 2813 sunt.
2119 2769 2337 2816 ceretur
2365 2760 2444 2815 eis
2472 2778 2485 2815 :
2520 2760 2704 2828 Quare
2732 2760 2893 2815 verba
2914 2760 3028 2828 ejus
3059 2759 3267 2814 scilicet
3296 2758 3536 2813 damnati
3566 2757 3720 2812 Pauli

416 2858 545 2913 Haec
571 2855 695 2910 ideo
724 2853 805 2909 eis
834 2850 1069 2907 notiticat
1100 2858 1157 2904 ut
1186 2848 1435 2918 exemplo
1466 2863 1565 2902 suo
1596 2847 1667 2901 ad
1695 2846 2011 2917 patientiam
2120 2846 2468 2919 praadicatis?
2498 2848 2705 2903 diceret
2734 2849 2857 2914 hoc,
2890 2864 3000 2902 non
3030 2862 3063 2902 a
3094 2847 3273 2917 nobis,
3298 2847 3394 2902 sed
3426 2847 3504 2902 sic
3531 2846 3598 2899 ab
3627 2846 3722 2901 illo

416 2953 467 3001 et
489 2943 843 2999 humilitatem
868 2955 964 2995 eos
989 2938 1222 2993 inducat.
1256 2938 1427 3001 Scire,
1471 2936 1711 3006 inquam,
1744 2950 1835 2990 vos
1867 2935 2006 3001 volo,
2044 2989 2087 3006 η
2118 2936 2455 3006 accepimus,
2485 2943 2659 3006 portet
2691 2935 2780 2989 ille
2808 2950 3030 3005 poenam
3068 2934 3328 3000 istorum,
3362 2942 3414 2989 et
3443 2934 3508 2987 iis
3533 2932 3721 2987 verbis

416 3034 540 3105 quia
572 3048 634 3087 ea
664 3048 784 3104 qua:
804 3032 955 3085 circa
976 3043 1065 3082 me
1094 3030 1250 3080 sunt.
1286 3024 1465 3089 Circa,
1498 3023 1621 3077 ideo
1666 3022 1790 3093 quia
1833 3021 2015 3075 unde-
2041 2989 2089 3048 Ο
2116 3023 2369 3079 infideles
2398 3023 2654 3079 concitati
2684 3022 3057 3078 vehementius
3096 3022 3459 3077 desaeviebant
3498 3021 3552 3074 in
3582 3022 3723 3074 Pau-

419 3137 525 3193 que
555 3117 964 3176 circumvallant
1015 3129 1102 3168 me
1131 3112 1290 3167 mala.
1320 3111 1419 3166 Vel
1446 3112 1620 3175 circa,
1673 3109 1801 3181 quia
1856 3116 2013 3163 extra
2116 3111 2251 3165 lum.
2304 3111 2581 3180 Objiceret
2629 3111 2826 3182 aliquis
2869 3111 2936 3163 ad
2981 3111 3085 3165 hoc
3122 3110 3266 3181 quod
3313 3108 3556 3180 superius
3595 3108 3669 3163 ait
3705 3123 3718 3162 :

409 3210 465 3264 in
498 3223 729 3279 corpore
760 3204 991 3276 aﬂligor,
1030 3202 1130 3257 sed
1168 3201 1330 3266 intus,
1386 3200 1439 3253 in
1477 3198 1657 3252 anima
1699 3197 1841 3252 vires
1870 3212 2012 3251 con-
2129 3201 2362 3255 Vincula
2402 3216 2528 3255 mea
2560 3203 2837 3254 venerunt
2859 3198 2927 3251 ad
2975 3197 3282 3268 profectum
3319 3196 3621 3266 Evangelii,
3656 3196 3711 3248 in

410 3312 602 3369 grego.
633 3298 732 3359 Ea,
756 3294 992 3363 inquam,
1024 3306 1145 3361 qua:
1166 3290 1318 3344 circa
1346 3303 1433 3342 me
1457 3291 1609 3355 sunt,
1632 3290 1915 3341 venerunt
1934 3284 2011 3339 ad
2115 3288 2275 3341 bonis
2314 3287 2537 3358 quidem
2584 3286 2676 3357 qui
2719 3285 2967 3356 exemplo
2996 3293 3089 3339 tuo
3122 3284 3339 3338 animati
3386 3283 3721 3353 praedicave-

410 3388 727 3457 profectum
764 3380 1052 3450 Evangelii
1080 3377 1258 3449 magis
1300 3391 1463 3446 quam
1494 3375 1565 3429 ad
1595 3373 2005 3439 detrimentum,
2114 3384 2261 3441 runt,
2306 3375 2627 3445 profuerunt
2661 3374 2916 3445 quidem;
2951 3373 3048 3427 sed
3079 3373 3134 3426 in
3183 3372 3249 3425 iis
3279 3371 3369 3442 qui
3418 3387 3483 3426 ex
3512 3371 3719 3425 invidia

415 3473 554 3528 sicut
584 3470 687 3541 ipsi
714 3475 1038 3540 putaverunt
1083 3465 1230 3537 quod
1275 3464 1442 3535 ligato
1491 3462 1677 3527 Paulo,
1723 3460 2007 3533 alligatum
2112 3472 2170 3518 et
2200 3464 2547 3519 contentione
2577 3462 2967 3533 praedicabant,
3006 3460 3218 3516 vincula
3261 3467 3351 3513 tua
3393 3460 3467 3513 nil
3495 3458 3718 3530 profue-

414 3568 564 3617 esset
595 3558 823 3615 verbum
866 3555 983 3610 Dei.
1018 3555 1293 3609 Venerunt
1339 3552 1407 3605 ad
1442 3549 1765 3621 profectum,
1815 3550 1901 3603 ita
1940 3550 2007 3602 ut
2111 3560 2261 3606 runt.
2295 3552 2381 3606 Ad
2412 3552 2514 3607 hoc
2546 3550 2763 3605 Paulus.
2795 3549 3118 3604 Profuerunt
3146 3548 3330 3619 utique
3351 3547 3514 3602 etiam
3542 3547 3597 3600 in
3625 3547 3714 3611 iis;

406 3649 639 3706 vincula
692 3662 851 3711 mea,
913 3643 969 3697 id
1002 3650 1085 3696 est
1132 3640 1332 3695 utilitas
1370 3639 1709 3694 vinculorum
1756 3651 2006 3691 meorum
2109 3640 2247 3711 quid
2276 3640 2430 3695 enim
2450 3647 2605 3694 nocet
2635 3638 2798 3703 dum,
2833 3637 2888 3692 id
2912 3645 2995 3692 est
3014 3637 3191 3691 solum
3220 3635 3385 3691 modo
3414 3637 3720 3690 annuntia-

405 3738 718 3806 manifesta
755 3734 959 3801 ﬁerent
989 3733 1051 3785 in
1085 3728 1327 3792 Christo,
1358 3727 1414 3781 id
1458 3734 1541 3781 est
1587 3726 1642 3778 in
1687 3721 2008 3795 magnifica-
2112 3732 2213 3782 tur
2239 3728 2492 3782 Christus
2510 3726 2864 3790 omnimodo,
2890 3725 3097 3781 scilicet
3116 3727 3231 3780 sive
3249 3740 3353 3796 per
3370 3724 3715 3781 occasionem

406 3824 554 3879 tione
583 3820 817 3877 nominis
848 3817 1065 3874 Christi.
1099 3817 1397 3884 Manifesta
1428 3813 1550 3868 dico
1577 3815 1640 3867 in
1673 3814 1829 3868 omni
1849 3826 2002 3882 prte-
2108 3814 2409 3868 suscitandi
2438 3813 2571 3867 mihi
2608 3828 2942 3884 pressuram,
2985 3820 3043 3867 ut
3086 3812 3289 3868 faciunt
3321 3811 3563 3882 pseudo,
3600 3812 3714 3865 sive

410 3913 571 3975 torio,
596 3914 652 3965 et
684 3911 748 3963 in
786 3908 1005 3962 cwteris
1034 3904 1310 3967 omnibus,
1336 3901 1388 3955 id
1422 3908 1505 3955 est
1533 3899 1675 3971 apud
1706 3898 1974 3969 principes

2152 3918 2214 3957 er
2235 3903 2553 3968 veritatem,
2599 3908 2659 3955 ut
2706 3900 3035 3956 annunciant
3074 3900 3243 3954 boni?
3282 3901 3399 3969 Ego
3430 3914 3538 3953 non
3581 3913 3713 3953 curo

405 4007 459 4054 et
504 3998 650 4068 apud
679 3994 984 4050 inferiores.
1033 3993 1103 4046 Et
1148 3990 1195 4044 si
1225 3990 1367 4044 enim
1398 3989 1599 4058 ubique
1646 4002 1755 4041 non
1798 3985 2003 4039 sciatur
2106 3990 2421 4061 quicunque
2452 3989 2521 4042 sit
2551 3989 2920 4055 annuntians;
2956 3987 3299 4043 solummodo
3349 3986 3625 4041 auditores
3658 3985 3713 4039 in

404 4085 603 4141 Paulus
632 4100 757 4140 esse
799 4082 855 4136 in
900 4079 1151 4147 vinculis,
1194 4085 1373 4131 tamen
1410 4076 1612 4129 utilitas
1660 4074 2000 4128 vinculorum
2112 4076 2219 4131 ﬁde
2250 4075 2551 4148 proficiant.
2588 4077 2808 4132 Gaudeo
2838 4078 2902 4131 in
2929 4076 3029 4132 hoc
3060 4076 3207 4146 quod
3237 4074 3484 4130 Christus
3504 4088 3717 4127 annun-

401 4188 628 4230 suorum
648 4173 850 4244 ubique
872 4167 1207 4232 diffunditur,
1227 4166 1357 4219 dum
1377 4163 1514 4218 fides
1534 4161 1731 4217 Christi
1754 4159 1996 4217 25S
2108 4166 2277 4220 tiatur
2305 4182 2405 4236 per
2433 4166 2799 4233 occasionem,
2845 4173 2895 4219 et
2925 4165 2981 4218 in
3030 4165 3135 4220 hoc
3181 4164 3419 4236 gaudeo,
3452 4161 3596 4233 quod
3614 4177 3712 4215 su-

403 4281 503 4337 per
532 4278 655 4320 eum
692 4260 915 4316 dilatata
944 4257 1143 4328 ubique
1172 4253 1523 4325 praedicatur.
1557 4251 1655 4305 Vel
1683 4250 1755 4303 ita
1789 4264 1800 4301 ε
1841 4250 2000 4305 Υϐηϐ-
2106 4254 2309 4309 scitant
2341 4254 2472 4309 mihi
2502 4270 2827 4325 pressuram,
2879 4267 2983 4308 nec
3017 4253 3181 4307 modo
3222 4251 3418 4320 solum,
3449 4250 3545 4306 sed
3576 4264 3707 4304 sem-

401 4336 543 4409 runt
571 4352 643 4407 ad
660 4352 1002 4423 profectum,
1028 4347 1113 4401 ita
1135 4348 1202 4399 ut
1230 4343 1351 4412 ipsa
1393 4341 1588 4396 eadem
1621 4339 1848 4394 vincula
1868 4338 2070 4398 meaD
2103 4358 2208 4413 per
2226 4343 2469 4413 gaudebo
2499 4342 2555 4395 in
2580 4343 2792 4397 eodem.
2827 4342 2885 4395 In
2927 4342 3042 4395 Deo
3071 4339 3289 4412 gaudeo
3333 4346 3387 4394 et
3433 4336 3707 4411 gaudebo,

402 4450 608 4518 ﬁerent
640 4444 948 4514 manifesta
968 4443 1032 4496 in
1056 4439 1295 4506 Christo,
1318 4435 1374 4490 id
1404 4443 1486 4490 est
1505 4450 1627 4506 qua:
1655 4449 1756 4504 pro
1786 4433 1999 4488 Christo
2104 4433 2223 4487 scio
2243 4433 2395 4486 enim
2416 4434 2548 4503 quia
2569 4431 2689 4496 hoc,
2723 4430 2778 4483 id
2808 4436 2890 4483 est
2920 4428 3065 4500 quod
3113 4443 3370 4498 pressura
3418 4425 3550 4481 mihi
3580 4441 3708 4479 sus-

401 4517 672 4606 patiebar.
719 4532 1017 4601 Manifesta
1052 4528 1175 4582 dico
1224 4528 1286 4581 in
1335 4526 1492 4579 omni
1528 4525 1814 4595 praetorio,
1848 4525 1903 4577 et
1934 4523 1998 4576 in
2107 4519 2330 4585 citatur,
2362 4521 2653 4590 proveniet
2678 4517 2823 4572 mihi
2851 4519 2913 4572 in
2935 4518 3183 4571 salutem
3204 4532 3304 4587 per
3323 4522 3562 4570 vestram
3585 4528 3712 4568 ora-

402 4603 623 4679 cwteris
648 4620 904 4677 omnibus
942 4617 1101 4672 locis.
1142 4615 1375 4685 Ubique,
1411 4612 1556 4666 enim
1585 4611 1872 4666 dicebant:
1900 4609 1995 4663 Vi-
2108 4607 2312 4661 tionem
2340 4606 2764 4662 intercedentem
2787 4620 2888 4676 pro
2934 4620 3041 4670 me,
3083 4608 3138 4659 et
3176 4621 3279 4677 per
3307 4603 3715 4659 subministra-

399 4712 524 4768 dete
553 4708 928 4766 constantiam.
961 4703 1133 4769 Pauli,
1180 4702 1272 4774 qui
1314 4701 1475 4756 etiam
1514 4700 1567 4753 in
1616 4697 1846 4753 vinculis
1884 4713 1997 4752 non
2105 4697 2343 4761 tionem,
2404 4695 2458 4749 id
2508 4702 2591 4749 est
2626 4709 2727 4764 per
2767 4692 3145 4749 fulcimentum
3184 4700 3236 4747 et
3285 4690 3711 4746 sustentaculum

398 4807 577 4856 cessat
598 4798 895 4869 praedicare
908 4793 1069 4849 fidem
1086 4791 1304 4846 Christi.
1326 4791 1402 4844 Ita
1422 4788 1615 4843 fierent
1633 4784 1917 4841 manifesta
1928 4788 1999 4839 ut
2105 4783 2364 4853 Spiritus.
2400 4782 2547 4837 Sicut
2577 4782 2720 4836 enim
2743 4781 2993 4837 columna
3015 4780 3069 4835 in
3092 4780 3271 4835 medio
3291 4779 3466 4850 posita
3495 4786 3709 4833 susten-

403 4866 690 4958 pluresex
710 4886 986 4957 fratribus
1019 4879 1363 4949 conﬁdentes
1387 4879 1449 4933 in
1472 4877 1723 4943 Domino,
1748 4875 1998 4929 vinculis
2103 4878 2186 4925 tat
2214 4871 2456 4934 domum,
2491 4886 2559 4924 ne
2591 4869 2783 4934 cadat;
2807 4868 2887 4924 sic
2909 4868 3141 4939 Spiritus
3160 4866 3309 4922 fulcit
3328 4883 3435 4921 me.
3460 4866 3710 4938 Spiritus

397 4955 559 5041 meis,
593 4976 647 5029 id
677 4955 759 5029 est
788 4980 1009 5044 propter
1036 4967 1252 5025 vincula
1288 4981 1411 5021 mea
1452 4964 1509 5019 in
1556 4964 1751 5036 quibus
1782 4962 1998 5033 positus
2102 4959 2232 5013 dico
2260 4961 2391 5014 Jesu
2413 4958 2644 5024 Christi,
2673 4958 2728 5011 id
2755 4965 2839 5011 est
2868 4973 3029 5027 quem
3059 4956 3301 5011 Christus
3325 4955 3436 5018 dat,
3474 4968 3572 5024 pro
3598 4967 3706 5024 quo

397 5063 655 5119 audacter
682 5043 1065 5132 pradicabam,
1085 5054 1333 5125 exemplo
1362 5069 1485 5108 meo
1514 5050 1702 5107 confisi
1732 5050 2001 5104 auderent
2100 5046 2285 5118 patior
2310 5045 2592 5117 proveniet
2620 5045 2743 5100 dico
2789 5044 2844 5097 in
2874 5044 3101 5098 salutem
3128 5043 3440 5099 secundum
3469 5056 3707 5112 exspec-

395 5128 756 5207 abundantius
786 5148 934 5219 loqui
964 5146 1215 5218 gentibus
1246 5141 1362 5197 sine
1391 5142 1583 5195 timore
1613 5140 1837 5194 verbum
1868 5136 1995 5202 Dei;
2102 5135 2383 5189 tationem
2411 5138 2466 5188 et
2497 5149 2654 5203 spem
2691 5149 2898 5200 meam,
2942 5132 2995 5185 id
3038 5140 3121 5186 est
3150 5146 3258 5185 non
3290 5130 3469 5184 minus
3517 5128 3704 5183 salutis

396 5240 489 5312 qui
516 5238 665 5310 prius
722 5215 947 5309 propter
969 5215 1240 5288 _timorem
1290 5246 1398 5285 non
1439 5227 1732 5283 audebant.
1784 5226 1824 5279 Ii
1868 5233 1997 5279 sunt
2102 5223 2397 5278 conferens
2426 5237 2586 5292 quam
2618 5228 2873 5291 exspecto
2900 5227 2951 5274 et
2981 5234 3160 5290 spero.
3194 5217 3540 5289 Exspectatio
3561 5215 3707 5271 dici-

396 5305 533 5384 boni
554 5305 768 5396 fratres,
802 5305 900 5380 sed
929 5321 1158 5395 quidam
1187 5318 1430 5392 quidem,
1478 5316 1534 5370 id
1585 5323 1667 5369 est
1705 5312 1925 5368 discreti
1957 5330 1997 5367 a
2100 5320 2194 5365 tur
2214 5309 2597 5383 longanimitas
2618 5308 2673 5362 in
2689 5307 3156 5373 sustinendo,sine
3169 5305 3703 5369 certitudinetamen,

393 5415 573 5485 bonis,
597 5415 727 5488 quia
755 5394 1012 5486 perverse
1038 5408 1357 5480 praedicant
1377 5402 1667 5463 Christum
1682 5406 1738 5459 et
1759 5403 1999 5474 propter
2102 5399 2244 5471 Spes
2264 5414 2393 5455 vero
2422 5406 2575 5455 certa
2616 5396 2977 5469 praestolatio;
3012 5395 3138 5452 ideo
3176 5394 3492 5452 secundum
3526 5408 3702 5465 spem,
