3960 6050
264 202 371 257 357

778 197 1156 255 EXPOSITIO
1215 196 1289 252 IN
1344 192 1729 252 EPISTOLAS
1782 196 2008 253 PAULI.
2064 228 2133 238 —
2191 198 2264 253 IN
2300 198 2518 254 EPIST.
2577 198 2671 254 AD
2733 198 3020 253 PHILIPP.

3443 203 3546 256 358

266 327 401 397 quia
420 341 534 381 non
555 324 896 395 con/undar,
922 323 977 377 id
1007 330 1089 377 est
1104 337 1213 377 non
1234 320 1553 375 erubescam
1577 319 1631 374 in
1653 320 1853 391 aliquo,
1879 323 1929 381 A
1961 329 2045 376 est
2072 338 2173 393 pro
2194 322 2388 377 merito
2400 322 2613 387 Christi,
2638 339 2752 378 non
2764 324 2951 378 solum
2970 326 3036 376 ut
3054 321 3298 377 credatis
3316 324 3379 378 in
3396 338 3545 392 eum,

260 422 321 467 ut
352 428 455 484 ego
486 410 731 467 deﬁciam
762 411 817 464 in
846 409 1148 481 Evangelia
1178 409 1376 463 Christi
1407 416 1627 479 propter
1655 408 1858 463 instan-

267 510 380 556 tem
402 500 824 555 tribulationem.
844 500 961 555 Non
983 498 1321 568 confundor,
1342 497 1436 551 sed
1446 499 1601 551 sicut
1618 512 1853 568 semper,

266 589 323 643 id
353 596 435 644 est
466 589 534 643 de
564 588 841 658 praeterito
870 586 1251 659 magniﬁcatus
1300 592 1401 651 est,
1446 586 1531 640 ita
1573 589 1630 640 et
1678 601 1853 649 nunc,

265 676 322 731 id
353 684 436 731 est
456 676 509 729 in
540 675 722 730 futuro
757 674 1214 746 magni/imbitur
1237 672 1512 740 Christus,
1537 689 1645 727 non
1681 672 1856 727 solum

265 764 322 818 in
375 764 573 833 anima,
624 763 721 818 sed
761 763 920 817 etiam
965 763 1022 816 in
1065 761 1331 832 fragiliori
1378 769 1553 831 parte,
1596 760 1651 814 id
1682 768 1765 815 est
1796 763 1857 815 in

263 866 495 924 corpore
522 865 661 906 meo.
710 850 1158 920 Magni/imbitur
1176 848 1361 919 utique
1395 849 1509 904 sive
1547 864 1649 920 per
1680 851 1857 903 vitam

263 942 381 996 sive
421 956 522 1012 per
574 943 833 1005 mortem,
871 938 933 991 ‘id
989 945 1072 993 est
1127 937 1181 991 in
1240 937 1350 991 vita
1406 938 1652 1006 corporis
1709 946 1761 991 et
1804 937 1859 991 in

263 1036 461 1083 morte.
521 1027 707 1081 Debeo
762 1025 1116 1097 magniﬁcare
1166 1025 1436 1079 Christum
1480 1041 1581 1095 per
1641 1025 1805 1078 vitam
1840 1066 1853 1092 ,

265 1115 512 1171 259
542 1130 670 1168 nam
704 1114 957 1169 Christus
985 1118 1039 1168 et
1060 1114 1242 1168 vivere
1257 1112 1419 1177 mihi,
1452 1113 1507 1166 id
1538 1120 1621 1166 est
1654 1127 1759 1183 ego
1789 1112 1857 1166 ad

261 1204 411 1258 aliud
441 1219 548 1258 non
581 1203 724 1267 vivo,
759 1202 863 1255 nisi
892 1210 952 1255 ut
1000 1200 1342 1272 magniﬁcam
1394 1200 1690 1255 Christum.
1741 1202 1855 1254 De-

262 1293 371 1348 beo
402 1291 754 1363 magniﬁcare
782 1306 880 1360 per
907 1298 1136 1345 mortem
1162 1308 1176 1353 ;
1208 1305 1333 1343 nam
1355 1289 1601 1343 Christus
1622 1297 1705 1343 est
1724 1288 1857 1342 mihi

267 1382 492 1435 lucrum
524 1379 686 1445 mori,
745 1378 801 1433 id
857 1387 939 1433 est
967 1378 1035 1431 ad
1074 1378 1438 1442 moriendum,
1482 1377 1658 1447 ipsum
1710 1377 1856 1431 enim

264 1467 543 1523 Christum
572 1466 847 1536 accipiens
894 1466 1090 1532 lucror,
1143 1465 1189 1518 si
1223 1480 1325 1535 pro
1372 1465 1587 1519 Christo
1617 1465 1844 1519 morior.

260 1555 363 1609 Vel
394 1556 467 1609 ita
498 1572 511 1607 :
545 1556 651 1609 Per
676 1561 908 1608 mortem
936 1553 1113 1608 debeo
1158 1550 1509 1623 magniﬁcare
1541 1552 1815 1607 Christum
1840 1571 1855 1619 ;

1956 411 2053 465 sed
2081 412 2255 466 etiam
2276 415 2341 465 ut
2368 411 2680 483 patiamini
2696 426 2796 481 pro
2824 412 2944 466 illo.
2971 410 3079 465 Vos
3108 410 3250 477 dico,
3285 410 3554 467 habentes

1956 498 2105 553 idem
2116 502 2406 554 certamen
2428 500 2591 570 quale
2612 500 2674 553 in
2692 498 2907 553 vidistis
2927 500 2989 553 in
3010 514 3118 562 me,
3143 513 3267 554 cum
3288 499 3432 568 apud
3454 514 3553 554 vos

1957 601 2157 650 essem,
2191 590 2249 641 et
2279 586 2440 657 quale
2472 602 2627 640 nunc
2677 574 2918 641 audistis
2966 587 3033 641 de
3072 602 3161 641 me
3191 586 3338 656 quod
3364 586 3544 656 patior

1957 674 2163 727 Romzn.
2200 676 2308 729 Vos
2335 682 2513 729 autem
2543 673 2825 727 imitamini
2855 674 2999 745 quod
3029 690 3116 728 me
3168 675 3222 728 in
3253 674 3549 729 humilitate

1954 762 2065 831 pati
2093 762 2307 829 videtis,
2342 770 2615 819 sectantes
2644 762 2959 833 patientiam
2980 769 3031 817 et
3061 762 3438 817 humilitatem.

2578 954 2803 1011 CAPUT
2844 956 2889 1009 Il
2903 997 2915 1009 .

2032 1134 2054 1161 ι
2094 1111 2150 1167 Si
2178 1128 2282 1183 qua
2312 1126 2447 1183 ergo
2476 1112 2779 1167 consolatio
2825 1112 2879 1166 in
2910 1112 3143 1179 Christo,
3198 1113 3241 1168 si
3274 1115 3419 1185 quod
3449 1131 3544 1171 so-

1961 1222 1982 1245 α
2018 1200 2207 1253 latium
2237 1199 2534 1265 charitatis,
2568 1200 2614 1253 si
2660 1215 2769 1271 qua
2817 1199 3049 1255 societas
3080 1201 3321 1271 spiritus,
3356 1203 3402 1256 si
3433 1218 3542 1274 qua

1960 1311 1981 1334 «
2015 1288 2226 1343 viscera
2273 1288 2656 1352 miserationis,
2702 1287 2921 1357 implete
2950 1289 3207 1360 gaudium
3250 1306 3449 1356 meum,
3480 1299 3539 1345 ut

1961 1399 1982 1421 α
2015 1376 2160 1430 idem
2192 1376 2439 1445 sapiatis,
2473 1376 2724 1429 eamdem
2755 1375 3069 1431 charitatem
3101 1378 3387 1445 habentes,
3419 1395 3547 1433 una-

1960 1487 1982 1510 «ι
2017 1465 2192 1518 nimes
2222 1464 2454 1535 idipsum
2487 1464 2804 1517 sentientes.
2837 1464 2982 1516 Nihil
3004 1481 3103 1534 per
3122 1466 3542 1533 contentionem,

1961 1575 1981 1598 ιι
2018 1568 2195 1623 neque
2223 1568 2324 1621 per
2353 1551 2567 1606 inanem
2598 1551 2847 1622 gloriam,
2882 1551 2977 1604 sed
3008 1552 3062 1605 in
3109 1553 3415 1608 humilitate
3447 1572 3544 1609 su—

258 1659 389 1697 nam
419 1642 558 1697 mori
584 1648 665 1696 est
694 1641 827 1695 mihi
855 1641 1092 1706 lucrum,
1116 1640 1171 1693 id
1204 1648 1288 1694 est
1316 1654 1443 1694 nam
1474 1640 1528 1693 in
1560 1648 1736 1694 morte
1766 1639 1853 1694 lu-
1884 1672 1936 1730 B
1961 1662 1982 1685 «
2018 1640 2262 1709 periores
2300 1639 2405 1693 sibi
2452 1638 2685 1694 invicem
2731 1638 3076 1705 arbitrantes,
3129 1656 3238 1694 non
3286 1658 3407 1712 qua:
3449 1659 3547 1697 sua

260 1746 390 1786 cror
418 1744 542 1801 ego,
572 1729 845 1799 accipiens
876 1729 931 1782 in
961 1728 1116 1783 caelis
1145 1727 1557 1782 retributionem
1606 1727 1852 1782 laborum

260 1833 533 1872 meorum.
595 1818 663 1870 Et
714 1831 839 1871 cum
883 1816 1022 1871 mori
1070 1815 1137 1869 sit
1180 1814 1311 1869 mihi
1340 1814 1568 1883 lucrum,
1614 1822 1773 1870 restat
1802 1823 1859 1869 ut

260 1906 468 1978 eligam
498 1912 749 1959 mortem.

338 1994 585 2048 Adversa
616 1992 902 2057 sententia,
961 1991 1059 2046 sed
1089 2002 1269 2046 tamen
1313 1991 1440 2047 licet
1486 1991 1623 2046 mori
1669 1990 1737 2044 sit
1778 1990 1859 2045 lu-

263 2097 442 2148 crum,
475 2082 657 2135 vivere
700 2082 763 2135 in
811 2096 984 2135 carne
1013 2084 1099 2135 est
1127 2081 1270 2134 mihi
1290 2082 1519 2150 fructus
1546 2080 1749 2150 operis,
1770 2078 1858 2133 hic

262 2168 472 2224 scilicet
503 2168 649 2238 quod
680 2184 780 2238 per
809 2168 977 2221 vitam
1006 2166 1445 2239 magniﬁcabitur
1474 2166 1743 2222 Christus.
1790 2168 1859 2220 Et

262 2257 393 2327 quia
444 2256 583 2311 mori
637 2255 768 2309 mihi
822 2263 905 2309 est
962 2255 1173 2309 lucrum
1221 2263 1383 2310 tantae
1406 2254 1773 2319 beatitudinis,
1806 2262 1859 2308 et

261 2344 448 2399 vivere
477 2344 532 2397 in
561 2359 722 2398 carne
764 2352 845 2397 est
886 2342 1017 2396 mihi
1048 2341 1256 2398 fructus
1284 2342 1664 2415 magniﬁcandi
1699 2342 1857 2396 Chri-

260 2439 427 2499 stum,
460 2447 549 2497 en,
583 2432 637 2485 id
667 2439 749 2485 est
778 2445 928 2495 ecce,
972 2431 1105 2500 quid
1136 2430 1329 2485 horum
1387 2432 1591 2502 eligam
1640 2432 1855 2501 ignoro,

258 2520 430 2575 vitam
460 2534 530 2574 an
559 2527 810 2584 mortem,
827 2519 951 2573 ideo
980 2518 1177 2591 ignoro
1191 2518 1317 2589 quia
1335 2527 1605 2573 coarctor.
1629 2517 1729 2573 Vel
1750 2533 1859 2573 non

262 2606 445 2661 solum
458 2606 672 2677 ignoro,
689 2607 785 2660 sed
803 2606 962 2661 etiam
978 2610 1254 2671 coarctor,
1271 2606 1476 2660 habens
1489 2606 1817 2660 desiderium
1834 2623 1862 2661 e

263 2695 497 2759 duobus,
521 2695 575 2749 id
588 2695 753 2749 estde
770 2694 1012 2759 dissolvi,
1046 2702 1101 2748 et
1129 2694 1198 2749 de
1230 2710 1551 2764 permanere
1582 2694 1635 2747 in
1663 2710 1857 2760 carne;

264 2782 365 2836 sed
396 2783 625 2837 dissolvi
646 2787 702 2837 et
721 2800 851 2838 cum
868 2781 1083 2837 Christo
1114 2796 1233 2837 esse
1243 2783 1427 2837 multo
1443 2783 1666 2847 melius,
1690 2797 1862 2852 quan—

263 2878 380 2925 tum
403 2871 470 2924 ad
500 2886 608 2925 mc.
634 2872 973 2925 Permanere
990 2874 1183 2925 autem
1203 2872 1264 2925 in
1287 2886 1458 2925 carne
1479 2872 1861 2925 necessarium

262 2963 353 3013 est
378 2962 610 3029 propter
628 2974 740 3022 vos,
783 2965 841 3011 nt
893 2957 1139 3012 Christus
1194 2973 1291 3027 per
1347 2973 1434 3011 me
1484 2956 1862 3027 magnificetur

263 3048 323 3099 in
347 3046 525 3100 vobis.
562 3048 631 3101 Et
671 3046 790 3111 hoc,
824 3045 879 3099 id
920 3053 1001 3099 est
1032 3045 1181 3116 quod
1233 3045 1577 3101 necessarius
1616 3054 1668 3099 et
1716 3045 1863 3100 utilis

265 3149 365 3188 ero
394 3134 700 3201 conﬁdens.
732 3135 855 3189 Scio
902 3136 1171 3205 quoniam
1217 3134 1451 3189 manebo
1497 3141 1549 3188 et
1578 3133 1741 3188 etiam
1772 3133 1861 3187 diu

263 3222 604 3293 permanebo
635 3223 892 3278 omnibus
914 3222 1061 3276 vobis
1082 3221 1153 3277 ad
1172 3225 1490 3293 profectum
1512 3226 1780 3286 vestrum,
1806 3226 1863 3277 et

265 3308 338 3362 ad
368 3308 643 3378 gaudium
681 3309 812 3377 ﬁdei
840 3313 1058 3373 vestrm,
1092 3309 1146 3362 id
1176 3316 1261 3363 est
1305 3317 1363 3362 ut
1391 3309 1459 3363 de
1508 3308 1705 3365 merito
1736 3308 1862 3363 ﬁdei

268 3396 575 3465 gaudeatis.
608 3397 759 3451 Tunc
786 3396 953 3451 habet
976 3396 1156 3464 justus
1190 3396 1450 3467 gaudium
1480 3396 1549 3450 de
1580 3395 1706 3461 ﬁde,
1737 3412 1863 3451 cum

258 3484 376 3552 jam
405 3499 517 3539 non
546 3483 695 3538 timet
724 3484 977 3549 adversa,
1028 3492 1080 3539 et
1127 3499 1355 3539 securus
1403 3492 1487 3538 est
1515 3484 1584 3538 de
1614 3484 1859 3553 praemio.

266 3570 606 3625 Permanebo
634 3570 789 3625 vobis
818 3571 889 3627 ad
916 3569 1240 3641 profectum,
1266 3573 1353 3626 ita
1373 3574 1438 3625 ut
1452 3572 1784 3641 gratulatio,
1807 3571 1862 3625 id

265 3667 353 3714 est
382 3658 669 3714 exsultatio
708 3668 912 3723 vestra,
964 3658 1050 3713 vel
1089 3659 1228 3713 actio
1282 3658 1597 3729 gratiarum,
1648 3666 1863 3712 utrum-

265 3763 376 3819 que
406 3747 550 3801 enim
600 3746 869 3816 signiﬁcat
918 3746 1185 3818 gratulor,
1237 3754 1287 3801 et
1317 3746 1530 3818 gaudeo
1560 3754 1614 3800 et
1654 3746 1863 3816 gratias

264 3852 398 3907 ago,
431 3835 740 3906 gratulatio,
760 3835 1004 3905 inquam,
1029 3842 1215 3890 vestra
1245 3834 1493 3890 abundet
1521 3835 1584 3888 in
1619 3834 1859 3899 Christo,

264 3924 322 3977 id
353 3931 437 3977 est
464 3924 520 3976 in
548 3923 766 3978 laudem
795 3923 995 3977 Christi
1025 3924 1176 3988 Iesu,
1204 3924 1266 3977 in
1296 3938 1405 3989 me,
1455 3922 1510 3975 id
1540 3930 1622 3976 est
1650 3922 1704 3975 in
1732 3938 1863 3977 con-

265 4010 597 4065 sideratione
627 4010 754 4065 mei.
788 4011 1039 4065 Abundet
1064 4010 1188 4065 dico
1216 4026 1320 4082 per
1346 4026 1535 4066 meum
1556 4010 1863 4066 adventum

263 4101 481 4153 iterum
512 4098 713 4153 factum
762 4098 833 4153 ad
864 4114 976 4154 vos.
1020 4098 1335 4153 Abundabit
1368 4098 1551 4169 utique
1604 4102 1863 4153 tantum-

262 4188 425 4242 modo
453 4186 633 4241 videte
661 4190 728 4241 ut
748 4202 846 4241 vos
887 4188 1299 4242 conversemini
1346 4186 1515 4258 digne
1564 4187 1862 4257 Evangelia

270 4275 515 4339 Christo,
542 4273 595 4328 id
617 4282 701 4328 est
731 4274 868 4329 sicut
890 4274 1046 4329 decet
1066 4283 1118 4329 et
1133 4274 1293 4330 docet
1311 4274 1689 4344 Evangelium,
1716 4274 1863 4345 quod

1961 1750 1982 1774 α
2016 1736 2140 1782 sunt
2169 1727 2366 1799 singuli
2394 1727 2822 1791 considerantes,
2873 1726 2969 1781 sed
3014 1743 3076 1781 ea
3131 1744 3254 1798 quae
3282 1730 3541 1785 aliorum.

1961 1838 1982 1862 ιε
2019 1816 2134 1869 Hoc
2189 1815 2332 1868 enim
2364 1814 2557 1869 sentite
2589 1815 2643 1867 in
2690 1814 2863 1879 vobis,
2924 1814 3069 1885 quod
3125 1824 3177 1869 et
3220 1816 3275 1869 in
3332 1817 3545 1874 Christo

1962 1925 1984 1949 ι
2020 1904 2169 1958 Jesu.
2204 1901 2310 1970 Qui
2338 1918 2463 1958 cum
2494 1903 2549 1956 in
2576 1901 2750 1958 forma
2776 1901 2877 1956 Dei
2925 1909 3091 1970 esset,
3134 1918 3244 1957 non
3298 1905 3545 1975 rapinam

1962 2012 1983 2035 α
2020 1990 2310 2044 arbitratus
2340 1998 2423 2045 est
2455 2006 2579 2045 esse
2608 2006 2667 2045 se
2714 1990 2978 2061 aequalem
3027 1992 3162 2057 Deo,
3210 1992 3309 2046 sed
3338 2001 3547 2049 semet-

1962 2101 1984 2124 «
2019 2078 2199 2149 ipsum
2226 2078 2533 2143 exinanivit,
2579 2078 2812 2132 formam
2842 2078 2985 2133 servi
3031 2079 3326 2149 accipiens,
3379 2082 3435 2135 in
3467 2082 3536 2136 si-

1963 2189 1985 2213 α
2017 2167 2374 2221 militudinem
2403 2166 2684 2220 hominum
2740 2166 2933 2234 factus,
2985 2174 3037 2221 et
3065 2168 3251 2221 habitu
3295 2169 3548 2225 inventus

1963 2275 1986 2304 ι
2019 2264 2074 2309 ut
2104 2255 2287 2309 homo.
2324 2255 2636 2309 Humiliavit
2665 2255 3013 2324 semetipsum
3036 2298 3048 2318 ,
3082 2254 3258 2311 factus
3286 2257 3549 2313 obediens

1963 2365 1985 2389 α
2020 2359 2192 2414 usque
2222 2342 2291 2397 ad
2320 2350 2568 2408 mortem,
2599 2350 2829 2397 mortem
2858 2350 3041 2397 autem
3089 2343 3289 2399 crucis.
3322 2346 3553 2416 Propter

1964 2452 1985 2476 υ
2019 2431 2166 2501 quod
2198 2438 2250 2485 et
2280 2432 2425 2485 Deus
2456 2430 2709 2484 exaltavit
2742 2430 2911 2493 illum,
2955 2439 3007 2483 et
3048 2430 3265 2486 donavit
3314 2432 3393 2487 illi
3445 2449 3550 2489 no-

1964 2541 1986 2565 ιι
2023 2535 2149 2572 men
2178 2517 2321 2589 quod
2352 2526 2434 2573 est
2476 2534 2643 2587 super
2682 2533 2844 2573 omne
2891 2533 3091 2572 nomen
3123 2536 3136 2572 :
3171 2527 3227 2573 ut
3253 2520 3307 2574 in
3330 2521 3550 2577 nomine

1967 2628 1989 2657 ι
2023 2607 2152 2661 Jesu
2182 2621 2344 2660 omne
2372 2606 2795 2675 genutlectatur,
2833 2605 3154 2671 caelestium,
3188 2608 3545 2676 terrestrium,

1964 2718 1987 2742 «ι
2024 2702 2076 2749 et
2106 2693 2461 2749 infernarum.
2515 2694 2583 2747 Et
2620 2694 2798 2747 omnis
2838 2693 3024 2765 lingua
3054 2693 3393 2765 conﬁteatur,
3423 2697 3550 2768 quia

1967 2806 1988 2829 «
2022 2783 2289 2837 Dominus
2318 2782 2446 2836 Jesu
2475 2780 2725 2835 Christus
2766 2781 2819 2835 in
2875 2781 3056 2853 gloria
3101 2790 3184 2837 est
3214 2783 3315 2838 Dei
3342 2784 3542 2840 Patris.

1967 2893 1989 2917 ‹‹
2023 2871 2231 2941 Itaque,
2290 2868 2591 2924 charissimi
2620 2868 2749 2934 mei,
2783 2868 2947 2937 (sicut
3000 2885 3218 2940 semper
3261 2872 3550 2938 obedistis)

1966 2980 1988 3005 «ι
2022 2974 2133 3012 non
2159 2958 2215 3011 in
2243 2957 2532 3028 praesentia
2562 2972 2681 3011 mea
2718 2964 2942 3021 tantum,
3004 2959 3103 3012 sed
3150 2958 3319 3013 multo
3375 2961 3551 3032 magis

1894 3018 1941 3078 Ο
1967 3068 1988 3093 ιι
2026 3060 2168 3100 nunc
2199 3018 2259 3099 in
2282 3046 2532 3100 absentia
2561 3044 2818 3100 260
2850 3018 2992 3111 mea,
3025 3061 3148 3099 cum
3177 3053 3323 3100 metu
3355 3055 3409 3101 et
3436 3018 3552 3103 tr’e—

1968 3156 1989 3180 «ι
2025 3149 2178 3188 more
2209 3142 2448 3187 vestram
2480 3132 2706 3187 salutem
2737 3132 3060 3202 operamini.
3094 3134 3242 3188 Deus
3272 3142 3355 3188 est
3385 3134 3548 3199 enim,

1968 3243 1989 3266 «ι
2028 3221 2119 3291 qui
2147 3229 2403 3290 aperatur
2432 3220 2487 3273 in
2532 3220 2688 3275 vobis
2748 3228 2802 3274 et
2845 3220 3004 3285 velle,
3056 3229 3107 3275 et
3133 3220 3421 3291 perﬁcere,
3455 3239 3555 3293 pro

1967 3333 1988 3355 α
2025 3309 2170 3363 bona
2208 3308 2497 3363 voluntate.
2536 3306 2731 3362 Omnia
2760 3316 2943 3363 autem
2973 3301 3131 3364 facite
3160 3310 3278 3365 sine
3309 3327 3554 3367 murmu-

1967 3396 2328 3451 «rationibus
2376 3404 2429 3450 et
2484 3395 2913 3450 haesitationibus
2971 3398 3020 3466 (I
3045 3399 3199 3452 Petr.
3249 3414 3326 3463 IV,
3387 3399 3463 3470 9),
3498 3408 3556 3455 ut

1968 3506 1990 3531 α
2027 3485 2143 3537 sitis
2174 3484 2290 3537 sine
2322 3483 2563 3553 querela,
2623 3491 2677 3536 et
2722 3483 2996 3553 simplices
3039 3483 3134 3538 ﬁlii
3159 3485 3281 3555 Dei,
3315 3487 3433 3541 sine
3464 3504 3554 3543 re-

1969 3595 1990 3617 ιι
2026 3571 2391 3641 prehensione
2416 3570 2472 3623 in
2502 3570 2683 3624 medio
2710 3570 2944 3624 nationis
2965 3586 3146 3640 pravae
3168 3580 3221 3627 et
3246 3589 3553 3643 perversae;

1969 3681 1991 3705 α
2026 3660 2168 3713 inter
2197 3673 2334 3729 quos
2364 3657 2557 3712 lucetis
2588 3657 2727 3713 sicut
2761 3657 3043 3712 luminaria
3072 3660 3126 3713 in
3157 3662 3359 3716 mundo
3391 3681 3405 3727 ;
3439 3679 3557 3718 ver-

1967 3770 1989 3793 α
2026 3748 2157 3800 bum
2204 3746 2327 3801 vitae
2382 3746 2722 3801 continentes
2764 3746 2831 3799 ad
2876 3746 3107 3816 gloriam
3153 3764 3329 3803 meam
3368 3750 3423 3804 in
3468 3752 3556 3807 die

1968 3856 1993 3885 ι
2028 3834 2245 3903 Christi,
2303 3834 2426 3905 quia
2468 3850 2579 3889 non
2625 3834 2679 3887 in
2719 3850 2951 3890 vacuum
2998 3837 3235 3903 cucurri,
3276 3854 3455 3909 neque
3502 3840 3557 3894 in

1968 3945 1992 3973 α
2026 3939 2259 3979 vacuum
2290 3923 2552 3978 laboravi.
2588 3923 2696 3978 Sed
2724 3932 2779 3978 et
2807 3923 2853 3977 si
2900 3924 3155 3980 immolor
3184 3942 3348 3997 supra
3380 3929 3544 3984 sacri-

1969 4034 1993 4062 ι
2028 4012 2230 4078 ﬁcium,
2264 4020 2317 4066 et
2345 4012 2669 4083 obsequium
2700 4011 2825 4066 ﬁdei
2847 4020 3058 4079 vestrae,
3084 4015 3317 4086 gaudeo,
3350 4024 3403 4071 et
3430 4033 3559 4072 con-

1968 4121 1992 4150 «
2029 4100 2276 4172 gratulor
2322 4098 2576 4154 omnibus
2619 4099 2793 4154 vobis.
2848 4100 3087 4170 Idipsum
3133 4111 3310 4158 autem
3359 4112 3413 4158 et
3460 4120 3558 4160 vos

1969 4210 1992 4238 ε
2028 4188 2263 4259 gaudete
2294 4197 2347 4242 et
2375 4187 2831 4259 congratulamini
2859 4188 3009 4242 mihi.
3054 4189 3228 4260 Spero
3278 4200 3455 4247 autem
3503 4193 3559 4247 in

1968 4297 1991 4325 «
2027 4276 2259 4331 Domino
2285 4276 2442 4341 Jesu,
2478 4275 2817 4329 Timotheum
2847 4292 2935 4331 me
2964 4276 3071 4332 cito
3099 4279 3311 4334 mittere
3337 4280 3407 4335 ad
3438 4296 3556 4349 vos,

265 4362 572 4432 accepistis.
608 4363 688 4416 Ita
717 4362 903 4435 digne,
938 4367 1003 4417 ut
1031 4364 1145 4417 sive
1172 4379 1301 4418 cum
1330 4378 1530 4419 venero
1574 4367 1629 4418 et
1670 4363 1857 4419 videro
1882 4366 1938 4425 D
1971 4386 1993 4411 ιι
2027 4372 2083 4418 ιιι
2114 4372 2167 4418 et
2195 4379 2301 4436 ego
2332 4364 2475 4418 bono
2505 4363 2687 4418 animo
2716 4362 2839 4430 sim,
2873 4364 3108 4436 cognitis
3136 4382 3257 4437 quin
3286 4367 3435 4424 circa
3464 4384 3561 4424 vos

269 4465 384 4514 vos,
416 4452 528 4505 sive
557 4449 757 4505 absens
787 4466 1110 4521 quocunque
1140 4451 1303 4506 modo
1334 4450 1513 4516 fuero,
1546 4450 1632 4506 vel
1663 4451 1864 4505 absens

266 4537 357 4591 vel
382 4552 623 4608 praesens
653 4538 869 4593 audiam
898 4539 968 4593 de
998 4538 1153 4594 vobis
1174 4539 1298 4605 hoc,
1322 4540 1453 4611 quia
1472 4540 1639 4595 statis
1667 4540 1731 4594 in
1750 4556 1866 4597 uno

269 4625 473 4696 Spiritu
532 4636 725 4682 sancto
765 4625 1096 4695 justiﬁcante
1145 4643 1261 4682 vos.
1316 4628 1385 4681 Et
1428 4627 1556 4699 quia
1586 4626 1641 4681 in
1670 4627 1865 4682 eodem

265 4713 463 4784 spiritu
493 4723 637 4768 stare
675 4723 900 4785 possent
932 4732 945 4779 ;
979 4715 1065 4769 hic
1104 4715 1157 4769 in
1207 4714 1529 4783 humilitate,
1564 4716 1651 4770 hic
1694 4718 1749 4768 in
1776 4730 1868 4770 ca-

266 4802 488 4865 stitate;
519 4810 701 4857 tamen
750 4819 858 4858 non
901 4803 1166 4857 habentes
1204 4803 1345 4857 inter
1389 4820 1449 4858 se
1496 4802 1865 4872 dilectionem,

267 4889 395 4943 ideo
423 4889 572 4944 addit
598 4892 901 4946 unanimes
929 4891 985 4944 in
1031 4890 1339 4957 dilectione,
1372 4898 1427 4945 et
1456 4892 1869 4947 collaborantes

266 4993 371 5047 per
398 4976 711 5047 patientiam
741 4978 1148 5033 tribulationum
1177 4979 1309 5047 ﬁdei
1356 4979 1667 5048 Evangelii,
1701 4978 1756 5033 id
1786 4986 1871 5033 est

270 5080 439 5135 quam
489 5064 652 5120 ﬁdem
681 5066 733 5119 in
778 5066 1076 5139 Evangelia
1105 5066 1389 5122 didicistis.
1423 5067 1651 5121 Audiam
1707 5067 1868 5122 etiam

271 5154 423 5224 quod
453 5169 551 5209 vos
580 5156 642 5209 in
671 5155 834 5209 nullo
866 5157 1204 5211 terreamini
1233 5156 1301 5210 ab
1347 5154 1707 5222 adversariis,
1747 5172 1872 5227 quae

271 5256 461 5306 causa,
495 5241 706 5298 scilicet
754 5243 900 5314 quod
954 5242 1141 5298 volunt
1198 5251 1404 5299 terrere
1458 5260 1578 5310 vos,
1619 5248 1705 5299 est
1749 5244 1871 5299 illis

271 5346 451 5386 causa
498 5330 858 5402 perditionis,
890 5332 1037 5388 vobis
1068 5335 1284 5397 autem,
1308 5332 1402 5402 qui
1430 5331 1662 5386 interriti
1693 5331 1868 5398 statis,

272 5424 359 5471 est
387 5433 563 5473 causa
580 5418 805 5473 salutis.
840 5420 908 5474 Et
937 5419 1037 5475 hoc
1066 5418 1222 5473 vobis
1250 5437 1285 5475 a
1314 5420 1423 5476 Deo
1445 5419 1591 5491 quod
1622 5435 1730 5474 non
1761 5426 1873 5475 ter-

267 5504 487 5572 remini,
519 5504 661 5574 ideo,
695 5507 826 5578 quia
843 5506 989 5563 vobis
1009 5506 1283 5566 donatum
1314 5512 1399 5565 est
1426 5526 1529 5581 pro
1548 5507 1790 5577 Christo,
1813 5507 1873 5563 id

1976 4475 1998 4499 α
2033 4460 2175 4506 sunt.
2208 4452 2494 4506 Neminem
2524 4451 2669 4506 enim
2714 4451 2891 4506 habeo
2946 4460 3056 4507 tam
3104 4454 3437 4522 unanimem,
3470 4458 3561 4529 qui

1974 4563 1996 4588 ιι
2032 4540 2248 4596 sincera
2279 4538 2564 4595 affectione
2590 4555 2692 4610 pro
2721 4540 2879 4594 vobis
2932 4540 3195 4597 sollicitus
3225 4543 3312 4598 sit.
3355 4543 3560 4601 Omnes

1977 4648 1998 4681 ι
2035 4628 2180 4684 enim
2212 4644 2333 4700 quae
2362 4644 2460 4683 sua
2487 4637 2612 4682 sunt
2652 4636 2920 4699 quaerunt,
2952 4646 3063 4684 non
3118 4647 3238 4702 quae
3280 4641 3402 4687 sunt
3429 4633 3560 4689 Jesu

1976 4740 1998 4763 «ι
2035 4717 2233 4771 Christi
2262 4718 2313 4789 (I
2338 4716 2458 4772 Cor.
2494 4732 2619 4783 xm,
2650 4714 2725 4785 5).
2758 4717 3206 4787 Experimentum
3235 4727 3417 4775 autem
3446 4721 3561 4789 ejus

1977 4826 2000 4851 «
2035 4806 2351 4877 cognoscite
2385 4847 2399 4870 ,
2461 4806 2588 4876 quia
2615 4848 2631 4870 ,
2697 4805 2837 4860 sicut
2891 4806 3034 4875 patri
3105 4805 3287 4876 ﬁlius,
3345 4824 3562 4864 mecum

1978 4915 2000 4938 α
2037 4893 2253 4948 servivit
2282 4894 2339 4947 in
2367 4893 2688 4965 Evangelia.
2720 4894 2875 4948 Hunc
2903 4893 3072 4967 igitur
3100 4910 3262 4965 spero
3290 4912 3380 4952 me
3430 4897 3562 4952 mit-

1978 5004 2001 5027 α
2036 4989 2153 5036 tere
2182 4981 2249 5034 ad
2278 4996 2396 5047 vos,
2429 4997 2555 5035 mox
2588 4987 2646 5035 ut
2674 4981 2860 5036 videro
2907 4998 3030 5053 quae
3074 4982 3218 5039 circa
3265 5000 3353 5040 me
3402 4995 3554 5042 sunt;

1978 5091 2001 5115 α
2037 5067 2261 5124 Conﬁdo
2313 5076 2490 5124 autem
2534 5069 2589 5123 in
2622 5069 2874 5135 Domino,
2918 5071 3173 5141 quoniam
3215 5080 3268 5127 et
3314 5072 3434 5144 ipse
3464 5091 3565 5131 ve-

1977 5180 2001 5203 «
2035 5158 2184 5211 niam
2230 5157 2300 5211 ad
2331 5172 2429 5212 vos
2455 5157 2583 5213 cito.
2625 5158 3011 5213 Necessarium
3040 5168 3222 5216 autem
3262 5162 3567 5218 existimavi

1976 5266 1999 5290 ιι
2032 5244 2461 5315 Epaphroditum
2489 5243 2711 5299 fratrem
2761 5253 2814 5299 et
2855 5256 3266 5317 cooperatorem
3304 5258 3356 5305 et
3413 5265 3567 5309 com-

1980 5354 2002 5379 «
2038 5332 2357 5388 millitonem
2386 5349 2589 5399 meum,
2641 5340 2885 5388 vestrum
2915 5344 3097 5391 autem
3133 5338 3439 5408 apostolum
3460 5380 3477 5404 ,
3514 5346 3567 5393 et

1979 5442 2003 5472 ι
2036 5420 2341 5476 ministrum
2387 5420 2730 5478 necessitatis
2760 5438 2916 5490 meae,
2949 5423 3161 5480 mittere
3186 5424 3257 5479 ad
3285 5440 3404 5492 vos,
3435 5440 3571 5496 quo-

1980 5528 2004 5556 υ
2038 5508 2187 5565 niam
2219 5509 2440 5582 quidem
2469 5526 2659 5568 omnes
2707 5525 2805 5566 vos
2854 5510 3218 5583 desiderabat,
3260 5519 3313 5569 et
3340 5521 3568 5571 moestus
