3960 6050
454 163 556 231 359

986 159 1042 215 S.
1084 160 1439 218 BRUNONIS
1470 163 2117 222 CARTHUSIANORUM
2161 166 2647 226 INSTITUTORIS
2689 170 2841 227 OPP.
2891 171 3068 228 PARS
3113 172 3182 228 II.

3638 178 3748 230 360

440 305 479 347 λιι
516 289 633 337 erat
662 290 952 353 propterea
982 285 1129 355 quod
1158 285 1456 341 audieratis
1487 286 1638 342 illum
1676 288 2031 342 inﬁrmatum.
2061 291 2111 351 A
2144 292 2241 347 sed
2272 292 2349 349 sic
2369 302 2576 365 pungat
2606 311 2704 350 vos
2725 304 2783 350 ut
2811 296 3056 366 propria.
3096 296 3205 351 Vos
3254 296 3378 353 dico
3408 300 3733 365 unanimes,

462 391 484 416 α
521 371 659 424 Nam
688 378 741 425 et
770 370 1066 427 infirmatus
1097 381 1179 428 est
1207 391 1375 445 usque
1404 375 1470 429 ad
1492 384 1723 431 mortem
1750 377 1875 431 :sed
1896 377 2043 431 Deus
2143 381 2197 435 id
2228 392 2309 437 est
2337 384 2547 453 aquam
2581 386 2818 439 animum
2849 384 3245 455 compassionis
3265 386 3335 439 ad
3365 401 3580 441 omnem
3606 403 3737 457 pro-

459 480 483 509 «
518 458 773 514 misertus
811 468 893 514 est
924 461 1060 529 ejus,
1094 478 1203 517 non
1235 463 1409 517 solum
1440 471 1620 518 autem
1659 465 1793 531 ejus,
1828 481 2043 519 verum-

459 570 480 593 «
516 547 675 602 etiam
706 557 757 602 et
785 548 912 613 mei,
943 565 1012 603 ne
1059 550 1331 605 tristitiam
1388 568 1551 622 super
1591 552 1855 606 tristitiam
1879 553 2044 608 habe-

468 657 489 681 α
526 651 668 690 rem.
718 636 1085 691 Festinantius
1143 654 1277 709 ergo
1309 639 1431 693 misi
1472 640 1639 707 illum,
1700 649 1759 694 ut
1806 641 1923 695 viso
1952 640 2045 695 illo

464 744 491 776 ι
521 723 712 778 iterum
762 724 1068 795 gaudeatis,
1117 734 1169 779 et
1200 742 1304 798 ego
1335 728 1452 781 sine
1483 728 1697 781 tristitia
1726 728 1847 782 sim.
1878 729 2044 783 Exci-

463 833 484 861 ι
519 812 630 881 pite
660 812 845 883 itaque
875 814 1027 867 illum
1058 830 1179 867 cum
1210 815 1354 869 omni
1385 816 1588 887 gaudio
1618 816 1672 869 in
1706 817 1957 880 Domino,
1992 824 2045 871 et

461 922 483 946 «
520 901 785 968 ejusmodi
816 918 938 955 cum
969 903 1174 956 honore
1204 904 1455 958 habetote
1488 922 1502 970 ;
1535 906 1792 974 quoniam
1824 913 2045 975 propter

462 1010 483 1033 α
518 1003 654 1057 opus
685 989 882 1042 Christi
926 1006 1095 1059 usque
1146 990 1213 1044 ad
1254 999 1487 1046 mortem
1536 993 1785 1060 accessit,
1828 993 2044 1047 tradens

460 1096 481 1123 ι
518 1076 751 1130 animam
781 1093 955 1143 suam,
990 1086 1047 1131 ut
1074 1077 1323 1148 impleret
1366 1079 1421 1134 id
1461 1081 1607 1150 quod
1650 1098 1715 1135 ex
1762 1081 1915 1136 vobis
1949 1082 2045 1135 de-

460 1186 481 1209 u
519 1172 632 1218 erat
652 1180 788 1236 erga
816 1182 999 1221 meum
1031 1166 1374 1237 obsequium.
1415 1189 1435 1215 ι

1081 1404 1378 1443 EXPOSITIO
1391 1431 1405 1444 .

433 1564 439 1569 ι
526 1531 671 1586 Dixit
701 1530 948 1601 superius
976 1529 1234 1599 :‘Vincula
1264 1547 1385 1601 qua:
1406 1532 1559 1585 circa
1582 1548 1671 1586 me
1700 1537 1858 1598 sunt,
1885 1548 2049 1589 vene-

2144 471 2347 525 ximum
2371 472 2653 527 habentes.
2678 474 2785 527 Vos
2803 473 2996 527 iterum
3020 472 3455 543 nihilfacientes
3485 490 3732 545 percon-

2147 563 2478 625 tentionem,
2511 570 2568 615 ut
2594 561 2730 615 alter
2757 561 2849 631 qui
2895 562 3075 632 magis
3125 561 3324 630 patitur
3352 562 3639 617 contendat
3670 578 3731 617 se

2144 648 2402 717 praferre
2431 649 2582 704 alteri
2612 650 2790 702 minus
2812 650 3051 719 patienti.
3081 650 3195 713 Vel,
3221 650 3352 703 nihil
3378 650 3731 719 disponentes

2144 736 2213 789 de
2242 737 2399 790 rebus
2440 737 2824 792 ecclesiasticis
2855 753 2953 807 per
2980 737 3399 806 contentionem,
3434 754 3610 816 neque
3640 737 3729 792 fa-

2144 824 2348 879 cientes
2363 824 2565 895 aliquid
2580 842 2682 897 per
2702 827 2954 887 inanem,
2981 825 3036 879 id
3064 834 3145 880 est
3158 834 3381 896 propter
3401 826 3731 879 mundanam

2143 914 2401 985 gloriam,
2418 915 2513 969 sed
2539 922 2710 968 estote
2730 914 3077 969 arbitrantes
3094 914 3232 967 alios
3249 917 3563 985 superiores
3588 914 3734 969 vobis

2146 1003 2386 1056 invicem
2418 1022 2436 1065 ,-
2466 1002 2612 1071 quod
2628 1002 2763 1055 alter
2792 1010 3003 1071 reputet
3031 1002 3255 1055 alterum
3280 1018 3338 1056 se
3360 1002 3729 1073 superiorem;

2145 1104 2248 1143 nec
2269 1090 2375 1143 hoc
2402 1088 2525 1144 ficta
2556 1089 2831 1159 superbia,
2866 1090 2963 1144 sed
2994 1091 3057 1144 in
3106 1091 3450 1155 humilitate,
3486 1098 3560 1154 ut,
3593 1090 3733 1143 sicut

2146 1176 2281 1231 alter
2308 1178 2576 1247 praponit
2607 1178 2710 1232 sibi
2738 1178 2983 1245 alterum,
3009 1177 3087 1233 sic
3107 1179 3357 1232 eamdem
3376 1177 3733 1232 humilitatem

2146 1265 2307 1319 habet
2336 1265 2390 1317 in
2421 1266 2588 1320 corde
2618 1273 2809 1335 putans
2831 1282 2974 1331 eum,
3001 1282 3161 1336 quem
3177 1266 3461 1336 praponit,
3486 1264 3735 1336 superio-

2146 1368 2260 1407 rem
2292 1369 2371 1407 se.
2404 1354 2473 1407 Et
2502 1354 2776 1424 quomodo
2831 1354 2968 1408 alter
3006 1354 3231 1407 alterum
3263 1353 3365 1406 sibi
3394 1353 3732 1423 superiorem

2146 1441 2451 1505 arbitretur,
2512 1441 2797 1497 consilium
2846 1441 3017 1511 ponit,
3040 1441 3228 1497 dicens
3262 1456 3273 1494 :
3310 1442 3377 1496 Ut
3397 1441 3736 1496 arbitremini

2146 1529 2280 1584 alter
2308 1530 2534 1583 alterum
2565 1529 2899 1599 superiorem
2928 1530 3052 1595 sibi,
3083 1546 3198 1585 non
3222 1529 3338 1583 sitis
3368 1530 3732 1584 consideran-

454 1624 596 1676 runt
624 1620 695 1675 ad
713 1622 1030 1689 profectum
1051 1619 1381 1689 Evangelii;
1414 1619 1559 1690 quod
1590 1620 1751 1674 etiam
1782 1636 1880 1675 vos
1910 1622 2044 1691 pati-
2066 1640 2117 1698 Β
2150 1620 2232 1671 tes
2261 1617 2471 1688 singuli
2500 1618 2657 1683 bona,
2691 1634 2812 1689 qua:
2827 1634 2929 1673 sua
2958 1622 3124 1683 sunt;
3154 1617 3250 1673 sed
3279 1634 3345 1671 ea
3366 1624 3570 1671 tantum
3586 1617 3734 1671 bona

437 1708 605 1776 .mini,
638 1707 792 1762 vobis
822 1714 905 1760 est
947 1722 1106 1760 causa
1146 1706 1355 1772 salutis,
1406 1715 1458 1761 et
1487 1706 1556 1760 ita
1587 1708 1741 1762 vobis
1778 1708 1886 1777 pati
1939 1710 2044 1763 do-

454 1803 633 1849 natum
669 1802 751 1849 est
779 1810 876 1864 pro
906 1794 1098 1848 merito
1130 1794 1348 1848 Christi.
1399 1796 1478 1848 Ex
1526 1794 1644 1848 istis
1693 1811 1837 1849 nunc
1885 1795 2045 1851 infert

452 1883 641 1938 dicens
672 1899 684 1937 :
710 1882 849 1951 Quia
881 1890 934 1936 et
965 1898 1051 1937 me
1082 1883 1193 1952 pati
1222 1882 1499 1952 profectus
1530 1890 1612 1938 est
1647 1883 1948 1956 Evangelii,
1993 1892 2047 1939 et

452 1987 575 2042 qua
603 1986 700 2041 pro
728 1971 941 2025 Christo
997 1971 1245 2025 similiter
1278 1971 1519 2041 patimini
1570 1972 1726 2025 vobis
1764 1980 1845 2027 est
1885 1988 2046 2028 causa

452 2058 642 2113 salutis
666 2078 680 2124 ;
704 2074 860 2129 ergo,
884 2058 1097 2125 fratres,
1122 2060 1352 2129 implete
1374 2059 1643 2129 gaudium
1667 2076 1875 2125 meum,
1902 2061 2046 2130 quod

454 2147 717 2219 gaudium
736 2147 846 2214 jam
878 2146 1175 2216 incepistis,
1209 2162 1271 2200 ex
1306 2163 1414 2217 quo
1455 2162 1556 2216 pro
1588 2148 1802 2202 Christo
1849 2157 2045 2203 contu-

454 2235 674 2289 meliam
703 2235 853 2305 passi
884 2235 1032 2289 estis.
1067 2235 1298 2305 lmplere
1328 2235 1583 2306 gaudium
1613 2236 1884 2307 intelligit,
1911 2238 1956 2290 si
1976 2238 2046 2291 ita

455 2338 557 2393 pro
590 2322 805 2377 Christo
835 2322 1106 2392 patiantur
1148 2331 1205 2375 ut
1249 2323 1487 2377 habeant
1534 2323 1889 2378 humilitatem
1945 2341 2036 2394 pa-

454 2411 653 2465 tientia
684 2426 903 2481 semper
933 2410 1279 2465 associatam.
1315 2411 1412 2465 Hic
1462 2411 1608 2465 enim
1640 2412 1877 2481 apertius
1916 2414 2047 2466 hor-

456 2498 656 2553 tabitur
683 2514 798 2563 eos,
832 2506 889 2553 ut
918 2514 1037 2553 cum
1070 2499 1326 2569 patientia
1382 2499 1614 2553 habeant
1672 2500 2044 2567 humilitatem,

452 2603 544 2654 ne,
577 2588 622 2640 si
664 2587 943 2657 patiuntur
984 2602 1086 2657 pro
1116 2586 1352 2650 Christo,
1394 2586 1518 2642 ideo
1558 2603 1617 2641 se
1649 2588 1803 2658 quasi
1831 2588 2045 2658 dignio-

452 2691 541 2729 res
572 2674 786 2730 cateris
815 2673 1120 2744 praferant.
1172 2675 1431 2729 Patientia
1469 2675 1611 2729 enim
1661 2676 1777 2730 sine
1825 2677 2046 2730 humili-

432 2770 561 2816 tate
585 2761 806 2826 inutilis,
832 2770 934 2816 est.
960 2762 1184 2831 hnplete
1222 2762 1482 2834 gaudium
1524 2779 1704 2817 meum
1726 2765 1775 2819 si
1793 2781 1901 2833 qua
1922 2781 2051 2820 con-

453 2852 658 2906 solatio
679 2850 835 2904 vobis
867 2857 949 2904 est
980 2852 1041 2903 in
1069 2849 1308 2915 Christo,
1344 2850 1398 2904 id
1420 2858 1503 2904 est
1525 2850 1570 2904 si
1592 2867 1656 2905 ex
1679 2852 1895 2907 Christo
1918 2868 2051 2908 con-

454 2937 775 2993 solationem
822 2936 1058 3007 quaritis
1098 2937 1153 2990 in
1201 2937 1400 3008 aliquo.
1452 2938 1548 2992 Vel
1593 2938 1673 3009 (ut
1716 2939 1784 2993 de
1831 2939 2043 2995 Christo

450 3026 666 3095 sileam)
695 3027 744 3080 si
777 3026 918 3097 quod
939 3026 1207 3080 solatium
1236 3027 1557 3091 charitatis,
1592 3026 1645 3080 id
1679 3034 1761 3081 est
1791 3027 2044 3082 fraterna

452 3113 757 3169 dilectionis
814 3113 1017 3167 habere
1074 3112 1253 3178 vultis,
1322 3122 1449 3169 tunc
1504 3114 1726 3184 implete
1781 3116 2043 3185 gaudium

454 3217 656 3256 meum.
691 3200 789 3255 Vel
838 3200 911 3253 ita
947 3215 958 3253 :
994 3200 1049 3254 Si
1081 3215 1189 3271 qua
1237 3201 1535 3256 consolatio
1565 3202 1696 3257 mihi
1726 3203 1882 3257 datur
1900 3204 2045 3274 apud

452 3304 551 3344 vos
605 3290 659 3342 in
692 3288 924 3353 Christo,
983 3288 1037 3342 id
1059 3298 1141 3342 est
1195 3297 1421 3359 pr0pter
1465 3306 1707 3345 amorem
1738 3292 1958 3359 Christi,
1993 3300 2044 3347 et

452 3377 498 3431 si
528 3377 673 3448 quod
702 3374 957 3431 solatium
1014 3376 1311 3443 charitatis,
1375 3378 1427 3431 id
1476 3386 1557 3433 est
1604 3378 1855 3435 fraterna
1902 3380 2043 3435 dile-

453 3465 646 3521 ctionis
684 3465 813 3521 mihi
862 3472 946 3519 est
991 3465 1133 3534 apud
1192 3481 1294 3520 vos
1352 3466 1497 3536 quod
1552 3483 1641 3521 me
1671 3483 1774 3537 pro
1808 3468 2046 3522 fraterna

453 3554 715 3609 charitate
773 3552 1047 3607 consolari
1077 3552 1277 3617 velitis,
1335 3561 1463 3608 tunc
1507 3554 1727 3624 implete
1784 3555 2044 3626 gaudium

452 3659 634 3698 meum
669 3661 684 3708 ;
716 3649 785 3709 et,
819 3642 869 3697 si
899 3648 983 3695 est
1011 3641 1167 3696 vobis
1196 3658 1324 3712 qua,
1376 3642 1429 3695 id
1461 3650 1544 3695 est
1581 3642 1757 3713 aliqua
1805 3644 2045 3698 societas

458 3732 714 3801 spiritus,
748 3730 801 3782 id
832 3737 915 3783 est
946 3728 991 3782 si
1046 3729 1100 3781 in
1133 3729 1333 3798 Spiritu
1383 3738 1573 3783 sancto
1604 3730 1921 3785 societatem
1951 3732 2045 3783 ha-

457 3818 597 3871 betis
629 3833 751 3871 cum
782 3816 902 3869 aliis
933 3815 1195 3870 Ecclesiis
1228 3834 1242 3881 ;
1276 3824 1327 3869 et
1355 3818 1406 3871 si
1435 3825 1555 3870 sunt
1586 3816 1641 3870 in
1671 3818 1826 3872 vobis
1855 3820 2046 3890 aliqua

456 3907 693 3969 viscera,
746 3903 799 3957 id
830 3911 911 3957 est
931 3903 1092 3973 aliqui
1114 3903 1187 3973 pii
1210 3902 1437 3957 affectus
1457 3906 1864 3971 miserationis,
1889 3905 1942 3958 id
1965 3913 2047 3959 est

453 3990 801 4047 exhibitionis
830 3991 1246 4054 misericordia,
1284 3994 1517 4063 implete
1532 3993 1804 4063 gaudium
1834 4010 2042 4049 meum.

456 4081 683 4136 Viscera
712 4079 802 4134 hic
846 4086 1119 4149 ponuntur
1148 4079 1303 4151 quasi
1336 4080 1715 4136 misericordia
1749 4100 1763 4147 ;
1796 4082 1917 4152 pius
1946 4099 2046 4137 au-

454 4176 561 4224 tem
592 4167 817 4224 affectus
861 4168 1045 4237 (etiam
1095 4168 1141 4221 si
1172 4168 1305 4221 nihil
1351 4170 1630 4240 cperetur)
1679 4170 2047 4227 misericordia

456 4257 670 4312 dicitur.
704 4255 941 4311 Effectus
971 4264 1150 4310 autem
1199 4257 1592 4314 misericordia
1637 4260 1914 4314 miseratio
1946 4276 2046 4314 vo-

2070 2989 2115 3049 Ο

2145 1705 2483 1760 considerate
2513 1722 2635 1776 qua
2672 1710 2807 1759 sunt
2837 1707 3101 1760 aliorum.
3138 1705 3193 1759 Si
3224 1705 3367 1759 enim
3397 1704 3736 1775 (postpositis

2145 1794 2364 1861 vestris)
2413 1792 2634 1847 virtutes
2672 1793 2903 1848 aliorum
2951 1793 3245 1860 attenditis,
3306 1793 3384 1848 sic
3441 1808 3535 1847 eos
3576 1793 3733 1847 vobis

2146 1882 2458 1951 superiores
2487 1881 2898 1935 arbitrabimini.
2952 1884 3019 1937 Ut
3072 1889 3359 1952 utrumque
3388 1881 3736 1937 commendet

2146 1968 2245 2034 eis,
2282 1969 2638 2023 humilitatem
2678 1978 2730 2024 et
2767 1970 3099 2039 patientiam,
3134 1970 3355 2039 exponit
3385 1976 3584 2040 quanta
3611 1969 3736 2023 fue-

2146 2057 2216 2110 rit
2248 2057 2524 2111 humilitas
2555 2065 2607 2111 et
2636 2058 2899 2127 patientia
2928 2057 3147 2124 Christi,
3181 2057 3369 2112 dicens
3401 2075 3414 2109 :
3439 2059 3583 2111 Bene
3611 2056 3734 2111 dico

2144 2145 2207 2198 in
2230 2144 2566 2203 humilitate
2586 2165 2603 2211 ;
2625 2161 2750 2199 nam
2768 2146 2871 2200 hoc
2891 2145 3102 2199 debetis
3121 2145 3322 2198 habere
3344 2144 3400 2197 in
3414 2144 3568 2198 vobis
3588 2143 3736 2214 quod

2144 2249 2253 2287 non
2286 2234 2460 2287 solum
2492 2234 2545 2287 in
2577 2249 2684 2298 me,
2718 2234 2815 2287 sed
2846 2233 3005 2287 etiam
3033 2234 3095 2287 in
3129 2232 3346 2287 Christo
3377 2235 3505 2288 Jesu
3534 2231 3734 2301 praci-

2145 2336 2251 2390 pue
2283 2321 2497 2375 videtis.
2530 2322 2646 2376 Nec
2677 2322 2853 2375 solum
2896 2320 3089 2375 habete
3128 2321 3250 2386 hoc,
3285 2320 3381 2375 sed
3412 2320 3571 2374 etiam
3599 2336 3734 2374 sen-

2148 2411 2269 2473 tite,
2305 2408 2358 2462 id
2388 2417 2470 2463 est
2498 2425 2598 2479 per
2645 2409 3035 2479 experientiam
3086 2408 3165 2463 rei
3212 2408 3459 2478 probate.
3505 2408 3633 2462 Ideo
3663 2407 3741 2461 ait

2146 2498 2374 2551 sentite.
2408 2498 2555 2551 Multi
2596 2498 2740 2552 enim
2788 2506 2913 2551 sunt
2961 2497 3052 2568 qui
3100 2496 3406 2551 existimant
3448 2511 3507 2550 se
3555 2494 3736 2549 omnia

2144 2600 2308 2654 posse
2363 2587 2474 2655 pati
2530 2602 2628 2655 pro
2660 2586 2896 2651 Christo,
2950 2585 3062 2656 qui,
3113 2585 3158 2638 si
3201 2583 3341 2639 forte
3386 2584 3635 2639 venirent
3663 2583 3734 2637 ad

2145 2673 2595 2743 experimentum,
2626 2672 2943 2729 deficerent.
2980 2675 3220 2739 Sentite,
3272 2672 3517 2743 inquam,
3550 2673 3613 2726 in
3645 2685 3736 2726 vo-

2145 2762 2226 2815 bis
2254 2762 2631 2826 humilitatem,
2656 2762 3002 2832 patientiam;
3038 2762 3180 2833 quod
3208 2761 3263 2813 in
3292 2776 3380 2814 me
3412 2761 3465 2815 ei
3495 2762 3556 2814 in
3586 2759 3737 2815 Chri-

2146 2854 2230 2905 sto
2257 2851 2386 2905 Jesu
2415 2850 2673 2920 precipue
2712 2850 2907 2906 videtis
2942 2868 2956 2915 ;
2990 2850 3085 2920 qui
3126 2849 3371 2903 Christus
3418 2849 3576 2902 Jesus
3604 2864 3735 2903 cum

2147 2942 2289 2992 esset
2321 2940 2383 2992 in
2411 2942 2618 3009 forma,
2654 2939 2707 2992 id
2760 2946 2844 2993 est
2874 2939 2927 2991 in
2965 2937 3271 3009 aequalitate
3318 2938 3417 2992 Dei
3446 2936 3628 3006 patris,
3662 2936 3737 2989 ita

2148 3025 2451 3092 invisibilis,
2490 3034 2817 3091 coaeternus,
2870 3033 2922 3081 et
2951 3024 3429 3081 consubstantialis
3472 3024 3549 3077 illi
3580 3022 3737 3078 scivit

2148 3130 2206 3168 se
2241 3129 2364 3167 esse
2393 3114 2655 3184 aqualem
2689 3114 2823 3167 Deo.
2856 3114 2925 3167 Et
2962 3115 3017 3166 in
3046 3114 3148 3168 hoc
3180 3113 3327 3183 quod
3358 3112 3533 3180 scivit,
3564 3111 3738 3179 major

2149 3202 2437 3256 humilitas.
2483 3202 2539 3256 Si
2590 3202 2735 3256 enim
2780 3202 3029 3273 ignorata
3067 3201 3349 3256 altitudine
3395 3217 3511 3268 sua,
3554 3200 3625 3252 ita
3675 3215 3733 3253 se

2147 3290 2475 3357 humiliaret,
2509 3290 2784 3344 humilitas
2815 3290 2931 3358 ejus
2978 3297 3205 3358 pr0pter
3234 3288 3597 3359 ignorantiam
3624 3302 3735 3341 non

2147 3379 2286 3433 adeo
2326 3378 2772 3433 commendabilis
2819 3384 2983 3433 esset.
3039 3376 3229 3432 Sciens
3276 3376 3461 3445 utique
3506 3391 3564 3429 se
3612 3390 3735 3429 esse

2147 3468 2410 3537 aqualem
2442 3468 2577 3533 Deo,
2610 3484 2726 3521 non
2774 3467 3086 3521 arbitratus
3114 3469 3197 3519 est
3226 3466 3511 3535 rapinam,
3545 3471 3604 3517 ut
3631 3462 3736 3517 sibi

2147 3564 2438 3625 usurparet
2470 3571 2582 3609 rem
2608 3554 2857 3609 alienam.
2892 3554 2989 3608 Vel
3021 3553 3099 3609 sic
3129 3553 3183 3606 in
3212 3553 3401 3607 eadem
3434 3551 3731 3607 sententia:

2146 3643 2449 3697 Arbitratus
2478 3659 2537 3697 se
2568 3658 2683 3697 esse
2704 3644 2979 3714 aqualem
3009 3644 3136 3707 Deo,
3170 3656 3279 3696 non
3309 3640 3557 3696 faciendo
3588 3639 3735 3710 rapi-

2146 3746 2290 3797 nam,
2325 3730 2463 3784 sicut
2505 3730 2775 3799 malignus
2822 3730 3068 3801 angelus,
3122 3729 3268 3799 quod
3299 3728 3487 3784 dicens
3522 3745 3533 3783 :
3572 3749 3595 3774 α
3627 3729 3737 3781 Ρο-

2146 3832 2271 3871 nam
2298 3818 2486 3871 sedem
2516 3833 2695 3871 meam
2745 3818 2814 3871 ad
2845 3817 3174 3888 aquilonem,
3210 3825 3261 3871 et
3292 3831 3388 3870 ero
3416 3814 3606 3869 similis
3635 3814 3736 3869 Al-

2149 3905 2356 3959 tissimo
2387 3907 2513 3973 (Isa.
2548 3920 2666 3972 xw,
2704 3908 2792 3975 13)
2826 3925 2839 3971 ;
2878 3926 2900 3955 ι
2935 3914 2988 3960 et
3014 3907 3176 3959 homo
3206 3904 3292 3959 cui
3322 3919 3552 3973 serpens
3582 3902 3734 3957 dixit.

2154 4017 2173 4041 α
2210 3994 2373 4047 Eritis
2405 3994 2543 4048 sicut
2563 3994 2637 4047 dii
2668 3995 2828 4064 (Gen.
2859 4010 2941 4059 Ill,
2975 3996 3053 4062 5).
3074 4017 3095 4041 η
3123 3992 3221 4048 Hic
3241 4000 3471 4062 uterque
3492 3991 3739 4061 rapinam

2148 4082 2291 4147 fecit,
2322 4083 2446 4136 dum
2482 4083 2625 4152 quod
2653 4082 2753 4137 Dei
2783 4082 3064 4153 proprium
3108 4089 3236 4148 erat,
3266 4080 3410 4134 male
3439 4080 3541 4133 sibi
3569 4096 3736 4134 usur-

2147 4186 2277 4241 pare
2325 4171 2510 4225 voluit.
2543 4171 2789 4225 Christus
2836 4178 3014 4225 autem
3056 4185 3166 4224 non
3192 4170 3454 4238 rapinam,
3486 4168 3616 4239 quia
3642 4183 3736 4222 ar-

2150 4260 2376 4313 bitratus
2407 4267 2489 4313 est
2520 4275 2635 4313 rem
2666 4260 2965 4329 propriam.

456 4353 630 4411 catur,
662 4344 787 4399 ideo
818 4352 925 4398 tam
957 4344 1153 4399 obnixe
1198 4345 1498 4401 obtestatur
1528 4362 1622 4402 eos
1652 4348 1777 4418 quia
1804 4348 1918 4402 vult
1953 4364 2048 4403 eos
2064 4337 2120 4395 ΔΙ)
2220 4349 2289 4402 Et
2318 4349 2445 4404 licet
2474 4347 2715 4402 Christus
2759 4363 2882 4402 esse
2911 4348 2966 4401 in
3023 4347 3201 4403 forma
3244 4346 3365 4413 Dei,
3396 4354 3581 4401 tamen
3609 4346 3740 4401 exi-

457 4441 644 4487 tenere
680 4433 1057 4498 humilitatem,
1092 4433 1211 4488 sine
1255 4450 1361 4505 qua
1410 4436 1722 4505 patientiam
1753 4452 1937 4491 eorum
1967 4437 2050 4489 in-

461 4521 657 4593 telligit
686 4521 906 4575 irritam.
942 4522 1174 4593 lmplete
1210 4522 1333 4577 dico
1348 4524 1635 4594 gaudium,
1667 4524 1741 4578 ita
1761 4528 1828 4579 ut
1863 4526 2049 4596 sapia-

460 4610 534 4664 tis
570 4610 739 4679 idem,
772 4610 827 4664 id
856 4617 940 4665 est
969 4618 1026 4665 ut
1056 4611 1447 4680 prosperitates
1496 4612 1724 4681 proximi
1771 4619 1882 4666 tam
1912 4613 2049 4667 bene

462 4698 675 4768 sapiant
729 4698 785 4751 in
837 4698 993 4754 vobis
1035 4714 1099 4754 ac
1150 4698 1194 4752 si
1243 4706 1438 4754 vestra
1467 4699 1591 4755 sint.
1626 4699 1856 4768 Sapiatis
1902 4700 2046 4761 dico.

462 4786 728 4842 habentes
757 4788 1011 4842 eamdem
1041 4786 1404 4851 charitatem,
1429 4786 1483 4840 id
1504 4794 1585 4842 cst
1606 4787 1671 4840 ad
1692 4802 1907 4842 omnem
1924 4804 2050 4858 pro-

460 4873 665 4928 ximum
694 4890 905 4945 aquam
935 4862 1303 4930 dilectionem.
1338 4874 1485 4929 Licet
1531 4875 1675 4929 enim
1724 4876 2050 4947 quandoque

461 4970 705 5031 oporteat
734 4963 939 5017 habere
985 4962 1247 5031 majorem
1298 4962 1717 5018 familiaritatem
1761 4964 1831 5018 ad
1879 4980 2049 5036 quos-

459 5047 607 5115 dam,
641 5050 777 5104 sicut
806 5050 1050 5104 Christus
1072 5050 1258 5104 habuit
1285 5051 1351 5104 ad
1391 5051 1673 5121 Joannem,
1706 5053 1823 5107 hac
1870 5060 2051 5107 tamen

460 5149 571 5190 non
599 5143 683 5189 est
734 5136 963 5192 dicenda
1006 5138 1259 5203 charitas,
1312 5138 1410 5192 sed
1457 5140 1635 5207 major
1688 5139 2047 5207 familiaritas,

458 5240 580 5297 qua
608 5223 839 5279 habetur
870 5227 1167 5282 secundum
1199 5227 1342 5297 quod
1384 5226 1603 5298 quidam
1633 5236 1757 5282 sunt
1785 5237 2049 5299 opportu-

463 5313 652 5368 niores
679 5313 747 5366 ad
782 5312 1015 5370 261
1054 5315 1333 5386 quadam,
1368 5314 1457 5368 alii
1485 5315 1685 5369 minus.

529 5401 661 5457 Sitis
690 5403 853 5458 etiam
869 5406 1184 5460 sentientes
1198 5404 1449 5476 idipsum
1460 5403 1517 5458 in
1534 5403 1780 5459 adversis
1790 5403 2046 5475 proximi,

457 5496 516 5545 ut
542 5492 851 5563 angustiam
911 5493 1029 5563 ejus
1078 5507 1188 5550 non
1237 5492 1415 5550 solum
1459 5492 1513 5548 in
1561 5492 1743 5550 animo
1787 5493 2048 5562 sentiatis,

2148 4438 2397 4499 nanivit,
2428 4437 2483 4489 id
2527 4444 2609 4491 est
2649 4436 2928 4492 evacuavit
2975 4436 3276 4492 claritatem
3318 4435 3555 4499 deitatis,
3610 4434 3740 4487 dum

2148 4540 2271 4580 eam
2302 4525 2402 4578 sub
2433 4524 2609 4579 forma
2639 4524 2784 4579 servi
2813 4525 3012 4594 posuit.
3040 4526 3375 4580 Exinanivit
3396 4523 3518 4578 dico
3539 4526 3737 4588 semet,

2149 4613 2203 4666 id
2231 4620 2315 4667 est
2342 4612 2515 4682 ipsam
2547 4612 2820 4679 deitatem,
2853 4616 3059 4685 ipsum,
3084 4614 3137 4667 id
3159 4614 3309 4668 estin
3324 4613 3536 4681 eodem,
3560 4619 3741 4665 tamen

2148 4716 2272 4756 cum
2304 4701 2461 4754 Patre
2491 4709 2901 4771 permanentem
2926 4720 2940 4767 ;
2997 4702 3075 4757 sic
3104 4702 3247 4755 enim
3277 4699 3566 4770 assumpsit
3596 4697 3743 4770 quod

2148 4805 2258 4844 non
2288 4796 2417 4858 erat,
2450 4796 2508 4843 ut
2554 4797 2798 4844 maneret
2849 4790 2996 4860 quod
3041 4796 3176 4855 erat,
3227 4796 3280 4843 et
3322 4790 3376 4843 in
3423 4789 3529 4843 hoc
3574 4786 3741 4841 multa

2150 4877 2439 4933 humilitas.
2483 4878 2537 4933 Si
2571 4877 2715 4932 enim
2761 4877 2985 4948 quilibet
3030 4894 3127 4932 rex
3168 4877 3370 4932 amisso
3412 4878 3535 4945 jure
3583 4873 3743 4945 regni

2149 4966 2368 5020 humilis
2415 4966 2501 5030 sit,
2552 4981 2659 5019 non
2728 4965 2954 5019 multum
2994 4973 3119 5030 est;
3154 4966 3250 5020 sed
3298 4965 3346 5019 si
3387 4965 3598 5018 habens
3650 4962 3741 5031 jus

2149 5053 2323 5124 regni,
2357 5054 2426 5108 ab
2456 5069 2521 5108 eo
2552 5070 2611 5107 se
2643 5053 2695 5106 in
2726 5054 3023 5107 humilitate
3070 5068 3300 5107 manens
3326 5052 3544 5117 alienat,
3580 5067 3737 5107 com-

2148 5141 2472 5197 mendabilis
2502 5150 2580 5196 est
2606 5142 2722 5210 ejus
2750 5142 3045 5196 humilitas.
3078 5142 3436 5204 Exinanivit,
3470 5140 3613 5203 dico,
3645 5156 3741 5195 ac-

2150 5231 2366 5302 cipiens
2396 5233 2641 5301 formam
2669 5231 2834 5285 servi.
2870 5229 3316 5299 Incomparabilis
3342 5236 3425 5283 est
3440 5227 3738 5292 humilitas,

2150 5319 2243 5372 ubi
2291 5319 2553 5374 Dominus
2601 5317 2765 5390 elegit
2813 5334 2935 5373 esse
3000 5335 3210 5374 servus.
3257 5318 3460 5371 Iterum
3508 5316 3742 5371 formam

2152 5406 2293 5462 servi
2323 5416 2506 5478 posset
2533 5406 2782 5478 accipere
2814 5407 2930 5461 sine
2974 5406 3338 5477 corruptione,
3371 5413 3429 5459 ut
3456 5420 3567 5460 non
3608 5419 3741 5460 sen-

2152 5495 2274 5552 tiret
2302 5496 2549 5553 miserias
2575 5495 2775 5552 carnis.
2809 5496 2937 5552 Ideo
2965 5495 3131 5563 addit,
3163 5497 3372 5565 factus.
3428 5493 3484 5549 id
3527 5499 3611 5549 est
3657 5491 3746 5549 fa-
