3960 6050
186 193 286 245 361

782 190 1163 249 EXPOSITIO
1202 194 1276 248 IN
1314 191 1692 249 EPISTOLAS
1732 190 1961 251 PAULI.
2002 226 2069 236 —-
2101 192 2174 252 IN
2213 199 2426 254 EPIST.
2468 199 2562 253 AD
2603 196 2890 254 PHILIPP.

3326 194 3333 201 ’
3378 194 3481 255 362

194 322 410 370 cturam
431 328 623 368 novam
653 314 926 385 accipiens
940 318 1001 371 in
1015 317 1452 372 similitudinem
1476 318 1790 371 hominum.
1815 320 1870 379 A
1899 320 2183 392 simplices
2215 322 2325 390 ﬁlii
2355 323 2471 388 Dei,
2497 322 2550 376 id
2579 330 2661 377 est
2690 330 2747 376 ut
2776 321 3004 392 simplex
3033 319 3222 375 filiatio
3254 319 3354 374 Dei
3392 336 3493 391 per

194 402 283 456 Sic
315 403 460 456 enim
490 402 766 472 passibilis
814 402 912 457 fuit
959 412 1012 458 et
1042 405 1289 459 mortalis
1320 413 1375 458 ut
1407 405 1497 459 alii
1529 405 1797 460 homines.

203 492 404 544 Iterum
423 493 481 545 in
506 492 885 546 similitudine
911 493 1204 548 hominum
1229 510 1350 548 esse
1368 502 1574 563 posset,
1609 510 1800 548 manus

204 580 416 633 habens
454 587 503 633 et
536 580 723 649 pedes,
759 589 811 634 et
848 598 957 635 non
990 582 1213 637 haberet
1262 598 1321 636 se
1354 590 1409 636 ut
1439 583 1621 637 homo.
1671 582 1800 637 Ideo

195 667 379 721 subdit
408 672 464 722 et
498 668 714 735 habitu,
741 669 796 722 id
834 678 934 733 est,
967 669 1022 722 in
1050 669 1303 724 habendo
1335 687 1394 725 se
1429 671 1695 726 inventus
1719 676 1801 725 est

196 761 263 811 ut
284 758 465 821 homo,
499 771 531 809 a
572 764 835 811 tentatore
878 757 1116 812 diabolo.
1152 758 1410 812 Diabolus
1450 759 1592 812 enim
1642 758 1798 813 inve-

193 844 432 916 stigabat
462 860 586 898 eum
614 861 683 897 an
717 853 862 899 esset
892 846 1059 911 Deus,
1095 862 1164 899 an
1202 847 1397 911 homo;
1424 846 1541 911 sed,
1575 861 1697 901 cum
1724 846 1799 899 iu-

192 932 343 986 venit
372 949 497 987 eum
528 933 877 1001 esurientem,
902 934 1111 1005 putavit
1141 950 1265 988 eum
1298 935 1638 989 solummodo
1694 935 1797 989 ho-

192 1021 426 1075 minem.
456 1021 572 1076 Nec
605 1021 782 1076 solum
815 1022 989 1076 factus
1022 1030 1103 1077 est
1134 1024 1195 1077 in
1221 1024 1663 1079 similitudinem
1704 1023 1798 1078 ho-

193 1110 440 1175 minum,
468 1109 565 1164 sed
583 1111 741 1164 etiam
766 1111 1093 1166 humiliavit
1110 1116 1283 1167 semet
1317 1112 1433 1183 (qui
1455 1120 1634 1166 tantus
1656 1110 1797 1181 erat)

192 1198 401 1269 ipsum,
434 1197 639 1253 scilicet
668 1198 724 1252 in
772 1198 949 1269 gloria
996 1206 1179 1253 tamen
1234 1199 1450 1254 deitatis
1497 1198 1797 1271 perduran-

192 1294 326 1341 tem.
357 1286 671 1342 Humiliavit
698 1286 842 1353 dico,
876 1290 1069 1358 factus
1101 1288 1356 1344 obediens
1390 1288 1531 1342 Patri
1580 1288 1635 1341 in
1674 1303 1795 1343 om-

188 1374 371 1443 nibus,
396 1390 568 1447 usque
600 1375 673 1429 ad
708 1378 969 1441 mortem,
1003 1392 1106 1431 nec
1134 1385 1367 1432 mortem
1393 1392 1645 1448 personae
1675 1391 1795 1446 quae

188 1463 359 1534 digna
389 1471 552 1529 esset,
586 1463 681 1518 sed
703 1468 940 1519 mortem
962 1466 1166 1520 crucis.
1212 1464 1371 1533 Quod
1401 1482 1580 1537 genus
1608 1462 1795 1518 mortis

186 1567 300 1621 prie
330 1551 479 1605 omni
514 1551 620 1606 alio
659 1552 1074 1624 ignominiosius
1108 1561 1241 1607 erat.
1277 1554 1378 1609 Ubi
1420 1553 1494 1608 ait
1531 1558 1790 1617 mortem,

190 1640 540 1695 commendat
570 1640 623 1694 in
656 1656 721 1695 eo
751 1641 1086 1711 patientiam.
1120 1641 1223 1697 Ubi
1257 1642 1328 1695 ait
1370 1643 1577 1709 crucis,
1610 1641 1793 1695 humi-
1814 1675 1866 1734 B

189 1728 423 1783 litatem.
444 1731 685 1801 Pr0pter
706 1730 867 1801 quod,
892 1730 945 1783 id
970 1737 1053 1784 est
1077 1730 1221 1801 quia,
1252 1730 1306 1784 in
1330 1738 1478 1785 tanta
1495 1730 1796 1785 humilitate

187 1826 241 1871 et
270 1817 530 1887 patientia
563 1818 679 1872 Deo
711 1817 967 1882 obedivit,
1002 1818 1117 1889 ipse
1149 1834 1207 1873 se
1228 1818 1423 1873 merito
1456 1834 1554 1873 suo
1575 1823 1629 1873 et
1650 1819 1795 1873 Deus

188 1922 379 1960 secum
410 1906 714 1972 exaltavit,
750 1905 803 1959 id
835 1914 917 1960 est
948 1906 1003 1960 in
1046 1922 1249 1977 magna
1282 1906 1561 1961 altitudine
1592 1906 1792 1977 posuit,

192 1993 441 2050 262
462 1995 651 2061 illum,
673 1994 882 2050 scilicet
904 1994 971 2049 ad
993 1995 1273 2050 dexteram
1296 2012 1467 2049 suam.
1494 1997 1561 2049 Et
1584 1996 1675 2050 illi
1704 2012 1796 2049 ex-

189 2082 356 2137 altato
389 2083 619 2137 donavit
657 2098 885 2148 nomen,
919 2082 973 2136 id
1000 2092 1082 2137 est
1129 2082 1616 2154 honorificentiam,
1655 2084 1797 2155 quod

187 2186 394 2227 nomen
426 2174 509 2226 est
541 2188 710 2243 super
733 2188 896 2227 omne
924 2188 1150 2237 nomen,
1186 2172 1240 2226 id
1271 2180 1353 2227 est
1373 2172 1620 2243 superius
1649 2171 1797 2227 omni

189 2259 536 2326 nominabili,
562 2261 644 2315 ita
675 2276 855 2329 super,
890 2264 956 2315 ut
997 2262 1060 2314 in
1100 2262 1350 2329 nomine,
1385 2261 1438 2315 id
1470 2268 1552 2317 est
1582 2260 1654 2315 ad
1690 2262 1794 2315 ho-

188 2364 406 2414 norem,
441 2350 573 2404 Jesu
591 2365 757 2403 omne
785 2365 935 2420 genu
963 2350 1254 2418 ﬂectatur,
1288 2348 1343 2403 id
1373 2357 1452 2404 est
1482 2348 1662 2403 omnia
1690 2347 1796 2418 ipsi

184 2436 353 2506 plene
401 2436 737 2505 sujiciantur,
786 2436 921 2491 sicut
956 2436 1047 2492 ille
1108 2436 1198 2507 qui
1249 2436 1577 2507 genetlectit,
1622 2436 1795 2505 subji-

186 2525 348 2579 citur.
380 2525 557 2580 Omne
582 2541 733 2596 genu
779 2524 922 2591 dico,
958 2525 1086 2596 quia
1128 2526 1462 2591 cazlestium,
1487 2524 1542 2579 id
1574 2532 1655 2580 est
1693 2540 1795 2578 an-

186 2612 464 2685 gelorum,
500 2621 553 2668 et
586 2614 968 2679 terrestrium,
1000 2612 1053 2667 id
1083 2622 1166 2668 est
1203 2613 1502 2679 hominum,
1536 2618 1593 2668 et
1615 2615 1796 2684 infer-

185 2717 419 2768 narum,
452 2701 508 2756 id
526 2709 608 2756 est
629 2702 938 2757 daemonum
958 2709 1012 2757 et
1042 2702 1367 2768 animarum,
1403 2718 1525 2773 quae
1548 2701 1623 2756 ibi
1652 2710 1793 2770 sunt,

186 2792 467 2857 ﬂectatur
494 2806 661 2861 genu,
697 2795 755 2846 et
800 2791 984 2846 omnis
1038 2791 1235 2863 lingua
1269 2791 1630 2859 conﬁteatur.
1682 2790 1798 2845 Hoc

182 2878 283 2933 erit
315 2878 374 2931 in
402 2878 491 2933 die
532 2878 741 2947 judicii,
775 2878 1011 2951 quando,
1065 2879 1232 2935 velint
1281 2878 1470 2946 nolint,
1523 2877 1797 2933 Christum

182 2966 585 3022 confitebuntur
608 2966 778 3038 impii.

256 3052 598 3111 Confiteatur
626 3032 769 3120 dico,
805 3058 955 3128 quia,
999 3056 1054 3111 id
1084 3063 1167 3111 est
1196 3056 1363 3127 quod,
1395 3056 1665 3111 Dominus
1698 3057 1791 3111 Je—
1819 3032 1865 3093 θ

181 3160 281 3199 sus
315 3137 581 3199 Christus
614 3148 699 3199 est
744 3145 808 3198 in
838 3145 1041 3214 gloria,
1064 3144 1120 3198 id
1152 3154 1233 3200 est
1262 3144 1317 3197 in
1347 3144 1653 3215 mqualitate
1693 3145 1793 3199 Dei

183 3233 401 3296 Patris,
436 3232 737 3287 secundum
763 3231 1041 3299 deitatem,
1077 3240 1129 3287 et
1156 3240 1280 3302 post
1310 3233 1527 3287 Patrem
1562 3231 1788 3302 primus,

184 3327 451 3391 quantum
480 3320 549 3374 ad
577 3320 965 3375 humanitatem
1005 3337 1172 3391 super
1201 3336 1417 3375 omnem
1449 3328 1788 3389 creaturam;

186 3407 335 3478 quod
384 3408 629 3463 Christus
678 3408 817 3464 adeo
860 3409 1074 3479 patiens
1116 3416 1168 3464 et
1205 3408 1422 3463 humilis
1463 3408 1580 3474 fuit,
1614 3416 1665 3463 et
1692 3425 1793 3479 per

185 3504 481 3568 utrumque
527 3497 606 3553 sic
663 3497 958 3552 exaltatus:
1003 3500 1216 3570 itaque,
1277 3497 1605 3553 charissimi
1656 3498 1788 3565 mei,

188 3586 513 3656 Operamini
543 3589 791 3641 vestram
810 3587 1056 3642 salutem
1082 3628 1095 3654 ,
1127 3586 1184 3640 id
1211 3592 1293 3641 est
1314 3585 1478 3641 vestri
1509 3584 1795 3641 exaltatio-

184 3691 334 3741 nem,
380 3674 775 3747 conjungentes
822 3676 877 3729 in
924 3674 1082 3730 vobis
1111 3674 1384 3745 patientia:
1412 3674 1787 3730 humilitatem.

189 3764 320 3829 Vos,
354 3762 597 3833 inquam,
633 3765 781 3818 sicut
831 3779 1049 3835 semper
1078 3763 1339 3818 obedistis
1368 3762 1520 3829 mihi,
1553 3763 1791 3835 quandiu

185 3851 333 3923 apud
350 3867 449 3905 vos
480 3866 651 3915 eram,
675 3851 749 3905 ita
777 3851 942 3906 modo
958 3867 1089 3907 cum
1106 3855 1264 3906 metu
1284 3850 1450 3905 animi
1465 3855 1521 3907 et
1550 3856 1790 3908 tremore

182 3938 458 4011 corporis,
508 3939 809 3993 timendum
857 3939 1001 3993 enim
1032 3954 1250 4010 semper
1281 3945 1362 3994 est
1394 3939 1557 3993 stanti
1603 3955 1671 3994 ne
1700 3954 1790 3994 ca-

183 4029 295 4083 dat.
328 4027 652 4098 Operamini
682 4035 921 4083 vestram
952 4027 1199 4094 salutem,
1233 4035 1291 4082 ut
1320 4043 1429 4082 non
1459 4027 1514 4081 in
1541 4044 1788 4097 praesen-

183 4118 259 4171 tia
287 4115 401 4171 mei
423 4122 631 4170 tantum
661 4115 917 4171 dicamini
947 4116 1221 4183 obedisse,
1266 4116 1366 4171 sed
1394 4115 1565 4170 multo
1610 4116 1790 4188 magis

183 4220 330 4260 nunc
378 4204 432 4258 in
480 4204 729 4259 absentia
782 4220 907 4260 mea
954 4204 1216 4276 probetur
1248 4211 1431 4260 vestra
1461 4204 1784 4260 obedientia.

185 4294 427 4365 Ideoque
456 4309 732 4365 nunquam
773 4293 971 4361 securi,
1006 4293 1104 4348 sed
1133 4309 1351 4364 semper
1379 4308 1503 4349 cum
1548 4301 1696 4349 metu
1737 4300 1790 4348 et

1901 408 2263 465 innocentiam
2304 410 2371 464 sit
2392 411 2446 465 in
2469 411 2643 476 vobis,
2678 418 2734 464 ut
2783 411 2943 465 etiam
2988 410 3104 463 sitis
3148 410 3269 464 sine
3306 425 3496 480 repre-

1902 498 2169 553 hensione
2191 520 2209 567 ;
2242 500 2387 570 quod
2409 516 2511 555 nec
2532 499 2712 569 aliqua
2733 499 2948 554 occasio
2969 505 3221 569 appareat
3244 497 3296 550 in
3317 496 3491 562 vobis,

1899 587 2041 641 unde
2100 588 2558 657 reprehensibiles
2587 588 2896 654 videamini,
2932 588 3054 642 licet
3086 587 3245 656 culpa
3293 601 3399 640 non
3430 585 3498 639 sit

1898 674 1952 727 in
1986 676 2157 730 vobis.
2194 676 2445 730 Dicerent
2462 676 2574 729 illi:
2612 676 2786 730 Grave
2812 684 2892 729 est
2924 676 3039 729 sine
3070 673 3496 745 reprehensione

1899 763 2087 819 vivere
2111 764 2249 819 inter
2271 772 2345 818 tot
2369 764 2674 819 invidentes
2691 764 2929 832 justitia’.
2960 764 3042 818 Ad
3074 764 3217 834 quod
3239 762 3328 817 ille
3354 777 3365 816 :
3392 763 3497 816 Ve-

1896 868 2017 905 rum
2049 852 2268 923 quidem
2295 861 2394 919 est,
2429 853 2550 924 quia
2584 869 2681 908 vos
2713 853 2965 907 habitatis
2998 855 3061 907 in
3088 851 3273 907 medio
3301 852 3497 906 natio-

1897 942 1988 995 nis
2015 958 2203 1011 prava:
2233 946 2289 996 et
2304 958 2576 1013 perversae
2593 941 2645 994 in
2670 957 2747 1005 se,
2777 941 2831 995 id
2853 949 2933 995 est
2954 939 3315 1011 pervertentis
3337 938 3494 1005 alios,

1897 1030 2054 1083 inter
2074 1046 2205 1100 quos
2227 1037 2406 1083 tamen
2429 1046 2529 1099 per
2550 1028 2709 1083 ﬁdem
2733 1037 2785 1083 et
2805 1028 2949 1083 bona
2971 1044 3141 1098 opera
3166 1030 3365 1083 lucetis
3388 1028 3498 1083 sic-

1897 1122 1962 1171 ut
1985 1119 2297 1174 luminaria
2330 1120 2389 1173 in
2412 1119 2641 1173 mundo.
2668 1117 2814 1173 Sicut
2836 1117 2979 1171 enim
3011 1116 3091 1171 sol
3113 1124 3165 1170 et
3195 1117 3321 1170 luna
3341 1132 3497 1170 mun-

1897 1205 2024 1259 dum
2066 1206 2392 1272 illuminant,
2439 1206 2517 1261 sic
2555 1206 2758 1274 justitia
2786 1213 2970 1261 vestra
3007 1205 3257 1259 tenebras
3305 1220 3496 1260 eorum

1895 1293 2180 1348 illuminat.
2214 1296 2344 1361 Vos,
2398 1295 2541 1361 dico,
2592 1296 2949 1350 continentes
2987 1295 3213 1349 verbum
3250 1293 3399 1360 vitae,
3438 1292 3496 1347 id

1896 1391 1979 1437 est
2009 1383 2361 1455 Evangelium
2427 1382 2644 1451 Christi,
2684 1383 2737 1436 in
2797 1382 2902 1437 fide
2952 1382 3105 1450 cujus
3156 1381 3265 1436 vita
3288 1389 3495 1436 eterna

1894 1472 2143 1526 habetur.
2207 1472 2557 1527 Continentes
2597 1471 2720 1526 dico
2765 1471 2834 1525 ad
2879 1470 3101 1525 modum
3151 1470 3298 1525 vasis
3347 1469 3494 1541 quod

1895 1559 2411 1631 liquoreminfusum
2444 1560 2546 1614 sibi
2574 1561 2711 1615 bene
2734 1559 2972 1615 continet
2994 1566 3046 1613 et
3065 1558 3319 1630 prOpinat
3335 1558 3453 1612 aliis
3478 1575 3493 1624 ;

1895 1648 1973 1704 sic
2004 1656 2053 1703 et
2084 1665 2201 1717 vos,
2236 1648 2293 1702 in
2348 1648 2503 1704 vobis
2555 1649 2781 1703 verbum
2816 1648 2917 1702 Dei
2958 1646 3258 1712 custoditis,
3294 1653 3347 1701 et
3377 1646 3495 1701 aliis

1894 1736 2234 1791 ministratis.
2289 1736 2636 1792 Continentes
2685 1736 2808 1791 dico
2864 1736 2936 1790 ad
2981 1736 3220 1806 gloriam
3270 1750 3496 1802 meam;

1894 1825 2041 1897 quod
2062 1825 2108 1880 si
2138 1842 2242 1897 ego
2273 1824 2506 1896 gloriam
2536 1824 2817 1879 habiturus
2848 1840 2965 1877 sum
2996 1824 3064 1877 de
3093 1824 3195 1877 hoc
3217 1822 3344 1894 quia
3372 1839 3497 1878 ver-

1894 1914 2021 1968 bum
2051 1914 2176 1968 vitae
2206 1913 2514 1979 continetis,
2549 1913 2716 1967 multo
2746 1911 2926 1984 magis
2955 1926 3053 1966 vos
3086 1910 3177 1981 qui
3208 1927 3492 1981 promere-

1894 2002 2044 2056 mini.
2080 2002 2324 2057 Gloriam
2370 2002 2512 2067 dico,
2546 2001 2676 2055 mihi
2700 2000 3108 2065 habendam,in
3140 1999 3226 2054 die
3260 2000 3490 2066 Christi,

1897 2087 2114 2159 quando
2145 2087 2388 2141 Christus
2433 2102 2561 2140 suos
2600 2085 2993 2141 remunerabit.
3038 2083 3259 2137 Habebo
3309 2082 3495 2153 utique

1896 2175 2128 2248 gloriam
2157 2191 2355 2242 meam,
2391 2176 2523 2247 quia
2565 2190 2670 2244 ego
2727 2190 2843 2229 non
2871 2172 3101 2228 cucurri
3126 2172 3189 2226 in
3229 2187 3490 2239 vacuum,

1895 2280 2073 2333 neque
2107 2264 2353 2318 laboravi
2382 2262 2435 2316 in
2455 2278 2707 2318 vacuum.

1968 2352 2217 2407 Cucurrit
2248 2351 2548 2407 secundum
2579 2351 2702 2405 illos
2734 2367 2870 2422 quos
2893 2349 3049 2405 facile
3073 2348 3353 2404 convertit.
3385 2348 3495 2403 La-

1896 2441 2111 2497 boravit
2140 2441 2437 2496 secundum
2486 2438 2816 2494 ditliciliores
2850 2438 2904 2492 in
2940 2453 3168 2493 accessu
3200 2436 3346 2491 fidei.
3384 2437 3495 2493 Cu-

1896 2531 2055 2586 curri
2086 2529 2303 2600 quidem
2335 2533 2391 2584 et
2428 2529 2672 2584 laboravi
2701 2528 2757 2582 in
2779 2526 2951 2593 vobis,
2985 2542 3085 2581 nec
3112 2542 3200 2581 me
3228 2524 3494 2596 pmnitet;

1897 2618 1995 2673 sed
2027 2617 2208 2683 etiam,
2267 2617 2313 2671 si
2355 2624 2602 2688 oporteat
2651 2632 2737 2671 me
2782 2614 3051 2669 immolari
3090 2630 3192 2685 pro
3232 2612 3406 2681 vobis,
3440 2612 3496 2668 in

1896 2707 1999 2761 hoc
2026 2706 2389 2778 congratulor
2430 2706 2594 2761 vobis.
2630 2703 2791 2772 Quod
2821 2703 2899 2758 sic
2945 2703 3019 2757 ait
3052 2720 3063 2758 :
3097 2702 3276 2757 Etiam
3305 2704 3355 2757 si
3389 2716 3495 2773 ego

1896 2796 2157 2851 immolor
2176 2811 2349 2866 supra
2379 2794 2725 2863 sacriﬁcium
2754 2792 2885 2861 ﬁdei
2906 2794 3127 2857 vestrae,
3153 2794 3208 2847 et
3229 2806 3392 2860 supra
3408 2790 3497 2847 ob-

1897 2884 2152 2955 sequium
2183 2881 2310 2937 fidei
2326 2888 2543 2947 vestrae,
2568 2880 2622 2934 id
2640 2886 2741 2946 est,
2763 2896 2868 2951 ego
2892 2878 3055 2934 fidem
3077 2886 3310 2934 vestram
3326 2877 3497 2933 obtuli

1899 2972 2034 3039 Deo,
2069 2970 2225 3041 quasi
2255 2968 2584 3025 sacrificium
2616 2968 2670 3023 in
2701 2969 2929 3023 odorem
2962 2966 3260 3022 suavitatis.
3295 2967 3365 3021 Et
3395 2966 3491 3022 ob-

1894 3061 2168 3132 sequium,
2192 3058 2245 3112 id
2280 3066 2361 3113 est
2391 3059 2531 3113 bona
2563 3073 2729 3127 Opera
2760 3064 2939 3113 vestra
2968 3056 3024 3109 in
3054 3055 3249 3125 quibus
3278 3061 3403 3124 post
3432 3052 3496 3108 ﬁ-

1894 3147 2019 3202 dem
2051 3148 2165 3201 Deo
2204 3146 2451 3202 obsecuti
2482 3145 2637 3201 estis.
2678 3145 2785 3200 Sed
2826 3144 2871 3198 si
2910 3144 3088 3198 adhuc
3117 3151 3240 3214 post
3276 3144 3378 3197 hos
3416 3142 3494 3196 la-

1895 3236 2060 3291 bores
2081 3242 2362 3306 opporteat
2391 3251 2479 3289 me
2498 3232 2763 3287 immolari
2787 3248 2887 3302 pro
2918 3232 3092 3297 vobis,
3124 3230 3335 3303 gaudeo
3367 3229 3494 3285 inde

1894 3328 1951 3379 et
1979 3324 2365 3393 congratulor,
2400 3322 2455 3376 id
2488 3329 2568 3376 est
2584 3320 2791 3393 gratias
2810 3319 3006 3375 refero.
3043 3318 3143 3374 Vel
3170 3319 3490 3392 congaudeo

1895 3428 2018 3467 cum
2047 3412 2304 3468 omnibus
2328 3411 2491 3476 vobis,
2525 3408 2617 3481 qui
2638 3408 2879 3481 gaudere
2900 3408 3130 3473 debetis,
3165 3408 3211 3461 si
3240 3408 3492 3463 voluntas

1892 3500 1993 3555 Dei
2027 3498 2187 3554 fuerit
2214 3507 2269 3553 ut
2308 3515 2410 3569 ego
2440 3498 2690 3552 immoler
2720 3513 2820 3567 pro
2849 3496 3023 3551 vobis.
3059 3497 3151 3552 Vos
3184 3503 3363 3550 autem
3403 3496 3493 3551 id-

1892 3589 2077 3661 ipsum
2134 3586 2600 3659 recompensando
2657 3585 2809 3651 mihi,
2860 3592 2918 3638 ut
2972 3599 3072 3655 pro
3109 3599 3197 3638 me
3246 3582 3494 3637 similiter

1892 3675 2266 3742 immolemini,
2319 3675 2555 3746 gaudete
2614 3678 2669 3730 et
2693 3673 3177 3745 congratulamini
3207 3672 3370 3738 mihi,
3404 3669 3495 3742 qui

1891 3781 1989 3821 vos
2036 3765 2104 3819 ad
2160 3780 2278 3819 rem
2336 3770 2446 3818 tam
2505 3763 2724 3835 dignam
2786 3760 3008 3825 armavi,
3078 3760 3215 3815 sicut
3273 3765 3356 3814 est
3396 3774 3495 3830 pro

1896 3852 2053 3910 26
2066 3853 2134 3908 3
2153 3852 2366 3907 Christo
2384 3851 2672 3906 immolari.
2688 3852 2885 3905 Iterum
2903 3865 2913 3903 :
2931 3849 3075 3915 Scio,
3090 3864 3188 3904 vos
3200 3847 3269 3902 ad
3286 3847 3494 3919 patien-

1891 3943 2019 3997 tiam
2055 3949 2107 3997 et
2153 3940 2515 3995 humilitatem
2569 3956 2671 4011 per
2717 3938 3019 4010 Epistolam
3066 3936 3294 3993 aedifico.
3325 3937 3492 4009 Spero

1891 4034 2084 4086 autem
2107 4032 2171 4085 in
2200 4030 2433 4086 Domino
2462 4030 2594 4085 Jesu
2615 4030 2726 4084 cito
2758 4044 2847 4083 me
2880 4027 3108 4083 mittere
3143 4026 3492 4081 Timotheum

1887 4119 1959 4175 ad
1974 4136 2084 4176 vos.
2104 4119 2234 4174 Ideo
2250 4122 2314 4173 ut
2326 4133 2448 4189 ego,
2473 4117 2714 4188 cognitis
2734 4132 2855 4187 quae
2884 4116 3038 4170 circa
3079 4130 3170 4169 vos
3199 4117 3356 4178 sunt,
3381 4114 3491 4168 sim

1890 4208 2026 4264 bono
2054 4210 2246 4263 animo
2286 4214 2337 4262 et
2359 4221 2551 4261 securo
2581 4205 2649 4259 de
2681 4204 2855 4269 vobis;
2882 4219 3016 4274 quos
3040 4209 3261 4272 prOpter
3290 4201 3494 4255 instan-

1891 4303 1995 4350 tem
2026 4295 2280 4366 utrinque
2320 4309 2563 4367 pugnam
2594 4307 2791 4348 vereor
2838 4290 3166 4361 perturbari.
3220 4289 3349 4344 Ideo
3397 4288 3494 4344 Ti-

185 4390 444 4447 tremore,
477 4384 612 4454 quia
639 4383 786 4437 Deus
810 4385 893 4437 est
917 4384 1012 4454 qui
1033 4385 1301 4453 operatur
1320 4383 1382 4437 in
1404 4382 1550 4437 vobis
1568 4381 1789 4452 (utnihil
1809 4388 1861 4446 D
1890 4385 2167 4439 motheum
2198 4383 2373 4455 magis
2403 4381 2611 4436 mittam
2642 4381 2713 4436 ad
2752 4395 2868 4446 vos,
2900 4381 3189 4435 neminem
3211 4380 3363 4434 enim
3395 4377 3494 4434 ha-

182 4469 341 4525 vobis
374 4469 703 4541 relinquam)
736 4470 902 4525 etiam
930 4471 1103 4537 velle;
1136 4477 1189 4525 et
1216 4477 1503 4542 postquam
1531 4486 1629 4542 per
1656 4486 1787 4542 gra-

184 4559 319 4612 tiam
342 4558 725 4626 dederitvelle,
748 4558 994 4614 similiter
1014 4559 1070 4612 in
1095 4558 1251 4615 vobis
1271 4567 1532 4629 Operatur
1549 4560 1788 4631 perﬁce-

185 4663 268 4702 re.
284 4647 404 4702 Nec
428 4647 530 4701 hoc
545 4663 645 4717 pro
670 4656 854 4703 vestro
873 4647 1205 4718 praecedenti
1231 4646 1447 4714 merito,
1474 4648 1570 4703 sed
1586 4647 1788 4703 solum-

185 4734 353 4790 modo
382 4752 481 4806 pro
514 4736 653 4791 bona
678 4738 972 4792 voluntate
1003 4752 1124 4802 sua,
1152 4736 1298 4790 Deus
1314 4735 1499 4791 omnia
1536 4743 1790 4806 operatur

185 4822 239 4875 in
272 4823 464 4890 vobis;
497 4839 595 4879 vos
625 4832 826 4891 autem,
859 4831 1218 4895 cooperantes
1239 4825 1374 4889 Deo,
1400 4825 1577 4895 facile
1597 4825 1789 4879 omnia

184 4913 311 4967 sine
342 4914 915 4979 murmurationibus,
966 4928 1035 4968 ne
1067 4912 1113 4968 si
1155 4912 1248 4967 diu
1269 4928 1366 4967 vos
1402 4913 1513 4983 pati
1562 4929 1789 4969 necesse

187 5000 476 5069 sit,contra
506 5002 679 5057 Deum
737 5002 1080 5073 impatienter
1108 5001 1479 5068 murmuretis,
1515 5002 1671 5073 quasi
1690 5018 1790 5057 vos

183 5089 383 5158 injuste
412 5090 683 5160 permittat
714 5089 899 5163 afﬂigi.
935 5090 1133 5146 Omnia
1156 5090 1317 5146 etiam
1348 5089 1504 5145 facite
1533 5092 1654 5147 sine
1673 5090 1789 5146 hae-

184 5180 569 5247 sitationibus,
619 5179 671 5233 id
704 5187 787 5234 est
817 5196 885 5234 ne
912 5179 1107 5234 dicatis
1141 5196 1154 5233 :
1188 5180 1323 5234 Cras
1355 5178 1616 5251 vigilabo,
1645 5180 1789 5248 jeju-

186 5266 328 5321 nabo
359 5282 503 5333 cras,
538 5283 634 5337 pro
676 5267 892 5323 Christo
921 5267 1030 5338 pati
1059 5267 1310 5338 incipiam
1342 5268 1439 5323 sic.
1474 5268 1603 5322 Ideo
1633 5266 1790 5322 facite

187 5359 251 5409 ut
282 5356 412 5410 sitis
444 5356 569 5411 sine
617 5358 863 5427 querela,
895 5356 951 5410 id
1000 5364 1082 5411 est
1111 5364 1169 5410 ut
1197 5372 1306 5411 non
1337 5355 1406 5410 sit
1436 5356 1491 5410 in
1520 5355 1674 5411 vobis
1723 5356 1790 5410 de

190 5458 297 5512 quo
328 5458 465 5515 erga
484 5459 584 5499 vos
612 5444 775 5501 homo
797 5446 942 5515 juste
971 5444 1144 5517 possit
1173 5445 1462 5517 conqueri.
1495 5446 1561 5500 Et
1588 5451 1647 5500 ut
1673 5443 1791 5499 sitis

334 5592 575 5649 ΡΑτιιοι.
619 5593 799 5650 CLIII.

1889 4473 1984 4529 beo
2041 4477 2158 4528 tam
2236 4472 2570 4527 unanimem
2627 4466 2802 4535 vobis,
2847 4476 2899 4523 et
2961 4468 3056 4540 qui
3112 4474 3219 4521 tam
3269 4468 3493 4524 sincera

1888 4561 2185 4632 affectione
2228 4560 2509 4616 sollicitus
2554 4560 2628 4614 sit
2654 4575 2755 4631 pro
2789 4558 2952 4613 vobis.
2986 4556 3126 4611 Vere
3156 4557 3489 4624 neminem;

1889 4665 2080 4707 omnes
2117 4649 2271 4705 enim
2301 4648 2392 4720 qui
2421 4648 2585 4703 modo
2617 4662 2832 4702 mecum
2882 4652 3025 4711 sunt,
3073 4649 3340 4717 quwrunt
3371 4660 3494 4715 quas

1889 4742 2045 4802 sunt,
2079 4754 2193 4793 non
2216 4753 2278 4792 ea
2308 4753 2429 4809 quae
2460 4744 2585 4791 sunt
2614 4738 2745 4792 Jesu
2782 4735 2986 4791 Chrsti.
3022 4733 3176 4787 Illum
3204 4748 3305 4804 pro
3334 4731 3492 4788 vobis

1890 4825 2181 4881 sollicitum
2212 4826 2419 4880 mittam
2450 4825 2519 4880 ad
2549 4840 2667 4880 vos.
2688 4825 2798 4881 Vos
2827 4830 3008 4878 autem
3041 4820 3337 4878 honoriﬁce
3366 4836 3492 4877 eum

1891 4914 2238 4985 suscipiendo
2270 4916 2605 4986 cognoscite.

1960 5003 2082 5057 Non
2133 5002 2263 5057 dicit
2319 5018 2441 5056 eum
2502 5000 2838 5072 simpliciter,
2892 4998 2987 5055 sed
3036 4998 3494 5071 experimentum

1892 5094 2033 5159 eius,
2066 5090 2121 5145 id
2144 5098 2224 5146 est
2253 5107 2377 5146 eum
2401 5090 2529 5143 mihi
2562 5090 2700 5145 bene
2724 5096 3025 5159 expertum.
3059 5089 3116 5142 In
3140 5087 3324 5142 multis
3347 5087 3493 5143 enim

1892 5179 2321 5250 experimentum
2352 5178 2538 5232 habui.
2575 5177 3017 5249 Experimentum
3040 5177 3180 5231 bene
3206 5174 3346 5241 dico,
3364 5192 3493 5249 quo-

1891 5269 2050 5323 niam
2074 5268 2144 5322 ita
2175 5268 2402 5325 servivit
2452 5284 2673 5323 mecum
2713 5269 2773 5322 in
2805 5267 3126 5337 Evangelia,
3159 5266 3307 5321 sicut
3336 5267 3492 5333 ﬁlius

1892 5357 2155 5413 obediens
2178 5358 2353 5430 patri.
2386 5358 2454 5412 Et
2481 5357 2607 5428 quia
2630 5356 2845 5411 sincera
2868 5353 3151 5410 affectione
3176 5370 3275 5409 vos
3296 5352 3489 5423 diligit,

1894 5453 1946 5500 et
1976 5446 2114 5502 sicut
2153 5447 2290 5516 patri
2329 5444 2459 5500 mihi
2506 5443 2743 5501 servivit.
2786 5444 2964 5515 Igitur
3004 5459 3161 5515 spero
3200 5440 3349 5497 hunc
3404 5455 3495 5497 me

3283 5594 3351 5649 12
