3960 6050
491 158 593 211 363
654 190 665 198 ι
1052 158 1106 213 S.
1150 158 1505 216 BRUNONIS
1544 152 2185 218 CARTHUSIANORUM
2226 154 2710 215 INSTITUTORIS
2750 158 2900 215 OPP.
2945 159 3120 216 PARS
3154 160 3221 214 ΙΙ.
3677 159 3785 212 364

488 285 720 339 mittere
741 284 812 338 ad
829 302 939 352 vos,
963 301 1098 340 mox
1121 291 1186 342 ut
1201 288 1386 343 videro
1402 286 1563 343 ﬁnem
1588 304 1773 343 eorum
1794 306 1915 359 quae
1934 288 2086 342 circa
2108 290 2158 347 Α
2195 307 2215 335 ι
2254 286 2521 341 trimenta.
2559 288 2938 343 Verumtamen
2984 286 3233 341 existimo
3265 285 3445 341 omnia
3488 284 3788 339 detrimen—

487 389 576 427 me
598 375 757 427 sunt.
795 373 922 427 Ideo
953 374 1029 428 sic
1064 375 1155 428 ait.
1197 376 1345 430 Nero
1378 377 1521 430 enim
1560 376 1904 446 disposuerat
1938 392 1997 429 se
2031 375 2085 428 in
2190 395 2211 423 ι
2251 382 2363 427 tum
2414 392 2554 439 esse,
2616 384 2835 447 pr0pter
2907 375 3235 430 eminentem
3307 373 3588 429 scientiam
3649 374 3785 427 Jesu

486 461 736 531 proximo
766 460 1015 515 daturum
1045 463 1113 517 de
1144 479 1209 517 eo
1241 464 1579 529 sententiam,
1615 480 1685 518 an
1707 480 1830 518 eum
1860 464 2080 519 occide-
2189 482 2210 511 ι
2238 462 2433 515 Christi
2475 463 2691 517 Domini
2738 463 2896 550 mei,'
2922 472 3140 534 propter
3184 479 3345 533 quem
3396 460 3573 516 omnia
3607 460 3782 550 detri—

488 557 587 616 ret,
640 565 708 602 an
762 560 1086 604 reservaret.
1144 551 1413 621 Sperabat
1457 561 1637 606 autem
1679 568 1738 606 se
1767 568 2079 617 evasurum,
2189 572 2210 595 α
2246 558 2484 604 mentum
2516 550 2638 618 feci,
2672 560 2723 607 et
2753 549 2989 606 arbitror
3018 559 3075 605 ut
3113 559 3372 615 stercora,
3425 557 3481 603 ut
3511 549 3782 603 Christum

484 637 608 708 quia
638 638 821 707 plures
868 638 934 691 de
966 638 1129 693 domo
1171 640 1402 693 Caesaris
1434 640 1757 694 instruxerat
1797 641 1866 694 ad
1896 639 2079 708 fidem,
2188 659 2209 688 ι
2242 638 2600 705 lucrifaciam,
2627 647 2680 693 et
2709 640 2956 694 inveniar
2983 640 3039 694 in
3086 640 3180 693 illo
3205 655 3315 694 non
3362 638 3570 692 habens
3603 653 3783 691 meam

488 725 577 795 qui
600 725 667 779 de
686 741 784 779 sua
805 725 1127 780 liberatione
1145 726 1796 798 laborabant.Propterea
1815 728 2080 781 subdidit:
2187 746 2208 775 ι
2240 726 2521 794 justitiam,
2558 744 2678 797 qua:
2717 744 2782 782 ex
2829 728 2951 799 lege
2984 735 3084 793 est,
3120 728 3216 781 sed
3256 727 3399 780 illam
3429 742 3549 796 quae
3578 741 3643 779 ex
3672 723 3782 779 ﬁde

487 813 709 881 Conﬁdo
749 817 942 867 autem
985 815 1049 869 in
1082 815 1334 880 Domino,
1368 816 1633 886 quoniam
1663 818 1782 887 ipse
1823 831 1929 887 ego
1968 817 2080 871 cito
2188 835 2208 863 α
2244 822 2325 869 est
2374 814 2572 869 Christi
2627 816 2778 881 Jesu,
2837 832 2957 886 quae
2998 832 3063 871 ex
3094 817 3207 870 Deo
3239 822 3319 869 est
3357 814 3559 883 justitia
3588 814 3643 867 in
3672 811 3781 867 ﬁde

485 904 704 956 veniam
740 902 812 957 ad
854 918 962 956 vos.
989 902 1057 956 Et
1084 902 1208 957 licet
1239 920 1326 958 me
1360 913 1640 958 venturum
1672 905 1867 971 dicam,
1902 912 1955 959 et
1984 904 2080 958 Ti-
2186 924 2207 948 ‹‹
2244 902 2313 956 ad
2348 903 2789 973 cognoscendum
2818 904 2985 969 illum,
3031 910 3083 958 et
3116 904 3367 958 virtutem
3414 901 3781 957 resurrectio-

480 989 753 1044 motheum
784 990 1053 1043 missurus
1085 991 1210 1059 sim,
1245 999 1423 1046 tamen
1454 992 1666 1046 interim
1696 993 2080 1047 necessarium
2185 1011 2206 1035 «ι
2242 989 2325 1043 nis
2357 991 2492 1057 ejus,
2526 999 2580 1045 et
2604 991 2917 1046 societatem
2960 990 3232 1061 passionis
3262 990 3424 1056 illius,
3469 989 3781 1062 configura-

484 1078 810 1133 existimavi
860 1080 1087 1133 mittere
1128 1079 1199 1134 ad
1227 1096 1319 1134 vos
1367 1080 1811 1152 Epaphroditum
1836 1084 2080 1150 fratrem
2184 1100 2204 1123 α
2242 1086 2327 1132 tus
2358 1078 2518 1133 morti
2549 1079 2683 1147 ejus,
2741 1080 2785 1133 si
2835 1079 3108 1152 quomodo
3163 1094 3453 1134 occurram
3500 1078 3565 1132 ad
3598 1094 3785 1132 resur—

478 1180 666 1219 meum
689 1170 743 1219 et
765 1170 1183 1237 cooperatorem
1213 1168 1267 1221 in
1299 1168 1702 1238 prtedicatione,
1729 1177 1781 1222 et
1809 1168 2079 1222 commili-
2184 1185 2205 1213 ι
2243 1165 2543 1219 rectionem
2576 1183 2698 1236 quae
2729 1176 2810 1221 est
2845 1183 2908 1221 ex
2938 1166 3206 1231 mortuis;
3238 1182 3347 1221 non
3378 1165 3522 1236 quod
3547 1166 3658 1233 jam
3679 1180 3779 1220 ac-

476 1260 659 1307 tonem
682 1254 733 1305 in
756 1252 1121 1309 tribulatione.
1158 1258 1407 1311 Vestrum
1436 1260 1627 1310 autem
1650 1258 1990 1327 apostolum,
2025 1256 2078 1311 id
2189 1269 2209 1300 ι
2238 1253 2497 1323 ceperim,
2531 1262 2621 1307 aut
2645 1255 2758 1321 jam
2790 1253 3065 1324 perfectus
3097 1254 3218 1307 sim.
3257 1254 3470 1324 Sequor
3499 1262 3699 1321 autem,
3733 1252 3780 1306 si

478 1348 559 1394 est
590 1341 675 1395 vel
697 1341 958 1413 legatum,
984 1343 1109 1413 quia
1135 1344 1277 1398 hunc
1296 1343 1616 1414 legaverant
1637 1344 1705 1397 ad
1729 1344 1969 1410 Paulum,
1992 1344 2078 1399 vel
2183 1361 2215 1412 α,
2239 1356 2345 1411 quo
2375 1341 2537 1395 modo
2594 1342 3074 1411 comprehendam,
3110 1342 3165 1395 in
3195 1357 3303 1413 quo
3331 1349 3381 1395 et
3412 1341 3779 1411 comprehen-

474 1429 799 1499 apostolum,
834 1430 887 1483 id
934 1439 1017 1484 est
1046 1431 1458 1500 praedicatorem
1501 1447 1707 1497 eorum,
1743 1433 1829 1487 vel
1860 1432 2077 1503 episco-
2183 1449 2203 1477 ι
2240 1444 2332 1482 sus
2364 1445 2482 1482 sum
2513 1445 2541 1481 a
2582 1429 2795 1483 Christo
2841 1431 2987 1484 Jesu.
3023 1431 3255 1497 Fratres,
3293 1446 3397 1501 ego
3438 1446 3525 1483 me
3553 1445 3660 1483 non
3691 1446 3779 1482 ar-

475 1533 604 1586 pum
636 1532 841 1582 eorum,
883 1522 937 1572 et
969 1520 1301 1573 ministrum
1332 1522 1686 1574 necessitatis
1727 1536 1882 1585 mete,
1908 1520 1961 1574 id
1997 1526 2079 1574 est
2182 1537 2203 1565 ι
2233 1516 2408 1569 bitror
2433 1517 2938 1585 comprehendisse.
2971 1519 3147 1573 Unum
3172 1527 3371 1583 autem,
3408 1533 3529 1589 quae
3558 1517 3779 1588 quidem
3812 1522 3823 1527 ”

478 1605 570 1674 qui
598 1622 719 1675 qua:
750 1606 971 1659 misistis
999 1606 1151 1670 mihi,
1176 1607 1504 1660 ministravit
1533 1607 1586 1660 in
1621 1616 1865 1677 tempore
1887 1624 2079 1662 neces-
2105 1639 2157 1696 B
2183 1626 2204 1650 α
2239 1612 2389 1658 retro
2421 1614 2543 1657 sunt
2572 1605 2920 1672 obliviscens,
2955 1606 3023 1659 ad
3055 1622 3119 1660 ea
3142 1622 3271 1660 vero
3296 1623 3414 1678 qua:
3444 1615 3570 1660 sunt
3593 1605 3779 1696 priora

478 1691 669 1746 sitatis.
704 1693 831 1746 Ideo
864 1693 1163 1747 existimavi
1195 1695 1338 1748 hunc
1368 1694 1687 1748 mittendum
1719 1696 1787 1748 ad
1819 1711 1936 1759 vos,
1978 1694 2079 1749 etsi
2107 1691 2150 1696 ’
2184 1713 2205 1736 α
2241 1692 2540 1746 extendens
2571 1692 2857 1763 meipsum,
2900 1694 2967 1746 ad
2997 1694 3323 1748 destinatum
3354 1709 3675 1765 persequor,
3708 1692 3778 1746 ad

476 1780 819 1834 necessarius
842 1788 985 1835 esset
1008 1780 1155 1845 mihi,
1191 1783 1453 1853 quoniam
1480 1784 1701 1853 quidem
1722 1783 2075 1837 desiierabal
2182 1800 2203 1827 ι
2242 1779 2483 1833 bravium
2517 1796 2768 1850 supernae
2824 1781 3124 1835 vocationis
3156 1782 3254 1837 Dei
3286 1782 3339 1835 in
3382 1782 3595 1837 Christo
3623 1781 3773 1835 Jesu.

476 1884 665 1923 omnes
698 1884 806 1933 vos,
840 1872 897 1923 et
924 1872 1047 1923 erat
1088 1873 1339 1934 mtestus,
1382 1886 1490 1924 non
1539 1886 1639 1940 pro
1671 1886 1730 1925 se
1764 1871 2073 1935 verberato,
2183 1889 2203 1913 ιι
2242 1865 2567 1938 Quicunque
2602 1884 2735 1939 ergo
2764 1869 2992 1938 perfecti
3014 1886 3201 1923 sumus
3221 1869 3326 1925 hoc
3364 1869 3698 1934 sentiamus;
3724 1877 3795 1923 et,

477 1955 574 2009 sed
622 1964 913 2026 propterea
959 1957 1099 2029 quod
1134 1958 1447 2013 audieratis
1486 1959 1654 2013 illum
1688 1960 2072 2028 inﬁrmatam,
2182 1978 2201 2001 «
2241 1956 2433 2026 siquid
2482 1956 2636 2009 aliter
2667 1957 2873 2026 sapitis,
2909 1966 2961 2011 et
3014 1958 3119 2013 hoc
3169 1958 3322 2013 vobis
3368 1959 3515 2012 Deus
3559 1957 3777 2013 revela-

475 2052 528 2098 et
558 2043 773 2098 nolebat
802 2061 900 2099 vos
933 2044 1244 2099 contristari
1274 2060 1374 2115 pro
1404 2060 1487 2100 eo.
1523 2046 1621 2101 Hic
1653 2047 2071 2117 Epaphroditus,
2181 2059 2201 2087 α
2239 2038 2314 2092 Vit
2346 2039 2683 2113 [revelabll-l
2716 2042 3099 2096 Verumtamen
3136 2043 3204 2096 ad
3236 2042 3379 2114 (ιιιοά
3404 2043 3773 2113 Ρεΐνεηίωυεν

476 2132 608 2186 dum
656 2132 822 2186 Paulo
864 2132 1213 2199 ministraret,
1269 2134 1603 2203 interceptus
1658 2150 1690 2187 a
1737 2136 2071 2200 custodibus,
2181 2148 2201 2171 α
2236 2136 2291 2180 ut
2325 2128 2469 2182 idem
2516 2129 2809 2198 sapiamUS,
2848 2139 2901 2184 et
2930 2130 2984 2183 in
3016 2131 3207 2185 eadem
3237 2146 3656 2200 permaneamus
3688 2148 3779 2187 re-

476 2220 829 2274 vehementer
872 2218 1175 2275 afﬂixerunt
1205 2236 1330 2274 eum
1361 2222 1699 2275 verberibus.
1740 2221 2073 2277 Infirmatum
2178 2236 2200 2261 ι
2237 2214 2386 2286 gula.
2424 2216 2729 2271 lmitatOI‘eS
2762 2217 2870 2271 mei
2919 2226 3109 2283 estote,
3143 2217 3354 2283 fratreS,
3403 2226 3456 2275 et
3485 2219 3774 2275 observate

474 2307 598 2362 dico
618 2307 741 2361 ideo
766 2326 780 2372 ;
813 2324 949 2362 nam
973 2308 1157 2379 utique
1179 2309 1508 2377 inﬁrmatus
1531 2314 1615 2364 est
1637 2312 1896 2382 usquead
1926 2327 2075 2366 mor.
2179 2325 2200 2349 α
2236 2318 2334 2357 eos
2369 2303 2460 2373 qui
2489 2305 2789 2369 ambulant,
2825 2305 2962 2361 sicut
2992 2306 3205 2362 habetis
3244 2306 3477 2362 formam
3506 2316 3769 2362 nostram.

478 2400 614 2460 tem,
638 2396 731 2450 sed
750 2398 891 2450 Deus
913 2398 1181 2451 misertus
1207 2398 1348 2467 ejus.
1372 2414 1488 2451 non
1509 2399 1693 2452 solum
1714 2402 1908 2453 autem
1929 2402 2067 2467 eius,
2179 2412 2200 2434 α
2237 2389 2385 2444 Multi
2417 2392 2563 2445 enim
2592 2392 2870 2447 ambulant
2919 2410 3057 2465 quos
3114 2411 3259 2465 saepe
3316 2395 3567 2450 dicebam
3614 2396 3773 2451 vobis

474 2485 847 2539 verumetiam
904 2484 957 2538 in
1016 2500 1080 2539 eo
1111 2487 1381 2540 misertus
1429 2489 1513 2541 est
1545 2487 1688 2543 .mei.
1724 2486 1791 2540 Et
1821 2487 1944 2557 quia
1974 2503 2072 2542 vos
2178 2498 2199 2527 ι
2236 2479 2412 2546 (Rom-
2439 2494 2559 2545 XVI,
2596 2481 2707 2551 17,)
2739 2498 2881 2537 nunc
2911 2490 3091 2537 autem
3122 2490 3175 2538 et
3196 2483 3333 2537 ﬂens
3355 2482 3772 2551 dico,.inimicos

474 2571 745 2627 dolebatis
766 2572 835 2626 de
865 2588 1098 2643 eo,ergo
1118 2575 1495 2643 festinantius
1519 2590 1675 2643 quam
1694 2574 2070 2645 facerem(ne-
2176 2587 2197 2609 "
2242 2567 2424 2621 οῐύοίε
2485 2568 2700 2633 Christi.
2761 2585 2990 2640 quorum
3046 2568 3167 2624 ﬁnis
3220 2570 3487 2637 interitus.
3541 2588 3770 2643 quorum

473 2659 745 2715 cessarius
777 2661 920 2714 enim
961 2660 1092 2713 mihi
1124 2662 1264 2731 erat)
1305 2664 1438 2717 misi
1466 2663 1654 2728 illum,
1697 2662 1820 2717 ideo
1851 2667 1918 2718 ut
1955 2666 2069 2719 viso
2176 2675 2194 2700 '
2232 2654 2379 2709 Deus
2409 2664 2596 2710 V'emer
2634 2664 2733 2721 θεῖν
2782 2665 2834 2711 ει
2868 2658 3042 2728 gloria
3070 2657 3124 2711 in
3150 2658 3469 2713 οοοῖυδίοῐιθ
3497 2659 3765 2729 ipsorum.

471 2764 552 2812 eo,
584 2747 882 2818 gaudeatis
911 2749 1144 2802 iterum.
1178 2748 1319 2802 Olim
1339 2750 1480 2803 enim
1500 2765 1621 2805 cum
1646 2750 1789 2819 apud
1818 2766 1914 2805 vos
1927 2760 2063 2819 erat,
2175 2764 2195 2789 σι
2231 2742 2323 2813 qui
2355 2750 2575 2798 terrena
2604 2745 2840 2815 sapiunt.
2872 2746 3078 2801 Nostra
3107 2755 3287 2801 autam
3336 2748 3680 2803 conversatio
3711 2749 3767 2803 in

469 2834 811 2906 gaudebatis.
834 2837 902 2889 Et
926 2834 1046 2889 ideo
1064 2835 1186 2889 misi
1203 2844 1366 2907 utego
1384 2838 1493 2891 sim
1510 2838 1632 2892 sine
1655 2839 1918 2900 tristitia,
1944 2840 2068 2909 quia
2174 2850 2196 2878 ί
2230 2830 2383 2884 C(Blis
2444 2839 2545 2887 est.
2606 2833 2761 2888 Unde
2805 2833 2970 2889 etiam
3028 2834 3349 2890 salvatorem
3390 2844 3768 2906 exspectamus

466 2923 535 2977 de
565 2922 720 2977 vobis
752 2922 1079 2977 contristatis
1110 2939 1207 2993 pro
1235 2939 1300 2978 eo
1331 2923 1596 2978 tristitiam
1627 2925 1820 2981 habeo.
1842 2926 1911 2980 Et
1940 2926 2067 2997 quia
2093 2985 2133 2999 Α
2172 2940 2193 2963 α
2232 2918 2521 2973 Dominum
2551 2929 2796 2999 nostrum
2825 2922 3012 2976 Jesum
3039 2923 3311 2977 Christum
3336 2966 3348 2989 ,
3385 2923 3477 2995 qui
3511 2924 3768 2979 reforma-

467 3011 603 3065 adeo
648 3010 825 3083 diligit
877 3028 993 3075 vos,
1028 3019 1082 3065 et
1110 2985 1211 3066 vos
1243 3027 1385 3076 eum,
1411 3012 1671 3067 mittimus
1704 3014 1773 3069 ad
1803 3030 1919 3069 vos.
1954 2985 2065 3069 lta-
2089 2985 2135 3045 Ο
2169 3028 2189 3052 α
2230 3005 2306 3059 bit
2335 3023 2532 3078 corpus
2577 2994 2888 3063 humilitatis
2927 3018 3145 3075 nostrae,
3195 3010 3589 3081 contiguratum
3633 3027 3766 3068 cor-

465 3115 569 3169 que
600 3100 847 3167 excipite
898 3115 1025 3154 eum
1057 3116 1185 3154 cum
1215 3103 1369 3155 omni
1415 3101 1640 3171 gaudio,
1671 3102 1865 3157 nonin
1887 3103 2063 3157 citha-
2168 3114 2190 3142 ι
2226 3094 2346 3165 pOI'i
2394 3094 2650 3150 claritatis
2699 3113 2830 3162 suae,
2888 3098 3190 3153 secundum
3246 3100 3613 3170 operationem
3649 3101 3765 3155 vir-

461 3187 537 3240 ris
582 3194 634 3241 et
655 3186 817 3251 tibiis,
852 3187 949 3241 sed
980 3187 1178 3257 gaudio
1210 3187 1391 3242 habito
1420 3190 1482 3243 in
1523 3190 1777 3257 Domino,
1814 3200 1866 3244 et
1888 3192 2063 3246 homi-
2168 3203 2189 3229 σ
2226 3182 2353 3237 tutis
2386 3199 2516 3250 suae,
2550 3200 2653 3256 qua
2684 3185 2855 3256 possit
2884 3186 3046 3242 etiam
3065 3187 3334 3256 subjicere
3360 3188 3463 3242 sibi
3493 3189 3695 3244 omnia.
3734 3209 3758 3238 ι

461 3290 587 3328 nem
618 3274 883 3342 ejusmodi
924 3274 1015 3345 qui
1069 3282 1218 3329 tanta
1267 3291 1464 3345 passus
1521 3285 1603 3331 est
1641 3294 1742 3347 pro
1795 3278 1972 3345 vobis,
2007 3284 2065 3335 et

460 3362 601 3417 adeo
632 3377 730 3417 vos
761 3361 959 3434 diligit,
994 3364 1250 3418 habetote
1290 3381 1420 3419 cum
1450 3364 1597 3418 omni
1629 3367 1855 3433 honore,
1890 3375 1941 3421 et
1967 3368 2062 3436 ju-

460 3457 598 3504 stum
632 3458 733 3517 est,
785 3452 1051 3522 quoniam
1084 3451 1200 3521 ipse
1230 3454 1467 3507 accessit
1500 3470 1672 3524 usque
1715 3455 1787 3508 ad
1822 3460 2063 3511 mortem

456 3543 690 3610 propter
728 3555 863 3611 opus
914 3541 1141 3604 Christi,
1176 3540 1323 3609 quod
1350 3541 1676 3611 operabatur
1706 3541 1759 3595 in
1791 3558 1897 3609 me,
1934 3548 2060 3598 tra-

457 3626 595 3681 dens
625 3628 881 3682 animam
911 3644 1091 3692 suam,
1126 3635 1179 3682 et
1211 3633 1274 3683 ut
1300 3629 1562 3698 impleret
1594 3646 1725 3700 erga
1754 3647 1944 3685 meum
1973 3633 2061 3687 ob-

458 3716 713 3785 sequium
742 3715 800 3769 id
836 3715 978 3785 quod
1008 3716 1201 3770 deerat
1234 3731 1307 3770 eae
1336 3716 1526 3781 vobis;
1564 3733 1662 3771 vos
1693 3718 1913 3789 quidem
1957 3737 2059 3790 pe-

460 3801 678 3855 cuniam
709 3800 1021 3868 mittebatis,
1057 3804 1155 3857 sed
1212 3811 1413 3873 printer
1449 3820 1573 3858 eum
1602 3821 1763 3860 nemo
1808 3814 1926 3860 erat
1969 3808 2059 3879 qui

461 3889 686 3943 auderet
714 3888 1021 3943 ministrare
1065 3890 1215 3943 mihi.
1279 3892 1382 3945 Per
1426 3892 1569 3948 hunc
1624 3893 2059 3964 Epaphroditum

458 3976 655 4030 Paulus
689 3976 829 4032 hanc
858 3976 964 4036 illis
996 3977 1287 4047 Epistolam
1317 3978 1479 4033 misit.

2801 3360 3117 3401 EXPOSITIO.

2234 3483 2520 3554 Postquam
2551 3499 2644 3540 eos
2676 3485 3004 3542 sufﬁcienter
3033 3487 3284 3543 instruxit
3320 3488 3377 3544 in
3413 3505 3599 3562 pugna
3630 3506 3762 3561 per-

2160 3579 2489 3640 secutorum,
2526 3574 2961 3629 commendando
2991 3591 3211 3646 semper
3238 3592 3361 3632 cum
3378 3578 3639 3648 patientia
3659 3580 3761 3634 hu-

2159 3658 2460 3725 militatem,
2512 3660 2724 3716 instruit
2750 3677 2845 3716 eos
2885 3663 2941 3716 in
2978 3663 3084 3717 alia
3113 3680 3318 3737 pugna,
3352 3682 3513 3737 quam
3552 3666 3761 3723 infere-

2158 3746 2289 3801 bant
2315 3747 2420 3801 illis
2451 3749 2931 3818 pseudodoetores,
2985 3751 3342 3821 deprimendo
3389 3754 3471 3809 eis
3498 3754 3678 3826 legem
3709 3763 3765 3811 et

2158 3835 2466 3890 extollendo
2514 3834 2696 3892 fidem.
2748 3836 2916 3906 Quasi
2962 3839 3209 3895 diceret:
3243 3841 3392 3897 Sicut
3432 3857 3529 3898 vos
3574 3844 3757 3912 docui,

2156 3923 2421 3992 patientes
2450 3932 2503 3978 et
2532 3925 2765 3980 humiles
2797 3935 2970 3983 estote
2997 3929 3063 3983 ad
3091 3938 3472 3999 persecutores
3497 3950 3510 3997 ;
3544 3931 3612 3987 de
3643 3949 3758 3989 cce-

2159 4015 2295 4077 tero,
2329 4011 2382 4064 id
2413 4020 2496 4066 est
2525 4012 2593 4067 de
2613 4013 2722 4067 alia
2752 4030 2938 4086 pugna
2968 4031 3129 4087 quam
3159 4018 3315 4072 vobis
3345 4018 3579 4073 inferunt
3594 4035 3759 4090 pseu-

1070 4128 1293 4185 CAPUT
1337 4129 1435 4183 In.
2156 4097 2247 4164 do,
2281 4099 2352 4155 ita
2372 4116 2468 4155 vos
2496 4100 2725 4167 instruo,
2760 4102 2953 4158 fratres
2992 4104 3119 4170 mei,
3150 4106 3387 4176 gaudete
3416 4108 3478 4162 in
3498 4109 3753 4176 Domino,

2154 4185 2209 4239 id
2240 4195 2321 4242 est
2370 4204 2438 4242 ne
2487 4189 2741 4259 quieratis
2780 4192 3043 4263 gaudium
3086 4192 3235 4259 alibi,
3285 4194 3424 4250 sicut
3477 4194 3554 4249 illi
3612 4196 3756 4252 male

530 4284 550 4307 ’ί
590 4262 668 4315 De
689 4268 910 4327 οωιθτο,
938 4259 1128 4315 fratres
1156 4261 1280 4327 mel:
1315 4262 1548 4332 gaUdele
1580 4263 1636 4317 in
1665 4265 1915 4321 Ι)οῐῐιίῐ10-
1940 4267 2053 4321 Ea-
2073 4340 2118 4351 ᾳ
2153 4274 2350 4330 docent
2379 4276 2433 4329 in
2482 4259 2813 4333 carnalibus:
2862 4279 2970 4335 Sed
3014 4295 3175 4335 omne
3224 4283 3483 4351 gaudium
3512 4292 3756 4339 vestrum

458 4372 478 4395 α
516 4348 641 4403 dem
672 4348 828 4403 vobis
858 4350 1101 4405 scribere
1130 4350 1261 4404 mihi
1294 4351 1514 4421 quidem
1545 4368 1655 4407 non
1684 4352 1921 4424 pigrum,
1956 4340 2126 4409 vo-D
2153 4364 2336 4434 ροηίιρ
2385 4364 2439 4417 in
2488 4365 2739 4421 Domino,
2791 4368 2911 4437 [pse
2979 4368 3125 4423 enim
3166 4369 3313 4425 solus
3375 4371 3653 4441 jusliﬁcat’
3702 4382 3757 4429 ει

456 4458 477 4481 α
515 4436 597 4489 his
628 4444 808 4490 autem
853 4437 1245 4493 necessarium.
1281 4439 1471 4494 Videte
1501 4455 1688 4507 canes,
1731 4442 1907 4497 videte
1930 4460 2052 4498 ma-
2154 4451 2284 4505 nihil
2328 4468 2516 4507 eorum
2558 4455 2628 4508 ad
2657 4454 2762 4510 hoc
2790 4436 3012 4525 prodest
3042 4473 3161 4528 quae
3191 4436 3489 4528 praedicant
3517 4461 3749 4531 pseudo.

456 4544 479 4573 α
516 4522 598 4578 los
640 4523 941 4593 operarios,
995 4525 1176 4581 videte
1205 4526 1592 4582 concisionem.
1628 4529 1741 4583 Nos
1770 4530 1915 4584 enim
1954 4548 2052 4585 su-
2153 4539 2441 4610 Propterea
2493 4556 2603 4595 non
2653 4542 2707 4596 in
2750 4544 3077 4611 carnalibus,
3125 4546 3223 4600 sed
3271 4548 3505 4619 gaudete
3549 4549 3606 4603 in
3635 4550 3752 4605 Do-

455 4634 476 4659 '
510 4628 628 4666 mus
685 4612 1045 4678 θίνουῐηοίείον
1111 4614 1202 4684 (ἰοί
1249 4614 1443 4684 Spiritu
1480 4616 1747 4671 εθννίῐηιιε
1803 4617 1939 4683 θεον
2000 4627 2053 4674 et
2151 4628 2321 4682 mino.
2352 4629 2417 4682 Et
2438 4637 2495 4683 ut
2515 4628 2756 4701 gaudere
2778 4632 2962 4687 sciatis
2993 4632 3047 4687 in
3078 4634 3489 4701 Domino,mihi
3524 4638 3747 4708 quidem

454 4723 475 4747 α
514 4699 815 4773 gloriamur
857 4700 909 4754 in
942 4702 1158 4757 Christo
1186 4702 1335 4767 Jesu,
1380 4711 1431 4756 et
1475 4718 1582 4757 non
1614 4704 1875 4793 inicarne
1907 4705 2050 4761 fidu-
2150 4716 2239 4785 qui
2269 4699 2551 4787 promptus
2583 4735 2703 4773 sum
2751 4727 2804 4774 et
2851 4720 3086 4793 diligens
3124 4722 3194 4777 ad
3232 4699 3643 4780 instructior-lem
3683 4724 3754 4780 ﬁ-

455 4810 476 4838 ι
512 4789 652 4843 ciam
702 4789 983 4855 habentes,
1032 4805 1339 4861 quanquam
1384 4800 1438 4845 et
1467 4807 1571 4861 ego
1612 4792 1845 4848 habeam
1874 4794 2049 4849 confi-
2149 4803 2363 4867 liorum,
2400 4823 2515 4860 non
2553 4814 2637 4861 est
2694 4808 2919 4878 pigrum
2942 4789 2976 4875 ί
3010 4810 3157 4881 quod
3201 4811 3453 4867 fortassis
3500 4821 3752 4883 repetere

454 4899 473 4921 ιι
512 4876 749 4930 dentiam
782 4876 838 4930 in
868 4892 1054 4931 carne.
1088 4878 1143 4932 Si
1193 4878 1314 4949 quis
1354 4878 1492 4933 alius
1524 4879 1733 4935 videtur
1776 4883 2048 4939 confidere
2146 4892 2359 4963 pigeret
2387 4894 2521 4949 alios
2552 4910 2662 4949 non
2691 4876 2855 4967 Ῐοάυί,
2891 4876 3066 4952 νει-δῇ
3096 4898 3237 4953 enim
3285 4900 3393 4955 οίίο
3424 4916 3457 4954 θ,
3486 4902 3751 4957 memoria

453 4983 475 5011 ι
513 4963 564 5016 in
594 4979 776 5029 carne,
809 4980 915 5036 ego
945 4965 1119 5037 magis
1149 4966 1505 5022 circumcisus
1527 4978 1718 5024 octavo
1751 4971 1839 5026 die
1869 4988 1933 5026 ex
1952 4989 2049 5043 ge-
2147 4980 2520 5047 elaberentur;
2544 4983 2638 5037 sed
2660 4984 2900 5040 scribere
2930 4986 3097 5052 vobis,
3122 4995 3178 5042 ut
3200 4997 3455 5044 manente
3486 4990 3752 5061 scriptura

454 5072 474 5098 ι
504 5067 638 5105 nere
670 5052 859 5116 Israel,
895 5053 962 5107 de
1012 5054 1151 5107 tribu
1200 5055 1496 5122 Benjamin,
1526 5057 1786 5112 Hebraeus
1819 5076 1885 5113 ex
1934 5061 2046 5115 He-
2145 5066 2407 5136 perduret
2454 5069 2509 5122 in
2552 5071 2707 5124 vobis
2752 5072 3099 5128 traditionum
3165 5091 3411 5131 mearum
3462 5078 3746 5145 memoria,

452 5161 472 5188 ε
504 5138 684 5204 brzeis,
719 5142 1013 5195 secundum
1037 5141 1217 5212 legem
1252 5143 1556 5199 Pharisaeus
1590 5146 1733 5213 (Act.
1777 5163 1941 5212 χχιιι,
1968 5149 2042 5220 6),
2143 5154 2274 5208 mihi
2305 5171 2415 5210 non
2443 5156 2680 5229 pigrum.
2723 5160 2870 5214 Vobis
2902 5166 3096 5217 autem
3117 5166 3638 5221 eratnecessarium
3659 5183 3748 5222 me

451 5248 472 5277 ι
512 5227 814 5282 secundum
871 5230 1271 5285 aamulationem
1330 5248 1670 5304 persequens
1743 5236 2043 5292 Ecclesiam
2143 5257 2252 5295 non
2297 5227 2525 5316 pigere,
2549 5247 2647 5301 sed
2692 5246 2954 5304 scribere.
3007 5251 3074 5306 Ut
3127 5259 3305 5307 autem
3364 5253 3650 5325 gaudeatis
3689 5254 3748 5310 in

448 5337 470 5367 ι
506 5315 628 5383 Dei,
662 5316 961 5372 secundum
990 5317 1253 5386 justitiam
1285 5336 1406 5409 qua;
1436 5321 1493 5375 in
1535 5321 1659 5393 lege
1690 5330 1771 5377 est
1810 5340 2042 5380 conver—
2142 5315 2393 5398 Domino,
2428 5334 2610 5390 videte
2638 5351 2827 5402 canes,
2861 5336 2915 5392 id
2944 5346 3023 5393 est
3046 5340 3327 5409 providete
3350 5315 3505 5397 vvobis
3536 5342 3607 5397 ab
3634 5343 3743 5400 illis

447 5425 469 5453 α
506 5412 657 5459 satus
690 5404 806 5461 sine
842 5404 1083 5461 264
1103 5407 1345 5476 querela.
1380 5408 1489 5464 Sed
1522 5426 1643 5480 qua:
1664 5410 1794 5465 mihi
1824 5410 2046 5467 fuerunt
2140 5419 2371 5486 pseudo,
2395 5422 2485 5492 qui
2523 5438 2764 5496 congrue
2794 5441 2958 5482 canes
2988 5404 3265 5484 dicuntur.
3304 5428 3443 5497 Quia
3474 5430 3612 5487 sicut
3642 5446 3743 5487 ca-

446 5513 467 5541 ι
504 5493 673 5557 lucra,
706 5495 820 5549 haec
865 5494 1158 5549 arbitratus
1206 5513 1324 5550 sum
1381 5506 1601 5568 propter
1654 5499 1923 5554 Christum
1953 5501 2043 5557 de-
2140 5505 2226 5559 nis
2255 5508 2324 5573 ei,
2358 5525 2518 5579 quem
2551 5493 2735 5567 videre
2762 5515 3067 5582 consuevit,
3088 5493 3369 5589 applaudit
3398 5519 3564 5575 etiam
3586 5520 3631 5575 si
3652 5519 3746 5577 ille
