3960 6050
136 185 243 237 365

733 181 1113 239 EXPOSITIO
1153 181 1227 237 IN
1264 178 1645 237 EPISTOLAS
1684 178 1909 234 PAULI.
1938 210 2006 221 —
2036 180 2110 237 IN
2146 182 2364 238 EPIST.
2406 181 2499 238 AD
2539 182 2828 237 PHILIPP.

3333 182 3436 235 366

138 308 323 363 veniat
350 307 418 361 ad
447 307 877 363 destructionem
916 308 1130 376 domus,
1161 306 1249 362 vel
1282 307 1349 360 ad
1406 303 1744 359 interfectio-
1764 305 1820 365 Α
1847 314 2125 375 parentem
2154 308 2223 361 de
2253 307 2437 375 Israel,
2481 307 2780 363 secundum
2809 305 3038 361 alterum
3066 304 3134 359 de
3182 304 3436 376 gentibus

139 412 271 451 nem
302 396 419 462 sui;
454 396 560 450 illis
592 404 773 450 autem
821 411 957 467 quos
998 412 1107 450 non
1162 394 1444 451 consuevit
1496 392 1740 457 oblatrat,

142 485 305 539 etiam
339 485 383 537 si
414 484 491 537 illi
521 485 745 539 veniant
775 492 832 537 ut
860 492 1088 554 pascant
1120 500 1264 551 eum,
1307 482 1392 537 vel
1423 482 1491 535 ad
1541 480 1745 534 utilita—

142 580 255 627 tem
285 573 478 626 domus
514 586 525 626 :
561 573 639 627 sic
669 572 756 626 isti
786 573 996 642 pseudo
1018 572 1327 628 carnalibus
1359 586 1496 641 quos
1517 584 1747 624 consue-

142 669 359 727 verunt,
384 661 738 730 applaudunt,
764 660 887 715 licet
918 661 987 713 sit
1018 661 1070 713 in
1102 662 1205 715 hoc
1246 668 1298 714 et
1356 673 1503 712 mors
1561 672 1748 711 eorum

140 756 195 803 et
225 748 525 803 destructio
555 749 771 813 domus,
801 748 855 803 id
879 756 961 803 est
982 748 1275 813 Ecclesiae;
1301 745 1750 817 praedicatoribus

143 844 327 891 autem
385 837 624 892 veritatis
680 837 972 902 oblatrant,
1046 835 1407 903 solummodo,
1470 834 1597 905 quia
1640 848 1750 887 non

142 932 548 981 consueverunt
579 924 631 978 in
664 925 780 979 istis
837 925 929 995 qui
959 931 1139 979 tamen
1196 924 1415 980 veniunt
1445 922 1514 977 ad
1570 920 1748 977 viviti-

140 1014 384 1068 candum
406 1030 523 1080 eos,
556 1020 609 1067 et
636 1013 704 1067 ad
735 1012 1151 1068 ardiﬁcationem
1196 1013 1392 1067 domus
1424 1009 1543 1065 Dei.
1575 1010 1645 1062 Et
1682 1008 1751 1062 de

140 1101 457 1170 hujusmodi
502 1101 713 1171 pseudo
762 1101 835 1154 ait
868 1118 881 1154 :
918 1098 1109 1156 Videte
1141 1116 1303 1155 canes
1361 1098 1752 1169 applaudentes

144 1198 423 1245 consuetae
455 1190 776 1255 carnalitati,
821 1188 1160 1244 oblatrantes
1198 1187 1430 1243 insolita:
1461 1184 1753 1257 spirituali-

146 1279 239 1333 tati
279 1296 293 1332 :
328 1277 525 1349 quibus
573 1293 682 1333 non
715 1276 909 1333 suﬂicit
956 1276 1333 1333 contradicere
1388 1274 1620 1342 veritati,
1655 1273 1753 1328 sed

147 1368 313 1423 etiam
346 1374 471 1421 sunt
507 1366 641 1421 mali
689 1366 925 1436 operarii
981 1365 1481 1437 superseminantes
1526 1362 1749 1427 zizania,

146 1464 199 1511 et
221 1457 326 1511 hos
356 1456 538 1512 malos
560 1455 844 1526 operarios
873 1454 1070 1518 videte,
1105 1470 1173 1508 ne
1204 1453 1343 1508 falsa
1379 1451 1628 1507 doctrina
1659 1466 1751 1504 se-

148 1546 351 1600 ducant
379 1559 498 1599 vos.
539 1543 723 1600 Videte
754 1542 915 1597 etiam
947 1558 1046 1598 vos
1086 1542 1309 1597 eosdem
1355 1541 1749 1605 concisionem,

148 1632 242 1704 qui
275 1632 414 1687 sicut
442 1630 665 1688 concisa
722 1629 978 1701 pellicula
1034 1645 1237 1685 casum
1293 1629 1494 1682 habent
1533 1642 1825 1713 corpus,B

149 1722 230 1776 sic
262 1736 482 1775 omnem
513 1718 856 1775 intellectum
878 1734 1075 1773 caesum
1099 1726 1152 1772 et
1181 1725 1493 1788 separatum
1552 1715 1755 1769 habent

150 1825 182 1864 a
214 1810 385 1864 bono.
419 1808 525 1875 Qui
555 1824 663 1862 non
696 1806 871 1862 solum
904 1806 1111 1863 concisi
1144 1813 1285 1870 sunt,
1321 1805 1417 1859 sed
1442 1802 1603 1859 etiam
1634 1810 1759 1856 sunt

150 1897 397 1953 concisio
429 1897 659 1951 aliorum
692 1912 828 1967 quos
886 1894 1170 1950 seducunt.
1212 1895 1355 1949 Vere
1387 1892 1462 1947 illi
1510 1891 1758 1947 carnales

149 1993 277 2040 sunt
307 1985 570 2048 concisio,
601 2000 737 2039 nam
768 2001 868 2041 nos
916 1982 1222 2053 spirituales
1269 1981 1371 2035 soli
1416 1996 1612 2036 sumus
1642 1981 1758 2034 cir-

149 2074 444 2139 cumcisio,
462 2072 516 2126 id
533 2080 635 2137 est,
654 2070 959 2141 puriﬁcatio
976 2070 1214 2126 265
1228 2112 1242 2136 ,
1261 2069 1315 2124 id
1334 2076 1433 2133 est,
1453 2084 1563 2123 non
1583 2067 1759 2121 solum

154 2159 449 2232 puriﬁcati,
499 2160 597 2214 sed
642 2159 804 2214 etiam
853 2159 1099 2214 doctrina
1158 2166 1211 2214 et
1266 2156 1515 2227 exemplo
1572 2170 1760 2210 sumus

154 2250 394 2305 aliorum
426 2248 751 2319 puriﬁcatio.
798 2247 1048 2303 Abscisio
1093 2246 1236 2302 enim
1276 2245 1419 2300 illius
1474 2244 1762 2315 superﬂua:

154 2337 433 2409 pelliculas
493 2336 709 2409 signum
784 2343 893 2390 erat
950 2334 1131 2390 omnia
1188 2333 1465 2403 superflua
1523 2333 1762 2387 circum—

154 2426 389 2483 cidenda
421 2441 544 2481 esse
575 2441 603 2477 a
633 2424 817 2479 corde.
860 2423 943 2478 Illi
971 2438 1100 2479 vero
1133 2422 1351 2478 concisa
1381 2420 1637 2492 pellicula
1667 2436 1765 2476 cor

155 2515 363 2569 habent
390 2512 831 2569 incircumcisum
861 2527 872 2565 :
906 2527 1008 2567 nos
1054 2526 1187 2567 vero
1218 2527 1333 2566 rem
1380 2517 1648 2575 tenentes,
1710 2507 1765 2561 id

155 2611 239 2658 est
296 2601 763 2657 circumcisionem
818 2600 1018 2666 cordis,
1058 2599 1305 2654 umbram
1359 2614 1547 2654 eorum
1584 2595 1764 2667 negli-

153 2691 360 2762 gimus.

236 2780 377 2845 Nos,
412 2778 651 2849 inquam,
702 2793 898 2833 sumus
946 2776 1323 2842 circumcisio,
1355 2775 1451 2847 qui
1494 2775 1767 2830 servimus

158 2869 285 2933 Deo,
310 2883 423 2922 non
468 2866 524 2920 in
553 2882 713 2922 carne
744 2882 864 2937 quae
882 2865 990 2921 vile
1020 2865 1149 2936 quid
1185 2871 1286 2929 est,
1312 2864 1408 2918 sed
1443 2862 1499 2916 in
1531 2860 1769 2932 digniori

158 2965 335 3027 parte,
362 2955 568 3010 scilicet
596 2955 650 3008 in
680 2956 933 3026 spiritu;
964 2960 1226 3024 quantum
1276 2952 1419 3007 enim
1453 2950 1769 3022 spiritalitas

160 3043 487 3115 praeeminet
515 3042 833 3110 carnalitati,
868 3049 1074 3096 tantum
1107 3040 1342 3096 servitus
1362 3046 1547 3095 nostra
1576 3054 1767 3093 eorum

159 3131 409 3188 servituti
442 3146 455 3185 :
487 3131 750 3186 servimus
778 3130 894 3184 Deo
925 3130 980 3183 in
1024 3129 1232 3199 spiritu,
1267 3132 1322 3184 et
1345 3129 1658 3199 gloriamur
1703 3128 1767 3181 in

163 3222 388 3277 Christo
418 3220 567 3284 Iesu,
585 3219 642 3273 id
672 3225 772 3284 est,
813 3217 1058 3272 Christus
1078 3218 1237 3272 Jesus
1268 3224 1351 3271 est
1379 3216 1553 3288 gloria
1582 3222 1769 3269 nostra

162 3317 211 3365 et
231 3308 496 3381 gaudium
529 3314 796 3372 nostrum,
830 3314 881 3360 et
910 3306 1061 3360 nulla
1084 3305 1260 3378 gloria
1289 3303 1520 3358 nobisin
1543 3302 1667 3357 alio.
1691 3302 1771 3356 Ita

160 3398 461 3469 gloriamur
490 3396 544 3449 in
574 3395 789 3450 Christo
832 3395 962 3449 Jesu
986 3436 998 3459 ,
1044 3409 1154 3448 non
1213 3393 1389 3449 dicam
1420 3399 1475 3447 ut
1506 3407 1614 3447 non
1647 3390 1771 3462 glo-

158 3488 367 3541 riemur
397 3484 451 3539 in
482 3500 666 3549 carne,
703 3483 803 3539 sed
837 3482 999 3537 etiam
1029 3498 1145 3539 non
1177 3482 1446 3537 habentes
1475 3478 1763 3535 vel‘mini-

161 3591 308 3629 mam
339 3573 612 3641 ﬁduciam
656 3572 720 3626 in
760 3587 955 3635 carne,
988 3570 1043 3625 id
1095 3578 1178 3625 est
1205 3570 1261 3624 in
1307 3568 1618 3626 carnalibus
1651 3583 1772 3639 quae

165 3664 415 3718 suadent.
452 3661 707 3715 Dicerent
738 3658 816 3713 illi
851 3674 863 3712 :
897 3659 1165 3713 Fortassis
1200 3673 1303 3714 nec
1335 3657 1429 3711 tibi
1470 3664 1615 3712 esset
1630 3655 1775 3710 unde

165 3751 473 3808 conﬁderes
504 3749 560 3803 in
603 3764 764 3803 carne
786 3765 798 3801 :
817 3748 957 3802 Nam
980 3764 1058 3813 se,
1104 3755 1208 3802 etc.
1253 3746 1336 3801 Ad
1364 3746 1482 3801 haec
1501 3745 1621 3800 ille:
1652 3745 1776 3799 Non

165 3841 437 3896 erubesco
453 3837 540 3892 vel
560 3835 774 3892 conﬁdo
787 3836 841 3890 in
867 3851 1052 3903 carne,
1069 3852 1391 3908 quanquam
1403 3850 1498 3905 ego
1520 3834 1771 3899 habeam,

162 3929 215 3983 id
233 3936 317 3983 est
349 3926 557 3981 habere
588 3940 830 3995 possem,
885 3922 1296 3992 conﬁdentiam
1337 3924 1385 3977 si
1416 3938 1524 3994 qua
1557 3920 1778 3977 essetin

165 4032 360 4073 carne.
394 4015 514 4085 Ego
546 4013 731 4084 utique
746 4012 1005 4068 haberem
1022 4010 1424 4079 confidentiam,
1444 4010 1489 4064 si
1508 4025 1612 4080 qua
1632 4016 1776 4064 esset

165 4100 223 4159 in
256 4119 423 4160 carne
455 4121 470 4169 ;
504 4117 631 4156 nam
661 4103 709 4156 si
739 4104 861 4173 quis
906 4090 1129 4158 videtur
1161 4099 1439 4168 conﬁdere
1473 4099 1535 4153 in
1558 4112 1731 4153 carne
1757 4114 1775 4150 :

168 4193 281 4263 (hic
311 4192 437 4247 dico
483 4192 651 4258 alius,
701 4189 757 4244 id
785 4197 867 4244 est
915 4189 1080 4261 longe
1127 4188 1374 4244 diversus
1404 4203 1433 4241 a
1463 4202 1571 4252 me,
1607 4184 1775 4256 quiin

170 4281 386 4337 Christo
416 4287 621 4333 tantum
646 4276 885 4347 conﬁdo)
903 4294 999 4348 ego
1017 4278 1203 4349 utique
1220 4278 1397 4347 magis
1427 4275 1518 4330 illo
1542 4274 1596 4328 in
1615 4288 1775 4329 carne

1847 403 1903 448 ut
1925 396 2117 461 David,
2151 396 2240 468 qui
2272 397 2567 451 secundum
2602 396 2824 451 alteram
2868 403 3073 465 partem
3104 394 3202 448 fuit
3243 394 3311 447 de
3344 410 3442 465 ge-

1849 499 1981 537 nere
2010 485 2171 539 Ruth.
2199 485 2426 539 Gentilis
2450 485 2573 539 ideo
2605 484 2755 538 addit
2782 491 2940 537 natus
2973 484 3039 539 de
3069 483 3219 537 tribu
3248 484 3445 553 Benja-

1848 572 2185 643 mini;quia
2215 573 2409 627 iterum
2467 573 2682 643 quidam
2738 572 2805 626 de
2838 571 3115 639 Benjamin
3171 570 3239 624 ad
3296 569 3443 624 idola

1850 660 1990 731 lapsi
2020 670 2159 727 sunt,
2194 660 2445 731 apposuit
2466 662 2720 715 Hebraeus
2750 667 2907 714 natus
2929 675 3044 713 sum
3076 676 3149 713 ex
3177 660 3438 713 Hebraeis.

1850 749 1946 805 Fui
1979 749 2139 803 eti'am
2173 749 2514 814 Pharisaaus,
2546 748 2601 801 id
2630 756 2711 803 est
2733 747 2989 820 egregius
3010 747 3320 802 secundum
3362 748 3445 802 le-

1850 854 1994 907 gem,
2028 846 2081 891 et
2106 853 2207 907 per
2228 837 2577 891 intellectum.
2612 844 2663 890 et
2692 852 2792 906 per
2825 835 3241 905 completionem
3270 835 3436 907 legis.

1853 926 2061 979 Phares
2084 925 2281 980 divisio
2302 924 2463 991 ;inde
2486 925 2789 979 Pharisaeus
2811 925 3039 989 aivisus,
3066 924 3189 994 quia
3212 921 3449 993 separati

1852 1021 2008 1067 erant
2036 1030 2064 1066 a
2096 1012 2318 1083 populo,
2353 1012 2562 1084 egregii
2590 1012 2645 1065 in
2675 1012 2819 1084 lege,
2838 1012 3111 1067 intellectu
3132 1020 3183 1067 et
3199 1020 3446 1066 contem-

1851 1101 2113 1171 platione.
2140 1101 2234 1155 Fui
2256 1101 2418 1156 etiam
2438 1117 2774 1173 persequens
2794 1101 3101 1156 Ecclesium
3122 1101 3223 1155 Dei
3239 1116 3445 1155 secun-

1854 1190 1988 1245 dum
2012 1190 2454 1254 mulationem,
2488 1188 2543 1242 id
2573 1196 2655 1243 est
2675 1197 2899 1259 propter
2929 1188 3099 1243 zelum
3122 1196 3175 1244 et
3196 1188 3446 1245 dilectio-

1852 1294 1979 1333 nem
2008 1276 2367 1332 del‘endendze
2396 1277 2554 1347 legis.
2590 1278 2660 1332 Ut
2690 1277 2939 1332 omnibus
2968 1277 3074 1331 illis
3094 1277 3147 1331 in
3164 1277 3287 1348 lege
3306 1294 3448 1349 prae-

1852 1366 1993 1421 latus
2026 1382 2147 1421 esse
2177 1366 2383 1431 videar,
2408 1370 2771 1421 conversatus
2796 1381 2916 1420 sum
2946 1367 3009 1421 in
3035 1366 3147 1437 lege
3168 1368 3289 1421 sine
3311 1383 3447 1437 que-

1855 1456 2007 1523 rela;
2038 1455 2116 1510 sic
2146 1454 2291 1510 enim
2329 1470 2417 1509 me
2447 1454 2661 1509 servavi
2690 1454 2837 1525 quod
2865 1470 3026 1509 nemo
3057 1454 3124 1509 de
3156 1470 3243 1509 me
3279 1454 3454 1524 potuit

1853 1543 2137 1615 conqueri.
2186 1543 2319 1599 Sine
2362 1544 2591 1614 querela
2630 1542 2751 1597 dico
2794 1542 3104 1598 secundum
3128 1543 3446 1614 justitiam,

1854 1648 1963 1686 non
2008 1647 2127 1703 quae
2160 1645 2290 1685 vera
2318 1638 2426 1699 est,
2461 1630 2558 1684 sed
2585 1646 2710 1686 eam
2740 1648 2863 1702 quae
2898 1635 2981 1686 est
3008 1631 3072 1686 in
3102 1632 3237 1702 lege,
3288 1648 3453 1702 quam

1854 1721 2018 1776 homo
2049 1719 2178 1773 satis
2217 1726 2397 1789 potest
2437 1718 2650 1787 operari
2678 1734 2779 1789 per
2817 1734 2896 1773 se.
2948 1718 3286 1774 Abscindere
3308 1720 3451 1774 enim

1854 1807 2167 1878 pelliculam
2197 1806 2361 1873 illam,
2394 1813 2639 1862 mactare
2668 1806 2898 1875 hircum,
2930 1813 2979 1861 et
3009 1807 3336 1875 hujusmodi,
3371 1806 3452 1862 fa-

1857 1896 1961 1952 cile
1993 1895 2218 1967 quilibet
2241 1901 2419 1965 potest
2439 1894 2672 1965 operari.
2696 1896 2762 1949 Et
2785 1894 2911 1965 quia
2929 1902 3109 1949 tantus
3136 1894 3190 1949 in
3212 1895 3335 1966 lege
3356 1895 3451 1965 fui,

1860 1984 1904 2039 si
1936 2000 2043 2055 qua
2074 1984 2127 2037 in
2160 1998 2323 2038 carne
2352 1982 2526 2054 gloria
2557 1990 2722 2048 esset,
2746 1982 2881 2037 nulli
2909 1984 3080 2052 major
3117 1998 3281 2055 quam
3302 1983 3453 2050 mihi,

1861 2080 1971 2127 tam
2001 2072 2368 2143 praeeminens
2398 2070 2453 2124 in
2482 2070 2605 2142 lege
2637 2070 2739 2137 fui;
2772 2072 2867 2127 sed
2889 2078 3072 2126 tamen
3092 2087 3157 2127 ea
3178 2088 3301 2144 qua:
3332 2080 3456 2127 ante

1860 2161 2089 2234 gratiam
2110 2162 2351 2231 fuerunt
2382 2159 2527 2214 mihi
2558 2160 2747 2227 lucra;
2777 2158 2987 2214 lucrum
3018 2159 3160 2214 enim
3182 2167 3296 2214 erat
3327 2176 3459 2232 ope-

1866 2250 1979 2305 rari
2008 2247 2238 2321 ﬁguras,
2269 2247 2399 2302 dum
2430 2248 2607 2303 adhuc
2635 2255 3039 2318 exspectaretur
3059 2248 3279 2304 veritas.

1932 2339 2057 2392 Haec
2086 2336 2269 2407 utique
2296 2335 2442 2406 prius
2481 2336 2651 2403 lucra,
2671 2336 2836 2391 modo
2865 2337 3178 2393 arbitratus
3214 2353 3339 2392 sum
3360 2337 3461 2395 de-

1868 2426 2168 2491 trimenta,
2200 2425 2255 2480 id
2286 2432 2368 2480 est
2388 2440 2579 2479 verum
2624 2424 2826 2479 bonum
2870 2424 3206 2480 destruentia
3232 2430 3463 2498 propter

1868 2513 2153 2569 Christum
2196 2512 2630 2583 amplexandum.
2693 2511 2943 2580 Quandiu
2972 2512 3117 2568 enim
3172 2513 3227 2567 in
3268 2514 3465 2570 umbra

1866 2618 2065 2670 essem,
2098 2616 2318 2673 corpus,
2353 2600 2409 2655 id
2449 2608 2531 2655 est
2571 2599 2869 2670 Christum,
2900 2617 3009 2656 non
3041 2602 3466 2673 comprehende-

1866 2708 2000 2747 rem.
2038 2690 2147 2746 Sed
2193 2690 2319 2745 licet
2361 2690 2538 2745 dicam
2566 2697 2789 2760 propter
2835 2688 3105 2744 Christum
3135 2691 3254 2748 haec
3280 2700 3465 2748 vetera

1866 2796 1955 2835 me
1978 2778 2280 2847 dimisisse,
2317 2783 2709 2835 verumtamen
2758 2785 2816 2832 ut
2856 2778 2995 2834 hanc
3024 2795 3267 2848 causam,
3298 2780 3354 2835 id
3384 2787 3468 2836 est

1869 2867 2164 2936 Christum,
2191 2867 2402 2936 sileam,
2428 2868 2697 2923 existimo
2716 2882 2820 2937 ego
2841 2869 3034 2923 omnia
3068 2885 3182 2924 esse
3215 2868 3467 2925 decentia

1869 2973 2058 3012 verum
2081 2956 2281 3011 bonum
2303 2955 2643 3011 solummodo
2661 2959 2893 3027 propter
2908 2956 3256 3012 eminentem
3286 2958 3468 3013 scien-

1871 3046 2016 3102 tiam
2034 3060 2194 3116 quam
2221 3044 2383 3100 modo
2411 3043 2467 3098 in
2490 3043 2783 3114 Scripturis
2816 3052 3099 3099 assecutus
3133 3060 3273 3099 sum.
3315 3044 3469 3100 Prius

1868 3134 2014 3187 enim
2050 3132 2180 3187 dum
2211 3147 2358 3188 eram
2397 3132 2453 3187 in
2482 3132 2626 3203 lege,
2657 3131 2881 3187 videbar
2932 3132 3138 3189 habere
3185 3132 3469 3189 scientiam

1866 3221 2025 3292 legis,
2060 3236 2223 3291 quam
2252 3220 2308 3274 in
2356 3219 2585 3275 veritate
2631 3235 2741 3275 non
2787 3219 3084 3287 habebam;
3117 3221 3216 3276 sed
3245 3222 3471 3280 veniens

1839 3310 1937 3364 -ad
1968 3308 2244 3364 Christum
2266 3352 2279 3369 .
2316 3317 2443 3363 tunc
2470 3308 2705 3378 primum
2749 3307 2911 3362 habui
2957 3324 3143 3365 veram
3190 3311 3470 3367 scientiam

1872 3396 2277 3467 Scripturarum
2310 3396 2473 3468 longe
2522 3395 2849 3451 eminentem
2878 3395 2955 3450 illi
2986 3414 3149 3468 quam
3186 3399 3340 3469 prius
3366 3402 3470 3455 ha-

1872 3486 2005 3540 bere
2027 3484 2274 3556 putabar.
2324 3485 2637 3540 Scientiam
2681 3484 2804 3540 dico
2833 3486 2963 3541 Iesu
3004 3485 3211 3542 Christi
3244 3489 3475 3544 Domini

1873 3575 2011 3639 mei,
2046 3573 2101 3627 id
2130 3581 2213 3628 est
2242 3588 2403 3644 quam
2430 3573 2590 3628 Jesus
2645 3573 2892 3628 Christus
2920 3573 3262 3629 venientibus
3309 3576 3381 3631 ad
3411 3593 3471 3633 se

1876 3661 2172 3717 distribuit.
2199 3660 2512 3717 Secundum
2542 3662 2909 3728 Ambrosium,
2940 3678 3123 3718 amore
3142 3671 3321 3718 motus
3350 3666 3469 3720 Do-

1874 3750 2080 3805 minum
2111 3766 2266 3804 suum
2286 3749 2440 3805 dixit.
2475 3752 2714 3822 Propter
2735 3768 2897 3823 quem
2927 3751 3198 3806 Christum
3219 3767 3472 3824 compre-

1874 3838 2223 3895 hendendum
2252 3854 2362 3893 non
2392 3838 2566 3894 solum
2595 3838 2885 3894 arbitratus
2902 3856 3041 3906 sum,
3067 3840 3165 3895 sed
3178 3841 3337 3896 etiam
3357 3842 3473 3913 feci

1876 3927 2055 3982 videri
2114 3926 2233 3982 aliis
2264 3970 2280 3994 ,
2336 3927 2453 3982 haec
2506 3929 2700 3984 omnia
2742 3928 2980 3983 carnalia
3038 3929 3466 3986 detrimentum.

1878 4012 2121 4070 266
2162 4015 2277 4069 Nec
2308 4013 2484 4069 solum
2514 4029 2579 4069 ea
2627 4015 2874 4072 arbitror
2910 4015 3319 4086 detrimentum,
3372 4016 3469 4073 sed

1876 4102 2041 4157 etiam
2072 4105 2136 4157 ut
2173 4106 2441 4159 stercora.
2492 4100 2725 4158 Omnem
2768 4102 2913 4158 enim
2945 4104 3311 4160 adhaerentem
3364 4105 3469 4160 sibi

1875 4189 2242 4261 coinquinant,
2266 4191 2383 4244 haec
2412 4189 2535 4245 ideo
2555 4190 2784 4245 arbitror
2804 4199 3068 4261 stercora,
3093 4196 3158 4247 ut
3182 4192 3259 4248 sic
3284 4193 3466 4250 Chris-

1878 4282 2000 4334 tum
2020 4280 2232 4348 faciam
2251 4278 2472 4333 lucrum
2488 4293 2689 4344 meum,
2715 4279 2837 4350 quia
2866 4279 3123 4335 deserens
3150 4280 3260 4351 illa,
3284 4281 3463 4339 lucror

167 4385 394 4441 possem
411 4366 709 4423 conﬁdere.
744 4367 912 4436 Magis
952 4365 1096 4431 ideo,
1129 4366 1255 4437 quia
1286 4381 1379 4436 ego
1399 4362 1764 4419 circumcisus
1794 4362 1847 4421 D
1872 4366 2288 4421 mihiChristum
2306 4366 2361 4419 in
2376 4365 2554 4421 futuro
2570 4366 2782 4438 plenius
2804 4367 3141 4437 habendum;
3160 4369 3283 4425 ideo
3306 4372 3466 4428 etiam

167 4464 367 4515 octava
386 4457 475 4511 die
492 4454 802 4510 secundum
823 4454 1029 4523 legem;
1052 4454 1141 4509 ille
1162 4452 1407 4508 fortassis
1418 4452 1528 4521 jam
1550 4449 1767 4505 adultus

171 4546 445 4601 transiens
477 4544 544 4598 ad
590 4542 943 4609 Judaismum,
976 4542 1077 4597 fuit
1122 4541 1495 4598 circumcisus.
1531 4538 1767 4593 Circum-

171 4635 309 4690 cisio
341 4649 464 4704 quae
514 4630 674 4686 ﬁebat
714 4638 905 4685 octava
934 4628 1042 4695 die,
1101 4626 1443 4699 signiﬁcabat
1484 4627 1626 4699 quod
1670 4641 1770 4696 per

166 4722 439 4791 justitiam
490 4721 642 4788 cujus
689 4719 864 4773 forma
923 4725 1037 4772 erat
1082 4716 1441 4782 circumcisio,
1498 4712 1769 4771 reversuri

171 4826 391 4866 eramus
423 4809 491 4862 ad
512 4807 660 4862 illam
690 4815 955 4871 octavam,
992 4820 1155 4875 quam
1210 4821 1310 4875 per
1367 4804 1583 4875 culpam
1635 4802 1767 4857 Adae

167 4898 531 4970 perdidimus.
567 4898 626 4950 In
656 4895 874 4967 signum
904 4894 1059 4962 cujus
1085 4902 1291 4949 octavw
1328 4893 1471 4947 diem
1525 4890 1767 4946 Domini-

169 5002 291 5043 cam
323 4986 683 5041 celebramus.
706 4984 804 5038 Hic
844 4982 987 5037 enim
1019 4982 1253 5036 mundus
1288 4998 1385 5052 per
1404 4988 1613 5051 septem
1648 4980 1768 5033 dies

173 5074 407 5131 volvitur
437 5092 451 5138 ;
485 5070 637 5126 ﬁnito
669 5078 847 5126 autem
878 5070 1101 5136 mundo,
1142 5070 1362 5140 incipiet
1408 5071 1524 5124 haec
1579 5077 1769 5125 octava

167 5180 274 5219 non
306 5162 561 5217 habitura
590 5159 752 5215 ﬁnem
781 5159 837 5213 in
893 5166 1175 5213 aeternum.
1211 5158 1349 5226 Quia
1404 5157 1766 5214 circumcide-

170 5254 370 5306 bantur
399 5258 595 5306 octava
626 5249 714 5303 die
747 5248 908 5303 etiam
935 5247 1029 5318 qui
1059 5264 1168 5302 non
1215 5255 1365 5302 erant
1394 5247 1462 5303 de
1491 5246 1676 5313 Israel,
1711 5253 1769 5300 ut

174 5340 265 5395 ﬁlii
294 5339 701 5412 proselytorum
736 5355 750 5402 ;
783 5337 905 5391 ideo
936 5335 1085 5390 addit
1112 5337 1263 5409 :Ego
1320 5337 1483 5391 etiam
1527 5352 1645 5389 sum
1702 5336 1768 5390 de

174 5446 379 5501 genere
411 5429 610 5494 Israel,
643 5426 769 5498 quia
786 5425 977 5481 iterum
991 5424 1209 5496 quidam
1222 5426 1522 5483 secundum
1539 5424 1768 5480 alterum

1866 4454 1945 4509 sic
1984 4454 2216 4509 arbitror
2245 4461 2303 4507 ut
2332 4454 2543 4509 interim
2592 4455 2721 4509 dum
2758 4456 3000 4511 nondum
3046 4458 3207 4528 plene
3254 4461 3463 4532 accipio

1866 4538 2158 4606 Christum,
2194 4539 2458 4593 inveniar
2489 4539 2793 4593 membrum
2827 4541 2889 4594 in
2917 4542 3037 4608 illo,
3072 4542 3127 4597 id
3158 4544 3310 4598 estin
3331 4560 3461 4600 cor-

1863 4642 1995 4696 pore
2025 4627 2161 4694 ejus.
2184 4627 2305 4698 Ego
2326 4626 2447 4682 dico
2464 4627 2578 4695 jam
2597 4644 2711 4683 non
2729 4628 2935 4685 habens
2948 4647 3133 4687 meam
3136 4633 3460 4703 justitiam;

1865 4730 2043 4769 meam
2092 4715 2298 4785 utique,
2325 4714 2451 4786 quia
2479 4732 2601 4787 qua:
2633 4716 2834 4784 justitia
2864 4722 2947 4773 est
2984 4735 3058 4775 ex
3108 4720 3240 4792 lege.
3276 4719 3460 4791 Opera

1865 4810 2047 4858 autem
2077 4802 2216 4873 legis
2248 4802 2473 4873 quilibet
2498 4812 2674 4874 potest
2705 4806 2955 4875 operari,
2997 4808 3202 4867 scilicet
3246 4809 3457 4864 habens

1865 4891 2013 4945 illam
2038 4890 2301 4959 justitiam
2332 4908 2454 4963 (μιαί
2485 4897 2569 4947 est
2597 4909 2672 4948 ex
2701 4894 2809 4962 ﬁde
2856 4896 2986 4950 Jesu
3017 4895 3253 4964 Christi,
3287 4897 3342 4952 id
3374 4905 3458 4953 est

1867 4994 2028 5051 quam
2078 4979 2344 5034 habemus
2373 4996 2469 5049 per
2496 4981 2601 5037 hoc
2630 4982 2775 5052 quod
2834 4982 2890 5036 in
2945 4984 3218 5038 Christum
3272 4986 3458 5041 Jesum

1867 5067 2157 5123 credimus.
2210 5067 2428 5123 Diceret
2474 5068 2564 5123 ille
2598 5086 2611 5122 :
2645 5069 2913 5124 Justitiam
2962 5071 3100 5143 legis
3144 5073 3280 5129 dicis
3337 5092 3459 5131 esse

1868 5165 2043 5223 tuam;
2074 5156 2222 5210 illam
2251 5165 2429 5212 autem
2462 5173 2583 5227 qua)
2620 5166 2702 5213 est
2732 5174 2794 5213 ex
2826 5158 2931 5213 ﬁde
2962 5160 3181 5227 Christi,
3227 5164 3457 5233 opponis

1868 5244 2025 5315 quasi
2055 5252 2137 5298 tua
2170 5260 2278 5299 non
2308 5245 2400 5298 sit.
2455 5246 2533 5299 Ita
2566 5245 2640 5300 ait
2662 5246 2858 5300 Paulus
2892 5263 2904 5302 :
2938 5248 3060 5304 Mea
3078 5265 3187 5305 non
3216 5258 3325 5316 est,
3361 5251 3457 5305 sed

1867 5333 2232 5404 qucejustitia
2270 5337 2353 5388 est
2399 5350 2472 5388 ea:
2505 5336 2629 5390 Deo.
2664 5334 2879 5390 Justitia
2908 5335 3033 5392 dico
3067 5337 3204 5394 sicut
3233 5337 3460 5392 habetur

1867 5436 1967 5492 per
2014 5420 2178 5476 ﬁdem
2213 5420 2287 5475 ita
2315 5421 2611 5491 perdurans
2666 5422 2721 5477 in
2774 5422 2906 5480 ﬁde.
2962 5424 3103 5493 Quia
3148 5426 3461 5496 opinaretur
