3960 6050
467 163 572 215 367

1030 161 1085 216 8.
1121 159 1472 216 BRUNONIS
1510 157 2154 218 CARTHUSIANORUM
2192 159 2670 215 INSTITUTORIS
2709 159 2861 215 OPP.
2904 159 3078 250 PARS
3116 161 3185 215 Π.

3651 165 3758 216 368

466 282 664 354 aliquis
707 301 720 336 :
754 284 952 338 Verum
1002 283 1219 354 quidem
1269 291 1350 338 est
1390 283 1537 354 quod
1567 299 1638 337 ex
1669 284 1783 338 Deo
1814 281 1978 346 ﬁdes,
2011 289 2063 335 et
2083 285 2136 342 Α
2165 287 2277 336 non
2308 281 2552 337 arbitror
2577 299 2666 336 mc
2691 282 3180 349 comprehendisse
3203 281 3496 350 Christum,
3532 283 3635 338 nisi
3663 300 3762 354 per

464 370 568 424 nisi
601 387 696 440 per
743 370 902 438 ﬁdem
953 387 1062 426 non
1103 379 1280 442 potest
1331 371 1518 425 haberi
1552 372 1784 439 justitia;
1828 371 1923 424 sed
1947 371 2061 438 jam

462 458 647 512 habita
669 460 902 528 justitia,
937 475 1046 514 non
1076 469 1157 514 est
1189 459 1325 513 ultra
1372 459 1677 514 necessaria
1724 457 1888 524 fides,
1938 458 2062 513 ideo

463 547 563 613 ait,
611 547 734 618 quia
765 547 902 601 sicut
943 565 1042 618 per
1089 546 1250 602 ﬁdem
1299 555 1473 602 ortum
1512 547 1674 602 habet
1713 547 1936 615 justitia,
1983 547 2061 602 sic

464 635 768 705 perdurare
790 635 951 689 habet
982 633 1184 700 inﬁde,
1210 644 1385 690 etnon
1417 635 1534 688 sine
1565 635 1676 688 illa.

534 723 677 776 Dixit
707 723 956 794 superius
987 723 1130 793 quod
1160 740 1258 792 per
1287 721 1558 776 Christum
1589 722 1888 776 habebatur
1918 721 2059 776 emi-

462 826 598 865 nens
649 810 892 878 scientia,
929 811 1091 865 etiam
1145 810 1200 863 in
1231 810 1334 864 hoc
1392 810 1619 864 mundo.
1667 811 1826 865 Nunc
1880 817 2058 864 autem

463 899 645 952 subdit
667 899 810 969 quod
837 915 936 969 per
965 914 1090 953 eum
1147 899 1415 952 habeatur
1453 898 1617 968 longe
1646 899 1823 967 major
1863 897 2058 970 cogni-

467 987 539 1041 tio
567 1005 580 1053 ;
614 987 710 1040 sed
744 987 858 1043 haec
890 987 942 1040 in
973 986 1171 1048 futuro,
1207 986 1426 1056 quando
1455 985 1742 1040 Dominum
1765 986 1931 1040 visuri
1961 1002 2057 1040 su-

460 1092 581 1129 mus
613 1075 751 1130 sicut
781 1082 881 1129 est.
906 1073 1039 1142 Quae
1063 1075 1271 1142 justitia
1292 1082 1372 1128 est
1400 1074 1460 1127 in
1492 1075 1620 1143 ﬁde.
1679 1075 1891 1128 Justitia
1935 1075 2057 1129 dico

462 1163 654 1218 valens
684 1164 755 1218 ad
775 1163 1194 1234 agnoscendum
1226 1164 1394 1217 illum
1437 1162 1492 1215 in
1536 1161 1726 1233 gloria,
1761 1163 1900 1217 sicut
1952 1170 2054 1229 est,

466 1267 573 1304 non
608 1252 746 1305 sicut
775 1251 938 1304 modo
967 1267 1065 1319 per
1091 1249 1389 1320 speculum,
1415 1258 1465 1304 et
1489 1251 1560 1304 ad
1581 1251 1854 1305 virtutem
1878 1266 2058 1304 resur-

461 1341 733 1394 rectionis
759 1341 902 1410 ejus,
937 1337 991 1390 id
1022 1345 1102 1391 est
1135 1337 1205 1391 ad
1237 1337 1634 1407 resurgendum
1667 1337 1719 1390 in
1752 1337 2060 1391 immortali-

460 1435 568 1481 tate
603 1445 616 1492 ;
649 1443 770 1497 qua:
800 1434 985 1480 nostra
1017 1425 1347 1480 resurrectio
1379 1425 1548 1479 virtus
1579 1433 1661 1479 est
1692 1426 2054 1480 resurrectio-

458 1515 543 1567 nis
574 1515 709 1581 ejus.
759 1513 1102 1568 Resurrectio
1160 1513 1302 1567 enim
1332 1514 1447 1581 ejus
1498 1514 1601 1567 hoc
1631 1511 1810 1577 efﬁcit,
1845 1522 1902 1566 ut
1953 1529 2054 1568 nos

462 1601 711 1655 similiter
754 1617 1125 1671 resurgamus.
1159 1601 1369 1654 Justitia
1412 1601 1602 1653 iterum
1632 1601 1823 1654 valens
1853 1601 1924 1654 ad
1958 1601 2053 1654 ha-
2075 1632 2126 1690 B

462 1690 692 1742 bendam
722 1691 1045 1743 societatem
1075 1690 1401 1759 passionum
1419 1689 1579 1742 illius
1601 1696 1673 1752 ut,
1712 1688 2059 1757 quemadmo-

460 1779 586 1830 dum
618 1777 710 1831 ille
742 1792 839 1846 pro
868 1776 1046 1841 nobis,
1079 1776 1155 1830 sic
1180 1791 1279 1829 nos
1309 1792 1410 1845 pro
1459 1792 1524 1829 eo
1571 1776 1861 1845 patiamur.
1922 1777 2057 1830 Pas—

466 1865 649 1932 siones
671 1864 869 1919 Christi
891 1871 1065 1929 vocat,
1102 1881 1220 1934 quae
1249 1871 1374 1918 ante
1392 1879 1611 1919 crucem
1644 1872 1755 1918 toto
1813 1873 2059 1933 tempore

459 1953 734 2025 [corpore]
767 1951 1036 2006 toleravit.
1074 1952 1270 2006 Valens
1301 1953 1459 2006 etiam
1490 1953 1557 2005 ad
1590 1952 1887 2006 habendam
1921 1968 2056 2008 con-

451 2040 828 2112 ﬁgurationem
858 2041 1061 2096 mortis
1091 2042 1230 2111 ejus,
1269 2048 1323 2094 ut
1357 2056 1456 2094 nos
1485 2039 1632 2094 omni
1678 2041 1840 2094 modo
1881 2040 2056 2094 conﬁ-

455 2144 721 2200 guremur
753 2128 910 2182 morti
943 2128 1075 2195 ejus-
1117 2129 1185 2182 Ut
1225 2127 1362 2182 sicut
1392 2127 1482 2181 ille
1513 2143 1578 2182 ex
1623 2128 1734 2181 sola
1766 2127 2056 2182 dilectione

456 2225 697 2271 mortuus
729 2224 807 2270 est
841 2231 940 2285 pro
972 2215 1161 2279 nobis,
1202 2215 1281 2270 sic
1310 2223 1360 2268 et
1407 2231 1506 2269 nos
1538 2215 1592 2267 in
1623 2215 1908 2270 dilectione
1940 2217 2055 2283 ejus

461 2305 601 2359 mori
636 2304 993 2376 gaudeamus.
1022 2303 1078 2357 Id
1111 2304 1255 2373 quod
1287 2302 1521 2356 diximus
1552 2301 1859 2375 signiﬁcant
1888 2304 2056 2358 verba

461 2395 601 2462 ejus,
638 2409 758 2464 quae
782 2400 960 2446 tamen
1000 2389 1078 2446 sic
1109 2398 1495 2446 construuntur
1527 2408 1540 2444 :
1571 2391 1836 2446 Inveniar
1869 2394 1930 2446 in
1953 2393 2052 2447 illo

453 2497 578 2553 ego,
600 2481 742 2546 dico,
767 2480 1154 2552 conﬁguratus
1183 2480 1354 2534 morti
1394 2480 1532 2549 ejus.
1555 2478 1775 2534 Diceret
1809 2479 2000 2551 aliquis
2036 2498 2049 2533 :

454 2569 635 2638 Quare
667 2569 740 2623 ita
765 2569 844 2623 vis
873 2566 1201 2638 conﬁgurari
1231 2567 1392 2621 morti
1425 2567 1560 2635 ejus,
1582 2583 1705 2621 cum
1729 2567 1936 2635 justitia
1966 2575 2053 2622 tua

456 2657 573 2710 sine
603 2664 778 2711 morte
813 2656 881 2710 ad
913 2655 1216 2710 habendam
1249 2654 1479 2726 gloriam
1511 2652 1790 2709 sufﬁciat?
1819 2655 1900 2709 Ad
1937 2656 2052 2710 haec

456 2744 656 2799 Paulus
689 2763 707 2800 :
739 2744 867 2798 Ideo
891 2742 1220 2814 conﬁgurari
1243 2742 1534 2797 volomorti
1555 2744 1692 2811 ejus,
1717 2744 1765 2797 si
1785 2744 2050 2814 quomodo

453 2849 559 2905 ego
589 2849 695 2888 non
725 2848 977 2888 curarem
1037 2847 1360 2902 quocunque
1409 2846 1610 2900 genere
1652 2831 1919 2900 passionis
1965 2831 2051 2886 vel

451 2921 640 2975 mortis
672 2922 784 2975 haec
807 2920 1086 2974 haberem.
1119 2920 1180 2972 Si
1215 2934 1319 2990 quo
1349 2919 1529 2982 modo,
1564 2918 1806 2988 inquam,
1849 2935 2049 2975 occur-

450 3025 594 3064 ram.
622 3009 824 3063 Servus
846 3015 900 3062 et
931 3007 1183 3062 dominus
1202 3006 1304 3059 sibi
1336 3005 1566 3060 invicem
1589 3014 1880 3061 occurrunt
1913 3025 1927 3073 ;
1963 3007 2050 3062 hic

452 3097 591 3151 bene
620 3096 930 3163 serviendo,
965 3095 1056 3148 ille
1085 3095 1222 3148 bene
1265 3094 1680 3148 remunerando.
1730 3094 1819 3148 Sic
1851 3095 2049 3148 Paulus

450 3185 686 3240 occurrit
718 3183 955 3248 Christo,
999 3182 1130 3236 dum
1185 3181 1410 3236 moritur
1438 3197 1538 3252 pro
1581 3197 1664 3246 eo,
1722 3181 1860 3236 sicut
1890 3183 2048 3237 Chri-

451 3281 566 3326 stus
598 3280 845 3328 mortuus
875 3278 957 3325 est
987 3285 1088 3340 pro
1117 3269 1300 3324 Paulo.
1329 3264 1633 3325 Occurram
1664 3269 1786 3325 dico
1817 3271 2048 3325 tendens

448 3360 517 3414 ad
533 3359 1010 3414 resurrectionem.
1055 3357 1150 3412 Vel
1181 3357 1292 3410 ita:
1319 3357 1373 3411 Si
1405 3373 1512 3428 quo
1540 3357 1704 3413 modo
1759 3373 2047 3413 occurram

447 3448 520 3503 ad
549 3450 1039 3515 resurrectionem,
1062 3453 1121 3500 ut
1152 3446 1204 3498 in
1246 3461 1533 3501 occurrere
1562 3445 1890 3501 desiderium
1914 3461 2046 3500 san-

445 3545 655 3591 ctorum
677 3545 946 3601 notemus,
1001 3551 1122 3606 qua:
1165 3534 1494 3589 resurrectio
1537 3537 1621 3589 est
1648 3550 1722 3588 ex
1777 3537 2042 3590 mortuis.

445 3625 560 3680 Nos
591 3624 731 3679 enim
754 3633 906 3679 extra
954 3623 1265 3677 societatem
1305 3630 1635 3676 mortuorum
1677 3638 2041 3692 resurgemus,

449 3713 548 3767 sed
576 3712 727 3782 impii
758 3727 865 3766 non
897 3717 1190 3782 resurgent
1211 3725 1277 3763 ex
1307 3708 1554 3775 mortuis,
1588 3709 1714 3780 quia
1756 3709 1824 3763 de
1877 3709 1965 3764 die
1989 3710 2044 3764 in

447 3800 590 3854 diem
620 3799 938 3853 morientur.
967 3798 1094 3852 Ideo
1127 3797 1249 3851 dico
1277 3799 1328 3850 si
1344 3813 1446 3868 quo
1469 3799 1625 3853 modo
1660 3816 1673 3862 ;
1698 3797 1820 3868 quia
1837 3797 2047 3854 nonin-

445 3887 633 3958 telligo
660 3885 803 3959 quod
829 3888 949 3953 jam
966 3887 1282 3956 acceperim
1313 3884 1517 3954 aliquid
1557 3885 1624 3938 de
1651 3885 1824 3957 gloria
1852 3885 1943 3940 illa
1975 3885 2043 3940 ad

445 3990 606 4046 quam
637 3973 834 4038 tendo;
859 3977 960 4027 aut
979 3972 1118 4042 quod
1139 3974 1266 4042 jam
1298 3974 1584 4043 perfectus
1617 3973 1724 4026 sim
1763 3973 1818 4026 in
1848 3973 2042 4044 cogni-

445 4063 590 4117 tione
622 4060 841 4130 Christi,
873 4061 942 4114 ad
964 4060 1114 4128 cujus
1143 4059 1508 4130 cognitionem
1539 4059 1618 4116 sic
1647 4061 1812 4115 modo
1843 4062 2044 4116 utimur

445 4151 568 4215 ﬁde,
605 4151 741 4205 sicut
769 4148 966 4220 aliquis
996 4149 1162 4202 utitur
1193 4147 1416 4218 speculo
1446 4149 1515 4202 ad
1545 4148 1909 4220 cognitionem
1941 4165 2041 4204 cu-

440 4240 664 4309 juslibet
686 4239 784 4293 rei.
817 4235 1072 4291 Nondum
1112 4235 1320 4306 accepi,
1378 4236 1475 4290 sed
1510 4253 1710 4308 sequor
1739 4237 1876 4292 sicut
1922 4254 2041 4293 rem

2164 369 2440 438 speculum
2463 368 2610 424 ﬁdei.
2635 371 2756 424 Non
2779 370 3011 425 arbitror
3030 386 3118 424 me
3147 370 3644 440 comprehendisse,
3662 372 3762 427 sed

2156 473 2459 528 persequor
2475 474 2675 524 unum,
2699 458 2752 511 id
2769 467 2852 512 est
2893 474 3008 512 rem
3041 457 3279 513 267
3318 475 3500 524 unam,
3552 459 3620 514 de
3652 475 3759 530 quo

2161 560 2269 598 uno
2299 544 2388 600 ille
2421 545 2691 600 clamabat
2725 560 2737 598 :
2766 568 2787 596 α
2825 547 2999 601 Unam
3031 546 3160 615 petii
3191 562 3222 599 a
3245 546 3650 613 Domino,hanc
3669 563 3761 602 re-

2160 633 2370 703 quiram
2403 634 2584 702 (Psal.
2626 649 2786 698 xxvr,
2833 634 2905 703 4).
2947 657 2968 681 ι»
3029 635 3207 689 Unum
3257 635 3522 706 sequitur,
3574 635 3664 706 qui
3700 636 3763 689 in

2160 721 2349 774 eadem
2380 721 2697 790 operatione
2726 720 2852 775 boni
2875 737 3090 790 semper
3109 729 3210 776 est.
3230 722 3350 777 Duo
3381 722 3640 794 sequitur,
3665 723 3765 794 qui

2158 807 2320 862 modo
2361 809 2583 874 bonum,
2644 809 2806 863 modo
2843 808 3043 862 malum
3109 817 3389 879 operatur.
3451 812 3765 882 Persequor

2159 912 2326 949 unum
2355 911 2460 968 ego
2490 896 2707 967 quidem
2737 897 3064 954 obliuiscens
3093 913 3157 951 ea
3177 915 3298 969 qua:
3329 902 3478 954 retro
3512 904 3667 964 sunt,
3702 898 3761 953 id

2157 991 2239 1038 est
2271 984 2588 1054 temporalia
2605 993 2656 1038 et
2688 1000 3022 1055 quaecunque
3041 985 3300 1040 carnalia.
3336 986 3432 1040 Vel
3459 985 3534 1040 ita
3567 987 3759 1042 :0bli-

2156 1073 2372 1126 viscens
2404 1089 2526 1144 qua:
2554 1077 2707 1127 retro
2738 1077 2894 1137 sunt,
2933 1072 2986 1126 id
3015 1081 3096 1127 est
3123 1073 3395 1143 prmterita
3423 1074 3652 1142 merita;
3684 1076 3762 1130 ad

2155 1176 2221 1215 ea
2251 1177 2376 1214 uero
2398 1177 2518 1231 quae
2534 1165 2669 1214 sunt
2690 1161 2903 1230 priora,
2928 1160 2981 1214 id
3013 1168 3095 1215 est
3125 1161 3358 1230 potiora,
3394 1161 3515 1232 quia
3535 1169 3757 1230 eterna,

2156 1248 2242 1302 vel
2273 1248 2342 1302 ad
2372 1265 2435 1302 ea
2465 1248 2654 1302 merita
2687 1264 2808 1318 quae
2839 1257 2962 1301 sunt
2981 1248 3157 1318 priora
3203 1249 3451 1314 utilitate,
3484 1257 3537 1305 et
3567 1250 3612 1304 si
3651 1266 3758 1320 po-

2159 1335 2391 1390 steriora
2414 1336 2851 1405 prmoedentibus
2883 1344 3146 1407 tempore.
3172 1337 3299 1391 Ideo
3327 1337 3511 1392 ultima
3554 1338 3756 1408 priora,

2157 1424 2285 1494 quia
2318 1424 2686 1493 praecedentia
2717 1424 2871 1478 irrita
2903 1433 3103 1488 essent,
3139 1425 3241 1478 nisi
3272 1435 3629 1496 sequerentur
3656 1427 3759 1481 ista

2154 1528 2274 1581 quae
2304 1510 2500 1565 faciunt
2531 1512 2638 1565 vim
2667 1511 2759 1564 illa
2794 1513 3013 1567 habere.
3045 1513 3128 1566 Ad
3159 1513 3251 1567 illa
3273 1529 3395 1584 quae
3425 1523 3549 1567 sunt
3568 1514 3760 1585 priora

2155 1599 2300 1652 omni
2331 1599 2606 1653 desiderio
2636 1600 2952 1655 extendens
2980 1603 3258 1671 meipsum
3289 1609 3342 1656 et
3371 1616 3535 1657 carne
3566 1611 3617 1656 et
3639 1603 3758 1673 spi-

2158 1687 2278 1750 ritu,
2311 1688 2492 1742 eundo
2524 1688 2602 1743 sic
2633 1688 2704 1742 ad
2737 1688 3106 1754 destinatum,
3141 1689 3195 1743 id
3236 1697 3318 1743 est
3347 1691 3416 1744 ad
3445 1707 3563 1745 rem
3620 1691 3757 1746 mihi

2154 1776 2497 1839 destinatam,
2535 1777 2741 1831 scilicet
2764 1777 2835 1832 ad
2875 1777 3148 1843 brauium,
3181 1777 3233 1830 id
3254 1786 3335 1832 est
3365 1778 3430 1831 ad
3473 1779 3756 1848 praemium

2156 1862 2374 1918 laboris.
2408 1864 2657 1918 Bravium
2690 1865 2814 1920 dico
2847 1867 3157 1921 uocationis
3187 1867 3286 1920 Dei
3311 1866 3378 1919 ad
3411 1867 3556 1937 quod
3611 1867 3757 1923 acci-

2156 1952 2413 2021 piendum
2444 1961 2599 2007 vocat
2627 1969 2713 2007 me
2743 1955 2917 2008 Deus.

2225 2040 2538 2094 Vocationis
2567 2042 2690 2096 dico
2720 2058 3000 2113 supernae,
3021 2041 3075 2096 id
3105 2049 3187 2096 est
3216 2041 3271 2095 in
3301 2042 3548 2112 supernis
3577 2041 3755 2097 cmlo-

2156 2143 2276 2181 rum
2315 2127 2600 2196 habendae,
2647 2131 2708 2183 in
2758 2129 2974 2184 Christo
2993 2131 3142 2198 Jesu,
3196 2130 3546 2184 distributore
3593 2130 3755 2198 hujus

2154 2215 2325 2269 bravii
2357 2215 2470 2268 suis
2501 2216 2883 2271 certatoribus.
2929 2218 2987 2270 In
3039 2217 3122 2270 his
3152 2217 3334 2271 verbis
3366 2225 3418 2272 et
3464 2218 3754 2273 certitudi-

2155 2319 2282 2357 nem
2311 2311 2361 2357 et
2392 2305 2922 2360 commendationem
2964 2305 3044 2359 rei
3076 2322 3237 2375 quam
3271 2313 3565 2376 exspectat,
3597 2306 3752 2361 inse-

2153 2391 2241 2444 rit.
2279 2391 2378 2445 Per
2403 2392 2756 2448 destinatum
2801 2401 2854 2448 et
2884 2394 3192 2448 uocationis
3225 2393 3622 2461 certitudinem,
3655 2410 3756 2464 per

2151 2487 2478 2551 supernwet
2509 2482 2625 2546 Dei,
2662 2481 2803 2535 etin
2825 2480 3042 2537 Christo
3070 2484 3220 2546 Jesu,
3269 2482 3588 2552 dignitatern
3631 2483 3753 2552 ejus

2153 2567 2232 2622 rei
2263 2566 2550 2638 signiﬁcat.
2586 2568 2722 2636 Quia
2751 2585 2856 2642 ego
2905 2570 3101 2624 Paulus
3130 2570 3369 2625 nondum
3424 2569 3612 2640 accepi
3643 2571 3751 2624 ali-

2153 2655 2300 2726 quid,
2336 2672 2439 2711 nec
2459 2656 2636 2711 adhuc
2665 2657 2941 2727 perfectus
2971 2674 3090 2712 sum
3117 2675 3130 2711 :
3156 2658 3255 2712 sed
3285 2673 3486 2729 sequor
3511 2662 3579 2713 ut
3593 2674 3751 2714 com-

2149 2743 2524 2815 prehendam,
2574 2747 2875 2800 extendens
2904 2762 2991 2801 me
3022 2746 3090 2800 ad
3121 2745 3444 2801 destinatum
3501 2746 3750 2801 bravium

2152 2847 2406 2901 supernas
2462 2833 2779 2897 vocationis,
2831 2850 2966 2906 ergo
3024 2849 3123 2888 vos
3162 2834 3469 2906 quicunque
3522 2833 3750 2904 perfecti

2153 2921 2283 2974 estis
2315 2921 2419 2975 hoc
2448 2920 2590 2975 idem
2624 2922 2836 2990 sentite,
2857 2922 3081 2988 scilicet,
3114 2938 3212 2977 vos
3259 2922 3502 2976 nondum
3554 2922 3748 2977 Chris-

2149 3015 2262 3062 tum
2292 3023 2357 3062 eo
2387 3009 2550 3063 modo
2580 3009 2880 3079 accepisse,
2912 3018 3004 3063 aut
3023 3009 3079 3063 in
3101 3010 3412 3082 cognitione
3431 3010 3545 3078 ejus
3565 3010 3746 3064 adhuc

2150 3096 2420 3166 perfectos
2451 3113 2598 3152 esse.
2639 3098 2753 3152 Nec
2774 3098 2878 3153 hoc
2908 3114 3006 3168 per
3035 3099 3332 3153 secundam
3351 3113 3642 3168 personam
3665 3097 3749 3152 di-

2149 3183 2240 3252 cit,
2269 3183 2366 3238 sed
2395 3199 2546 3239 more
2576 3200 2695 3251 suo,
2729 3193 2787 3238 ut
2812 3201 2907 3240 eos
2939 3185 3128 3240 melius
3176 3185 3398 3241 inducat
3428 3201 3551 3241 sese
3578 3185 3749 3240 inter-

2149 3273 2304 3337 serit,
2323 3272 2511 3328 dicens
2555 3287 2567 3326 :

2227 3362 2551 3433 Quicunque
2569 3362 2813 3433 perfecti
2842 3377 3057 3428 sumus,
3082 3362 3182 3419 hoc
3205 3363 3547 3419 sentiamus.
3582 3361 3745 3430 Quod

2148 3465 2316 3519 supra
2345 3450 2418 3504 ait
2444 3465 2456 3503 :
2478 3451 2597 3506 Non
2629 3450 2770 3521 quod
2786 3453 2906 3520 iam
2931 3453 3219 3521 perfectus
3250 3452 3378 3516 sim,
3411 3450 3623 3504 videtur
3636 3466 3744 3521 op-

2147 3538 2380 3608 positum
2407 3538 2476 3592 ad
2505 3538 2610 3592 hoc
2655 3538 2800 3608 quod
2829 3538 2918 3593 hic
2970 3538 3063 3605 ait,
3091 3540 3339 3610 perfecti
3391 3555 3613 3607 sumus,
3642 3537 3744 3593 sed

2146 3639 2251 3679 non
2282 3624 2526 3694 impedit.
2561 3625 2640 3679 lbi
2662 3625 2803 3679 enim
2835 3626 2910 3679 ait
2937 3625 3007 3680 de
3037 3625 3371 3696 perfectione
3408 3625 3739 3698 cognitionis

2147 3712 2264 3776 Dei,
2298 3713 2354 3766 in
2384 3727 2490 3782 qua
2520 3728 2680 3767 nemo
2711 3712 2762 3766 in
2793 3714 2897 3768 hoc
2943 3713 3146 3768 mundo
3181 3713 3450 3784 perfectus
3480 3721 3580 3769 est.
3641 3713 3744 3769 Hic

2144 3794 2216 3848 ait
2245 3795 2313 3849 de
2343 3795 2680 3866 perfectione
2729 3796 3002 3863 virtutum,
3054 3811 3219 3867 quam
3275 3797 3478 3852 habere
3538 3812 3741 3867 possu-

2145 3900 2264 3936 mus
2293 3883 2346 3936 in
2367 3884 2471 3939 hoc
2501 3885 2722 3950 mundo,
2754 3883 2808 3937 in
2839 3901 2941 3955 qua
2971 3883 3306 3954 perfectione
3334 3885 3489 3939 multi
3530 3884 3739 3957 gradus

2144 3980 2287 4026 sunt.
2322 3971 2516 4026 Paulus
2548 3971 2693 4026 enim
2747 3971 3042 4042 perfectior
3096 3972 3225 4038 alio,
3258 3981 3312 4027 et
3342 3973 3567 4044 quilibet
3621 3971 3742 4028 sine

2141 4075 2297 4114 naevo
2310 4059 2464 4115 crimi
2475 4060 2580 4113 nali
2592 4060 2753 4115 vitam
2772 4060 2996 4128 ducens,
3011 4060 3286 4130 perfectus
3302 4061 3514 4116 dicitur.
3529 4061 3599 4115 Et
3610 4061 3742 4131 quia

2142 4147 2281 4201 dixit
2312 4148 2610 4202 sentiamus
2630 4164 2730 4202 nos
2761 4147 2839 4202 sic
2867 4147 3236 4218 imperfectos,
3278 4165 3346 4203 ne
3377 4148 3501 4204 ideo
3532 4149 3601 4203 de
3639 4163 3738 4204 so-

2141 4235 2328 4301 lemni,
2363 4235 2455 4304 qui
2478 4235 2526 4291 si
2546 4237 2678 4308 quid
2708 4237 2899 4305 aliter,
2919 4236 2973 4290 id
3005 4244 3087 4290 est
3107 4236 3283 4290 minus
3304 4235 3562 4307 perfecte,
3585 4238 3742 4308 sapi-

446 4343 553 4382 non
585 4326 839 4391 habitam,
872 4333 924 4379 et
945 4340 1102 4396 quam
1143 4323 1412 4379 desidero.
1449 4325 1674 4397 Sequor,
1717 4325 1956 4397 inquam,
1990 4327 2039 4381 si
2060 4331 2113 4394 1)
2149 4325 2240 4390 tis,
2277 4323 2425 4378 ll‘eus
2455 4323 2546 4394 qui
2601 4324 2747 4394 quod
2771 4324 2884 4392 jam
2915 4324 3104 4394 sapitis
3134 4325 3281 4380 vobis
3311 4325 3598 4394 reuelauit,
3633 4325 3742 4380 hoc

448 4431 551 4487 quo
582 4415 742 4469 modo
773 4414 935 4482 (sicut
965 4428 1126 4483 supra
1177 4413 1377 4468 dictum
1409 4412 1513 4482 est)
1569 4413 2040 4485 comPrehendam

445 4519 589 4557 eum.
615 4503 693 4557 Ex
723 4502 1053 4557 abundantia
1084 4498 1385 4555 affectionis
1419 4499 1508 4564 ait,
1545 4501 2030 4570 comprehendam.

445 4595 521 4646 Ac
553 4591 599 4645 si
620 4590 825 4646 diceret
860 4607 873 4644 :
907 4589 1100 4643 Sieum
1121 4587 1380 4658 consequi
1403 4603 1642 4656 possem,
1676 4589 1728 4641 in
1761 4591 2040 4658 amplexus

447 4695 596 4734 meos
618 4677 973 4733 includerem.
1011 4675 1492 4747 Comprehendam
1529 4674 1651 4729 dico
1697 4675 1753 4729 in
1784 4692 1849 4731 eo
1877 4677 2040 4732 modo

445 4768 506 4821 in
540 4782 643 4839 quo
661 4766 1094 4838 comprehensus
1114 4779 1239 4817 sum
1267 4780 1302 4816 a
1337 4761 1553 4817 Christo
1573 4763 1720 4830 Jesu,
1743 4764 1962 4834 quando
1985 4773 2041 4818 ut

446 4855 586 4909 sicut
617 4854 860 4907 Christus
890 4868 976 4906 me
1006 4849 1244 4920 perfecte
1277 4849 1560 4921 cognoscit
1590 4849 1730 4905 sicut
1777 4868 1914 4917 sum,
1969 4853 2040 4906 ita

447 4957 551 5013 ego
568 4943 897 5013 cognoscam
930 4954 1054 4994 eum
1087 4939 1225 4993 sicut
1253 4945 1354 4993 est.
1391 4937 1486 4992 Vel
1516 4937 1628 4992 ita:
1664 4939 2039 5012 Comprehen-

447 5031 578 5084 dam
614 5028 886 5082 Christum
917 5027 970 5080 in
1011 5041 1078 5080 eo
1125 5026 1288 5080 modo
1345 5025 1629 5080 claritatis.
1679 5029 1742 5082 in
1789 5045 1894 5099 quo
1933 5045 2038 5101 ego

448 5116 879 5187 comprehensus
895 5132 1021 5169 sum
1052 5132 1085 5168 a
1107 5113 1324 5168 Christo
1345 5115 1493 5178 Jesu,
1525 5116 1737 5185 quando
1766 5132 1855 5170 me
1886 5131 2040 5170 voca-

448 5205 523 5259 vit
544 5204 597 5258 in
627 5204 730 5270 via,
764 5212 820 5257 ut
842 5203 895 5256 in
946 5210 1148 5274 quanta
1178 5201 1416 5257 claritate
1476 5211 1600 5258 tunc
1649 5211 1786 5270 erat,
1819 5219 2034 5275 possem

447 5310 569 5350 eum
599 5291 916 5363 amplexari.
949 5291 1078 5345 Ideo
1107 5291 1228 5345 dico
1257 5291 1746 5362 comprehendam,
1767 5292 1889 5363 quia
1910 5309 2035 5363 ego,

447 5386 678 5454 fratres,
699 5388 750 5437 et
780 5379 826 5436 si
855 5388 1038 5451 raptus
1058 5394 1178 5434 sum
1209 5378 1277 5433 ad
1331 5378 1543 5435 tertium
1580 5379 1798 5450 malum,
1857 5388 2039 5439 tamen

2139 4411 2303 4465 etiam
2333 4411 2479 4482 quod
2537 4412 2857 4481 sapiendum
2897 4419 3060 4466 restat
3099 4411 3255 4466 vobis
3305 4412 3588 4468 revelabit.
3638 4412 3741 4468 Vel

2139 4498 2209 4552 ita
2240 4500 2335 4556 :Si
2364 4499 2497 4570 quid
2527 4499 2698 4554 aliter
2733 4500 2956 4570 sapitis,
3003 4499 3060 4553 id
3087 4507 3171 4554 est
3208 4500 3353 4572 quod
3379 4501 3491 4569 jam
3523 4500 3591 4555 ad
3630 4499 3740 4555 ali-

2141 4602 2300 4656 quem
2330 4586 2567 4657 gradum
2599 4587 2929 4658 cognitionis
2977 4588 3307 4658 pertingitis,
3341 4589 3485 4643 Deus
3514 4587 3614 4644 hoc
3642 4603 3740 4644 re-

2140 4674 2351 4728 uelabit
2384 4673 2554 4739 vobis,
2589 4683 2640 4728 et
2670 4675 2748 4728 sic
2769 4673 2929 4730 faciet
2959 4675 3091 4730 illud
3114 4676 3257 4746 quod
3289 4684 3476 4730 restat.
3495 4675 3592 4731 Vel
3619 4675 3735 4730 ita:

2138 4761 2463 4816 Sentiamus
2484 4777 2583 4816 nos
2625 4762 2994 4832 imperfectos,
3028 4767 3084 4819 et
3114 4765 3165 4819 si
3194 4779 3292 4819 vos
3311 4764 3526 4836 aliquid
3559 4763 3738 4818 aliter

2139 4850 2354 4922 sapitis,
2390 4865 2546 4920 quam
2597 4849 2915 4920 sapiendum
2957 4849 3044 4918 sit,
3080 4867 3114 4904 a
3153 4851 3460 4906 carnalibus
3497 4850 3729 4921 decepti,

2139 4937 2283 4991 Deus
2314 4938 2581 4992 reuelabit
2605 4940 2752 4993 uobis
2781 4938 2880 4992 hoc
2919 4939 3194 5009 quomodo
3241 4938 3441 4994 sentire
3462 4939 3726 5007 debeatis,

2139 5025 2229 5095 qui
2253 5024 2363 5091 jam
2393 5024 2599 5095 aliquid
2630 5024 2754 5079 fecit
2774 5025 2828 5079 in
2857 5027 3032 5081 vobis.
3053 5027 3309 5082 Dicerent
3336 5025 3415 5080 illi
3451 5041 3463 5079 :
3496 5027 3562 5080 Et
3579 5025 3728 5098 quia,

2138 5111 2274 5166 sicut
2301 5112 2455 5179 dicis,
2490 5129 2674 5166 sumus
2705 5113 3026 5184 imperfecti,
3059 5114 3182 5169 ideo
3212 5123 3358 5168 stare
3388 5129 3500 5168 non
3541 5130 3736 5184 possu-

2136 5217 2278 5266 mus,
2310 5216 2410 5255 nec
2439 5201 2743 5255 mirandum
2773 5202 2819 5255 si
2849 5201 3108 5256 labimur.
3147 5202 3230 5256 Ad
3257 5203 3358 5257 hoc
3389 5201 3619 5256 Paulus:
3645 5203 3735 5257 Li-

2137 5297 2223 5343 cet
2252 5288 2492 5344 noudum
2521 5288 2747 5360 perfecti
2783 5289 2970 5356 simus,
2994 5294 3387 5346 uerumtamen
3421 5297 3636 5361 oportet
3665 5295 3736 5346 ut

2136 5379 2443 5450 sapiamus,
2477 5377 2532 5434 id
2561 5386 2646 5435 est
2683 5377 3050 5449 intelligamus
3093 5379 3245 5435 idem
3283 5394 3494 5435 omnes.
3526 5379 3642 5435 Nec
3673 5378 3731 5434 in

3899 5151 3904 5463 ι
