3960 6050
183 270 289 322 369

791 267 1172 324 EXPOSITIO
1205 269 1279 324 IN
1306 267 1686 323 EPISTOLAS
1746 267 1968 323 PAULI.
2001 298 2069 308 -
2098 268 2173 323 IN
2203 267 2421 323 EPIST.
2454 269 2548 323 AD
2589 267 2874 322 PHILIPP.

3377 264 3481 317 3'70

193 388 501 444 carnalibus
530 388 695 455 idem,
729 390 823 445 sed
853 390 984 444 illud
1012 391 1155 445 idem
1187 391 1257 445 ad
1289 391 1435 462 quod
1466 390 1780 461 intelligen-
1812 393 1864 450 Α
1891 411 1913 440 «
1951 391 2237 461 deprecor,
2272 391 2507 461 idipsum
2538 406 2730 459 sapere
2758 389 2811 443 in
2848 387 3101 444 Domino.
3124 386 3301 441 Etiam
3345 398 3482 453 rogo

187 477 320 530 dum
354 476 456 531 ﬁde
474 480 857 549 pervenimus,
884 483 939 533 et
964 486 1177 547 oportet
1194 486 1250 531 ut
1267 495 1703 551 permanea-mus
1724 479 1785 532 in

190 566 387 620 eadem
418 567 635 636 regula,
667 566 720 619 id
752 574 833 621 est
867 566 919 618 in
952 567 1145 620 eadem
1192 567 1514 621 rectitudine
1548 566 1781 620 vivendi.

191 654 263 708 Ut
293 661 475 707 autem
504 653 559 706 in
591 654 783 708 eodem
812 655 1200 724 permaneatis,
1235 671 1267 708 ο
1298 670 1416 719 vos,
1447 658 1680 725 fratres,
1702 671 1783 708 es.

196 745 313 796 tote
332 744 445 796 mei
464 743 799 805 imitatores,
825 742 968 813 quia,
1004 742 1049 795 si
1069 742 1341 812 opponitis
1364 758 1470 807 me,
1494 758 1655 813 quem
1677 757 1785 796 non

190 828 391 883 videtis
419 844 528 883 non
549 845 712 899 posse
730 829 950 893 imitari,
983 831 1051 883 ad
1072 832 1176 885 hoc
1198 831 1504 900 respondeo
1540 846 1551 884 :
1588 830 1785 886 Obser-

187 921 340 979 vate,
377 917 429 970 id
458 916 841 989 estdiligenter
861 918 1225 984 considerate,
1252 935 1342 973 eos
1372 919 1466 989 qui
1485 918 1567 972 ita
1591 933 1784 973 secun-

187 1004 324 1057 dum
346 1002 506 1059 fidem
531 1007 849 1069 ambulant,
883 1007 1031 1061 sicut
1055 1006 1233 1060 adhuc
1252 1006 1489 1069 habetis,
1512 1006 1697 1070 credo,
1731 1005 1784 1058 in

185 1089 459 1143 memoria
513 1093 760 1159 for-mam
791 1091 1005 1155 nostri,
1067 1090 1522 1160 quemadmodum
1552 1089 1785 1143 doceba-

187 1193 317 1230 mus
338 1184 389 1230 et
418 1177 733 1231 vivebamus
756 1178 885 1231 dum
900 1177 1042 1247 apud
1064 1193 1159 1232 vos
1182 1194 1447 1232 essemus.
1474 1177 1623 1231 Sicut
1643 1177 1782 1231 enim

189 1263 391 1319 faciem
424 1264 661 1319 hominis
694 1265 818 1319 olim
849 1265 951 1319 visi
1000 1264 1121 1335 quis
1166 1265 1455 1335 recolligit,
1499 1265 1576 1318 sic
1607 1273 1659 1319 et
1689 1280 1786 1319 vos

184 1352 419 1407 formam
453 1361 656 1407 nostrae
686 1352 949 1407 doctrinm
980 1360 1033 1407 et
1062 1368 1295 1407 morum.
1348 1354 1476 1407 Ideo
1507 1352 1659 1416 dico,
1697 1351 1786 1422 qui

186 1439 261 1492 ita
316 1440 614 1494 secundum
680 1440 909 1494 formam
970 1449 1213 1495 nostram
1267 1440 1581 1504 ambulant;
1618 1441 1786 1495 multi

187 1528 345 1582 enim
378 1530 675 1583 ambulant
708 1528 760 1581 in
792 1544 997 1600 genere
1045 1529 1192 1594 mali,
1224 1545 1355 1601 quos
1395 1529 1595 1582 multos
1641 1544 1784 1598 saepe

188 1631 315 1670 cum
368 1617 507 1685 apud
539 1632 637 1669 vos
668 1632 839 1685 eram,
873 1617 1124 1672 dicebam
1182 1619 1325 1672 vobis
1371 1633 1494 1671 esse
1524 1618 1784 1671 inimicos

186 1706 354 1759 cruci
385 1705 615 1769 Christi,
648 1704 778 1758 dum
811 1704 955 1759 enim
986 1704 1202 1759 aliunde
1236 1721 1399 1775 quam
1432 1720 1531 1774 per
1577 1702 1787 1759 crucifi-

183 1808 316 1845 xum
346 1792 618 1846 Christum
650 1792 833 1847 dicunt
862 1793 1135 1847 hominem
1160 1791 1473 1861 justiﬁcari,
1508 1808 1604 1862 pro
1636 1799 1783 1847 certo

185 1880 541 1934 inimicantur
571 1880 717 1935 cruci
748 1880 969 1935 Christi.
1028 1882 1179 1935 Tunc
1211 1881 1256 1934 si
1304 1881 1551 1936 dicebam
1608 1879 1785 1944 vobis,

184 1984 346 2022 nunc
379 1974 570 2023 autem
600 1968 745 2022 idem
774 1970 898 2024 dico
946 1968 1139 2022 dolens
1170 1973 1227 2023 et
1248 1971 1412 2037 ﬂens,
1448 1977 1500 2023 et
1530 1969 1598 2023 de
1628 1968 1786 2021 dam-

186 2056 409 2109 natione
438 2072 645 2122 eorum,
680 2064 732 2111 et
761 2058 829 2111 de
877 2057 1193 2111 seductione
1243 2057 1429 2112 vestri.

263 2145 333 2199 Ut
362 2143 431 2197 ab
460 2144 772 2213 hujusmodi
804 2160 1074 2199 consensu
1106 2145 1481 2214 Philippenses
1521 2144 1781 2208 retrahat,

184 2232 463 2302 improbat
495 2232 598 2285 illis
637 2234 885 2303 pseudo;
919 2242 1129 2303 partem
1160 2250 1287 2287 vero
1318 2250 1468 2286 suam
1500 2233 1782 2303 approbat,

183 2322 380 2376 dicens
417 2336 428 2373 :
464 2322 621 2376 Finis
652 2339 887 2393 quorum
910 2322 1252 2377 inimicorum
1275 2322 1472 2376 Christi
1496 2329 1575 2375 est
1606 2323 1787 2376 inter-

183 2392 326 2474 itus:
350 2409 406 2462 id
423 2417 505 2463 est
521 2392 726 2463 aeterna
748 2410 1038 2474 damnatio,
1065 2418 1116 2464 et
1137 2412 1283 2464 Deus
1305 2427 1541 2479 quorum
1560 2414 1642 2464 est
1662 2426 1790 2463 ven-

189 2501 299 2562 ter,
334 2497 391 2550 id
412 2498 556 2567 quod
574 2496 1065 2553 continet268
1088 2514 1188 2567 pro
1207 2514 1272 2551 eo
1291 2497 1435 2568 quod
1457 2498 1782 2564 continetur,

189 2584 247 2638 id
279 2593 364 2638 est
397 2601 541 2639 esca.
568 2586 742 2639 Deum
771 2586 916 2639 enim
936 2602 1035 2656 per
1062 2602 1243 2641 escam
1275 2602 1333 2639 se
1365 2584 1638 2655 purificari
1660 2600 1785 2639 cre-

187 2672 321 2726 dunt
346 2692 359 2737 ;
394 2673 535 2743 quod
560 2674 657 2727 Dei
677 2682 777 2737 est,
804 2690 944 2729 esca;
964 2674 1278 2727 attribuunt.
1307 2674 1403 2727 Vel
1422 2672 1520 2726 ita:
1543 2675 1785 2741 Quorum

194 2762 345 2815 Deus
377 2766 573 2816 venter
594 2766 710 2825 est;
731 2777 838 2815 non
857 2761 1000 2815 enim
1022 2778 1207 2815 amore
1229 2761 1327 2815 Dei
1348 2761 1663 2830 praedicant,
1690 2761 1786 2814 sed

192 2856 250 2901 ut
281 2856 527 2903 ventrem
548 2849 822 2918 impleant,
848 2853 903 2904 et
925 2851 1106 2919 gloria
1150 2851 1399 2921 ipsorum
1438 2849 1528 2920 qui
1569 2856 1785 2902 terrena

185 2936 425 3006 sapiunt.
449 2936 503 2989 id
536 2945 617 2991 est
660 2937 751 3007 qui
780 2937 1021 2991 carnalia
1054 2944 1331 2992 sectantur
1362 2945 1415 2991 et
1443 2937 1669 3001 docent,
1704 2943 1786 2990 est

186 3027 249 3078 in
281 3027 642 3093 confusione.
684 3024 948 3081 Dicuntur
976 3041 1117 3079 enim
1158 3025 1406 3079 truncati.
1446 3025 1785 3079 Erubescere

189 3113 356 3166 etiam
386 3121 633 3182 possunt,
668 3113 794 3167 dum
826 3112 901 3166 illi
934 3113 1227 3167 rationales
1254 3114 1500 3177 credunt,
1536 3130 1594 3167 se
1619 3113 1784 3181 justi-

184 3199 337 3254 ﬁcari
403 3216 504 3269 per
549 3200 973 3255 immolationem
1041 3200 1367 3255 irrationalis
1426 3200 1579 3255 hirci.
1644 3200 1787 3253 Finis

187 3303 377 3342 eorum
410 3297 492 3342 est
521 3288 786 3357 interitus,
824 3290 919 3343 sed
941 3293 1157 3357 nostra,
1192 3306 1300 3343 non
1321 3289 1492 3343 solum
1516 3288 1783 3353 voluntas,

187 3377 286 3431 sed
319 3377 482 3431 etiam
514 3380 864 3434 conversatio
887 3378 977 3448 qui
1011 3394 1225 3433 crucem
1255 3377 1453 3431 Christi
1484 3377 1783 3448 diligimus,

186 3466 360 3519 estin
403 3467 557 3520 caelis
581 3486 599 3533 ;
630 3466 865 3519 terrenis
916 3465 1060 3519 enim
1091 3465 1423 3535 postpositis,
1473 3465 1790 3518 anhelamus

186 3553 255 3606 ad
290 3553 555 3608 cmlestia.
594 3555 762 3619 Unde,
797 3554 849 3607 id
908 3562 988 3608 est
1045 3554 1189 3624 quia,
1228 3552 1573 3608 conversatio
1604 3560 1789 3606 nostra

190 3649 275 3695 est
294 3640 348 3694 in
370 3641 544 3707 coelis,
568 3642 669 3696 hac
690 3641 885 3698 fiducia
913 3641 1093 3696 securi
1124 3646 1525 3713 exspectamus
1552 3641 1621 3695 ad
1638 3640 1789 3707 judi—

186 3730 334 3784 cium
366 3730 706 3784 salvatorem
749 3733 1052 3785 Dominum
1094 3735 1353 3785 nostram
1383 3732 1571 3784 Jesu-m
1606 3728 1791 3783 Chris-

190 3822 335 3883 tum,
367 3818 463 3888 qui
488 3834 688 3888 corpus
720 3819 1084 3882 humilitatis,
1109 3819 1163 3871 id
1196 3827 1276 3872 est
1307 3817 1626 3885 abjectionis
1657 3832 1790 3871 nos-

190 3910 299 3959 tra:
333 3908 457 3974 (nos
488 3905 632 3959 enim
655 3922 752 3975 per
780 3914 1063 3976 peccatum
1097 3906 1460 3975 nosmetipsos
1490 3904 1792 3972 abjecimus

188 4009 219 4045 a
248 3992 426 4064 gloria
449 3993 627 4062 inqua
646 3993 847 4048 conditi
870 3995 1113 4063 eramus)
1140 4012 1153 4047 :
1181 4009 1401 4063 corpus,
1426 3993 1666 4064 inquam,
1690 3994 1793 4046 hoc

190 4082 542 4150 reformabit,
578 4081 797 4151 quando
832 4081 976 4135 enim
1007 4082 1239 4150 primum
1273 4080 1545 4135 hominem
1567 4079 1789 4144 creavit,

190 4168 248 4220 in
268 4167 438 4220 multa
465 4184 589 4221 eum
612 4168 859 4223 claritate
878 4168 1150 4223 formavit.
1184 4170 1241 4221 In
1266 4168 1663 4223 resurrectione
1693 4184 1793 4220 au-

191 4264 306 4309 tem
353 4256 546 4323 majori
589 4256 767 4311 adhuc
805 4256 1050 4311 claritate
1101 4256 1416 4310 reformabit
1461 4273 1661 4327 corpus
1697 4274 1798 4311 no-

193 4347 388 4397 strum
418 4344 837 4413 conﬁguratum
859 4345 1098 4415 corpori,
1122 4344 1177 4397 id
1207 4352 1289 4397 est
1315 4344 1371 4396 in
1391 4343 1584 4397 eadem
1617 4342 1794 4413 figura

191 4430 433 4500 positum
454 4431 507 4484 in
526 4447 633 4501 qua
661 4447 817 4485 suum
848 4447 1049 4501 corpus
1095 4431 1214 4496 erit,
1257 4447 1358 4486 nec
1388 4430 1605 4500 corpori
1636 4446 1790 4484 mor-
1822 4430 1875 4489 D

197 4518 445 4584 talitatis,
476 4518 621 4589 quod
650 4518 798 4588 prius
827 4519 1030 4585 habuit,
1091 4518 1188 4573 sed
1232 4519 1449 4588 corpori
1505 4519 1794 4573 claritatis

194 4622 356 4672 suae;
391 4622 552 4677 quam
583 4607 882 4661 claritatem
922 4606 1336 4660 immortalitatis
1380 4607 1589 4676 accepit
1618 4607 1670 4659 in
1704 4622 1793 4660 re-

197 4694 560 4761 surrectione,
595 4703 647 4748 et
676 4694 730 4747 in
762 4695 864 4748 hac
894 4694 1081 4748 eadem
1114 4695 1357 4749 claritate
1381 4694 1795 4748 immortalitatis

204 4798 411 4852 corpus
442 4791 683 4836 nostrum
715 4781 1048 4837 reformabit.
1083 4784 1149 4836 Et
1180 4783 1283 4837 hoc
1324 4783 1618 4836 notandum
1655 4782 1799 4853 quod

197 4878 386 4924 nostra
419 4870 692 4923 humilitas
724 4871 841 4937 ejus
871 4869 967 4924 fuit
1007 4870 1247 4925 claritas.
1300 4869 1437 4937 Quia
1476 4878 1653 4923 autem
1693 4886 1797 4939 po-

195 4966 318 5011 tens
349 4957 416 5011 sit
447 4956 758 5021 reformare,
785 4957 967 5011 subdit
1000 4957 1187 5011 dicens
1223 4972 1235 5010 :
1269 4956 1599 5011 Reformabit
1626 4972 1799 5029 agens

198 5046 512 5100 secundum
533 5047 922 5115 Operatione-m
949 5063 963 5109 ;
997 5045 1052 5098 in
1083 5062 1192 5116 qua
1220 5045 1539 5114 operatione
1562 5061 1669 5099 non
1701 5060 1798 5098 so-

200 5133 315 5187 lum
338 5134 443 5188 hoc
466 5132 666 5200 facere,
688 5134 785 5188 sed
806 5132 965 5188 etiam
984 5136 1157 5204 possit
1178 5134 1280 5189 sibi
1296 5136 1486 5191 omnia
1506 5134 1797 5205 subjicere.

815 5284 1038 5338 CAPUT
1069 5285 1158 5339 IV.

281 5432 303 5460 ι
340 5411 560 5479 Itaque;
584 5406 779 5462 fratres
824 5407 933 5461 mei
962 5406 1267 5462 charissimi
1325 5415 1377 5461 et
1406 5404 1805 5461 desideratissi-

210 5522 233 5549 ι
267 5498 363 5562 mi,
398 5496 657 5569 gaudium
704 5512 886 5550 meum
938 5504 990 5550 et
1038 5511 1237 5550 corona
1287 5512 1439 5559 mea,
1476 5495 1555 5549 sic
1586 5501 1721 5548 state
1750 5494 1804 5547 in

215 5611 238 5638 ι
273 5585 528 5651 Domino,
561 5584 887 5640 charissimi.
921 5584 1188 5641 Evodiam
1216 5600 1382 5655 rogo,
1414 5590 1468 5639 et
1496 5584 1806 5657 Syntychen

1893 500 1914 529 α
1950 487 2002 533 et
2031 487 2103 545 te,
2138 480 2409 534 Germane
2440 494 2680 548 compar,
2717 477 2914 545 adjuva
2968 476 3087 529 illas
3119 490 3239 546 quae
3268 488 3481 527 mecum

1890 589 1911 613 «
1948 566 2330 622 laboraverunt
2358 568 2410 620 in
2442 566 2739 637 Evangelio
2772 582 2893 620 cum
2917 565 3215 627 Clemente,
3243 570 3295 616 et
3314 568 3480 615 caete-

1890 678 1909 701 ‹ι
1950 656 2022 709 ris
2052 656 2389 723 adjutoribus
2420 655 2576 719 meis,
2611 670 2840 725 quorum
2863 652 3082 706 nomina
3102 659 3227 704 sunt
3259 650 3311 702 in
3343 648 3482 701 libro

1891 764 1912 793 ι
1951 744 2098 797 vitae.
2133 745 2381 798 Gaudete
2412 743 2466 796 in
2498 743 2729 797 Domino
2786 758 3023 811 semper,
3059 739 3254 793 iterum
3310 737 3433 792 dico
3470 752 3483 788 :

1891 851 1913 880 α
1953 830 2217 886 Gaudete.
2254 831 2515 885 Modestia
2538 838 2720 885 vestra
2743 838 2872 883 nota
2921 830 2986 883 sit
3023 828 3274 883 omnibus
3302 824 3483 879 homi-

1892 940 1914 969 α
1951 919 2128 973 nibus.
2191 919 2452 973 Dominus
2502 919 2644 972 enim
2706 934 2872 988 prope
2906 925 3007 971 est.
3064 915 3211 970 Nihil
3269 913 3485 969 solliciti

1891 1029 1913 1057 ι
1949 1007 2083 1075 sitis,
2111 1008 2207 1062 sed
2237 1008 2289 1061 in
2321 1008 2467 1062 omni
2517 1006 2760 1061 oratione
2818 1014 2871 1060 et
2920 1004 3323 1067 obsecratione,
3358 1016 3481 1056 cum

1892 1118 1913 1145 ι
1950 1096 2244 1167 gratiarum
2302 1095 2513 1150 actione
2562 1094 2852 1165 petitiones
2894 1102 3089 1147 vestrae
3145 1092 3479 1146 innotescant

1892 1205 1913 1233 α
1950 1184 2093 1253 apud
2116 1185 2309 1238 Deum.
2341 1184 2411 1237 Et
2448 1199 2551 1252 pax
2584 1183 2709 1247 Dei,
2760 1197 2881 1253 quae
2927 1188 3217 1250 exsuperat
3264 1192 3481 1233 omnem

1892 1292 1912 1321 ι
1952 1288 2192 1338 sensum,
2248 1271 2515 1325 custodiat
2544 1271 2710 1326 corda
2769 1277 2941 1323 vestra
2990 1276 3039 1323 et
3096 1264 3484 1338 intelligentias

1891 1382 1912 1409 α
1950 1369 2162 1415 vestras
2190 1360 2243 1413 in
2277 1360 2488 1415 Christo
2524 1361 2674 1414 Jesu.
2710 1359 2789 1412 De
2819 1366 3036 1421 caztero,
3072 1356 3292 1423 fratres,
3328 1370 3482 1425 quaa-

1891 1470 1912 1499 α
1948 1464 2162 1519 cunque
2194 1456 2317 1502 sunt
2349 1465 2495 1514 vera,
2530 1462 2867 1518 qumcunque
2899 1446 3119 1514 pudica,
3144 1458 3481 1514 quaecunque

1891 1559 1912 1587 ε
1941 1537 2110 1606 justa,
2146 1552 2486 1606 quacunque
2549 1544 2756 1600 sancta,
2817 1549 3154 1604 quaecunque
3202 1529 3478 1593 amabilia,

1892 1647 1912 1675 ε
1948 1640 2287 1696 qumcunque
2322 1625 2476 1679 bonae
2508 1622 2682 1687 famae,
2717 1622 2761 1675 si
2794 1638 2897 1692 qua
2927 1621 3119 1684 virtus,
3154 1620 3199 1673 si
3234 1633 3341 1689 qua
3363 1617 3485 1671 laus

1813 1740 1865 1798 B
1893 1735 1914 1759 α
1954 1712 2272 1782 disciplima,
2292 1713 2407 1765 iure
2428 1711 2676 1781 cogitate.
2703 1709 2838 1777 Quae
2858 1717 2907 1763 et
2926 1707 3213 1773 didicistis,
3248 1714 3301 1761 et
3319 1720 3483 1761 acce-

1895 1822 1915 1849 «
1950 1800 2124 1870 pistis,
2158 1809 2209 1854 et
2239 1799 2487 1861 audistis,
2521 1807 2573 1851 et
2601 1797 2813 1852 vidistis
2844 1797 2897 1849 in
2944 1813 3053 1860 me,
3089 1797 3203 1849 hau:
3250 1793 3484 1865 cogitate

1894 1912 1917 1936 ι
1953 1896 2004 1942 et
2034 1888 2198 1957 agite,
2234 1895 2285 1941 et
2316 1888 2459 1941 Deus
2489 1886 2641 1956 pacis
2663 1886 2763 1939 erit
2785 1883 3083 1939 vobiscum.
3113 1881 3345 1936 Gavisus
3364 1896 3484 1933 sum

1894 1998 1916 2027 «
1953 1984 2132 2031 autem
2174 1976 2226 2029 in
2259 1975 2490 2029 Domino
2551 1975 2915 2036 vehementer,
2975 1971 3231 2042 quoniam
3264 1968 3483 2023 tandem

1895 2088 1916 2111 «
1954 2063 2249 2134 aliquando
2281 2062 2604 2117 reﬂoruistis
2631 2077 2732 2131 pro
2756 2077 2842 2114 me
2862 2059 3080 2122 sentire,
3106 2058 3245 2112 sicut
3282 2064 3482 2110 etsen-

1895 2175 1915 2199 α
1952 2151 2186 2206 tiebatis.
2223 2150 2486 2219 Occupati
2508 2158 2688 2204 autem
2720 2148 2906 2203 eratis.
2944 2148 3066 2201 Non
3091 2145 3244 2216 quasi
3265 2152 3484 2214 pr0pter

1894 2260 1915 2289 «
1951 2240 2240 2310 penuriam
2262 2240 2404 2293 dico.
2427 2239 2548 2307 Ego
2570 2237 2712 2292 enim
2734 2235 2899 2292 didici
2922 2236 2975 2288 in
2998 2234 3193 2305 quibus
3211 2232 3481 2287 suﬂiciens

1893 2350 1914 2375 α
1952 2344 2091 2381 sum.
2119 2327 2243 2381 Scio
2268 2336 2318 2381 et
2333 2325 2622 2391 humiliari,
2666 2325 2778 2380 scio
2800 2333 2850 2378 et
2885 2323 3183 2377 abundare.
3202 2320 3412 2391 Ubique
3434 2328 3485 2374 et

1893 2440 1913 2464 α
1953 2416 2007 2469 in
2038 2416 2289 2469 omnibus
2318 2415 2595 2468 institutus
2627 2429 2767 2477 sum,
2798 2420 2851 2466 et
2874 2411 3072 2476 satiari,
3105 2417 3155 2464 et
3180 2409 3403 2475 esurire,
3429 2415 3482 2462 et

1894 2528 1914 2551 υ
1951 2504 2244 2566 abundare,
2281 2511 2333 2557 et
2355 2502 2637 2572 penuriam
2686 2501 2812 2570 pati.
2853 2499 3046 2553 Omnia
3068 2513 3291 2568 possum
3334 2495 3389 2548 in
3419 2511 3485 2549 eo

1894 2616 1914 2640 (ι
1956 2591 2045 2661 qui
2082 2608 2165 2645 me
2195 2590 2462 2645 confortat
2494 2587 2878 2660 [confortavitL
2932 2588 3310 2641 Verumtamen
3344 2584 3483 2637 bene

1892 2678 2172 2745 «fecistis,
2233 2677 2697 2733 communicantes
2752 2674 3268 2729 tribulationimem.
3319 2671 3477 2725 Scitis

1892 2785 1912 2813 α
1948 2772 2147 2828 autem,
2191 2771 2244 2816 et
2300 2778 2397 2816 vos
2466 2762 2862 2830 Philippenses,
2916 2759 3063 2830 quod
3114 2758 3166 2810 in
3207 2755 3477 2827 principio

1891 2875 1912 2899 «ι
1949 2851 2251 2923 Evangelii,
2316 2849 2533 2921 quando
2582 2848 2856 2918 profectus
2915 2863 3035 2901 sum
3064 2862 3094 2899 a
3144 2842 3480 2909 Macedonia,

1891 2939 2095 2993 «nulla
2160 2937 2291 2991 mihi
2366 2936 2612 2992 Ecclesia
2688 2933 3105 2990 communicavit
3142 2932 3196 2985 in
3272 2931 3482 2985 ratione

1893 3048 1914 3077 α
1954 3026 2065 3081 dati
2095 3034 2148 3081 et
2176 3025 2401 3095 accepti,
2438 3025 2540 3078 nisi
2572 3040 2669 3077 vos
2718 3022 2839 3089 soli,
2875 3022 2999 3093 quia
3028 3029 3076 3075 et
3127 3017 3477 3073 Thessaloni-

1893 3144 1913 3162 ι
1952 3132 2069 3169 cam
2102 3114 2271 3168 semel
2329 3122 2380 3167 et
2420 3111 2504 3165 bis
2550 3111 2603 3164 in
2663 3127 2820 3165 usum
2876 3109 3007 3163 mihi
3078 3106 3302 3161 nisistis.
3360 3106 3486 3160 Non

1892 3227 1913 3249 ‹‹
1951 3204 2075 3274 quia
2108 3217 2291 3273 quaero
2323 3202 2526 3266 datum,
2553 3199 2649 3253 sed
2682 3198 2899 3269 requiro
2936 3197 3166 3252 fructum
3196 3195 3486 3249 abundan-

1895 3311 1915 3343 ι
1953 3300 2055 3345 tem
2114 3291 2168 3343 in
2219 3289 2428 3344 ratione
2458 3296 2662 3342 vestra.
2715 3286 2904 3340 Habeo
2962 3293 3141 3339 autem
3171 3283 3381 3347 omnia,
3436 3289 3488 3335 et

1895 3403 1915 3425 «
1952 3378 2189 3433 abundo.
2238 3377 2497 3446 Repletus
2539 3391 2660 3428 sum
2709 3373 2949 3442 acceptis
2982 3374 3052 3426 ab
3109 3370 3484 3441 Epaphrodito

1895 3489 1915 3517 κ
1952 3483 2073 3537 quae
2102 3466 2322 3519 misistis
2360 3465 2414 3517 in
2447 3464 2667 3517 odorem
2721 3460 3002 3515 suavitatis
3059 3460 3292 3513 hostiam
3323 3474 3487 3512 acce-

1894 3577 1915 3604 «
1954 3563 2118 3624 ptam,
2151 3553 2456 3623 placentem
2489 3552 2621 3605 Deo.
2674 3551 2819 3604 Deus
2867 3556 3045 3602 autem
3085 3562 3238 3600 meus
3268 3546 3487 3614 impleat

1896 3664 1917 3691 ι
1954 3658 2113 3696 omne
2150 3640 2476 3695 desiderium
2509 3647 2751 3693 vestrum
2781 3635 3081 3691 secundum
3113 3633 3331 3687 divitias
3362 3647 3488 3685 suas

1895 3754 1916 3778 α
1951 3730 2003 3783 in
2036 3729 2210 3799 gloria
2258 3728 2309 3781 in
2374 3727 2587 3781 Christo
2634 3726 2780 3779 Jesu.
2845 3726 2959 3777 Deo
3017 3730 3198 3777 autem
3256 3729 3310 3773 et
3348 3718 3489 3773 Patri

1896 3842 1917 3865 α
1953 3827 2139 3872 nostro
2171 3816 2345 3887 gloria
2377 3816 2431 3869 in
2461 3815 2659 3869 saecula
2691 3812 3037 3867 saeculorum.
3071 3813 3263 3864 Amen.
3323 3807 3487 3862 Salu-

1897 3927 1918 3954 ι
1956 3914 2060 3959 tate
2111 3921 2324 3959 omnem
2390 3911 2635 3958 sanctum
2686 3902 2740 3954 in
2787 3900 3002 3954 Christo
3057 3900 3206 3951 Jesu.
3250 3896 3490 3950 Salutant

1898 4014 1921 4044 ι
1957 4009 2054 4048 vos
2086 3992 2177 4063 qui
2208 4008 2423 4046 mecum
2457 3999 2581 4044 sunt
2630 3989 2845 4043 fratres.
2896 3987 3142 4041 Salutant
3170 4000 3267 4040 vos
3298 3999 3489 4038 omnes

1899 4105 1919 4127 α
1958 4060 2415 4146 δθηοι-ἰίωθχίῐηθ
2446 4087 2626 4133 autem
2660 4077 2749 4147 qui
2798 4076 2865 4129 de
2898 4075 3129 4129 Caesaris
3151 4074 3314 4127 domo
3343 4080 3483 4125 sunt.

1897 4193 1918 4217 α
1958 4169 2146 4224 Gratia
2178 4167 2393 4222 Domini
2450 4165 2619 4220 nostri
2674 4166 2806 4219 Iesu
2855 4162 3056 4217 Christi
3111 4177 3237 4217 cum
3291 4158 3488 4229 spiritu

1899 4280 1920 4307 α
1957 4266 2155 4323 vestro,
2189 4258 2382 4310 Amen.
2414 4279 2436 4301 ››

2458 4418 2773 4458 EXPOSITIO.

1968 4528 2210 4584 269
2230 4529 2295 4582 Et
2317 4527 2443 4598 quia
2468 4526 2797 4595 rcformabit
2836 4539 2934 4577 nos
2969 4522 3060 4594 qui
3101 4537 3491 4577 conversamur

1895 4620 1957 4673 in
1982 4618 2153 4681 cretis,
2176 4618 2387 4687 itaque,
2408 4618 2619 4684 fratres
2640 4613 2771 4677 mei,
2800 4611 2879 4666 sic
2901 4610 3185 4665 nobiscum
3207 4625 3495 4664 conversa-

1895 4705 2045 4758 mini.
2071 4704 2287 4757 Fratres
2305 4702 2427 4757 dico
2442 4700 2783 4765 charissimi,
2809 4715 2909 4769 pro
2924 4699 3040 4767 jam
3061 4698 3200 4752 bene
3221 4696 3409 4765 gestis,
3436 4700 3491 4749 et

1899 4790 2426 4854 desiderantissimi,
2451 4789 2504 4842 id
2526 4796 2607 4842 est
2631 4788 2721 4858 qui
2753 4803 2841 4841 me
2874 4786 3101 4839 multum
3142 4782 3490 4839 desideratis.

1898 4881 1996 4935 Vel
2019 4878 2501 4941 desideratissimi,
2524 4876 2577 4929 id
2602 4883 2683 4929 est
2707 4874 2996 4945 plurimum
3021 4890 3050 4927 a
3072 4889 3159 4927 me
3181 4869 3491 4925 desiderati.

1900 4969 2008 5021 Vos
2033 4967 2156 5020 dico
2185 4965 2453 5035 gaudium
2474 4981 2663 5018 meum
2694 4963 2748 5016 in
2779 4962 3031 5033 praesenti
3058 4980 3072 5026 ;
3115 4961 3319 5014 bonum
3349 4958 3495 5014 enim

1899 5054 2030 5109 mihi
2062 5061 2143 5107 est
2173 5052 2417 5124 gaudere
2444 5052 2512 5106 de
2557 5059 2741 5105 vestra
2779 5049 3114 5121 perfectione
3143 5067 3156 5113 ;
3188 5064 3287 5103 vos
3318 5051 3373 5103 et
3407 5064 3497 5103 co-

1900 5159 2043 5198 rona
2072 5158 2199 5195 mea
2216 5140 2269 5193 in
2293 5138 2492 5203 futuro,
2526 5155 2624 5209 pro
2645 5138 2800 5193 vobis
2820 5137 2962 5191 enim
2985 5137 3236 5192 coronari
3258 5134 3495 5191 confido.

1906 5233 2031 5295 Vos,
2059 5228 2268 5292 fratres,
2307 5231 2457 5283 state
2485 5228 2549 5282 in
2580 5228 2814 5281 Domino
2845 5227 2946 5291 sic,
2971 5225 3023 5279 id
3046 5234 3129 5280 est
3145 5224 3229 5281 vel
3248 5224 3385 5279 sicut
3402 5239 3499 5276 vos

1903 5317 2082 5382 docui,
2100 5316 2185 5371 vel
2203 5316 2341 5372 sicut
2363 5331 2534 5386 usque
2557 5315 2720 5369 modo
2742 5313 2986 5375 stetistis,
3014 5312 3153 5367 sicut
3173 5309 3499 5367 charissimi

1905 5407 1972 5461 de
1993 5404 2286 5476 praeterito.
2319 5404 2395 5458 ita
2423 5403 2745 5458 charissimi
2776 5418 2873 5472 pro
2903 5401 3085 5455 futuro
3108 5401 3275 5453 bono.
3300 5400 3408 5452 Vos
3426 5396 3495 5451 ita

1904 5495 1959 5548 in
1990 5492 2261 5549 communi
2286 5493 2556 5547 admoneo
2582 5510 2595 5557 ;
2630 5491 2725 5545 sed
2756 5490 3039 5553 Evodiam,
3066 5486 3217 5558 quasi
3241 5502 3362 5557 qum
3391 5485 3497 5539 cito

1906 5582 2226 5647 consentiat,
2257 5596 2407 5651 rogo,
2442 5583 2497 5636 et
2529 5579 2866 5653 Syntychen,
2918 5592 3037 5648 quae
3068 5575 3246 5631 minus
3289 5573 3501 5634 videtur
