3960 6050
446 197 543 251 371

997 199 1059 255 S.
1107 198 1458 257 BRUNONIS
1496 196 2145 255 CARTHUSIANORUM
2183 197 2668 254 INSTITUTORIS
2706 198 2860 255 OPP.
2901 199 3076 256 PARS
3114 200 3181 254 II.

3633 202 3743 257 372

449 322 759 389 exorabilis,
780 324 1062 395 deprecor,
1088 340 1282 395 sapere
1303 332 1565 396 utrasque
1586 324 1854 395 idipsum,
1879 323 1933 376 id
1955 329 2038 377 est
2064 324 2120 383 Α
2139 322 2313 377 Deum
2343 322 2629 383 innotescit
2659 322 2865 394 petitio,
2900 323 2949 378 si
2978 323 3066 395 qui
3096 323 3226 395 petit
3251 324 3430 393 justus
3459 331 3574 390 est,
3608 331 3661 379 et
3694 323 3742 377 si

451 409 714 465 unitatem
744 410 891 466 ﬁdei.
927 411 1170 482 Idipsum
1187 412 1310 468 dico
1340 428 1449 467 non
1481 413 1536 465 in
1553 412 1697 484 lege,
1724 412 1821 467 sed
1851 413 1914 467 in
1934 413 2046 467 Do-

452 499 627 554 mino.
661 500 757 554 Hm
785 500 906 555 duae
937 508 1198 555 matronas
1229 509 1402 568 erant,
1442 516 1563 572 quae
1607 500 2048 554 ministraverant

452 588 715 658 Apostolo
745 596 798 643 et
827 588 1109 659 discipulis
1141 590 1195 643 in
1222 589 1610 659 praedicatione
1637 607 1651 655 ;
1686 588 1783 643 sed
1811 604 1912 658 per
1930 604 2047 641 mu-

450 676 676 730 liebrem
698 676 973 732 levitatem
1004 676 1149 749 quod
1181 677 1418 732 fecerant
1461 677 1752 747 Apostolo,
1787 676 1933 731 idem
1964 675 2047 730 fa-

453 764 667 820 ciebant
696 764 801 819 illis
832 767 1058 835 pseudo,
1093 773 1346 836 putantes
1376 781 1436 820 se
1465 765 1603 820 bene
1651 780 1839 836 agere,
1875 773 1926 819 et
1957 781 2049 818 su-

450 869 553 924 per
607 854 711 909 boc
767 854 1165 926 redarguuntur
1195 869 1228 908 a
1259 854 1446 909 Paulo.
1498 856 1637 925 Rogo
1698 855 1875 909 etiam
1906 857 1978 919 te,
2014 869 2047 907 o

454 942 746 1007 Germane,
782 942 873 1013 qui
892 942 1023 996 mihi
1045 960 1274 1014 compar
1294 959 1353 997 es
1385 943 1439 995 in
1459 942 1841 1012 prmdicatione
1861 942 2047 996 Evan-

451 1029 601 1103 gelii,
633 1029 840 1100 adiuva
869 1032 1002 1086 illas
1042 1031 1314 1097 docendo,
1369 1046 1438 1085 ne
1470 1029 1548 1085 sic
1596 1037 1776 1084 errent
1801 1029 2043 1096 ulterius,

451 1118 529 1187 (et
558 1116 781 1188 dignum
812 1118 939 1188 est,)
971 1118 1096 1189 quia
1124 1135 1246 1191 quae
1292 1118 1691 1173 laboraverunt
1737 1135 1955 1174 mecum
1984 1120 2048 1173 in

450 1206 770 1277 Evangelio,
805 1205 873 1260 de
904 1206 1017 1260 suis
1046 1206 1177 1260 mihi
1205 1205 1559 1260 ministrando
1583 1224 1598 1272 ;
1631 1221 1750 1276 quae
1779 1206 1942 1261 etiam
1961 1205 2048 1260 1a-

453 1292 786 1349 boraverunt
841 1310 971 1349 cum
1026 1295 1310 1349 Clemente
1341 1297 1397 1350 et
1429 1295 1651 1350 caeteris
1700 1295 2050 1353 adiutoribus

452 1383 611 1449 meis,
647 1381 898 1436 similiter
927 1381 1305 1437 ministrando.
1337 1383 1606 1448 Nomina,
1637 1382 1689 1436 id
1722 1390 1804 1436 est
1832 1382 2045 1449 merita,

454 1486 712 1542 quorum,
736 1485 838 1539 per
879 1486 1001 1540 quae
1036 1485 1221 1525 coram
1257 1471 1372 1525 Deo
1406 1470 1764 1525 nominabiles
1779 1478 1920 1535 sunt,
1944 1486 2048 1525 no-

451 1557 615 1620 mina,
644 1557 886 1628 inquam,
904 1562 1039 1613 sunt
1056 1561 1119 1613 in
1142 1559 1278 1615 libro
1302 1561 1449 1614 vitae.
1465 1558 1625 1614 Liber
1642 1558 1766 1614 vitae
1791 1574 1947 1614 mens
1969 1558 2051 1613 di-

449 1645 574 1702 vina
595 1645 813 1711 dicitur,
836 1645 893 1699 in
908 1661 1013 1717 qua
1037 1645 1164 1701 boni
1186 1647 1255 1701 ab
1285 1655 1492 1703 aeterno
1518 1647 1832 1702 memoriter
1861 1646 2049 1717 scripti

454 1742 595 1788 sunt.
618 1734 716 1789 Hic
738 1732 1045 1789 Germanus
1066 1742 1181 1789 erat
1200 1735 1480 1804 coadjutor
1500 1734 1647 1789 Pauli
1670 1735 1725 1789 in
1771 1735 2046 1806 praedica-

452 1822 618 1878 tione.
644 1822 754 1876 Has
792 1837 1056 1893 personas
1087 1838 1153 1878 ex
1173 1822 1392 1879 nomine
1414 1823 1491 1878 sic
1512 1824 1799 1889 admoneo,
1825 1823 1881 1877 in
1900 1839 2048 1879 com-

450 1928 613 1967 mune
636 1919 814 1966 autem
836 1912 940 1967 hoc
960 1912 1220 1982 praecipio
1250 1926 1262 1965 :
1292 1912 1542 1968 Gaudete
1557 1928 1667 1967 non
1693 1911 1748 1966 in
1768 1912 1913 1983 lege,
1937 1928 2045 1967 non

450 2000 505 2054 in
520 1999 849 2066 carnalibus,
876 2000 972 2054 sed
993 2000 1055 2054 in
1072 2000 1307 2055 Domino
1328 2000 1489 2072 (sient
1505 2001 1759 2055 admonui
1781 2000 1836 2055 in
1853 2000 2052 2071 princi-

451 2089 586 2160 pio);
611 2102 715 2144 nec
735 2088 805 2143 ad
828 2088 1037 2153 horam,
1065 2087 1163 2143 sed
1188 2105 1410 2163 semper
1437 2089 1675 2158 gaudete
1710 2092 1768 2144 in
1792 2091 2046 2154 Domino,

458 2185 513 2232 et
543 2177 755 2233 iterum
788 2176 935 2231 idem
959 2175 1079 2233 dico
1104 2195 1121 2231 :
1145 2176 1390 2233 Gaudete
1410 2176 1466 2230 in
1495 2176 1752 2231 Domino.
1792 2176 1846 2231 Si
1879 2175 2050 2231 semel

454 2265 659 2321 diceret
682 2264 942 2337 gaudete,
958 2280 1068 2320 non
1088 2264 1365 2320 videretur
1397 2266 1501 2320 hoc
1522 2264 1662 2320 velle
1680 2281 1839 2337 quam
1861 2265 2007 2319 aliud
2033 2284 2048 2331 ;

455 2353 551 2408 sed
576 2353 707 2426 quia
727 2355 834 2409 hoc
866 2352 1047 2426 magis
1100 2353 1331 2409 suadere
1377 2353 1623 2419 intendit,
1657 2369 1931 2425 nunquam
1963 2369 2051 2407 m-

454 2441 560 2497 mis
590 2440 722 2498 dicit
750 2441 896 2513 quod
927 2458 1203 2514 nunquam
1248 2441 1412 2496 nimis
1442 2441 1517 2497 ﬁt.
1574 2442 1652 2497 Ita
1700 2450 1881 2496 autem
1910 2456 2050 2512 gau-

456 2530 581 2587 dete
610 2530 667 2585 in
694 2529 929 2585 Domino
952 2538 1009 2586 ut
1029 2530 1304 2587 modestia
1332 2534 1519 2586 vestra
1538 2534 1677 2585 nota
1696 2530 1774 2585 sit
1792 2529 2051 2585 omnibus

456 2618 798 2685 hominibus,
823 2618 890 2673 ad
907 2618 1209 2690 exemplum
1221 2618 1374 2673 boni.
1401 2618 1723 2673 Modestiam
1744 2617 1875 2673 dicit
1897 2616 2055 2688 quasi

456 2722 788 2773 mensuram,
812 2706 972 2762 utsic
1004 2707 1300 2761 mensurati
1337 2706 1462 2773 sint,
1495 2722 1564 2761 ne
1586 2706 1730 2761 ultra
1764 2705 2051 2767 Dominum

459 2794 721 2866 gaudium
768 2802 1045 2866 qumrant,
1097 2810 1201 2851 nec
1251 2794 1391 2850 infra
1429 2794 1667 2866 gaudere
1704 2802 2053 2865 praesumant.

459 2884 612 2940 Ultra
649 2882 942 2938 Dominum
981 2882 1241 2953 gaudium
1291 2883 1505 2954 quaerit,
1537 2882 1627 2954 qui
1666 2881 1791 2937 ﬁdei
1811 2882 2057 2954 adjungit

457 2972 711 3029 carnalia.
730 2971 877 3027 Infra
912 2970 1173 3039 subsistit,
1199 2970 1292 3043 qui
1312 2970 1367 3025 in
1401 2971 1637 3042 propriis
1667 2970 1874 3027 viribus
1914 2987 2051 3044 gau-

458 3061 607 3117 dium
636 3061 846 3136 quaerit.

531 3149 791 3206 Dicerent
810 3148 889 3204 illi
921 3166 934 3203 :
966 3149 1173 3205 Bonum
1204 3155 1349 3203 esset
1376 3148 1445 3203 ad
1474 3146 1679 3204 cultum
1711 3147 1812 3204 Dei
1870 3146 2050 3220 legem

460 3239 760 3311 adjungere
790 3235 936 3293 fidei.
969 3237 1054 3292 Ad
1081 3238 1188 3293 hoc
1211 3236 1414 3293 Paulus
1447 3254 1460 3291 :
1495 3237 1585 3293 Sic
1603 3244 1775 3292 estote
1796 3236 2049 3303 modesti,

462 3330 593 3400 quia
620 3327 894 3384 Dominus
925 3342 1095 3399 prope
1125 3329 1229 3394 est,
1252 3326 1308 3380 id
1336 3333 1419 3382 est
1442 3333 1664 3397 paratus
1715 3342 1933 3397 semper
1971 3330 2056 3379 est

462 3414 709 3471 auxiliari
742 3415 1027 3470 modestis.
1062 3416 1265 3471 Iterum
1290 3414 1368 3470 illi
1403 3432 1415 3469 :
1450 3415 1506 3471 Si
1541 3423 1854 3471 teneremus
1882 3413 2053 3468 disci-

457 3504 659 3575 plinam
692 3503 858 3576 legis,
898 3503 967 3558 ad
997 3503 1381 3576 corrigendum
1412 3502 1681 3575 inquietos
1713 3510 1860 3558 esset
1888 3501 2051 3556 utilis.

460 3592 544 3648 Ad
574 3594 677 3648 hoc
707 3591 905 3647 iterum
936 3592 1135 3647 Paulus
1163 3592 1353 3649 :Nihil
1371 3592 1499 3648 sitis
1520 3593 1775 3661 solliciti,
1809 3591 1862 3645 id
1889 3597 2057 3646 estne

463 3681 579 3736 sitis
609 3680 759 3735 dubii
788 3682 856 3736 de
886 3681 1088 3736 auxilio
1111 3680 1230 3746 Dei,
1296 3680 1440 3752 quod
1470 3680 1625 3735 vobis
1673 3680 1940 3735 accelerat
1969 3677 2056 3732 di-

461 3768 650 3823 missio
688 3769 851 3842 legis.
911 3769 1010 3823 Vel
1068 3768 1226 3823 latius
1289 3768 1623 3838 accipiamus
1654 3768 1759 3823 hoc
1804 3768 1874 3822 ita
1902 3775 1959 3822 ut
1988 3765 2059 3821 ad

460 3864 745 3927 utramque
802 3873 1043 3927 pugnam
1094 3856 1461 3927 respondeant
1498 3857 1616 3913 hac
1663 3857 1852 3911 verba.
1889 3855 2059 3924 Quasi

462 3944 669 3999 diceret
700 3960 713 3999 :
748 3945 856 3998 Vos
886 3944 1139 4014 utrinque
1169 3943 1586 4016 impugnamini,
1614 3944 1711 3999 sed
1734 3944 1973 4017 gaudete
2003 3945 2060 3999 in

465 4032 701 4090 Domino
740 4048 958 4103 semper
986 4075 998 4099 ,
1032 4032 1159 4103 quia
1186 4032 1338 4104 digni
1366 4032 1495 4087 estis
1539 4048 1569 4086 a
1596 4032 2056 4102 persecutoribus,

463 4131 515 4178 et
536 4138 569 4178 a
588 4123 798 4194 pseudo
828 4137 925 4192 pro
946 4121 1164 4177 nomine
1186 4122 1300 4190 ejus
1322 4120 1458 4192 pati.
1498 4121 1698 4176 Iterum
1730 4121 1853 4176 dico
1878 4136 1890 4174 :
1918 4122 2061 4177 Gau-

465 4213 611 4268 dete.
636 4212 847 4282 Duplex
867 4218 949 4265 est
983 4225 1189 4281 pugna,
1233 4211 1430 4280 duplex
1481 4209 1806 4265 exhortatio.
1842 4209 1932 4265 Sic
1960 4226 2061 4265 au-

462 4310 573 4357 tem
605 4300 862 4372 gaudete,
894 4306 950 4353 ut
979 4299 1265 4367 modestia,
1297 4298 1351 4353 id
1410 4307 1492 4353 est
1536 4298 1927 4369 temperantia,
1960 4314 2061 4368 pa-

2147 411 2290 482 quod
2317 411 2476 482 petit,
2510 411 2764 467 idoneum
2797 421 2898 467 est.
2938 412 3231 467 Petitiones
3260 412 3514 468 dicuntur
3543 413 3611 467 de
3640 428 3737 467 re-

2146 499 2247 553 bus
2278 516 2398 569 qua:
2426 500 2589 555 modo
2620 508 2937 571 opportune
2959 508 3109 567 sunt,
3158 502 3323 555 modo
3354 508 3646 565 transeunt,
3680 507 3740 555 ut

2144 587 2330 658 pluvia
2359 589 2414 641 in
2462 588 2734 653 siccitate,
2786 596 2951 644 mstus
2980 590 3036 643 in
3065 605 3264 645 messe.
3298 588 3455 658 Quod
3485 606 3548 643 ex
3580 589 3737 643 vobis

2146 676 2393 746 potestis,
2429 676 2608 743 tacite,
2642 684 2694 731 et
2726 677 2783 731 in
2813 694 2920 749 quo
2946 693 3044 732 vos
3091 676 3321 733 deﬁcitis
3352 679 3499 732 Deus
3531 694 3594 732 ex
3623 678 3743 749 pie-

2147 771 2256 817 tate
2288 764 2553 834 suppleat.
2587 763 2746 833 Quod
2796 765 2873 820 sic
2929 766 2998 819 ait
3030 784 3042 819 :
3075 769 3199 821 Pax
3229 767 3348 831 Dei,
3398 765 3453 820 id
3480 775 3562 821 est
3591 766 3744 820 Deus

2145 852 2316 922 pacis,
2339 860 2389 906 et
2420 867 2659 925 congrue
2682 853 2755 909 2
2769 853 2922 909 '70
2948 853 3098 925 (quia
3114 870 3349 925 pugnam
3371 854 3744 925 patiebantur)

2146 940 2388 995 nominat
2436 940 2523 996 hic
2577 942 2749 996 Deum
2794 942 2948 1012 pacis
2980 959 2993 996 :
3024 958 3177 1015 pax,
3212 943 3460 1013 inquam,
3490 944 3589 997 Dei
3618 960 3747 1015 qua:

2146 1033 2455 1101 exsuperat
2475 1045 2698 1085 omnem
2719 1047 2952 1086 sensum
2974 1050 2993 1086 :
3014 1030 3322 1086 intellectus
3339 1030 3483 1085 enim
3504 1030 3748 1085 hominis

2149 1130 2268 1169 eam
2302 1132 2500 1187 capere
2531 1133 2638 1173 non
2659 1117 2881 1184 suﬂicit;
2904 1135 3028 1189 pax,
3048 1118 3289 1190 inquam,
3316 1122 3432 1174 haec
3462 1119 3751 1174 custodiat

2148 1205 2332 1270 corda,
2368 1204 2423 1258 id
2454 1213 2537 1260 est
2572 1206 2881 1261 voluntates
2909 1215 3117 1262 vestras
3142 1252 3154 1273 ,
3214 1210 3271 1262 et
3329 1207 3751 1277 intelligentia:

2147 1296 2363 1348 vestras
2381 1294 2445 1348 in
2469 1293 2689 1351 Christo
2709 1296 2857 1360 Jesu,
2891 1294 2983 1367 qui
3011 1295 3177 1351 totius
3206 1294 3333 1349 boni
3362 1294 3609 1350 custodia
3639 1302 3745 1349 est.

2148 1379 2379 1449 Quidam
2408 1381 2554 1436 idem
2585 1382 2910 1455 intelligunt,
2943 1383 3043 1437 sed
3072 1398 3179 1438 non
3214 1382 3359 1437 idem
3374 1383 3579 1439 volunt.
3614 1381 3753 1450 Qui-

2148 1469 2272 1523 dam
2303 1468 2447 1523 idem
2477 1470 2683 1537 volunt,
2718 1470 2809 1541 qui
2842 1478 3021 1526 tamen
3048 1471 3196 1526 idem
3253 1486 3364 1525 non
3412 1470 3745 1543 intelligunt.

2219 1558 2300 1611 De
2329 1557 2623 1628 praeteritis
2646 1559 2725 1615 sic
2746 1575 2845 1614 vos
2869 1559 3092 1613 instruxi
3121 1578 3135 1626 ;
3167 1558 3232 1615 de
3253 1564 3474 1625 cwtero,
3495 1559 3550 1613 id
3576 1566 3659 1614 est
3677 1559 3748 1614 de

2075 1675 2128 1736 B
2150 1643 2350 1713 futuro,
2375 1649 2610 1717 fratres,
2635 1649 2876 1719 cogitate
2898 1664 3242 1720 quascunque
3273 1652 3409 1703 sunt
3427 1663 3575 1712 vera,
3598 1664 3751 1720 quee-

2149 1750 2372 1806 cunque
2402 1735 2627 1807 pudica.
2646 1736 2774 1791 Hinc
2793 1736 2920 1804 duo,
2937 1752 3068 1792 vera
3093 1744 3146 1791 et
3166 1737 3393 1808 pudica,
3417 1736 3563 1792 circa
3581 1734 3750 1791 ﬁdem

2148 1822 2507 1892 accipiuntur,
2559 1839 2791 1894 quorum
2850 1824 3079 1879 alterum
3138 1824 3255 1880 sine
3287 1824 3461 1879 altero
3488 1824 3613 1879 licet
3643 1840 3750 1880 ne-

2149 1918 2310 1981 queat
2343 1927 2465 1966 esse
2500 1911 2556 1965 in
2587 1911 2714 1967 ﬁde.
2750 1912 2805 1967 Si
2837 1913 2979 1967 enim
3010 1912 3212 1969 veritas
3246 1922 3328 1968 est
3356 1912 3411 1967 in
3430 1912 3538 1968 ﬁde
3560 1920 3612 1967 et
3640 1930 3749 1983 pu-

2149 1998 2349 2066 dicitia,
2371 1999 2499 2071 quia
2531 2000 2576 2054 si
2627 1999 2762 2055 falsa
2803 2000 2939 2056 ﬁdes
2970 2008 3069 2067 est,
3133 2009 3217 2056 est
3273 2001 3433 2057 etiam
3473 2000 3747 2069 adultera,

2150 2095 2328 2141 tamen
2357 2103 2468 2142 non
2496 2096 2621 2143 sunt
2653 2089 2943 2159 superflua,
2980 2088 3107 2160 quia
3135 2106 3329 2145 verum
3369 2098 3421 2145 et
3466 2089 3747 2160 pudicum,

2151 2176 2401 2230 diversas
2433 2175 2622 2231 laudes
2652 2177 2868 2250 signant
2897 2178 2951 2231 in
2968 2176 3095 2233 ﬁde.
3125 2178 3374 2249 Cogitate
3391 2178 3574 2244 etiam,
3598 2194 3749 2250 qua:-

2152 2280 2374 2335 cunque
2391 2265 2574 2335 juxta
2606 2265 2677 2320 ad
2718 2265 3043 2336 proximum,
3074 2282 3417 2339 quaecunque
3460 2270 3662 2321 sancta
3695 2265 3752 2319 in

2151 2351 2326 2417 vobis,
2363 2368 2720 2425 quwcunque
2767 2354 2926 2407 etiam
2957 2362 3082 2408 sunt
3134 2354 3422 2419 amabilia,
3448 2353 3508 2408 id
3537 2358 3619 2410 est
3646 2368 3751 2424 pro

2152 2440 2570 2511 quibuscunque
2625 2448 2841 2496 amatur
2873 2441 3065 2515 religio
3096 2450 3290 2510 vestra,
3323 2449 3375 2497 et
3406 2457 3750 2514 quacunque

2153 2536 2277 2583 sunt
2321 2529 2476 2584 bona:
2515 2532 2707 2600 fumea,
2732 2530 2787 2584 id
2817 2537 2900 2585 est
2949 2530 3018 2585 de
3060 2529 3471 2602 quibuscunque
3500 2531 3644 2585 bona
3670 2529 3753 2585 lo-

2155 2624 2391 2688 quuntur
2414 2617 2686 2672 homines.
2712 2618 2791 2672 Ita
2811 2626 2996 2673 tamen
3026 2618 3149 2674 dico
3189 2619 3348 2674 bonae
3367 2618 3524 2675 famae
3560 2620 3608 2673 si
3640 2635 3753 2691 qua

2154 2708 2338 2761 virtus
2360 2713 2442 2760 est
2460 2706 2514 2759 in
2536 2706 2635 2761 eis.
2656 2705 2755 2761 Vel
2772 2709 2819 2762 si
2839 2721 2949 2762 non
2969 2714 3052 2762 est
3074 2714 3216 2761 tanta
3237 2708 3425 2773 virtus,
3454 2707 3520 2761 sit
3548 2706 3621 2761 ibi
3641 2705 3750 2761 sal-

2154 2801 2263 2850 tem
2286 2796 2478 2866 aliqua
2499 2795 2623 2851 laus
2642 2794 2999 2868 disciplima;
3026 2794 3221 2851 sufﬁcit
3241 2796 3384 2850 enim
3406 2795 3749 2851 solummodo

2156 2881 2441 2953 disciplina
2453 2883 2776 2949 Christiana,
2799 2891 2857 2937 ut
2877 2893 3136 2955 appareat
3150 2883 3454 2939 laudabilis.
3474 2883 3745 2955 Cogitate,

2154 2971 2393 3042 inquam,
2422 2970 2536 3027 haec
2558 2972 2762 3036 omnia,
2780 2989 2902 3042 qua:
2924 2977 2979 3029 et
3008 2973 3285 3028 didicistis
3300 2990 3333 3028 a
3349 2989 3458 3036 me,
3494 2976 3550 3028 et
3572 2972 3750 3028 etiam

2085 3033 2132 3093 θ
2152 3033 2449 3132 accepistis
2468 3075 2499 3112 a
2527 3076 2615 3114 me
2642 3079 2655 3127 ;
2690 3033 2927 3131 etturpe
2958 3068 3041 3116 est
3067 3069 3124 3115 ut
3154 3061 3419 3116 deseratis
3449 3033 3578 3132 quas
3608 3061 3750 3116 bene

2151 3148 2470 3219 incmpistis,
2505 3165 2627 3221 qua:
2656 3151 2832 3205 etiam
2862 3150 3103 3205 audistis
3132 3166 3247 3205 esse
3299 3151 3361 3205 in
3389 3166 3497 3217 me,
3530 3154 3585 3204 et
3620 3164 3747 3205 cum

2153 3237 2295 3310 apud
2325 3252 2424 3291 vos
2454 3252 2633 3292 essem
2664 3237 2886 3293 vidistis
2904 3240 2968 3293 in
2988 3254 3096 3294 me.
3132 3239 3257 3293 Haec
3298 3253 3407 3293 non
3438 3238 3615 3293 solum
3648 3254 3750 3294 co-

2154 3325 2337 3397 gitate,
2362 3326 2459 3380 sed
2482 3324 2641 3380 etiam
2658 3328 2831 3396 agite,
2856 3330 2913 3381 et
2934 3333 3061 3382 tunc
3085 3328 3228 3382 Deus
3241 3327 3401 3399 pacis
3422 3327 3531 3381 erit
3544 3342 3749 3397 coope-

2155 3414 2323 3468 rando
2352 3414 2651 3469 vobiscum.
2690 3414 2779 3470 Sic
2828 3430 2927 3469 vos
2988 3415 3057 3469 de
3112 3413 3306 3469 futuris
3354 3415 3650 3478 admoneo,
3683 3415 3754 3470 de

2154 3501 2444 3572 prmteritis
2460 3510 2639 3557 autem
2658 3503 2880 3573 gavisus
2901 3519 3025 3559 sum
3046 3503 3403 3558 vehementer
3418 3504 3481 3558 in
3491 3504 3748 3566 Domino.

2156 3590 2382 3657 scilicet,
2426 3590 2571 3661 quod
2611 3590 2841 3646 tandem
2886 3591 3057 3646 multo
3096 3598 3342 3661 tempore
3382 3591 3675 3661 praeterito,
3697 3598 3751 3646 et

2157 3685 2286 3733 tunc
2307 3678 2715 3749 aliquando,.id
2736 3686 2818 3735 est
2836 3680 3006 3735 semel
3021 3696 3131 3734 non
3146 3679 3375 3749 amplius
3392 3680 3748 3748 reﬂoruistis.

2154 3766 2288 3820 Cum
2320 3766 2462 3821 enim
2493 3767 2640 3837 aqud
2678 3782 2779 3823 vos
2813 3783 2983 3837 eram,
3018 3776 3145 3824 tunc
3175 3768 3320 3825 circa
3347 3784 3435 3822 me
3464 3767 3749 3833 floruistis,

2157 3869 2303 3910 nunc
2331 3862 2511 3909 autem
2542 3854 2864 3911 reﬂoruistis
2895 3872 3003 3910 non
3051 3856 3225 3911 solum
3280 3856 3617 3922 ministrare,
3653 3858 3753 3911 sed

2160 3942 2324 3997 etiam
2352 3944 2564 3998 sentire
2580 3960 2679 4014 pro
2701 3960 2807 3999 me.
2836 3944 2927 3999 Sic
2948 3945 3093 3999 enim
3109 3945 3294 4016 gravis
3323 3944 3423 3999 fuit
3442 3944 3599 3999 vobis
3629 3961 3755 4000 mea

2161 4039 2398 4101 egestas,
2434 4047 2497 4087 ac
2528 4031 2573 4085 si
2607 4047 2703 4086 vos
2744 4031 2951 4087 eisdem
2990 4032 3328 4103 indigeretis.
3363 4033 3573 4089 Sentire
3606 4033 3752 4098 dico,

2161 4121 2310 4175 sicut
2331 4119 2461 4173 olim
2493 4135 2615 4175 cum
2644 4120 2788 4191 apud
2817 4136 2916 4175 vos
2946 4137 3115 4187 eram,
3148 4136 3249 4190 pro
3280 4137 3367 4176 me
3398 4122 3748 4177 sentiebatis.

2160 4208 2503 4263 Reﬂoruistis
2534 4208 2925 4264 convenienter
2976 4210 3066 4265 ait.
3098 4210 3247 4264 Sicut
3303 4209 3447 4264 enim
3478 4210 3546 4265 de
3596 4209 3751 4276 ﬂore,

2160 4295 2231 4350 ita
2261 4295 2466 4351 fructus
2497 4304 2843 4366 exspectatur
2863 4297 2931 4351 de
2952 4298 3053 4352 hac
3082 4296 3569 4353 administratione.
3592 4297 3754 4352 Nunc

463 4389 665 4444 tientia:
693 4396 890 4443 vestrae
918 4394 1049 4443 nota
1078 4386 1145 4442 sit
1166 4386 1418 4442 omnibus
1440 4387 1766 4442 hominibus.
1790 4388 1858 4442 Ut
1880 4394 2059 4441 autem
2086 4389 2138 4447 D
2160 4385 2377 4438 tandem
2408 4385 2749 4450 reﬂoruistis,
2775 4385 2873 4439 sed
2890 4385 3041 4455 prius
3063 4387 3320 4457 occupati
3339 4386 3532 4451 eratis,
3555 4394 3608 4439 et
3628 4384 3755 4439 ideo

464 4476 697 4532 modesti
727 4476 862 4541 sitis,
915 4475 1105 4531 sictote
1154 4476 1279 4547 quia
1326 4475 1589 4529 Dominus
1614 4490 1784 4546 prope
1835 4482 1934 4543 est,
1969 4474 2062 4545 qui

464 4582 574 4620 non
603 4564 807 4620 deserit
837 4572 1121 4635 sperantes
1150 4564 1205 4617 in
1238 4580 1317 4618 se.
1350 4564 1414 4618 Et
1445 4563 1574 4633 quia
1621 4578 1794 4632 prope
1826 4570 1937 4627 est,
1971 4562 2059 4615 ni-

461 4654 539 4710 hil
568 4670 703 4727 ergo
736 4653 950 4709 solliciti
982 4653 1118 4714 sitis,
1152 4652 1207 4706 id
1238 4659 1319 4707 est
1350 4667 1417 4706 ne
1438 4658 1824 4720 persecutores
1847 4650 2060 4704 dubite-

464 4743 554 4798 tis.
582 4744 663 4797 Ne
682 4742 798 4796 sitis
824 4741 996 4807 dubii,
1029 4742 1122 4797 sed
1152 4741 1316 4811 petite
1346 4740 1408 4793 in
1430 4740 1586 4793 omni
1606 4738 2060 4807 oratione,etob-

465 4832 801 4898 secratione,
818 4834 874 4885 et
893 4846 1017 4885 cum
1033 4830 1352 4899 gratiarum
1368 4827 1611 4881 actione.
1633 4825 1818 4880 Oratio
1840 4826 2053 4893 dicitur,

467 4918 682 4988 quando
712 4933 801 4972 res
832 4915 1187 4987 impetrabilis
1232 4914 1431 4985 petitur
1461 4922 1513 4969 et
1540 4914 1907 4986 deprecative.
1942 4913 2060 4969 Ob-

467 5004 699 5059 sacratio
720 5005 934 5071 dicitur,
971 5004 1187 5074 quando
1216 5018 1317 5073 per
1348 5002 1719 5071 adjuramenta
1750 5010 1801 5057 et
1824 5002 1969 5072 quod
1992 5002 2061 5055 ad

464 5091 868 5162 impetrandum
897 5091 1113 5147 difﬁcile
1167 5090 1381 5145 videtur
1410 5091 1769 5160 postulamus.
1808 5090 2060 5145 Redditio

468 5180 631 5236 etiam
678 5180 977 5250 gratiarum
1024 5180 1091 5233 ad
1138 5179 1479 5249 impetranda
1544 5178 1723 5233 futura
1779 5179 1925 5233 utilis
1955 5186 2057 5241 est,

470 5270 607 5326 sicut
636 5268 911 5341 ingratum
957 5284 1078 5322 esse
1118 5283 1354 5323 nocuum
1411 5274 1511 5321 est.
1549 5267 1639 5322 Sic
1687 5275 1862 5321 autem
1896 5267 2061 5337 petite

465 5362 531 5415 ut
556 5359 862 5430 petitiones
909 5359 1107 5411 vestrae
1128 5357 1493 5411 innotescant
1519 5355 1669 5426 apud
1690 5354 1955 5423 Deum,id
1977 5362 2061 5409 est

466 5448 700 5523 cognitae
730 5454 783 5504 et
810 5444 1121 5521 approbatm
1152 5444 1257 5499 sint
1311 5443 1453 5514 apud
1503 5444 1695 5501 Deum.
1729 5444 1877 5499 Tunc
1916 5443 2060 5517 apud

2163 4472 2506 4527 excusabiles
2536 4472 2698 4533 estis.
2730 4472 2776 4526 si
2807 4473 3025 4528 aliunde
3055 4473 3296 4543 impediti
3333 4489 3442 4529 non
3470 4472 3755 4528 ministra—

2162 4559 2277 4613 stis.
2315 4561 2545 4615 Gavisus
2573 4576 2697 4615 sum
2716 4560 2921 4631 utique,
2946 4568 2998 4615 et
3037 4577 3152 4617 non
3182 4562 3287 4616 hoc
3317 4562 3439 4617 dico
3462 4560 3614 4632 quasi
3630 4576 3759 4633 pro-

2158 4652 2289 4719 pter
2306 4649 2629 4719 penuriam,
2664 4665 2786 4718 quae
2814 4648 2944 4702 mihi
2967 4649 3153 4719 gravis
3183 4656 3355 4714 esset;
3388 4666 3483 4721 ego
3504 4650 3657 4705 enim
3678 4650 3758 4704 di-

2163 4735 2278 4790 dici
2307 4750 2421 4790 esse
2445 4736 2731 4806 sufﬁciens
2758 4736 2821 4791 in
2843 4738 3260 4808 quibuscunque
3291 4753 3437 4792 sum.
3469 4739 3591 4793 Scio
3607 4736 3755 4791 enim

2161 4826 2217 4878 et
2238 4823 2555 4889 humiliari,
2583 4823 2637 4877 id
2668 4832 2750 4878 est
2779 4825 3087 4895 pauperari.
3109 4827 3232 4881 Scio
3245 4827 3420 4881 etiam
3440 4825 3751 4881 abundare.

2161 4911 2256 4965 Ille
2280 4910 2381 4967 scit
2404 4911 2692 4975 humiliari,
2732 4912 2822 4982 qui
2860 4928 2968 4966 non
3024 4912 3297 4984 frangitur
3347 4920 3619 4986 egestate;
3653 4914 3757 4969 scit

2161 4998 2459 5063 abundare,
2494 4999 2540 5052 si
2573 5014 2695 5054 cum
2745 5000 3064 5055 auctoritate
3112 5001 3261 5055 novit
3314 5001 3543 5055 subditis
3575 5002 3757 5072 impe-

2160 5102 2305 5151 rare,
2339 5102 2447 5140 non
2478 5094 2654 5140 tamen
2686 5087 2787 5141 sibi
2818 5088 2885 5142 ad
2929 5089 3157 5159 gloriam
3183 5130 3197 5156 ,
3231 5090 3329 5144 sed
3359 5090 3428 5144 ad
3471 5089 3757 5145 utilitatem

2161 5175 2448 5231 Ecclesiae.
2506 5176 2628 5229 Scio
2686 5175 2982 5232 humiliari
3020 5182 3076 5232 et
3107 5178 3435 5245 abundare;
3469 5194 3573 5250 ego
3604 5179 3749 5233 enim

2159 5280 2283 5319 sum
2303 5264 2628 5329 institutus,
2654 5263 2707 5317 id
2731 5272 2813 5318 est
2836 5273 3086 5319 assuetus
3107 5266 3327 5337 ubique,
3353 5266 3407 5320 id
3431 5274 3511 5321 est
3531 5266 3584 5320 in
3602 5267 3752 5321 omni

2159 5352 2302 5420 loco,
2323 5352 2438 5409 sive
2458 5350 2564 5407 sint
2585 5351 2657 5405 ibi
2677 5352 2855 5422 pauci,
2880 5369 2977 5407 seu
2998 5353 3201 5423 plures,
3219 5370 3315 5409 seu
3335 5370 3630 5424 pauperes,
3656 5370 3757 5410 seu

2159 5441 2372 5497 divites.
2396 5444 2461 5497 Et
2481 5443 2543 5497 in
2564 5442 2824 5500 omnibus
2835 5442 3000 5498 rebus
3013 5458 3131 5496 sum
3153 5458 3256 5513 ego
3277 5442 3572 5511 institutus,
3591 5448 3649 5498 et
3668 5459 3753 5499 δας
