3960 6050
222 226 329 278 373

898 221 1279 280 EXPOSITIO
1320 224 1395 279 IN
1432 223 1808 280 EPISTOLAS
1847 224 2071 281 PAULI.
2115 255 2185 266 —
2224 225 2298 280 IN
2334 225 2553 281 EPIST.
2595 226 2690 281 AD
2732 225 2887 281 COL.

3430 226 3532 281 37L

227 347 437 413 turari,
463 349 520 402 et
550 348 808 413 esurire;
840 354 891 402 et
909 347 990 419 (ut
1020 347 1176 402 latius
1192 347 1394 419 dicam)
1416 351 1528 405 scio
1549 348 1834 405 abundare
1864 350 1915 409 A
1937 351 2063 404 Deo.
2086 350 2187 403 Per
2216 350 2501 406 incensum
2527 350 2640 421 (qui
2670 349 2865 403 dicitur
2894 348 3030 404 odor
3067 348 3255 403 suavis
3286 347 3423 416 Deo)
3454 347 3533 401 si-

226 440 285 491 et
305 438 608 507 penuriam
638 436 789 507 pati.
804 435 873 489 Et
893 435 1017 491 licet
1036 436 1211 490 dicam
1229 439 1341 492 scio
1355 438 1496 509 pati,
1517 444 1643 501 etc.,
1660 446 1844 491 tamen

224 524 347 578 haec
379 524 570 577 omnia
600 540 847 595 possum,
879 539 988 577 non
1022 524 1076 577 in
1105 524 1313 578 viribus
1348 526 1504 593 meis,
1567 525 1663 579 sed
1694 527 1755 579 in
1783 542 1843 581 eo

224 611 518 679 adjuvante
549 613 643 682 qui
672 628 763 666 me
793 628 889 682 per
920 612 1159 683 gratiam
1192 629 1344 666 suam
1383 614 1752 684 confortavit.
1776 614 1845 666 Et

216 699 350 755 licet
372 699 601 753 dixerim
623 716 708 754 me
740 716 847 754 non
869 708 1095 771 propter
1118 701 1405 771 penuriam
1426 701 1674 773 gavisum
1693 717 1841 767 esse,

221 792 617 843 verumtamen
648 804 755 842 non
788 805 908 841 sum
937 788 1183 861 ingratus
1216 788 1516 853 beneﬁciis,
1552 789 1649 844 sed
1700 791 1838 845 bene

218 878 446 946 fecistis
493 874 985 931 communicantes
1039 878 1399 933 tribulationi
1441 894 1600 942 mem,
1651 876 1706 931 id
1753 885 1837 931 est

215 963 354 1017 mihi
376 964 648 1019 tribulato.
668 964 800 1019 Dico
822 965 933 1020 scio
957 966 1244 1019 abundare
1269 970 1324 1020 et
1348 966 1649 1036 penuriam
1670 966 1837 1038 pati;

219 1068 316 1107 vos
350 1060 554 1117 autem,
586 1069 621 1105 ο
652 1053 1042 1124 Philippenses
1072 1054 1187 1108 haec
1221 1054 1401 1119 scitis,
1447 1054 1574 1125 quia
1613 1053 1835 1125 quando

215 1143 518 1212 profectus
560 1157 690 1195 sum
719 1158 753 1194 a
773 1140 1117 1206 Macedonia,
1150 1140 1202 1194 in
1233 1141 1500 1211 principio
1528 1140 1836 1213 Evangelii,

220 1229 397 1283 nulla
415 1229 665 1283 Ecclesia
687 1230 1131 1284 communicavit
1154 1230 1294 1283 mihi
1317 1232 1375 1284 in
1403 1232 1644 1294 ratione,
1669 1229 1723 1282 id
1754 1236 1838 1283 est

222 1316 282 1370 in
313 1317 751 1371 consideratione
780 1317 905 1372 dati
924 1321 977 1372 et
1003 1319 1238 1389 accepti,
1274 1326 1329 1369 ut
1352 1318 1726 1372 consideraret
1746 1333 1833 1371 me

222 1405 359 1458 dare
390 1404 493 1457 sibi
524 1404 843 1474 spiritualia,
895 1412 949 1459 et
976 1420 1063 1458 me
1107 1404 1307 1459 debere
1351 1405 1418 1458 ab
1457 1405 1536 1459 eis
1583 1405 1831 1474 accipere

217 1492 486 1548 carnalia.
522 1492 619 1547 Vel
651 1508 951 1547 econverso
984 1492 1129 1563 quod
1177 1492 1448 1563 acciperet
1471 1510 1499 1547 a
1530 1510 1615 1547 me
1664 1493 1829 1563 spiri-

221 1581 412 1643 tualia,
447 1588 499 1635 et
528 1580 753 1636 deberet
793 1581 925 1635 dare
969 1580 1311 1650 temporalia.

1944 437 2235 508 gniﬁcatur
2262 438 2454 492 oratio.
2490 439 2617 493 Hac
2632 447 2809 492 autem
2841 438 3189 507 eleemosyna
3220 452 3328 491 non
3356 435 3537 489 minus

1943 534 2101 597 grata
2132 525 2230 579 fuit
2260 527 2373 580 Deo
2404 542 2562 597 quam
2604 527 2795 580 devota
2840 526 3034 579 oratio.
3070 524 3289 578 Misistis
3320 530 3372 577 et
3401 524 3541 579 hanc

1944 614 2188 668 eamdem
2205 615 2441 669 hostiam
2469 619 2758 685 acceptam
2778 616 2906 677 Deo,
2926 629 3026 667 nec
3048 612 3432 683 quoquomodo
3448 626 3541 666 ac-

1942 709 2173 770 ceptam,
2199 702 2295 756 sed
2320 702 2459 755 bene
2477 703 2802 774 placentem
2834 703 2967 755 Deo.
3002 701 3191 754 Hostia
3220 700 3537 767 vocabatur,

1941 790 2085 859 quod
2115 804 2214 859 pro
2246 789 2475 844 devictis
2502 788 2588 844 vel
2642 788 2998 844 devincendis
3043 787 3288 842 hostibus
3337 785 3538 841 oﬂ‘ere-

1941 876 2116 930 batur.
2152 876 2216 929 lli
2246 886 2445 944 autem,
2480 877 2524 930 si
2574 893 2631 931 se
2663 877 2747 931 vel
2794 876 3131 941 verberibus,
3188 875 3274 930 vel
3317 874 3539 943 jejuniis

1939 972 2257 1029 mactarunt,
2291 972 2345 1018 ut
2375 964 2662 1018 invisibilis
2712 964 2881 1019 hostis
2934 964 3256 1018 tentationes
3305 978 3539 1032 supera-

1938 1060 2077 1120 rent,
2112 1068 2220 1106 non
2250 1052 2427 1123 magis
2458 1052 2741 1122 placerent
2771 1053 2885 1106 Deo
2916 1067 3082 1123 quam
3137 1052 3252 1106 hinc
3302 1050 3537 1104 admini-

1938 1141 2139 1194 stratio.
2176 1140 2430 1210 Repletus
2476 1156 2595 1193 sum
2626 1155 2658 1193 a
2715 1140 2889 1203 vobis,
2944 1141 3092 1195 Deus
3147 1144 3338 1193 autem
3380 1154 3539 1193 meus

1936 1229 2175 1300 impleat
2206 1244 2370 1283 omne
2402 1229 2739 1283 desiderium
2769 1233 3039 1283 vestrum.
3084 1228 3206 1282 Non
3237 1228 3536 1281 secundum

1936 1318 2037 1371 hoc
2070 1317 2214 1387 quod
2236 1316 2529 1381 meruistis,
2556 1316 2653 1370 sed
2671 1317 2979 1371 secundum
3000 1317 3228 1371 divitias
3245 1332 3395 1369 suas.
3432 1315 3539 1367 Im-

1933 1404 2081 1474 pleat
2111 1404 2234 1458 dico
2262 1405 2325 1458 in
2355 1405 2535 1474 gloria
2568 1411 2621 1457 et
2651 1405 2753 1458 hoc
2783 1405 2843 1458 in
2870 1402 3083 1459 Christo
3106 1405 3256 1467 Jesu,
3285 1401 3540 1456 distribu-

1933 1500 2051 1547 tore
2082 1491 2288 1562 gloriae.
2325 1490 2466 1559 Quia
2504 1508 2591 1545 me
2626 1491 2931 1562 replevistis
2962 1491 3040 1546 sic
3072 1506 3169 1546 oro
3217 1505 3313 1561 pro
3343 1490 3537 1555 vobis;

1932 1582 2040 1636 Deo
2071 1584 2261 1635 autem
2294 1584 2348 1635 et
2374 1580 2535 1634 Patri
2564 1584 2755 1635 nostro
2786 1596 2883 1649 pro
2915 1579 2997 1633 his
3047 1587 3100 1633 et
3148 1594 3246 1649 pro
3287 1578 3537 1632 omnibus

297 1670 492 1735 Nulla,
525 1668 766 1739 inquam,
801 1670 1263 1734 communicavit,
1296 1669 1414 1722 nisi
1458 1684 1547 1723 vos
1575 1668 1698 1735 soli,
1733 1667 1828 1739 qui
1858 1705 1908 1763 Β
1933 1685 2053 1739 quae
2078 1668 2217 1723 bene
2246 1668 2508 1739 gerimus,
2545 1668 2613 1721 sit
2642 1669 2822 1739 gloria
2848 1668 2911 1722 in
2953 1668 3156 1722 saecula
3200 1668 3395 1721 horum
3425 1684 3535 1721 sw-

220 1758 469 1812 misistis
500 1758 644 1812 mihi
682 1758 1129 1813 Thessalonicam
1151 1761 1206 1812 et
1228 1757 1402 1811 semel
1432 1759 1487 1810 et
1506 1756 1603 1819 bis,
1628 1770 1736 1809 non
1754 1762 1829 1808 ta-

216 1861 349 1899 men
393 1845 446 1898 in
493 1846 943 1917 congregandum
973 1846 1302 1910 thesaurum,
1340 1843 1435 1897 sed
1466 1846 1528 1898 in
1557 1860 1744 1909 usum,
1773 1843 1829 1897 id

216 1940 302 1988 est
333 1933 479 2004 quod
509 1933 629 1987 usui
662 1949 783 1988 meo
813 1932 1105 1987 suﬁiceret.
1131 1932 1383 1986 Dicerent
1414 1930 1491 1984 illi
1530 1945 1540 1983 :
1578 1930 1706 1984 Ideo
1730 1945 1829 1985 nos

217 2020 426 2085 laudat,
460 2028 518 2074 ut
547 2020 625 2075 sic
653 2036 751 2075 nos
782 2020 851 2074 ad
881 2020 1119 2074 dandum
1152 2020 1392 2075 inducat.
1442 2018 1525 2073 Ad
1554 2018 1657 2073 hoc
1686 2020 1828 2073 Pau-

216 2109 309 2163 lus
345 2126 358 2162 :
394 2110 512 2163 Non
534 2109 657 2164 ideo
674 2124 771 2163 vos
791 2108 972 2171 laudo,
1000 2110 1130 2180 quia
1152 2124 1338 2180 quaero
1357 2107 1575 2171 datum,
1596 2106 1650 2160 id
1668 2114 1750 2161 est
1772 2115 1830 2160 ut

218 2197 253 2251 d
264 2197 367 2251 etis
379 2196 531 2262 mihi,
546 2198 642 2251 sed
655 2198 876 2267 requiro
890 2196 1273 2250 abundantem
1297 2198 1553 2266 fructum
1568 2196 1629 2249 in
1640 2197 1825 2250 ratio-

220 2301 318 2349 ne,
350 2284 406 2338 id
436 2292 517 2339 est
548 2285 603 2338 in
630 2283 1099 2338 administratione
1130 2288 1312 2339 vestra
1335 2298 1407 2337 ex
1425 2282 1634 2337 ratione
1664 2281 1827 2337 facta.

220 2373 393 2441 Quasi
422 2373 669 2429 diceret:
702 2373 824 2427 Non
856 2388 1047 2427 amore
1077 2370 1381 2441 accipiendi
1434 2386 1618 2441 quzrro
1651 2385 1682 2423 a
1728 2385 1829 2424 vo-

220 2462 328 2525 bis,
364 2461 461 2515 sed
490 2468 549 2514 ut
580 2460 865 2515 exhibeam
897 2477 984 2515 me
1014 2475 1269 2528 capacem
1318 2458 1604 2513 materiam
1636 2465 1830 2512 vestrae

223 2550 381 2605 2'7
402 2548 461 2604 1
486 2548 829 2621 benignitati,
852 2547 1001 2603 utsic
1021 2545 1342 2603 fructiﬁcare
1361 2546 1551 2616 possit.
1578 2546 1704 2599 Ideo
1723 2560 1830 2599 non

220 2652 410 2708 quaero
440 2637 647 2703 datum,
672 2637 795 2707 quia
814 2652 918 2708 ego
942 2636 1110 2692 habeo
1142 2637 1355 2699 omnia,
1378 2650 1498 2705 quae
1520 2640 1749 2703 oportet,
1775 2637 1831 2687 et

216 2725 444 2781 abundo
456 2726 509 2779 in
522 2725 649 2779 illis.
666 2725 897 2779 Abundo
910 2723 1112 2795 utique,
1129 2726 1259 2795 quia
1272 2723 1521 2793 repletus
1536 2737 1660 2775 sum
1674 2736 1830 2775 acce-

220 2815 337 2886 ptis
353 2814 420 2868 ab
434 2813 815 2886 Epaphrodito
833 2830 955 2885 qua:
967 2813 1206 2868 misistis
1218 2813 1280 2866 in
1294 2811 1513 2867 odorem
1527 2810 1831 2865 suavitatis

1937 1758 2195 1813 culorum
2225 1756 2586 1811 consecutiva.
2619 1756 2815 1809 Amen.
2865 1756 3122 1810 Salutate
3143 1771 3365 1809 o-mnem
3396 1771 3537 1817 san-,-

1939 1849 2095 1900 ctum
2124 1846 2187 1899 in
2221 1843 2437 1899 Christo
2467 1845 2616 1898 Jesu.
2651 1844 2765 1898 Hoc
2796 1843 2869 1897 ait
2915 1843 2982 1897 de
3012 1842 3293 1912 discipulis
3324 1842 3455 1906 suis,
3491 1841 3538 1896 si

1939 1931 2074 1986 forte
2130 1938 2573 2002 pertranseuntes
2628 1931 2876 1985 viderent
2942 1930 3081 1985 illos.
3140 1931 3410 1985 Salutant
3445 1945 3538 1984 vos

1937 2022 2148 2090 fratres
2179 2020 2273 2090 qui
2291 2035 2513 2073 mecum
2537 2023 2692 2073 sunt.
2746 2019 2860 2073 Hoc
2910 2017 3105 2071 iterum
3136 2017 3205 2071 de
3254 2016 3536 2087 discipulis

1938 2107 2051 2161 suis
2069 2107 2159 2177 qui
2181 2122 2364 2161 secum
2386 2114 2543 2160 erant
2565 2106 2656 2160 ait.
2686 2106 2957 2163 Salutant
2976 2122 3065 2160 vos
3098 2121 3289 2160 omnes
3310 2106 3496 2160 sancti
3518 2124 3536 2171 ;

1936 2195 2053 2248 haec
2083 2194 2157 2248 ait
2187 2193 2254 2248 de
2284 2194 2585 2250 conversis.
2632 2194 2878 2249 Maxime
2922 2197 3118 2248 autem
3165 2192 3395 2246 salutant
3442 2208 3538 2246 vos

1934 2282 1988 2335 hi
2018 2284 2112 2353 qui
2139 2286 2277 2337 sunt
2311 2282 2377 2336 de
2410 2282 2569 2338 domo
2602 2281 2859 2336 Cmsaris.
2894 2281 3075 2337 Voluit
3099 2278 3413 2351 signiﬁcare
3434 2280 3532 2346 eis,

1932 2369 2000 2423 de
2050 2368 2252 2423 familia
2299 2368 2536 2423 Neronis
2601 2369 2865 2440 quosdam
2915 2386 3011 2438 per
3066 2385 3189 2423 eum
3241 2384 3537 2423 conversos

1932 2473 2076 2522 esse,
2113 2473 2344 2528 quorum
2376 2473 2479 2526 ope
2510 2457 2851 2512 existimabat
2891 2473 2950 2511 se
2998 2472 3285 2511 evasurum
3321 2464 3378 2510 ut
3407 2455 3536 2510 visi-

1930 2553 2072 2600 taret
2103 2561 2218 2599 eos.
2254 2545 2481 2615 Signum
2524 2545 2803 2615 Epistolae.
2846 2545 3040 2600 Gratia
3086 2546 3312 2600 Domini
3350 2546 3534 2599 nostri

1931 2636 2062 2689 Jesu
2085 2633 2293 2688 Christi
2313 2650 2441 2689 cum
2465 2635 2673 2704 spiritu
2692 2636 2873 2689 vestro
2889 2634 2975 2697 sit,
3000 2641 3053 2686 ut
3076 2633 3129 2686 in
3155 2632 3532 2703 spiritualibus

1932 2722 2047 2776 Deo
2080 2721 2350 2785 serviatis,
2385 2721 2440 2775 in
2471 2736 2577 2793 quo
2606 2728 2659 2775 et
2687 2736 2905 2792 semper
2934 2720 3204 2793 gaudetis.
3247 2722 3449 2776 Amen.

732 2949 3512 2982 Ἃ

888 3059 1381 3116 ARGUMENTUM
1420 3061 1495 3114 IN
1530 3058 1927 3115 EPISTOTAM
1965 3057 2170 3113 PAULI
2209 3057 2304 3111 AD
2344 3055 2859 3116 COLOSSENSES.

291 3181 670 3247 Colossenses,
704 3182 841 3238 sicut
871 3190 924 3237 et
955 3183 1339 3245 Laodicenses.
1374 3191 1497 3237 sunt
1524 3182 1738 3247 Asiani;
1774 3190 1825 3236 et
1854 3181 1956 3251 ipsi
1988 3182 2245 3251 praeventi
2277 3190 2425 3236 erant
2454 3197 2485 3235 a
2518 3179 3010 3250 pseudoapostolis.
3059 3179 3174 3235 Nec
3200 3181 3265 3234 ad
3298 3182 3396 3237 hos
3427 3199 3525 3239 ac-

215 3253 385 3324 cessit
418 3253 729 3322 Apostolos,
763 3253 859 3307 sed
892 3261 943 3307 et
976 3254 1074 3306 hos
1105 3271 1204 3324 per
1235 3254 1538 3323 Epistolam
1569 3252 1808 3322 corrigit.
1840 3250 2100 3324 Audierat
2130 3253 2275 3306 enim
2302 3252 2530 3324 verbum
2560 3252 2628 3324 ab
2659 3250 2952 3324 Archippo,
2973 3250 3063 3321 qui
3094 3260 3143 3305 et
3165 3252 3524 3324 ministerium

215 3323 270 3376 in
305 3321 656 3397 e_os_accepit.
690 3324 843 3395 Ergo
874 3321 1166 3395 Apostolus
1191 3321 1302 3393 jam
1331 3324 1550 3397 ligatus,
1585 3321 1773 3379 scribit
1803 3322 1882 3377 eis
1913 3322 1979 3376 ab
2008 3324 2246 3393 Epheso,
2281 3338 2378 3392 per
2405 3322 2701 3393 Tychicum
2732 3321 3017 3376 diaconum
3046 3364 3057 3387 ,
3110 3330 3163 3376 et

219 3394 556 3463 acolythum.

3206 3322 3523 3380 Onesimum

1200 3625 1574 3682 PROLOGUS
1613 3626 1671 3680 B.
1720 3622 2073 3680 BRUNONIS
2114 3624 2186 3678 IN
2222 3623 2543 3678 ΕΑΜΟΕΜ.

282 3748 351 3801 ΙΙί
381 3747 736 3804 Colossenses
780 3748 965 3802 Asiani
1009 3756 1181 3815 erant,
1249 3749 1436 3804 afﬁnes
1464 3747 1818 3804 Laodicensi-
1852 3747 2217 3808 Csecundum
2265 3747 2570 3805 doctrinam
2612 3745 2869 3816 Archippi
2913 3752 2967 3800 et
3014 3745 3299 3816 Epaphrae,
3333 3762 3523 3816 super-

206 3836 333 3901 bus,
370 3836 567 3906 quibus
596 3836 651 3889 in
686 3836 1011 3907 Apocalypsi
1042 3838 1283 3891 Joannes
1327 3836 1511 3891 scribit
1544 3853 1664 3891 cum
1714 3852 1826 3891 cae-

205 3920 344 3975 teris
410 3920 693 3985 Ecclesiis,
744 3920 942 3991 quibus
994 3920 1240 3975 similiter
1283 3921 1479 3975 Paulus
1528 3920 1825 3991 Epistolam

213 4008 455 4078 scripsit,
489 4009 615 4080 quia
645 4009 991 4063 tentabantur
1031 4009 1281 4063 similiter
1310 4025 1341 4063 a
1386 4009 1825 4079 pseudoaposto-

212 4097 303 4163 lis,
338 4103 391 4150 et
421 4097 753 4166 prascepitut
781 4096 1022 4166 Epistola
1044 4096 1449 4152 Colossensium
1474 4097 1752 4169 legeretur
1770 4097 1826 4150 in

213 4184 471 4240 Ecclesia
493 4184 907 4239 Laodicensium
933 4194 1018 4251 ;et
1035 4202 1064 4239 e
1082 4200 1371 4240 converso.
1396 4185 1491 4239 His
1512 4193 1693 4239 autem
1724 4185 1825 4238 Co-

220 4271 566 4328 lossensibus
618 4289 725 4327 non
776 4273 1169 4343 praedicaverat
1215 4273 1433 4339 Paulus,
1484 4288 1584 4327 nec
1633 4272 1701 4327 ad
1730 4287 1825 4326 eos

216 4367 460 4425 venerat,
498 4360 594 4414 sed
626 4360 933 4430 Archippus
971 4361 1270 4431 discipulus
1306 4360 1471 4427 Pauli,
1522 4359 1664 4414 ﬁlius
1714 4359 1824 4414 for-

214 4455 360 4502 tasse
396 4448 748 4515 Philemonis,
797 4449 883 4504 cui
930 4449 1128 4504 Paulus
1173 4465 1277 4519 pro
1323 4448 1583 4504 Onesimo
1630 4463 1822 4504 recon-

208 4535 442 4590 ciliando
469 4536 674 4601 scribit,
734 4536 1120 4606 praedicaverat
1168 4537 1295 4605 illis,
1327 4544 1380 4591 et
1408 4537 1477 4591 ad
1517 4536 1679 4592 ﬁdem
1726 4552 1821 4591 eos

216 4631 587 4677 converterat.
621 4622 831 4692 Quibus
856 4625 970 4692 jam
1002 4624 1080 4680 sic
1129 4624 1182 4678 in
1214 4624 1320 4679 ﬁde
1354 4624 1638 4695 promotis,
1671 4625 1821 4694 Epa-

213 4711 382 4780 phras
412 4710 649 4780 quidam,
696 4727 762 4766 ex
810 4712 1001 4766 eodem
1051 4712 1255 4782 populo
1302 4720 1476 4778 natus,
1523 4712 1820 4766 instructus

208 4799 375 4852 etiam
407 4813 441 4851 a
472 4798 637 4852 Paulo
689 4798 744 4852 in
791 4798 916 4866 ﬁde,
968 4801 1299 4869 supervenit,
1340 4799 1617 4854 affirmans
1665 4800 1809 4870 quod

206 4885 519 4955 Archippus
549 4886 941 4956 prmdicaverat
974 4887 1098 4941 illis.
1149 4887 1325 4956 Quem
1354 4887 1587 4942 libenter
1616 4887 1809 4941 audie-

208 4983 333 5029 runt
363 4974 618 5029 concives
646 4975 748 5040 sui,
784 4984 834 5029 et
864 4992 965 5046 per
986 4992 1105 5030 eum
1154 4976 1547 5031 incrementum
1577 4991 1809 5045 accepe-

1927 3844 2190 3888 venerunt
2211 3835 2437 3904 pseudo,
2472 3834 2829 3905 prmdicantes
2879 3834 2985 3888 illis
3034 3833 3233 3905 legem.
3288 3834 3523 3904 Populus

1927 3931 2102 3977 autem
2133 3924 2312 3978 adhuc
2344 3923 2511 3987 radis,
2564 3922 2878 3977 existimans
2908 3938 3003 3976 eos
3052 3938 3174 3977 esse
3224 3922 3526 3976 audiendos

1925 4027 2034 4065 non
2065 4012 2242 4064 minus
2264 4027 2425 4081 quam
2455 4010 2577 4065 illos
2624 4010 2857 4079 priores,
2907 4010 3021 4064 fere
3067 4010 3357 4080 incipiebat
3385 4026 3523 4065 con-

1924 4099 2125 4153 sentire
2156 4099 2255 4153 eis.
2289 4099 2396 4153 Sed
2415 4099 2717 4168 Epaphras,
2742 4098 2971 4151 audiens
3001 4098 3321 4167 Apostolum
3353 4115 3523 4169 prope

1926 4204 2048 4241 esse
2080 4187 2304 4257 Ephesi,
2336 4186 2647 4256 pertransiit
2676 4186 2744 4239 ad
2776 4186 2948 4250 illum,
2984 4185 3233 4239 nuntians
3264 4186 3342 4239 illi
3372 4187 3522 4240 ordi-

1925 4291 2050 4329 nem
2079 4275 2174 4340 rei,
2210 4282 2262 4329 et
2292 4274 2569 4344 postulans
2599 4274 2667 4327 ab
2701 4289 2765 4327 eo
2796 4282 2852 4326 ut
2882 4273 3319 4343 prajdicationem
3343 4290 3517 4344 suam,

1928 4362 2169 4417 2'72
2203 4370 2255 4417 et
2283 4361 2541 4432 Archippi
2572 4360 2915 4415 conﬁrmaret
2944 4377 3044 4431 per
3091 4361 3388 4431 Epistolam
3418 4362 3522 4416 illis

1922 4450 2163 4513 missam,
2233 4465 2419 4504 eorum
2466 4464 2599 4502 vero
2660 4456 2871 4518 partem
2915 4448 3006 4519 qui
3055 4450 3515 4515 contradicebant,

1923 4538 2271 4607 improbaret.
2307 4538 2421 4591 Hac
2449 4535 2736 4592 occasione
2777 4536 2974 4590 Paulus
3020 4536 3206 4591 scribit
3254 4537 3333 4591 eis
3380 4538 3522 4593 hanc

1920 4625 2245 4695 Epistolam,
2277 4625 2332 4678 in
2362 4640 2468 4695 qua
2499 4624 2777 4678 materiam
2825 4624 2987 4679 habet
3033 4624 3307 4678 Christum
3339 4632 3392 4679 et
3434 4626 3520 4679 le-

1920 4730 2084 4785 gem;
2119 4714 2171 4767 hi
2204 4713 2347 4768 enim
2379 4713 2671 4775 Christum,
2705 4712 2780 4765 illi
2808 4712 2988 4784 legem
3020 4713 3404 4782 praedicabant.
3438 4714 3520 4767 De

1920 4801 2003 4855 his
2032 4802 2110 4856 sic
2130 4801 2241 4872 agit
2273 4800 2629 4871 approbando
2659 4799 2820 4854 ﬁdem
2851 4801 3070 4868 Christi,
3104 4800 3285 4854 multis
3318 4808 3369 4855 et
3400 4800 3519 4855 evi-

1919 4889 2169 4944 dentibus
2200 4889 2400 4953 causis,
2435 4897 2487 4943 et
2517 4888 2872 4959 improbando
2894 4888 3073 4960 legem
3103 4904 3212 4942 non
3241 4888 3379 4942 ultra
3403 4888 3517 4956 jam

1921 4993 2043 5032 esse
2071 4977 2386 5031 tenendam.
2426 4977 2501 5032 Ea
2532 4976 2829 5031 intentione
2857 4977 2925 5031 de
2952 4985 3178 5048 utroque
3209 4977 3288 5032 sic
3318 4976 3432 5050 agit
3461 4986 3519 5033 ut

204 5070 332 5115 runt.
360 5060 504 5117 ﬁdei.
535 5063 675 5117 Dum
707 5071 888 5119 autem
931 5064 1188 5119 ﬂorerent
1238 5065 1296 5118 in
1324 5063 1430 5119 ﬁde
1473 5065 1810 5121 ambulantes
1836 5060 1888 5119 D
1910 5064 2190 5121 conﬁrmet
2219 5081 2314 5119 eos
2344 5064 2397 5117 in
2423 5064 2657 5135 puritate
2688 5063 2814 5118 ﬁdei
2846 5065 2936 5136 qui
2966 5072 3049 5119 est
3107 5064 3371 5120 Christus.

1047 5331 1596 5415 EPISTOLA
1660 5331 1807 5414 AD
1882 5330 2695 5423 COLOSSENSES.

719 5485 944 5542 CAPUT
999 5487 1287 5543 PRIMUM.

279 5600 300 5622 ιι
337 5574 538 5631 Paulus
595 5574 876 5647 apostolus
904 5576 1034 5632 Jesu
1096 5575 1297 5631 Christi
1349 5591 1448 5648 per
1475 5575 1808 5633 voluntatem

1922 5509 1944 5538 ι
1980 5487 2079 5542 Dei
2110 5494 2163 5541 et
2210 5486 2522 5542 Timotheus
2568 5486 2754 5554 frater,
2805 5486 2891 5541 his
2937 5486 3029 5558 qui
3077 5472 3508 5556 sunt‘Colossis,

1923 5598 1945 5630 ι
1982 5574 2202 5643 sanctis,
2254 5582 2308 5629 et
2363 5574 2612 5630 ﬁdelibus
2669 5574 2926 5629 fratribus
2984 5574 3037 5630 in
3091 5574 3303 5633 Christo
3360 5576 3507 5644 Jesu,
