3934 6054
447 172 552 225 375

999 168 1054 224 S.
1095 168 1451 225 BRUNONIS
1489 167 2133 229 CARTHUSIANORUM
2169 167 2656 225 INSTITUTORIS
2694 169 2854 225 OPP.
2902 169 3078 227 PARS
3117 170 3184 224 Il.

3651 171 3769 225 376

453 314 476 343 «ι
512 292 696 350 Gratia
722 293 878 349 nobis
909 301 961 348 et
1006 310 1110 365 pax
1141 310 1173 349 a
1218 295 1333 349 Deo
1380 301 1535 365 patre
1580 302 1787 350 nostro.
1837 293 2050 349 Gratias
2077 295 2134 355 Α
2158 314 2179 344 κ
2214 293 2514 363 perfectum
2543 294 2598 348 in
2630 294 2840 350 Christo
2868 294 3019 361 Jesu,
3053 294 3108 349 in
3141 310 3248 366 quo
3279 301 3333 350 et
3378 294 3587 362 laboro,
3623 312 3765 353 cer-

454 405 478 435 «
515 383 729 456 agimus
760 384 875 438 Deo
906 390 958 437 et
989 382 1133 437 Patri
1171 383 1387 438 Domini
1433 383 1606 438 nostri
1651 384 1780 439 Jesu
1831 383 2047 452 Christi,

456 493 479 523 α
514 488 729 542 semper
758 488 859 541 pro
897 471 1053 526 vobis
1094 479 1333 537 orantes,
1390 472 1672 526 audientes
1718 470 1879 525 ﬁdem
1922 488 2035 525 ves-

458 583 479 608 α
516 568 675 624 tram,
718 558 773 612 in
813 559 1027 613 Christo
1072 560 1221 627 Jesu,
1257 568 1308 614 et
1347 560 1693 615 dilectionem
1740 575 1902 631 quam
1951 561 2052 614 ha-

456 670 477 695 u
512 648 651 703 betis
680 646 736 701 in
766 655 979 703 sanctos
1010 663 1220 713 omnes,
1268 656 1488 719 prepter
1524 665 1676 718 spem
1721 664 1841 720 quae
1884 664 2051 718 repo-

457 758 480 783 α
513 736 612 791 sita
642 744 725 791 est
765 736 920 791 vobis
969 736 1024 790 in
1070 736 1244 806 cmlis,
1299 752 1461 807 quam
1508 736 1737 791 audistis
1784 736 1840 790 in
1886 736 2052 792 verbo

455 848 477 872 «
514 824 755 879 veritatis
788 825 1092 895 Evangelii,
1128 824 1273 896 quod
1320 825 1566 895 pervenit
1637 826 1703 879 ad
1744 840 1859 893 vos,
1914 825 2053 880 sicut

455 933 478 963 α
515 920 568 967 et
594 913 650 967 in
694 912 949 968 universo
992 913 1195 967 mundo
1239 920 1341 980 est,
1377 920 1426 967 et
1455 911 1741 968 fructificat
1772 922 1825 967 et
1854 900 2053 969 crescit

458 1000 655 1056 «sicut
708 1001 764 1055 in
821 1001 995 1070 vobis,
1055 1018 1121 1055 ex
1178 1017 1241 1056 ea
1288 1001 1376 1055 die
1426 1018 1531 1072 qua
1564 1001 1793 1056 audistis
1833 1010 1886 1056 et
1920 1017 2051 1072 cog-

456 1110 478 1140 ι
513 1089 740 1145 novistis
788 1089 1020 1162 gratiam
1069 1089 1165 1144 Dei
1210 1090 1264 1143 in
1315 1089 1561 1158 veritate,
1609 1088 1748 1145 sicut
1789 1090 2053 1145 didicistis

456 1200 477 1224 α
514 1178 584 1232 ab
641 1178 924 1248 Epaphra,
985 1178 1306 1234 charissimo
1362 1194 1630 1233 conservo
1688 1186 1903 1245 nostro,
1963 1178 2053 1250 qui

455 1288 477 1313 «
514 1273 597 1321 est
627 1264 805 1321 ﬁdelis
855 1282 951 1336 pro
1000 1266 1157 1321 vobis
1204 1266 1451 1321 minister
1499 1266 1701 1321 Christi
1747 1268 1905 1333 Jesu;
1961 1266 2052 1338 qui

458 1376 479 1401 α
511 1354 676 1409 etiam
720 1353 1088 1411 manifestavit
1134 1354 1291 1409 nobis
1340 1354 1681 1410 dilectionem
1712 1363 1947 1410 vestram
1996 1355 2051 1408 in

456 1466 478 1490 α
512 1443 721 1514 spiritu.
755 1442 884 1497 Ideo
925 1450 975 1496 et
1019 1458 1120 1497 nos
1163 1458 1227 1506 ex
1276 1459 1379 1514 qua
1419 1442 1505 1498 die
1555 1443 1881 1509 audivimus,
1941 1460 2051 1498 non

455 1554 476 1578 α
514 1545 797 1586 cessamus
827 1545 929 1601 pro
960 1531 1113 1585 vobis
1145 1538 1358 1586 orantes
1388 1539 1440 1586 et
1467 1532 1825 1602 postulantes,
1859 1540 1915 1586 ut
1943 1532 2050 1585 im-

455 1642 476 1666 α
510 1617 771 1689 pleamini
818 1617 1091 1689 agnitione
1132 1618 1421 1674 voluntatis
1478 1620 1591 1687 ejus
1656 1619 1710 1674 in
1762 1620 1910 1675 omni
1954 1636 2123 1708 sa-B

444 1727 476 1787 ἰ
511 1706 717 1776 pientia
748 1714 800 1760 et
828 1706 1107 1761 intellectu
1140 1706 1388 1776 spiritali,
1440 1715 1498 1761 ut
1546 1708 1835 1763 ambuletis
1884 1709 2049 1781 digne

455 1815 476 1841 α
510 1795 627 1849 Deo
657 1810 758 1865 per
801 1794 985 1849 omnia
1027 1794 1327 1865 placentes,
1372 1795 1427 1849 in
1475 1796 1623 1850 omni
1680 1812 1849 1867 opere
1904 1797 2049 1853 bono

452 1901 473 1925 ‹‹
511 1876 920 1946 fructiﬁcantes,
970 1887 1022 1933 et
1069 1887 1380 1934 crescentes
1432 1880 1487 1933 in
1531 1880 1757 1936 scientia
1816 1882 1935 1947 Dei,
1995 1882 2051 1936 in

453 1986 475 2017 ι
511 1968 659 2021 omni
698 1968 894 2022 virtute
934 1966 1221 2022 confortati
1261 1968 1558 2023 secundum
1598 1969 1893 2039 potentiam
1936 1970 2049 2025 cla-

454 2078 475 2103 α
512 2055 684 2110 ritatis
715 2056 831 2124 ejus
891 2055 946 2108 in
1003 2055 1151 2109 omni
1204 2056 1462 2125 patientia
1515 2064 1569 2112 et
1616 2056 2045 2128 longanimitate,

457 2166 478 2191 α
513 2159 636 2198 cum
668 2143 870 2215 gaudio
902 2144 1107 2213 gratias
1135 2151 1363 2215 agentes
1396 2145 1509 2200 Deo
1541 2152 1593 2199 et
1623 2145 1783 2212 Patri,
1834 2146 1926 2217 qui
1970 2146 2052 2201 di-

455 2254 476 2278 u
512 2247 652 2302 gnos
681 2246 782 2285 nos
814 2230 938 2286 fecit
968 2231 1022 2285 in
1058 2239 1269 2302 partem
1314 2232 1476 2287 sortis
1525 2240 1830 2289 sanctorum
1877 2234 1933 2288 in
1961 2234 2050 2289 lu-

456 2342 477 2366 u
512 2319 676 2374 mine.
712 2317 817 2387 Qui
845 2319 1043 2390 eripuit
1072 2336 1173 2375 nos
1203 2320 1271 2375 de
1302 2328 1569 2391 potestate
1598 2323 1970 2391 tenebrarum,
2000 2331 2052 2379 et

454 2431 476 2456 α
511 2407 783 2463 transtulit
814 2407 869 2461 in
901 2424 1129 2480 regnum
1160 2408 1280 2463 Filii
1318 2409 1625 2471 dilectionis
1676 2427 1807 2467 suae.
1855 2412 1914 2465 In
1944 2428 2051 2484 quo

453 2521 475 2546 α
510 2497 773 2552 habemus
801 2497 1231 2567 redemptionem
1277 2506 1329 2552 et
1372 2499 1748 2555 remiSsionem
1793 2508 2050 2570 peccato-

456 2607 477 2634 ι
513 2601 655 2652 rum,
690 2584 782 2656 qui
814 2591 895 2639 est
925 2585 1109 2657 imago
1158 2585 1255 2640 Dei
1305 2586 1609 2653 invisibilis,
1660 2587 2052 2661 primogenitus

456 2697 478 2722 α
512 2673 688 2730 omnis
718 2682 999 2739 creatura},
1061 2675 1311 2745 quoniam
1366 2675 1420 2729 in
1474 2675 1595 2745 ipso
1654 2676 1873 2730 condita
1928 2684 2051 2731 sunt

454 2783 477 2814 ι
511 2762 768 2818 universa
800 2761 853 2815 in
882 2762 1034 2817 caalis
1064 2770 1117 2817 et
1162 2762 1218 2816 in
1265 2770 1432 2832 terra,
1479 2763 1713 2819 visibilia
1760 2771 1813 2839 et
1857 2763 2051 2821 invisi-

454 2873 476 2897 α
509 2850 655 2917 bilia,
692 2850 806 2906 sive
836 2850 1036 2920 throni,
1071 2851 1185 2906 sive
1228 2851 1646 2921 dominationes,
1699 2852 1813 2908 sive
1844 2852 2051 2924 princi-

455 2961 478 2991 ¢
513 2947 690 3011 patus,
716 2940 829 2995 sive
859 2947 1177 3010 potestates,
1206 2940 1387 2994 omnia
1414 2956 1510 3010 per
1540 2939 1721 3011 ipsum
1750 2948 1802 2995 et
1842 2941 1897 2995 in
1930 2942 2052 3012 ipso

2160 404 2181 433 α
2217 383 2378 438 tando
2409 383 2709 439 secundum
2733 382 3107 454 Operationem
3153 384 3270 454 ejus
3301 400 3463 457 quem
3492 394 3767 457 operatur

2159 494 2179 517 α
2215 470 2271 525 in
2299 487 2387 526 me
2418 472 2473 526 in
2500 472 2715 528 virtute.
2765 496 2785 520 »

2791 681 3106 722 EXPOSITIO.

2226 810 2460 875 Paulus,
2498 815 2600 863 etc.
2636 806 2774 877 Quia
2804 807 2895 864 hic
2938 807 3233 863 auctoritas
3277 808 3587 864 necessaria
3615 816 3759 877 erat,

2154 897 2432 969 dignitatis
2454 912 2650 952 nomen
2670 912 2777 952 non
2797 897 3101 963 intermisit,
3127 898 3317 953 dicens
3337 913 3348 951 ι
3365 899 3575 954 Paulus
3592 916 3765 971 apos-

2158 988 2323 1049 tolus,
2361 985 2513 1041 2’7
2529 985 2599 1041 3
2634 1001 2742 1040 non
2771 985 2929 1056 legis,
2969 986 3066 1040 sed
3101 985 3311 1041 Christi
3340 989 3489 1043 Jesu.
3518 988 3765 1056 Aposto-

2152 1070 2236 1124 lus
2264 1070 2387 1124 dico
2416 1086 2518 1140 per
2548 1071 2904 1125 voluntatem
2934 1071 3052 1126 Dei.
3108 1070 3307 1126 Scitote
3336 1072 3458 1141 quia
3499 1070 3590 1143 qui
3619 1070 3761 1124 mihi

2152 1158 2488 1225 contradicit,
2524 1158 2840 1213 contradicit
2872 1166 2921 1213 et
2946 1158 3208 1214 voluntati
3253 1159 3353 1214 Dei
3388 1175 3399 1212 :
3434 1159 3526 1230 qui
3572 1168 3761 1213 autem

2153 1247 2430 1318 Archippo
2455 1255 2506 1301 et
2536 1248 2807 1317 Epaphra:
2827 1247 3106 1318 discipulis
3129 1247 3577 1320 [coadjutoribus]
3596 1248 3761 1314 meis,

2153 1336 2401 1390 similiter
2430 1343 2482 1390 et
2512 1335 2644 1390 mihi
2670 1344 2723 1390 et
2753 1337 2887 1390 Deo.
2944 1336 3162 1401 Paulus,
3196 1336 3436 1407 inquam,
3467 1341 3522 1391 et
3569 1338 3763 1392 Timo-

2154 1426 2316 1480 theus
2346 1427 2534 1495 frater
2566 1424 2810 1480 scribunt
2832 1425 2917 1480 his
2946 1425 3041 1497 qui
3073 1429 3211 1480 sunt
3244 1425 3496 1481 Colossis.
3521 1426 3615 1479 His
3632 1425 3765 1481 dico

2151 1515 2389 1580 sanctis,
2422 1513 2475 1567 id
2507 1521 2589 1568 est
2618 1513 2708 1584 qui
2741 1512 2931 1568 sanciti
2964 1522 3086 1567 sunt
3126 1521 3176 1567 et
3223 1512 3524 1569 conﬁrmati
3556 1514 3610 1567 in
3662 1515 3762 1583 ju-

2153 1600 2293 1656 stitia
2320 1600 2466 1655 fidei.
2507 1602 2752 1668 Sanctis,
2786 1602 3027 1672 inquam,
3062 1606 3116 1657 et
3165 1603 3424 1671 ﬁdelibus
3452 1604 3757 1673 fratribus,

2152 1690 2207 1744 id
2239 1697 2321 1745 est
2350 1690 2528 1743 minus
2559 1690 2835 1760 perfectis.
2873 1690 3087 1745 Sanctis
3118 1698 3171 1744 et
3212 1689 3466 1744 fidelibus
3521 1690 3643 1747 dico
3694 1693 3759 1745 in

2156 1778 2375 1834 Christo
2406 1780 2555 1847 Jesu,
2580 1778 2705 1850 quia
2736 1779 2781 1833 si
2802 1779 3051 1833 Christus
3066 1780 3225 1833 Jesus
3256 1779 3411 1834 vobis
3440 1779 3508 1833 ad
3539 1781 3749 1835 sancti-

2152 1866 2421 1922 ficandum
2453 1866 2670 1937 sutticit,
2704 1867 2905 1921 frustra
2936 1867 3116 1939 legem
3139 1868 3551 1938 apprehendere
3570 1868 3756 1935 vultis,

2152 1955 2492 2011 Timotheum
2539 1955 2663 2010 ideo
2714 1971 2902 2011 secum
2942 1956 2996 2009 in
3041 1956 3359 2011 salutatione
3403 1956 3575 2026 ponit,
3628 1957 3760 2028 quia

2152 2051 2312 2099 notus
2344 2051 2461 2099 erat
2492 2044 2616 2109 illis,
2643 2051 2695 2099 et
2715 2044 2987 2099 habebant
3009 2060 3131 2099 eum
3151 2060 3363 2115 magnae
3392 2044 3756 2099 auctoritatis.

2152 2132 2250 2187 Hic
2283 2139 2461 2187 autem
2494 2132 2812 2189 auctoritate
2844 2133 2960 2187 sola
2988 2149 3124 2204 opus
3149 2141 3282 2187 erat.
3308 2134 3431 2187 Non
3454 2133 3596 2187 enim
3630 2148 3763 2188 con-

2152 2220 2488 2275 tradicebant
2520 2222 2682 2276 Petro
2708 2221 2795 2277 vel
2826 2221 3013 2287 Paulo,
3048 2220 3134 2276 vel
3179 2220 3431 2291 cuiquam
3480 2221 3755 2275 Christum

2151 2309 2485 2379 praedicanti,
2522 2309 2619 2364 sed
2650 2310 2969 2380 simpliciter
3000 2309 3363 2380 opinabantur
3389 2309 3512 2364 illos
3541 2309 3755 2379 pseudo

2154 2398 2232 2454 sic
2259 2414 2383 2453 esse
2414 2415 2479 2452 ex
2509 2388 2694 2466 Paulo,
2728 2406 2784 2453 ut
2813 2398 2937 2453 illos
2956 2414 3137 2453 veros.
3172 2398 3388 2468 Paulus,
3424 2398 3667 2470 inquam,
3702 2406 3757 2452 et

2152 2487 2464 2542 Timotheus
2495 2486 2571 2542 sic
2621 2487 2879 2542 scribunt.
2930 2488 3125 2542 Gratia
3154 2487 3300 2543 vobis
3329 2491 3385 2543 et
3428 2504 3549 2559 pax
3578 2504 3613 2543 a
3642 2489 3757 2542 Deo

2150 2580 2314 2647 patre
2337 2579 2548 2643 nostro,
2576 2575 2715 2630 sicut
2736 2591 2881 2646 saepe
2899 2575 3203 2646 expositum
3247 2582 3347 2630 est.
3379 2576 3539 2631 Nunc
3566 2575 3620 2628 in
3649 2574 3763 2646 pri-

2151 2664 2257 2718 mis
2288 2664 2632 2719 commendat
2663 2662 2826 2718 ﬁdem
2857 2680 3069 2730 eorum,
3094 2680 3256 2735 quam
3285 2664 3625 2720 tradiderant
3642 2664 3756 2718 illis

2153 2754 2459 2825 Archippus
2485 2762 2535 2808 et
2556 2755 2860 2824 Epaphras,
2886 2753 3074 2809 dicens
3104 2772 3117 2808 :
3142 2754 3449 2811 Audientes
3470 2755 3638 2824 ﬁdem
3662 2771 3755 2810 ve-

2153 2845 2336 2897 stram
2364 2843 2581 2914 gratias
2598 2843 2816 2913 agimus
2836 2843 2943 2897 Deo
2977 2860 2991 2896 :
3024 2858 3122 2912 pro
3154 2858 3260 2913 qua
3280 2842 3465 2914 utique
3494 2858 3601 2897 non
3613 2860 3754 2916 age-

2154 2947 2269 2985 rem
2302 2930 2529 3003 gratias,
2560 2931 2605 2984 si
2636 2938 2781 2985 esset
2800 2929 3137 3001 imperfecta.
3171 2930 3277 2985 Sed
3310 2931 3525 3003 agimus
3550 2932 3757 3004 gratias

453 3051 475 3077 «
511 3008 693 3084 creata
722 3008 876 3083 sunt:
898 3029 966 3082 Et
994 3028 1111 3099 ipse
1142 3035 1224 3082 est
1253 3036 1377 3083 ante
1415 3008 1629 3095 omnes,
1674 3036 1728 3084 et
1770 3008 1967 3085 omnia
1998 3030 2054 3083 in
2078 3008 2123 3068 Ο
2152 3018 2287 3089 Deo,
2322 3024 2378 3074 et
2399 3020 2561 3075 Patri
2581 3020 2807 3075 Domini
2827 3020 3007 3075 nostri
3028 3021 3159 3075 Jesu
3182 3018 3409 3087 Christi,
3435 3021 3583 3088 cujus
3615 3020 3755 3076 fides

453 3139 475 3164 «ι
512 3116 631 3187 ipso
661 3123 909 3171 constant
942 3133 955 3170 :
998 3124 1050 3170 et
1087 3116 1203 3186 ipse
1235 3124 1317 3171 est
1363 3124 1525 3187 caput
1564 3117 1808 3188 corporis
1855 3119 2051 3173 Eccle-

454 3226 476 3252 «
513 3203 641 3271 siaa,
693 3204 786 3275 qui
840 3211 923 3258 est
966 3203 1291 3275 principium
1338 3205 1733 3278 primogenitus
1782 3223 1847 3261 ex
1904 3223 2052 3262 mor-

453 3311 478 3343 ι
510 3291 618 3347 tuis
662 3293 711 3362 (Ι
764 3292 886 3348 Cor.
949 3307 1060 3363 xv,
1121 3295 1235 3365 20),
1284 3301 1341 3348 ut
1398 3292 1466 3347 sit
1520 3294 1577 3349 in
1628 3294 1881 3350 omnibus
1934 3296 2051 3366 ipse

453 3403 476 3429 «ι
510 3379 796 3452 primatum
829 3387 1041 3449 tenens,
1077 3381 1200 3454 quia
1229 3382 1283 3436 in
1322 3381 1441 3452 ipso
1481 3382 1803 3454 complacuit
1834 3400 2050 3440 omnem

455 3490 479 3516 α
511 3468 904 3541 plenitudinem
944 3469 1235 3525 divinitatis
1276 3469 1612 3539 inhabitare,
1672 3481 1725 3527 et
1779 3489 1880 3544 per
1926 3490 2051 3528 eum

455 3582 475 3605 ιι
508 3558 845 3615 reconciliari
875 3557 1053 3613 omnia
1082 3558 1139 3612 in
1167 3558 1361 3630 ipsum,
1420 3558 1715 3629 pacificans
1771 3578 1871 3631 per
1919 3578 2049 3616 san-

454 3667 477 3699 α
512 3647 733 3718 guinem
764 3646 947 3703 crucis
979 3647 1115 3716 ejus,
1150 3646 1266 3702 sive
1306 3664 1427 3718 quae
1464 3648 1517 3701 in
1556 3648 1727 3715 caelis,
1781 3650 1895 3704 sive
1930 3668 2051 3721 quae

453 3755 476 3786 α
510 3735 567 3789 in
594 3736 750 3790 terris
778 3742 925 3789 sunt.
964 3736 1034 3789 Et
1078 3750 1176 3790 vos
1206 3750 1327 3791 cum
1364 3736 1557 3790 essetis
1588 3736 1878 3808 aliquando
1912 3738 2049 3794 alie-

451 3844 473 3870 n
508 3822 618 3876 nati
648 3829 699 3876 et
731 3821 931 3876 inimici
961 3838 1145 3889 sensu,
1179 3823 1232 3876 in
1266 3824 1523 3893 operibus
1553 3824 1743 3891 malis,
1780 3842 1924 3882 nunc
1956 3843 2049 3882 au-

454 3932 476 3956 ‹‹
508 3916 619 3965 tem
649 3909 1022 3965 reconciliavit
1050 3910 1105 3964 in
1135 3926 1365 3981 corpore
1396 3913 1574 3967 carnis
1604 3913 1739 3981 ejus,
1773 3931 1873 3985 per
1902 3931 2050 3970 mor-

453 4018 477 4048 ι
511 4004 640 4065 tem,
677 3997 936 4052 exhibere
967 4014 1066 4054 vos
1098 4007 1334 4068 sanctos,
1372 4007 1423 4055 et
1464 4000 1857 4070 immaculatos,
1890 4012 1943 4058 et
1971 4004 2047 4057 ir-

454 4109 476 4134 a
511 4086 971 4158 reprehensibiles
1005 4102 1189 4143 coram
1220 4088 1359 4159 ipso,
1395 4089 1439 4142 si
1490 4098 1668 4145 tamen
1716 4094 2049 4162 permanetis

454 4197 476 4223 α
512 4175 568 4231 in
606 4175 713 4231 fide
759 4174 987 4242 fundati,
1040 4184 1093 4230 et
1143 4176 1385 4245 stabiles,
1435 4186 1488 4233 et
1530 4179 1835 4236 immobiles
1882 4196 1913 4235 a
1951 4198 2048 4252 spe

450 4284 474 4314 ι
509 4264 813 4335 Evangelii,
848 4264 991 4335 quod
1022 4264 1265 4333 audistis,
1302 4267 1446 4338 quod
1476 4269 1825 4338 praedicatum
1874 4277 1954 4325 est
1992 4270 2047 4324 in

2157 3108 2353 3163 tradita
2383 3117 2464 3163 est
2494 3108 2668 3163 vobis.
2703 3108 2800 3163 Cui
2830 3108 2964 3163 sicut
2996 3124 3099 3181 ego
3129 3109 3433 3171 consentio,
3482 3110 3559 3164 sic
3588 3110 3753 3165 Chri-

2157 3206 2269 3252 stus
2300 3206 2353 3252 et
2375 3198 2531 3252 Pater
2562 3198 2679 3266 ejus
2709 3197 2876 3251 Deus.
2911 3198 3101 3252 Videte
3148 3213 3219 3251 ne
3260 3212 3360 3252 vos
3407 3197 3752 3270 negligentes

2152 3286 2449 3357 discipulos
2475 3286 2834 3343 contemnatis
2861 3302 2949 3341 me
2978 3286 3322 3357 magistrum,
3348 3286 3474 3358 quia
3493 3285 3536 3339 si
3567 3303 3677 3354 me,
3704 3296 3757 3343 et

2153 3377 2423 3431 Christum
2457 3382 2509 3430 et
2540 3377 2752 3429 Patrem
2785 3376 2900 3444 ejus
2930 3376 3103 3430 Deum
3133 3374 3498 3430 contemnitis.
3532 3374 3754 3430 Gratias

2151 3466 2365 3536 agimus
2394 3480 2515 3534 nos,
2550 3468 2778 3519 orantes
2797 3480 2899 3535 pro
2922 3465 3088 3531 vobis,
3116 3472 3174 3517 ut
3202 3463 3256 3517 in
3278 3462 3384 3518 fide
3408 3480 3569 3535 quam
3586 3480 3749 3520 acce-

2150 3554 2304 3626 pistis
2334 3552 2649 3625 proﬁciatis,
2685 3554 2830 3624 quod
2863 3553 3045 3624 utique
3073 3568 3181 3606 non
3213 3568 3426 3606 orarem
3453 3552 3560 3605 nisi
3588 3551 3754 3607 ﬁdem

2153 3644 2295 3699 hanc
2318 3643 2697 3713 approbarem.
2725 3643 2961 3698 Orantes
2973 3641 3094 3695 dico
3110 3656 3220 3697 non
3240 3656 3385 3710 raro,
3401 3642 3495 3695 sed
3509 3658 3750 3713 semper.

2150 3732 2345 3787 Videte
2375 3748 2444 3786 ne
2470 3731 2719 3785 laborem
2751 3730 3009 3785 orationis
3039 3745 3177 3785 meae
3208 3729 3416 3784 irritum
3445 3729 3678 3785 faciatis.

2221 3820 2375 3875 Unde
2407 3820 2613 3891 gratias
2642 3826 2785 3891 agat,
2818 3819 3064 3889 proxime
3082 3818 3280 3884 subdit,
3315 3819 3751 3874 commendando

2150 3908 2340 3975 fidem,
2376 3908 2512 3963 sicut
2540 3907 2867 3962 tradiderant
2896 3906 3000 3961 illis
3032 3907 3338 3977 Archippus
3368 3914 3421 3961 et
3448 3908 3749 3977 Epaphras,

2146 3998 2332 4053 dicens
2349 4014 2361 4050 :
2382 3997 2605 4052 Gratias
2621 3998 2859 4067 agimus,
2877 3997 3172 4051 audientes
3185 3995 3354 4063 ﬁdem
3369 3999 3613 4050 vestram
3626 4012 3749 4051 esse

2146 4090 2208 4141 in
2242 4086 2460 4142 Christo
2492 4088 2625 4141 Iesu
2657 4092 2709 4139 et
2740 4084 3025 4139 audientes
3044 4084 3246 4139 bonum
3269 4082 3521 4139 etfectum
3552 4092 3751 4139 vestra:

2147 4174 2292 4241 fidei,
2325 4174 2529 4229 scilicet
2575 4172 2943 4237 dilectionem,
2995 4187 3154 4243 quam
3202 4172 3415 4227 habetis
3466 4172 3519 4226 in
3559 4188 3749 4227 omnes

2148 4271 2365 4319 sanctos
2407 4262 2601 4333 quibus
2646 4278 2709 4316 ex
2767 4261 3028 4315 charitate
3082 4269 3262 4315 vestra
3309 4260 3744 4316 communicatis.

453 4374 475 4399 α
507 4353 764 4408 universa
795 4361 1066 4423 creatura,
1101 4370 1220 4426 qua
1253 4356 1355 4410 sub
1384 4357 1521 4411 οωὶο
1551 4366 1650 4425 εει,
1683 4359 1832 4427 cujus
1876 4358 2047 4415 factus
2076 4364 2128 4424 D
2152 4353 2523 4407 Dilectionem
2545 4349 2913 4405 dicohabitam
2930 4348 3418 4421 propterspem,id
3432 4356 3513 4404 est
3527 4358 3751 4419 prOpter

451 4463 474 4489 α
502 4456 623 4495 sum
672 4456 776 4513 ego
836 4441 1034 4496 Paulus
1083 4442 1372 4512 minister;
1422 4446 1513 4517 qui
1552 4462 1697 4502 nunc
1740 4447 1951 4517 gaudeo
1992 4447 2045 4501 in

454 4549 477 4580 ι
512 4528 861 4600 passionibus
891 4546 992 4601 pro
1020 4531 1195 4599 vobis,
1230 4540 1281 4587 et
1307 4533 1579 4604 adimpleo
1610 4550 1671 4587 ea
1702 4551 1822 4605 quae
1849 4534 2047 4590 desunt

447 4640 470 4666 α
501 4616 818 4690 passionum
869 4618 1090 4685 Christi,
1131 4620 1189 4673 in
1237 4636 1403 4675 carne
1462 4636 1601 4687 mea,
1670 4637 1770 4690 pro
1815 4637 2047 4693 corpore

449 4729 471 4755 κ
508 4707 645 4776 ejus,
681 4706 828 4778 quod
858 4714 941 4762 est
970 4708 1235 4777 Ecclesia,
1268 4708 1416 4776 cujus
1449 4708 1622 4762 factus
1654 4725 1771 4763 sum
1806 4726 1910 4782 ego
1948 4712 2047 4765 mi-

448 4818 470 4843 a
507 4795 680 4850 nister
728 4795 1030 4850 secundum
1078 4795 1536 4865 dispensationem
1589 4797 1707 4866 Dei,
1756 4815 1877 4870 qua)
1924 4800 2048 4854 data

450 4904 473 4929 «
507 4891 587 4938 est
618 4883 750 4937 mihi
780 4884 836 4937 in
866 4883 1040 4949 vobis,
1096 4892 1153 4937 ut
1183 4884 1437 4954 impleam
1481 4885 1708 4940 verbum
1756 4886 1877 4941 Dei.
1925 4889 2045 4958 My-

450 4992 473 5018 α
506 4971 731 5025 sterium
764 4971 907 5042 quod
938 4972 1314 5027 absconditum
1349 4971 1444 5027 fuit
1474 4989 1503 5027 a
1530 4975 1743 5030 saeculis
1790 4983 1841 5031 et
1871 4993 2045 5049 gene-

448 5079 470 5109 σ
505 5058 844 5125 rationibus;
878 5074 1023 5114 nunc
1053 5067 1231 5115 autem
1270 5060 1669 5116 manifestatum
1715 5072 1795 5118 est
1844 5064 2046 5120 sanctis

448 5169 469 5195 α
500 5146 635 5215 ejus.
690 5145 885 5217 quibus
941 5147 1111 5201 voluit
1182 5150 1325 5203 Deus
1382 5156 1536 5204 notas
1585 5151 1767 5209 facere
1833 5152 2046 5207 divitias

451 5256 472 5288 ι
507 5234 699 5307 glorise
745 5236 1069 5289 sacramenti
1136 5236 1294 5305 hujus
1343 5235 1397 5291 in
1447 5238 1717 5309 gentibus,
1772 5240 1916 5310 quod
1965 5250 2047 5295 est

450 5347 471 5371 α
508 5320 774 5389 Christus,
811 5322 865 5376 in
896 5322 1050 5378 vobis
1079 5340 1204 5394 spes
1234 5324 1444 5397 gloriae,
1487 5342 1648 5397 quem
1680 5343 1780 5381 nos
1828 5343 2044 5382 annun—

449 5433 472 5462 ι
509 5410 702 5466 tiamus
731 5411 1086 5483 corripientes
1115 5427 1330 5467 omnem
1377 5414 1673 5482 hominem,
1708 5422 1758 5470 et
1789 5415 2045 5471 docentes

447 5519 470 5549 ι
507 5499 563 5552 in
592 5501 738 5558 omni
769 5500 1055 5576 sapimtia,
1077 5507 1134 5555 ut
1156 5502 1503 5559 exhibeamus
1525 5518 1740 5561 omnem
1770 5504 2045 5562 hominem

2151 4456 2268 4495 rem
2302 4448 2573 4510 speratam
2601 4457 2614 4505 ;
2648 4454 2767 4509 quae
2786 4453 2912 4507 spes
2929 4444 3011 4491 est
3029 4438 3233 4509 posita,
3260 4436 3314 4490 id
3336 4438 3749 4492 estabscondita

2150 4528 2319 4598 vobis,
2352 4536 2405 4581 et
2435 4534 2706 4581 reservata
2737 4525 2793 4579 in
2825 4532 2932 4579 tam
2961 4525 3128 4595 digno
3160 4525 3281 4579 loco
3314 4525 3452 4580 sicut
3481 4528 3543 4580 in
3576 4527 3747 4581 caelis.

2148 4618 2252 4671 Per
2279 4618 2384 4671 hoc
2413 4615 2559 4687 quod
2588 4614 2736 4683 dicit,
2759 4620 3028 4683 speratam
3051 4613 3283 4683 positam
3304 4629 3428 4667 esse
3450 4622 3501 4667 et
3517 4614 3751 4669 abscon-

2150 4721 2287 4771 sam,
2321 4704 2663 4759 commendat
2691 4702 2939 4757 meritum
2962 4716 3170 4769 eorum,
3206 4702 3295 4773 qui
3326 4708 3546 4772 sperant
3575 4718 3605 4755 a
3636 4703 3751 4759 Deo

2149 4794 2294 4866 quod
2326 4809 2427 4847 nec
2457 4792 2703 4847 viderunt
2732 4806 2832 4846 nec
2862 4790 3167 4845 audierunt.
3216 4790 3318 4846 Ubi
3350 4790 3424 4845 ait
3466 4791 3530 4845 in
3574 4792 3744 4858 cwlis,

2149 4881 2465 4954 dignitatem
2514 4887 2744 4951 speratae
2783 4878 2863 4933 rei
2913 4894 2979 4933 ex
3029 4878 3150 4934 loco
3177 4878 3232 4933 in
3275 4893 3382 4950 quo
3423 4878 3601 4933 futura
3645 4887 3743 4941 est,

2149 4970 2405 5026 ostendit.
2438 4969 2695 5025 Dicerent
2726 4966 2800 5021 illi
2837 4982 2848 5021 :
2899 4967 3036 5037 Spes
3074 4966 3179 5021 ista
3208 4982 3274 5021 ex
3330 4965 3453 5037 lege
3497 4967 3747 5021 habetur.

2148 5059 2230 5114 Ad
2261 5060 2364 5113 hoc
2396 5057 2592 5111 Paulus
2626 5075 2639 5111 :
2674 5057 2852 5123 Quam
2881 5071 2993 5110 rem
3025 5062 3292 5125 speratam
3332 5063 3384 5109 et
3426 5055 3668 5110 audistis
3700 5064 3749 5110 et

2149 5146 2488 5202 intellexistis
2518 5146 2580 5200 in
2599 5144 2759 5201 verbo
2791 5144 3070 5200 veritatis.
3094 5144 3283 5214 Neque
3313 5143 3430 5199 haec
3461 5143 3663 5198 veritas
3693 5144 3747 5197 in

2147 5236 2269 5309 lege
2302 5235 2417 5301 fuit,
2450 5234 2545 5289 sed
2577 5232 2817 5289 veritatis
2847 5232 3159 5303 Evangelii.
3188 5232 3297 5286 Lex
3327 5231 3469 5286 enim
3502 5231 3747 5287 falsitatis

2148 5334 2230 5380 est
2259 5324 2509 5389 verbum,
2544 5322 2640 5377 sed
2669 5320 3028 5391 Evangelium
3079 5320 3306 5374 verbum
3357 5327 3439 5375 est
3470 5320 3736 5375 veritatis.

2148 5415 2342 5468 lterum
2374 5412 2451 5465 illi
2483 5429 2496 5464 :
2527 5410 2793 5464 Malumus
2841 5425 2949 5463 non
2997 5408 3222 5464 obedire
3269 5408 3385 5473 tibi,
3438 5423 3599 5480 quam
3634 5425 3746 5463 rem

2147 5501 2456 5557 inauditaus
2489 5499 2789 5571 suscipere.
2808 5498 2891 5554 Ad
2911 5498 3016 5554 hoc
3044 5496 3246 5553 Paulus
3281 5512 3292 5552 :
3333 5497 3484 5567 Quod
3505 5497 3749 5570 Evange-
