3960 6050
326 157 432 211 377

906 153 1291 211 EXPOSITIO
1346 154 1421 209 IN
1478 151 1859 210 EPISTOLAS
1913 153 2137 209 PAULI.
2188 182 2257 194 —
2305 153 2380 209 IN
2432 153 2657 210 EPIST.
2721 154 2816 209 AD
2870 152 3031 210 COL.

3521 157 3626 212 378

329 279 465 334 lium
515 277 909 351 (pertransiens
947 278 1061 347 jam
1104 278 1302 334 multas
1330 278 1632 349 Ecclesias)
1662 280 1819 335 venit
1854 278 1927 334 ad
1945 281 2000 341 Α
2030 278 2151 335 dico
2182 278 2261 335 sic
2290 276 2669 335 fructiﬁcando
2697 283 3013 335 crescentes
3051 279 3116 334 in
3142 280 3385 335 scientia
3414 280 3530 346 Dei,
3564 280 3621 336 id

327 385 437 424 vos.
475 366 633 435 Quod
664 375 847 422 autem
894 367 1071 423 omnis
1120 367 1371 423 Ecclesia
1418 375 1581 434 tenet,
1630 382 1800 422 vosne
1839 383 1927 422 re-

328 456 537 526 pellere
565 455 724 511 vultis
743 455 770 509 ?
801 456 999 511 Iterum
1029 455 1106 509 illi
1139 474 1152 510 :
1184 456 1439 511 Pervenit
1488 456 1674 527 utique
1704 455 1773 510 ad
1802 470 1922 522 nos,

327 545 426 599 sed
456 560 565 599 non
595 544 673 600 sic
702 544 977 615 integrum
1006 553 1066 599 ut
1092 544 1164 599 ad
1192 543 1349 599 alios.
1385 544 1468 599 Ad
1497 545 1601 599 hoc
1631 545 1707 599 ait
1742 559 1754 597 :
1788 544 1925 598 Per-

327 633 475 689 venit
518 632 705 704 utique
737 634 805 688 ad
838 648 954 700 vos,
1004 634 1153 689 sicut
1188 634 1437 704 pervenit
1484 634 1548 688 in
1596 634 1925 688 universum

323 723 622 778 mundum.
656 723 717 776 In
746 722 850 777 hac
882 721 1025 777 enim
1058 722 1249 777 eadem
1272 720 1379 777 fide
1402 737 1565 793 quam
1586 721 1925 775 tradiderunt

325 810 501 877 vobis,
548 818 691 865 totus
731 810 967 865 mundus
1014 819 1138 880 post
1176 810 1452 883 Christum
1492 810 1624 865 abit.
1659 810 1924 865 Pervenit

324 898 448 954 dico
480 902 536 953 et
565 903 670 965 est,
706 899 763 953 id
792 906 876 954 est
906 898 984 953 sic
1011 907 1298 969 permanet
1321 898 1377 952 in
1406 898 1663 953 universo
1694 897 1919 964 mundo,

322 990 379 1042 et
396 986 715 1057 fructiﬁcat
744 987 884 1042 bene
914 987 1208 1057 operando,
1243 992 1297 1042 et
1326 988 1532 1042 crescit
1550 993 1662 1040 tam
1694 1001 1922 1040 numero

326 1090 489 1146 quam
517 1074 829 1145 cognitione
859 1075 979 1130 Dei.
1014 1076 1138 1130 Non
1168 1091 1267 1145 per
1296 1075 1441 1129 aliud
1469 1090 1631 1146 quam
1668 1074 1921 1129 traditum

321 1171 405 1218 est
433 1163 609 1229 vobis,
645 1163 741 1219 sed
770 1165 920 1219 sicut
948 1163 1035 1218 isti
1058 1171 1354 1233 posuerunt
1382 1165 1446 1218 in
1469 1164 1635 1219 vobis.
1662 1162 1922 1218 Dicerent

316 1251 395 1305 illi
429 1266 443 1305 :
476 1251 682 1307 Crescit
730 1251 949 1322 quidem
978 1252 1035 1306 in
1065 1252 1249 1319 nobis,
1287 1268 1352 1307 ex
1384 1266 1492 1323 quo
1521 1251 1786 1321 coepimus
1815 1266 1918 1305 au-

316 1339 429 1393 dire
458 1341 562 1394 hos
592 1339 684 1411 qui
711 1340 924 1395 noviter
953 1340 1307 1395 intraverunt.
1343 1340 1580 1406 Minime,
1606 1339 1680 1393 ait
1698 1339 1916 1406 Paulus,

317 1428 417 1482 sed
444 1428 637 1483 crescit
654 1445 729 1484 ea:
751 1444 816 1485 ea
837 1429 926 1484 die
942 1445 1064 1501 qua:
1085 1428 1328 1485 audistis
1344 1428 1513 1498 ﬁdem
1535 1429 1602 1485 ab
1615 1427 1914 1499 Archippo,

316 1521 372 1573 et
391 1517 723 1587 cognovistis
752 1533 853 1587 per
883 1517 1189 1572 testimonia
1210 1518 1634 1588 Scripturarum,
1654 1516 1919 1587 approba-

314 1613 423 1659 tam
471 1604 622 1659 vobis
650 1607 901 1675 gratiam
935 1608 1035 1662 Dei
1066 1622 1187 1677 quae
1218 1616 1297 1661 est
1327 1605 1383 1660 in
1414 1605 1739 1661 ﬁde.Gratia
1769 1604 1911 1659 enim

310 1693 449 1766 legis
480 1693 537 1747 in
565 1708 732 1749 manu
774 1694 1144 1750 abscindentis
1186 1694 1494 1766 pelliculam
1530 1693 1726 1750 vetulae
1774 1709 1910 1750 con-

312 1781 450 1836 sistit
461 1823 475 1836 .

382 1869 631 1926 Gratiam
664 1869 765 1926 Dei
794 1870 919 1926 dico
947 1872 1010 1927 in
1048 1873 1315 1940 veritate,
1367 1871 1574 1928 credite
1600 1871 1752 1938 mihi,
1786 1871 1910 1943 quia

314 1964 431 2019 haec
464 1973 549 2018 est
576 1980 709 2020 vera
752 1964 929 2037 gratia
978 1965 1097 2020 Dei.
1146 1965 1334 2020 Gratia
1363 1965 1502 2036 legis
1533 1966 1724 2020 umbra
1756 1973 1898 2020 erat.

310 2053 568 2108 Audistis
596 2052 736 2122 dico,
771 2061 823 2109 et
854 2053 993 2109 sicut
1012 2068 1110 2109 vos
1127 2054 1423 2121 didicistis,
1448 2062 1502 2108 et
1539 2054 1723 2125 utique
1754 2062 1907 2124 turpe

314 2149 397 2196 est
425 2141 707 2210 didicisse,
757 2142 904 2214 quod
942 2141 1410 2214 derelinqueretis,
1446 2149 1499 2197 et
1527 2159 1557 2196 e
1587 2158 1855 2198 converso
1890 2158 1903 2197 :

303 2228 597 2286 Didicistis
615 2230 739 2286 dico
760 2232 826 2287 ab
844 2232 1109 2303 Epaphra
1128 2232 1458 2287 charissima
1488 2235 1705 2296 nostro,
1722 2231 1814 2302 qui
1834 2230 1904 2285 ita

304 2318 474 2374 servit
504 2318 717 2375 Christo
764 2319 820 2373 in
865 2319 1169 2390 Evangelia
1213 2327 1271 2374 ut
1320 2321 1512 2375 Petrus
1544 2320 1630 2375 vel
1661 2335 1786 2391 ego.
1821 2320 1902 2375 Ne

304 2422 442 2479 ergo
467 2406 647 2461 minus
678 2407 912 2462 audiatis
943 2424 1087 2462 eum.
1120 2408 1379 2463 Dicerent
1408 2407 1487 2462 illi
1522 2426 1535 2462 :
1568 2410 1747 2464 Vocas
1777 2423 1902 2462 eum

300 2509 665 2562 conservum;
700 2496 795 2551 sed
825 2496 932 2551 alia
959 2496 1285 2551 ministravit
1314 2496 1490 2563 nobis,
1517 2512 1638 2567 quae
1657 2512 1687 2550 a
1720 2502 1771 2550 te
1792 2511 1901 2551 non

301 2583 511 2638 didicit.
547 2584 790 2640 2’74
832 2584 1073 2651 Minime,
1121 2586 1196 2639 ait
1252 2585 1475 2650 Paulus,
1510 2584 1637 2655 quia
1693 2585 1789 2657 qui
1818 2593 1902 2640 est

298 2672 485 2740 ﬁdelis
526 2673 811 2738 minister,
864 2672 941 2726 nil
1007 2672 1249 2742 addens,
1303 2673 1379 2726 nil
1424 2673 1751 2727 diminuens.
1802 2672 1900 2726 Mi-

298 2758 471 2814 nister
526 2759 649 2815 dico
700 2759 910 2815 Christi
957 2762 1107 2825 Jesu,
1176 2761 1231 2814 id
1297 2768 1379 2815 est
1434 2760 1522 2816 vel
1569 2760 1693 2832 quia
1743 2760 1899 2815 Chri-

301 2856 448 2902 stum
477 2848 769 2915 ministrat,
806 2849 892 2903 vel
923 2848 1051 2921 quia
1097 2848 1347 2903 Christus
1377 2849 1606 2903 instituit
1636 2865 1760 2904 eum
1791 2849 1896 2903 mi-

296 2936 553 3004 nistrum,
590 2937 680 2993 vel
719 2937 972 2992 minister
999 2938 1067 2992 ad
1096 2938 1365 2993 honorem
1398 2938 1621 2993 Christi.
1654 2938 1722 2991 Et
1751 2938 1895 3008 quod

291 3025 544 3080 minister
591 3034 692 3094 est,
724 3027 827 3081 hoc
856 3032 1007 3082 certe
1052 3042 1154 3097 pro
1184 3027 1352 3093 vobis,
1388 3025 1479 3097 qui
1510 3025 1745 3098 populus
1776 3027 1893 3094 ejus

292 3113 447 3179 estis,
481 3114 608 3185 quia
637 3114 742 3169 nisi
770 3130 871 3185 pro
891 3114 1181 3170 dilectione
1203 3123 1385 3171 vestra
1405 3123 1573 3181 esset,
1598 3115 1765 3171 credo
1787 3130 1898 3169 non

294 3201 653 3258 ministraret.
686 3204 791 3271 Qui
803 3204 980 3258 etiam
1001 3206 1404 3274 mani/“estavit
1414 3205 1572 3259 nobis
1585 3219 1695 3259 non
1708 3202 1894 3258 odium

293 3299 556 3357 vestrum,
576 3307 687 3346 non
705 3291 1125 3359 dissensionem,
1151 3291 1249 3346 sed
1270 3292 1634 3348 dilectionem
1646 3297 1894 3348 vestram

292 3394 419 3435 esse
448 3381 513 3435 in
541 3381 771 3452 spiritu,
803 3380 858 3435 id
892 3388 975 3435 est
1004 3388 1355 3437 contemnere
1377 3380 1634 3447 carnalia,
1662 3381 1894 3454 diligere

291 3467 617 3538 spiritualia.

364 3555 601 3611 Ostenso
653 3557 798 3612 unde
826 3557 1032 3628 gratias
1061 3565 1189 3630 agat
1220 3572 1344 3613 cum
1373 3556 1768 3628 approbatione
1800 3573 1891 3613 ac-

292 3652 466 3715 cepta:
493 3643 638 3711 fidei,
682 3645 863 3699 subdit
894 3645 1041 3716 quod
1074 3654 1189 3701 oret
1218 3662 1316 3716 pro
1348 3646 1427 3701 eis
1457 3646 1750 3701 inserendo
1782 3646 1891 3701 im-

288 3733 670 3804 probationem
698 3733 861 3806 legis,
896 3733 1083 3789 dicens
1117 3751 1130 3788 :
1163 3736 1229 3789 Et
1260 3734 1388 3805 quia
1403 3733 1767 3790 manifestavit
1794 3750 1891 3791 no-

292 3821 379 3874 bis
410 3821 759 3877 dilectionem
800 3830 1039 3878 vestram
1066 3823 1122 3877 in
1153 3822 1364 3894 spiritu,
1399 3823 1521 3878 ideo
1542 3840 1772 3880 oramus
1787 3840 1890 3895 pro

289 3910 439 3965 vobis
459 3914 517 3965 et
531 3926 646 3965 non
668 3926 953 3966 cessamus
974 3916 1220 3978 orantes,
1248 3928 1322 3967 ea:
1345 3928 1411 3967 ea
1432 3912 1521 3966 die
1542 3929 1651 3983 qua
1672 3912 1888 3968 audivi-

290 4015 419 4053 mus
434 3999 604 4066 ﬁdem
639 4004 695 4054 et
722 4000 1087 4055 dilectionem
1120 4004 1381 4055 vestram.
1406 4000 1643 4055 Orantes
1675 3999 1799 4056 dico
1834 4007 1892 4058 et

285 4088 664 4158 postulantes,
692 4086 746 4141 id
769 4097 850 4143 est
871 4087 1026 4159 quasi
1047 4088 1394 4157 remjustitiae
1414 4095 1613 4143 vestrae
1628 4088 1885 4155 debitam,

288 4190 411 4229 cum
435 4174 632 4230 ﬁducia
654 4183 901 4245 petentes
923 4180 989 4231 ut
1007 4177 1669 4249 impleaminiagnitione
1690 4177 1888 4233 volun-

291 4264 432 4317 tatis
452 4265 590 4334 ejus,
637 4263 693 4318 id
722 4270 803 4318 est
824 4272 883 4317 ut
904 4263 1151 4334 plenarie
1178 4264 1522 4336 cognoscatis
1551 4263 1885 4320 voluntatem

2028 376 2109 423 est
2137 368 2193 421 in
2224 367 2535 439 cognitione
2583 367 2784 423 divinm
2830 368 3103 434 essentne,
3138 384 3299 439 quam
3327 383 3489 422 nemo
3518 369 3619 422 ba-

2024 457 2157 511 bere
2189 464 2367 527 potest
2416 457 2520 511 nisi
2565 457 2717 528 prius
2747 465 3003 527 operetur
3033 473 3155 528 quae
3186 465 3310 511 sunt
3338 456 3478 524 Dei;
3509 472 3619 511 non

2027 546 2171 600 enim
2200 561 2301 616 per
2328 545 2697 616 cognitionem
2726 546 2797 599 ad
2827 560 3010 616 opera,
3044 546 3142 600 sed
3170 561 3270 615 per
3298 560 3464 616 opera
3482 562 3620 615 prae-

2020 634 2192 689 missa
2231 635 2300 688 ad
2330 634 2697 706 cOgnitionem
2741 634 3070 688 ascenditur.
3104 634 3233 688 Haec
3260 633 3489 689 scientia
3515 634 3617 688 Dei

2024 730 2078 777 et
2105 721 2310 794 agnitio
2342 723 2632 777 voluntatis
2659 723 2780 799 ejus
2812 738 2976 794 quam
3006 722 3270 793 praemisit
3305 722 3468 794 longe
3498 737 3532 776 a
3560 738 3619 777 se

2024 811 2279 866 differunt
2313 829 2325 867 :
2358 812 2432 866 ibi
2485 812 2628 866 enim
2676 812 2769 876 ait,
2824 812 2954 883 quid
2993 811 3120 866 velit
3149 813 3318 879 Deus,
3349 811 3480 882 quid
3509 828 3618 867 non

2022 900 2190 966 velit;
2223 900 2364 971 quod
2405 899 2561 956 facile
2608 908 2755 971 patet
2803 899 3134 970 quibuslibet
3167 917 3179 953 :
3212 900 3300 955 hic
3340 908 3519 955 autem
3548 901 3617 955 de

2024 988 2340 1059 cognitione
2370 989 2565 1044 divinae
2595 988 2865 1057 essentiae,
2900 1003 3060 1058 quam
3090 988 3267 1058 aperit
3293 989 3503 1059 puritas
3538 989 3617 1043 vi-

2022 1084 2108 1143 tae,
2142 1076 2530 1133 convenienter
2564 1076 2831 1131 ascendit.
2877 1076 3036 1130 Prius
3078 1076 3223 1130 enim
3264 1076 3617 1147 intelligenda

2023 1172 2105 1220 est
2126 1164 2382 1220 voluntas
2414 1165 2553 1231 Dei;
2587 1182 2690 1236 qua
2720 1165 3011 1231 intellecta,
3035 1165 3421 1219 ambulandum
3453 1174 3535 1220 est
3561 1166 3618 1221 in

2020 1268 2107 1321 ea,
2141 1268 2245 1309 nec
2274 1253 2348 1306 ibi
2375 1252 2801 1319 subsistendum,
2838 1254 2935 1307 sed
2965 1253 3021 1307 in
3051 1253 3244 1308 melius
3273 1252 3613 1309 fructiﬁcan-

2021 1342 2169 1397 dum.
2205 1343 2339 1396 Tum
2392 1342 2613 1397 demum
2660 1349 2805 1411 patet
2846 1341 3094 1396 introitus
3134 1342 3199 1395 ad
3249 1342 3615 1414 cognitionem

2019 1429 2219 1485 divinae
2252 1431 2525 1485 essentiae.
2586 1428 2705 1498 Quo
2742 1437 3027 1501 postquam
3058 1430 3287 1498 venitur,
3320 1438 3487 1485 restat
3516 1447 3611 1486 so—

2019 1518 2297 1574 lummodo
2327 1534 2701 1589 perseverare.
2745 1519 2899 1574 Unde
2946 1518 3018 1572 ait
3051 1536 3064 1572 :
3097 1519 3388 1590 Postquam
3417 1518 3611 1574 fructi-

2020 1605 2310 1663 ﬁcaveritis
2338 1614 2391 1662 et
2431 1606 2718 1662 creveritis
2766 1606 2822 1659 in
2854 1606 3078 1661 scientia
3123 1606 3244 1675 Dei,
3280 1614 3450 1662 estote
3488 1624 3611 1663 con-

2013 1697 2238 1766 [Ortati,
2259 1695 2314 1749 id
2338 1702 2421 1750 est
2442 1695 2685 1750 roborati
2708 1702 2759 1749 et
2772 1702 3212 1765 perseverantes,
3235 1694 3297 1750 in
3313 1698 3469 1751 omni
3500 1698 3610 1752 vir-

2013 1788 2155 1849 tute,
2171 1784 2225 1837 id
2236 1791 2318 1839 est
2335 1782 2655 1849 humilitate,
2673 1782 3032 1853 temperantia
3044 1791 3097 1837 et
3113 1799 3449 1855 quaecunque
3464 1793 3607 1839 sunt.

2082 1871 2377 1926 Confortati
2397 1871 2518 1927 dico
2539 1872 2851 1928 secundum
2867 1873 3186 1942 potentiam
3203 1874 3344 1942 ejus,
3365 1872 3417 1925 id
3440 1880 3518 1926 est
3535 1872 3611 1927 ita

2010 1959 2291 2016 confortati
2323 1960 2461 2016 sicut
2490 1960 2608 2031 ipse
2657 1967 2853 2030 potens
2885 1966 2967 2014 est
3013 1974 3111 2015 vos
3140 1958 3470 2014 confortare.
3506 1961 3607 2014 Po-

2011 2049 2234 2103 tentiam
2264 2049 2387 2103 dico
2408 2049 2699 2104 claritatis
2722 2050 2862 2119 ejus,
2897 2048 2951 2102 id
2980 2056 3063 2103 est
3091 2063 3212 2119 quae
3232 2063 3329 2103 vos
3346 2048 3604 2104 clarifica-

2013 2137 2116 2193 vit.
2153 2136 2259 2205 Qui
2288 2137 2434 2191 enim
2481 2154 2603 2192 cum
2659 2136 2853 2192 essetis
2882 2136 2939 2189 in
2970 2135 3212 2191 tenebris
3238 2144 3604 2206 peccatorum,

2008 2240 2108 2281 vos
2139 2223 2461 2280 clariﬁcavit
2485 2224 2824 2293 justificatos,
2859 2223 3069 2280 facilius
3097 2225 3293 2295 poterit
3340 2233 3393 2280 et
3443 2225 3607 2280 debet

2006 2328 2395 2369 consummare
2408 2313 2522 2382 jam
2540 2314 2734 2382 justos.
2759 2314 2820 2367 In
2832 2314 2990 2369 omni
3009 2313 3205 2369 virtute
3231 2313 3372 2379 dico,
3398 2314 3606 2370 scilicet

2007 2404 2072 2458 in
2101 2404 2260 2459 omni
2288 2404 2578 2474 patientia
2605 2407 2663 2457 et
2694 2403 3135 2473 longanimitate
3163 2402 3446 2457 confortati
3474 2419 3604 2459 cum

2004 2490 2228 2560 gaudio.
2263 2489 2400 2558 Quia
2428 2491 2528 2544 has
2556 2490 2690 2544 duas
2720 2490 2947 2546 virtutes
2978 2490 3109 2545 vidit
3131 2491 3309 2561 magis
3336 2506 3600 2546 necessa-

2003 2578 2117 2632 rias
2144 2578 2213 2632 ad
2240 2578 2720 2649 perseverandum,
2755 2578 2882 2633 ideo
2912 2578 3188 2650 subjungit
3215 2581 3278 2634 in
3310 2580 3467 2635 omni
3492 2597 3601 2652 pa-

2006 2667 2233 2732 tientia,
2266 2667 2322 2721 id
2353 2674 2437 2721 est
2466 2675 2524 2720 ut
2566 2666 2702 2722 sicut
2731 2666 3084 2722 acerbitatem
3115 2666 3407 2734 malorum,
3441 2669 3519 2725 sic
3548 2677 3600 2725 et

2003 2755 2296 2826 opprobria
2338 2757 2625 2826 patiamur.
2683 2754 2790 2824 Qui
2835 2757 2977 2811 enim
3025 2756 3138 2826 pati
3185 2757 3436 2812 nonvult
3463 2774 3599 2813 con-

2002 2845 2193 2913 tendit,
2244 2844 2560 2915 repercutit,
2622 2851 2674 2899 et
2729 2844 2808 2899 sic
2874 2844 3097 2900 dilectio
3162 2846 3321 2915 perit.
3380 2846 3600 2901 Addidit

2002 2932 2164 2987 etiam
2236 2935 2300 2988 in
2382 2934 2836 3005 longanimitate.
2915 2932 3020 3001 Qui
3095 2933 3240 2989 enim
3306 2935 3598 3007 loganimis

1998 3020 2053 3074 in
2099 3021 2418 3075 sustinendo
2483 3037 2594 3076 non
2648 3029 2750 3089 est,
2810 3021 2856 3075 si
2904 3020 3150 3077 differtur
3206 3024 3594 3091 remuneratio,

1997 3110 2211 3179 projicit
2258 3125 2397 3164 onus
2454 3109 2573 3178 Dei,
2622 3117 2675 3164 et
2718 3110 2798 3166 sic
2840 3110 3015 3165 omnis
3057 3110 3226 3165 virtus
3273 3111 3328 3166 in
3372 3112 3464 3167 illo
3493 3129 3595 3183 pe-

1996 3197 2086 3252 rit.
2138 3198 2341 3252 Iterum
2401 3198 2668 3268 patientes
2735 3205 2787 3253 et
2831 3197 3175 3271 longanimes
3223 3216 3345 3256 esse
3390 3201 3597 3256 malum

1999 3293 2102 3354 est,
2135 3285 2241 3340 nisi
2268 3301 2336 3340 ex
2373 3285 2673 3353 voluntate,
2707 3294 2762 3340 et
2791 3286 2917 3342 ideo
2946 3287 3096 3342 addit
3122 3304 3253 3344 cum
3281 3289 3502 3360 gaudio,
3538 3298 3595 3344 ut

1995 3390 2105 3428 non
2139 3366 2454 3440 tristentur;
2491 3374 2589 3429 sed
2617 3374 2896 3446 gaudeant
2923 3376 3034 3445 pati
3063 3384 3113 3431 et
3137 3377 3229 3431 diu
3253 3386 3589 3449 exspectare.

1996 3462 2120 3519 Vult
2150 3462 2258 3517 illis
2284 3463 2447 3517 modo
2477 3462 2791 3533 improbare
2829 3463 3029 3534 legem,
3061 3463 3249 3519 dicens
3280 3482 3340 3520 se
3371 3475 3424 3521 et
3453 3467 3589 3522 alios

1994 3551 2271 3622 apostolos
2302 3551 2395 3623 qui
2422 3551 2479 3605 in
2505 3552 2635 3623 lege
2682 3552 2792 3606 nati
2817 3552 3054 3618 fuerunt,
3089 3553 3216 3623 quia
3245 3554 3299 3607 in
3348 3554 3589 3610 tenebris

1994 3648 2123 3696 tunc
2152 3647 2325 3706 erant,
2357 3639 2541 3712 legem
2571 3640 2901 3709 deseruisse,
2934 3648 2988 3695 et
3015 3641 3222 3713 gratias
3251 3658 3417 3714 agere
3448 3644 3584 3709 Deo,

1995 3744 2060 3785 ex
2091 3744 2157 3784 eo
2190 3728 2335 3801 quod
2365 3729 2433 3782 ad
2465 3727 2629 3784 ﬁdem
2662 3730 2873 3785 vocavit
2904 3745 3033 3795 eos;
3058 3737 3109 3785 et
3132 3729 3178 3783 si
3198 3730 3474 3785 naturales
3505 3731 3585 3787 le-

1992 3818 2098 3889 gis,
2133 3816 2227 3872 illa
2272 3816 2547 3888 neglecta,
2597 3817 2877 3873 adhaerent
2925 3816 3072 3874 fidei.
3121 3818 3348 3873 Stultum
3382 3827 3463 3873 est
3494 3836 3590 3875 eos

1991 3905 2083 3977 qui
2112 3921 2388 3977 nunquam
2435 3906 2489 3960 in
2531 3906 2655 3978 lege
2685 3908 2928 3975 fuerunt,
2962 3915 3016 3962 et
3042 3906 3204 3963 ﬁdem
3237 3918 3585 3979 acceperunt,

1992 3993 2325 4049 confundere
2375 3995 2664 4065 puritatem
2704 3996 2831 4051 tidei
2881 3996 3207 4052 admistione
3237 3996 3402 4069 legis.
3435 3997 3588 4053 Unde

1992 4082 2069 4137 sic
2099 4082 2174 4137 ait
2204 4100 2217 4137 :
2249 4083 2373 4138 Non
2403 4099 2687 4139 cessamus
2715 4092 2933 4140 orantes
2965 4100 3066 4155 pro
3089 4084 3262 4150 vobis,
3292 4089 3349 4140 et
3367 4086 3586 4157 gratias

1989 4175 2216 4242 agentes
2246 4172 2354 4227 Deo
2384 4173 2567 4241 Patri,
2592 4174 2686 4244 qui
2710 4189 2811 4228 nos
2841 4174 2983 4243 fecit
3032 4174 3228 4243 dignos
3261 4175 3323 4229 in
3360 4178 3583 4245 partem

1988 4261 2175 4326 sortis,
2208 4259 2263 4313 id
2294 4266 2377 4315 est
2400 4259 2867 4330 participationem
2903 4260 3229 4316 hereditatis
3258 4265 3589 4317 sanctorum

287 4351 409 4405 Dei.
446 4350 788 4421 Impleamini
817 4351 940 4407 dico
968 4353 1031 4407 in
1054 4353 1211 4408 omni
1231 4352 1887 4423 sapientia.Sapientiam
1916 4347 1967 4406 D
1989 4346 2043 4401 id
2074 4355 2174 4414 est,
2216 4363 2381 4419 quam
2430 4346 2665 4402 habituri
2695 4356 2818 4403 sunt
2848 4348 3040 4403 sancti.
3072 4349 3186 4404 Nos
3217 4348 3341 4404 dico
3380 4350 3588 4420 positos

285 4439 377 4494 hic
404 4439 557 4509 ponit
585 4439 743 4511 quasi
792 4440 1094 4504 scientiam,
1148 4449 1199 4495 et
1246 4441 1392 4512 quod
1422 4441 1495 4495 ait
1526 4440 1582 4495 in
1614 4441 1760 4495 omni
1793 4456 1887 4496 sa-

282 4526 488 4597 pientia
518 4527 664 4582 idem
710 4527 855 4583 valet
902 4528 1047 4600 quod
1093 4529 1148 4583 in
1177 4529 1323 4583 omni
1354 4528 1666 4600 cognitione
1696 4529 1888 4586 activae

285 4615 787 4686 vitaeJmpleamini
825 4616 1065 4671 etiamin
1101 4619 1257 4673 omni
1295 4617 1548 4689 spiritali
1583 4618 1889 4673 intellectu

280 4712 361 4773 ut,
387 4703 527 4759 sicut
557 4704 610 4757 iu
642 4704 1038 4775 corporalibus,
1086 4705 1165 4761 sic
1194 4704 1524 4761 voluntatem
1554 4704 1653 4760 Dei
1683 4704 1885 4760 intelli-

281 4793 425 4864 gatis
446 4792 501 4845 in
524 4792 916 4863 spiritualibus.
949 4795 1013 4850 Ut
1034 4793 1401 4866 intelligentes
1417 4793 1751 4849 voluntatem
1770 4794 1884 4863 ejus

282 4880 588 4936 ambuletis
611 4898 714 4952 per
743 4883 957 4949 omnia,
990 4882 1045 4936 id
1067 4890 1146 4937 est
1168 4883 1308 4937 bene
1331 4882 1651 4953 cperemini.
1672 4881 1883 4938 Ambu-

283 4968 416 5022 letis
433 4967 575 5035 dico,
592 4969 756 5041 digne
769 4971 896 5036 Deo,
921 4970 976 5024 id
992 4978 1076 5026 est
1096 4978 1151 5025 ut
1167 4970 1282 5026 sitis
1299 4970 1665 5044 dignihabere
1686 4971 1880 5026 Deum.

283 5055 383 5110 Vel
410 5056 578 5127 digne
610 5058 724 5111 Deo
750 5066 808 5112 ut
853 5060 1001 5114 Deus
1040 5059 1266 5131 dignum
1310 5059 1518 5128 judicet
1546 5061 1797 5116 habitare
1826 5061 1883 5115 in

280 5142 459 5197 vobis.
499 5144 606 5198 Vos
636 5145 759 5201 dico
790 5146 869 5200 sic
887 5146 1217 5202 ambulando
1237 5149 1551 5218 placentes.
1578 5149 1881 5205 Velambu-

278 5230 403 5286 letis
430 5232 710 5301 placentes
752 5250 850 5304 per
892 5235 1093 5298 omnia.
1127 5236 1272 5306 quod
1312 5236 1457 5290 idem
1488 5236 1648 5291 valet.
1679 5238 1795 5293 Nec
1823 5238 1879 5291 in

278 5318 610 5374 ambulando
640 5321 941 5377 subsistere
961 5323 1157 5387 velitis,
1175 5323 1272 5378 sed
1294 5325 1357 5379 in
1379 5325 1536 5380 omni
1558 5340 1721 5396 opere
1740 5326 1876 5381 bono

280 5408 728 5479 fructiﬁcantes,
781 5410 836 5464 id
885 5419 966 5467 est
1004 5411 1401 5468 incrementum
1450 5412 1731 5469 habentes.
1767 5415 1876 5471 Vos

1990 4437 2053 4490 in
2077 4436 2312 4502 lumine,
2333 4435 2387 4489 id
2408 4444 2490 4490 est
2511 4434 2565 4489 in
2581 4452 2707 4491 vera
2726 4436 3057 4508 cognitione.
3076 4436 3173 4493 Vel
3187 4439 3249 4492 in
3272 4439 3507 4504 lumine,
3532 4437 3587 4493 id

1990 4523 2065 4579 2
2079 4523 2144 4579 ’7
2159 4525 2229 4580 5
2246 4532 2327 4579 est
2358 4523 2413 4578 in
2435 4523 2645 4579 Christo
2667 4524 3004 4581 illuminante
3024 4541 3143 4581 nos.
3164 4527 3377 4582 Patrem
3398 4526 3471 4581 ait
3500 4543 3586 4582 se-

1987 4612 2225 4667 cundum
2246 4613 2494 4668 diversos
2515 4629 2886 4684 possessores,
2910 4630 3019 4669 non
3044 4614 3170 4686 quia
3192 4615 3381 4670 ibisint
3404 4632 3587 4686 segre-

1987 4708 2127 4771 gatae
2155 4708 2358 4772 partes,
2393 4700 2517 4772 quia
2567 4701 2823 4759 omnibus,
2869 4718 2973 4756 una
3004 4702 3301 4758 beatitudo.
3335 4703 3583 4759 Haeredi-

1986 4796 2150 4843 tatem
2180 4797 2493 4845 sanctorum
2544 4799 2698 4846 vocat
2729 4798 2953 4857 sortem,
2990 4791 3113 4862 quia
3148 4806 3255 4846 non
3289 4807 3388 4861 per
3416 4792 3579 4848 meri-

1985 4884 2095 4931 tum
2126 4876 2360 4933 hominis
2390 4878 2560 4943 datur,
2597 4879 2695 4933 sed
2716 4886 2882 4947 sorte,
2916 4879 2971 4933 id
2994 4888 3077 4935 est
3097 4879 3275 4935 divina
3294 4879 3578 4937 electione.

1982 4965 2268 5033 Quomodo
2298 4965 2497 5038 dignos
2542 4966 2643 5022 hac
2692 4975 2841 5023 sorte
2872 4966 3067 5025 fecerit
3096 4968 3300 5035 subdit,
3336 4968 3527 5025 dicens
3563 4988 3576 5024 :

1983 5054 2186 5121 Posuit,
2220 5055 2459 5127 inquam,
2507 5057 2571 5111 in
2604 5058 2818 5113 lumine
2848 5059 2945 5129 qui
2971 5056 3205 5128 primum
3237 5060 3449 5132 eripuit
3480 5077 3579 5117 nos

1982 5144 2047 5200 de
2076 5148 2359 5215 potestate
2402 5146 2783 5211 tenebrarum,
2834 5145 2889 5199 id
2919 5154 2999 5202 est
3032 5147 3115 5203 vel
3154 5147 3462 5203 daemonum
3497 5148 3579 5203 vel

1979 5240 2352 5303 peccatorum,
2405 5234 2491 5289 vel
2539 5233 2876 5306 ignominiaa.
2909 5235 3237 5290 Potestatem
3267 5236 3387 5291 ideo
3422 5236 3574 5303 dicit,

1978 5322 2106 5394 quia
2137 5322 2216 5377 vis
2247 5324 2487 5378 humana
2539 5340 2635 5394 per
2686 5341 2746 5380 se
2796 5340 2907 5379 non
2950 5332 3162 5395 poterat
3212 5325 3465 5380 evadere.
3501 5328 3571 5380 Et

1976 5427 2078 5467 nos
2108 5419 2326 5483 ereptos
2378 5414 2706 5481 transtulit,
2738 5413 2794 5469 id
2824 5421 2907 5470 est
2936 5412 3359 5483 transformavit,
3392 5414 3453 5469 in
3476 5430 3570 5469 re-
