3960 6050
373 171 476 225 3⁸79

934 168 990 223 S.
1031 167 1385 225 BRUNONIS
1422 165 2072 225 CARTHUSIANORUM
2108 164 2590 223 INSTITUTORJS
2629 166 2782 223 OPP.
2824 167 3000 224 PARS
3038 169 3104 224 II.

3560 173 3664 226 380

372 309 547 366 gnum
580 292 730 359 Filii,
764 291 821 347 id
852 299 935 349 est
965 300 1022 347 ut
1052 291 1215 348 Filius
1248 309 1379 347 suus
1410 300 1669 363 regnaret
1695 292 1750 346 in
1784 290 1961 345 nobis.
1987 291 2043 351 Α,
2072 288 2193 345 ideo
2208 289 2493 360 primatum
2510 294 2869 365 tenens,quia
2890 293 3235 365 comﬂacuit
3257 293 3363 350 Deo
3397 293 3545 348 Patri
3566 293 3667 349 ha-

374 383 510 437 Filii
531 382 653 436 dico
677 381 1001 437 dilectionis
1031 398 1166 437 suce.
1194 380 1398 436 Omnes
1420 381 1563 436 enim
1587 389 1785 451 praeter
1805 379 1970 433 istum

378 468 475 524 ﬁlii
507 468 719 525 fuerunt
748 470 862 525 irae.
899 469 1104 525 Omnes
1145 470 1288 525 enim
1330 470 1384 523 in
1432 477 1660 540 peccato
1690 467 1839 534 nati;
1873 468 1969 523 sed

375 558 463 613 hic
492 558 642 613 solus
670 558 837 612 Filius
867 558 1192 625 dilectionis,
1229 558 1354 629 quia
1386 574 1417 611 a
1450 565 1676 627 peccato
1692 556 1966 611 immunis.

383 648 463 701 De
518 663 627 718 quo
674 647 830 701 Pater
876 647 994 701 ait:
1035 668 1056 697 α
1093 646 1191 701 Hic
1238 654 1320 700 est
1370 645 1537 699 Filius
1583 661 1740 700 meus
1795 645 1969 700 dilec-

382 740 489 800 tus,
517 757 538 781 »
556 743 659 790 etc.
678 735 1089 804 (Matth.m,7.)
1110 734 1326 788 Modum
1350 733 1645 804 ereptionis
1674 732 1881 786 subdit:
1906 733 1970 788 In

375 837 478 893 quo
501 822 636 877 Filio
657 824 922 878 habemus
941 823 1380 894 redemptionem
1405 840 1419 887 ;
1443 821 1675 891 pretium
1695 821 1839 875 enim
1853 838 1975 875 san-

375 910 556 983 guinis
586 910 641 965 in
671 926 835 966 cruce
883 912 1065 965 datum
1113 918 1195 965 est
1243 909 1497 965 omnibus
1544 909 1834 964 suﬁiciens.
1870 910 1972 964 Per

376 1014 536 1069 quem
567 998 727 1052 etiam
775 999 1041 1052 habemus
1090 998 1485 1053 remissionem
1517 1001 1877 1070 peccatorum
1914 997 1969 1050 in

373 1086 644 1156 baptismo
669 1104 683 1151 ;
717 1086 811 1157 qui
836 1085 1002 1139 Filius
1033 1086 1331 1141 secundum
1351 1085 1586 1141 divinam
1608 1093 1855 1139 naturam
1884 1088 1969 1139 est

376 1175 563 1243 imago
596 1175 695 1229 Dei
722 1174 1044 1239 invisibilis,
1079 1174 1132 1227 id
1164 1181 1246 1228 est
1266 1174 1427 1243 plena
1448 1172 1856 1243 repraesentatio
1870 1174 1970 1227 Pa-

374 1260 493 1326 tris,
520 1261 646 1332 quia
676 1261 936 1333 quidquid
966 1262 1021 1315 in
1054 1263 1241 1328 Patre,
1276 1268 1444 1315 totum
1478 1268 1559 1316 est
1589 1261 1643 1314 in
1674 1260 1828 1326 Filio,
1861 1275 1971 1314 non

379 1356 557 1403 tamen
590 1352 793 1421 imago,
835 1349 980 1420 quod
1032 1348 1180 1403 aliud
1212 1349 1298 1417 sit,
1345 1349 1451 1403 nisi
1489 1358 1745 1419 quantum
1794 1349 1855 1402 ad
1890 1348 1971 1403 di-

377 1438 723 1493 stinctionem
783 1452 1163 1507 personarum,
1234 1437 1330 1492 sed
1393 1436 1553 1507 plena
1616 1437 1870 1491 identitas
1915 1436 1971 1491 in

379 1525 699 1581 substantia.
740 1526 1036 1581 Possumus
1084 1533 1422 1590 construere,
1460 1526 1758 1581 invisibilis
1786 1526 1970 1596 imago

376 1616 496 1679 Dei,
530 1613 616 1669 vel
646 1615 827 1685 imago
857 1616 957 1670 Dei
986 1615 1308 1671 invisibilis.
1353 1615 1417 1668 Et
1449 1628 1514 1668 ex
1547 1613 1631 1667 his
1660 1613 1844 1668 verbis
1874 1614 1971 1668 ha-

378 1701 571 1756 bemus
597 1702 789 1757 Filium
838 1702 1357 1758 consubstantialem
1402 1701 1565 1767 Patri,
1602 1701 1747 1773 quia,
1781 1702 1826 1756 si
1857 1717 1974 1757 om-

377 1789 466 1843 nia
494 1790 563 1845 de
614 1790 912 1844 substantia
963 1790 1081 1844 Filii
1114 1806 1236 1861 quae
1266 1790 1334 1844 de
1366 1789 1665 1844 substantia
1694 1790 1862 1844 Patris
1891 1790 1973 1843 di-

379 1885 595 1944 cuntur,
627 1877 873 1948 profecto
906 1878 1387 1933 consubstantialis
1417 1886 1500 1933 est
1524 1877 1596 1932 ei.

449 1966 613 2021 Filius
657 1965 780 2021 dico
806 1968 1217 2038 primogenitus
1260 1968 1446 2021 omnis
1476 1971 1773 2034 creatura,
1805 1965 1861 2020 id
1891 1974 1974 2021 est

377 2061 501 2110 ante
531 2070 749 2109 omnem
779 2062 1081 2109 creaturam
1112 2055 1330 2125 genitus
1361 2070 1427 2109 ex
1457 2054 1644 2121 Patre;
1675 2054 1791 2124 ipse
1823 2053 1972 2109 solus

378 2142 622 2211 genitus,
658 2150 854 2197 caetera
883 2150 1064 2198 creata
1110 2158 1218 2197 non
1247 2142 1411 2197 modo
1440 2142 1584 2196 illius
1616 2141 1839 2213 genita;
1871 2157 1972 2197 nec

380 2230 497 2300 ipse
529 2238 761 2297 creatus,
797 2237 848 2284 et
878 2230 929 2283 in
960 2230 1046 2284 his
1075 2230 1259 2284 verbis
1294 2230 1559 2285 habemus
1590 2246 1712 2284 eum
1743 2237 1971 2285 coaeter-

377 2333 508 2371 num
535 2317 697 2372 Patri.
731 2318 873 2374 Vere
902 2318 1121 2390 genitus
1150 2326 1231 2372 est
1259 2326 1382 2373 ante
1403 2334 1617 2373 omnem
1640 2326 1968 2385 creaturam,

380 2408 511 2479 quia
532 2408 796 2462 universa
812 2411 951 2462 sunt
973 2407 1203 2463 condita
1226 2410 1286 2462 in
1309 2409 1446 2479 ipso,
1473 2407 1527 2461 id
1543 2415 1624 2462 est
1645 2424 1743 2477 per
1771 2408 1967 2477 ipsum,

374 2494 523 2563 juxta
568 2495 699 2549 illud
754 2512 767 2549 :
818 2518 840 2543 «
895 2494 1089 2550 Omnia
1134 2495 1189 2548 in
1235 2495 1503 2566 sapientia
1570 2494 1745 2550 fecisti
1791 2496 1969 2567 (Psal.

378 2598 495 2648 CIII,
533 2584 645 2653 24),
704 2606 725 2631 η
761 2584 864 2638 hoc
906 2590 1001 2638 est
1034 2584 1090 2637 in
1138 2583 1288 2638 Filio.
1336 2584 1603 2639 Universa
1653 2584 1794 2649 dico,
1849 2583 1974 2654 quia

378 2672 626 2727 visibilia
656 2671 1042 2726 etinvisibilia
1060 2673 1121 2726 in
1144 2672 1312 2735 caelis,
1340 2679 1396 2725 ut
1418 2670 1622 2743 angeli,
1652 2672 1732 2725 sol
1753 2679 1805 2725 et
1825 2671 1969 2739 luna,

379 2766 432 2813 et
460 2758 695 2814 visibilia
726 2768 777 2812 et
822 2758 1111 2814 invisibilia
1140 2759 1195 2812 in
1225 2767 1385 2825 terra,
1421 2767 1479 2813 ut
1508 2759 1732 2829 spiritus
1760 2758 1973 2813 anima-

377 2846 530 2913 lium,
565 2854 617 2902 et
646 2847 826 2902 omnia
876 2854 1035 2902 terrae
1080 2862 1324 2917 corpora.
1378 2848 1440 2901 In
1471 2849 1625 2902 caelis
1656 2848 1796 2902 bene
1828 2848 1970 2914 dico,

379 2935 506 3007 quia
517 2936 631 2991 sive
655 2936 865 3001 throni,
882 2937 995 2990 sive
1012 2936 1444 2999 dominationes,
1461 2937 1573 2991 sive
1589 2938 1968 3007 principatus,

381 3026 498 3080 sive
526 3028 856 3097 potestates,
883 3024 1075 3079 omnia
1094 3027 1288 3078 creata
1325 3028 1461 3078 sunt
1484 3040 1587 3095 per
1605 3025 1808 3093 ipsum,
1834 3031 1885 3077 et
1905 3024 1973 3077 ita

381 3128 483 3183 per
512 3112 689 3183 ipsum
719 3111 863 3183 quod
895 3119 1069 3166 creata
1123 3111 1506 3166 contineantur
1534 3113 1597 3167 in
1626 3114 1763 3183 ipso,
1800 3111 1853 3165 id
1893 3120 1975 3166 est

378 3200 524 3254 intra
570 3199 982 3270 amplitudinem
1031 3200 1182 3268 ejus;
1216 3199 1333 3270 ipse
1364 3200 1506 3254 enim
1537 3200 1594 3253 in
1638 3199 1893 3255 omnibus
1922 3208 1975 3255 et

375 3288 491 3357 jam
525 3296 695 3344 extra.
730 3289 799 3343 Et
826 3290 946 3361 ipse
984 3292 1071 3344 est
1107 3293 1244 3344 ante
1268 3305 1459 3345 omnes
1489 3288 1755 3359 dignitate
1787 3304 1975 3343 secun-

381 3377 513 3431 dum
545 3384 832 3448 utramque
880 3384 1150 3445 naturam,
1198 3384 1251 3432 et
1288 3376 1473 3432 omnia
1520 3384 1699 3432 creata
1728 3383 1976 3433 constant

379 3466 445 3520 in
477 3466 618 3537 ipso,
669 3464 724 3519 id
772 3472 856 3519 est
905 3465 1135 3519 existere
1176 3464 1378 3520 habent
1422 3480 1528 3535 per
1570 3465 1775 3536 ipsum.
1828 3464 1977 3519 Sicut

379 3553 523 3608 enim
571 3569 695 3609 esse
745 3568 855 3608 non
894 3560 1168 3623 poterant,
1223 3552 1326 3607 nisi
1373 3569 1473 3623 per
1518 3552 1717 3623 ipsum,
1770 3553 1847 3607 sic
1876 3568 1977 3608 nec

379 3649 560 3698 creata
606 3641 924 3705 consistere,
967 3640 1073 3695 nisi
1119 3657 1221 3711 per
1268 3642 1463 3711 ipsum,
1498 3649 1549 3695 et
1578 3642 1695 3711 ipse
1727 3641 1976 3696 Christus

380 3735 464 3785 est
493 3734 685 3802 caput,
738 3729 792 3783 id
841 3736 923 3784 est
951 3728 1282 3798 principium
1318 3737 1371 3783 et
1402 3728 1648 3799 regimen
1680 3731 1966 3784 Ecclesia.

381 3817 542 3885 Quod
572 3817 643 3871 ita
673 3817 747 3871 ait
780 3835 793 3870 :
825 3817 997 3886 Caput
1043 3818 1295 3887 corporis
1341 3816 1620 3881 Ecclesiae,
1669 3816 1797 3886 quia
1838 3816 1978 3872 sicut

379 3921 580 3974 corpus
612 3904 847 3959 hominis
878 3919 1070 3959 omnes
1110 3920 1305 3958 sensus
1352 3904 1515 3959 habet
1564 3904 1616 3958 in
1666 3904 1864 3974 capite,
1899 3905 1977 3961 sic

377 3992 631 4049 Ecclesia
657 4007 848 4048 omnes
893 3991 1036 4046 vires
1067 4007 1195 4046 suas
1226 3992 1389 4047 habet
1424 3993 1478 4045 in
1510 3992 1742 4059 Christo,
1778 3993 1973 4063 capite,

382 4081 652 4153 principio
674 4096 773 4137 suo
802 4088 852 4135 et
872 4088 1105 4135 rectore.
1136 4079 1449 4151 Opponeret
1466 4081 1557 4135 ille
1589 4097 1601 4135 :
1637 4079 1820 4149 Quare
1842 4080 1977 4135 dicis

382 4170 652 4225 Christum
683 4176 846 4239 caput
894 4168 1177 4229 Ecclesiae.
1229 4184 1354 4224 cum
1386 4169 1520 4224 Abel
1558 4177 1610 4223 et
1649 4169 1803 4223 multi
1845 4167 1977 4237 justi

380 4258 579 4314 fuerint
603 4258 754 4328 prius
785 4257 897 4322 illo,
936 4265 1182 4327 tempore
1202 4257 1230 4310 ‘?
1258 4258 1373 4313 Hoc
1403 4258 1477 4312 ita
1505 4265 1753 4312 removet
1787 4272 1798 4311 :
1838 4257 1977 4311 Vere

2070 379 2248 434 bitare
2265 380 2327 433 in
2348 380 2468 451 ipso
2485 380 2619 435 Filio
2646 382 3069 452 plenitudinem
3088 383 3344 438 omnium
3366 382 3652 449 bonorum,

2070 467 2206 522 sicut
2233 469 2471 522 Joannes
2500 468 2572 522 ait
2605 484 2617 521 :
2654 490 2675 518 α
2699 470 2779 524 De
2800 468 3133 539 plenitudine
3158 470 3273 538 ejus
3296 485 3485 524 omnes
3506 485 3663 525 acce-

2068 555 2247 625 pimus
2272 576 2292 604 »
2318 556 2558 621 (Joan.1,
2590 560 2699 625 16).
2731 559 2801 611 Et
2820 557 3023 627 placuit
3052 559 3168 613 Deo
3189 573 3287 627 per
3312 574 3434 612 eum
3472 558 3666 611 Filium

2070 644 2439 699 reconciliare
2464 645 2567 698 sibi
2585 647 2796 709 omnia,
2836 652 2940 699 tam
2970 646 3201 715 gentiles
3231 660 3392 717 quam
3423 646 3663 700 Judaeos.

2144 730 2341 785 Omnia
2372 739 2554 787 tamen
2582 732 2707 787 dico
2737 733 3009 788 manentia
3038 734 3101 787 in
3130 736 3267 805 ipso.
3296 732 3400 800 Qui
3432 732 3577 788 enim
3610 734 3664 787 in

2067 818 2186 887 ipso
2216 835 2323 873 non
2358 820 2633 889 manserit,
2669 837 2864 890 expers
2896 821 2997 875 erit
3026 820 3501 876 reconciliationis.
3541 821 3665 875 Pla-

2070 907 2180 961 cuit
2232 908 2587 963 reconciliare
2625 910 2936 979 paciﬁcans
2974 909 3254 964 mundum
3296 910 3418 974 sibi,
3451 908 3538 964 vel
3570 910 3669 963 Ju-

2069 994 2218 1049 dmos
2249 1003 2301 1050 et
2330 996 2560 1066 gentiles
2590 996 2731 1051 inter
2769 1013 2828 1051 se
2857 1014 2958 1067 per
3001 997 3320 1067 sanguinem
3350 1013 3457 1051 non
3490 997 3668 1051 fusum

2069 1083 2252 1154 aliquo
2281 1100 2485 1154 genere
2514 1086 2757 1140 honestae
2784 1085 2972 1139 mortis
2997 1104 3010 1151 ;
3045 1086 3142 1140 sed
3190 1102 3291 1157 per
3327 1088 3668 1156 sanguinem

2069 1174 2255 1226 crucis
2279 1174 2402 1243 ejus
2427 1192 2445 1239 ,-
2468 1173 2612 1243 quod
2632 1188 2806 1243 genus
2828 1174 3019 1227 mortis
3041 1173 3665 1244 contemptibilissimum

2073 1258 2315 1314 2'76
2339 1268 2475 1314 erat.
2506 1259 2804 1316 Paciﬁcans
2823 1261 2945 1316 dico
2966 1262 3093 1327 Deo,
3132 1263 3243 1317 sive
3260 1278 3380 1332 qum
3414 1262 3476 1316 in
3512 1263 3668 1317 cwlis

2068 1351 2223 1412 sunt,
2250 1347 2304 1401 id
2336 1356 2417 1402 est
2450 1356 2674 1403 sanctos
2703 1365 2935 1420 quorum
2973 1350 3168 1405 animm
3193 1350 3304 1418 jam
3348 1358 3577 1422 regnant
3608 1350 3662 1404 in

2070 1434 2243 1499 coelis,
2278 1437 2394 1491 sive
2434 1452 2555 1508 quae
2588 1438 2650 1491 in
2675 1439 2845 1493 terris
2876 1446 3017 1506 sunt,
3049 1438 3105 1491 id
3134 1445 3218 1492 est
3246 1453 3343 1492 eos
3371 1438 3462 1509 qui
3489 1437 3670 1493 adhuc

2070 1523 2491 1596 peregrinantur
2528 1525 2583 1578 in
2614 1533 2773 1579 terra.
2808 1526 2906 1581 Vel
2936 1527 3006 1580 ita
3042 1540 3053 1579 :
3086 1527 3208 1581 Sive
3246 1542 3367 1597 qua:
3407 1528 3470 1581 in
3510 1527 3665 1582 caelis

2073 1616 2230 1673 sunt,
2262 1612 2317 1666 id
2348 1621 2431 1667 est
2459 1613 2707 1684 angelos,
2740 1615 2853 1671 sive
2872 1631 2995 1686 quae
3022 1616 3084 1669 in
3121 1616 3291 1670 terris
3321 1622 3464 1681 sunt,
3499 1614 3553 1668 id
3585 1621 3676 1668 est

2072 1699 2341 1754 homines.
2390 1702 2526 1755 Ante
2575 1702 2840 1756 Christum
2892 1703 3032 1757 inter
3077 1702 3303 1774 angelos
3333 1710 3387 1757 et
3416 1702 3671 1757 homines

2074 1788 2358 1842 dissidium
2391 1796 2508 1842 erat
2543 1804 2554 1841 :
2588 1789 2686 1843 sed
2721 1788 3043 1858 justificatus
3086 1791 3269 1856 homo,
3318 1805 3444 1844 mox
3474 1804 3667 1860 pacem

2071 1876 2257 1930 habuit
2279 1892 2403 1931 cum
2433 1876 2652 1947 angelo.
2686 1878 2842 1932 Nunc
2874 1878 3089 1932 tandem
3121 1878 3405 1933 descendit
3432 1878 3502 1932 ad
3533 1878 3669 1932 illud

2073 1965 2219 2034 quod
2249 1964 2558 2020 intendebat
2588 1982 2653 2019 ex
2674 1965 3001 2035 praemissis,
3036 1966 3224 2021 dicens
3258 1984 3272 2020 :
3304 1966 3419 2021 Nos
3450 1966 3668 2022 Iudaeos

2072 2051 2411 2122 paciﬁcavit,
2462 2062 2513 2108 et
2560 2068 2658 2109 vos
2704 2054 2935 2124 gentiles
2983 2054 3230 2109 similiter
3276 2054 3667 2109 reconciliavit.

2084 2142 2177 2197 Vos
2199 2141 2341 2209 dico,
2376 2157 2524 2207 cum,
2558 2142 2614 2196 id
2645 2149 2728 2196 est
2760 2143 3026 2212 quamvis,
3052 2144 3249 2198 essetis
3266 2143 3587 2214 aliquando,
3613 2142 3668 2196 id

2074 2237 2156 2284 est
2183 2237 2429 2299 tempore
2450 2228 2800 2298 inﬁdelitatis,
2825 2232 3066 2286 alienati
3086 2246 3116 2284 a
3144 2232 3260 2285 Deo
3280 2247 3381 2301 per
3400 2232 3669 2302 ignoran-

2075 2317 2205 2371 tiam
2241 2335 2254 2371 :
2288 2322 2343 2372 et
2374 2318 2568 2372 essetis
2597 2320 2841 2383 inimici,
2889 2318 2943 2372 id
2974 2327 3055 2373 est
3083 2318 3499 2374 inimicaremini
3528 2320 3667 2388 Deo,

2073 2421 2263 2471 sensu,
2296 2406 2351 2459 id
2382 2414 2464 2460 est
2494 2420 2567 2461 ex
2597 2406 2890 2462 voluntate.
2914 2407 3122 2462 Inimici
3145 2408 3391 2462 etiamin
3412 2408 3672 2479 operibus

2072 2494 2260 2548 malis.
2296 2493 2412 2559 Vel,
2447 2495 2695 2565 quamvis
2727 2496 2923 2551 essetis
2949 2495 3151 2550 inimici
3169 2512 3352 2563 sensu,
3376 2504 3556 2551 tamen
3586 2512 3674 2551 re-

2074 2580 2383 2636 conciliavit
2404 2597 2521 2649 vos,
2542 2599 2697 2638 nunc
2717 2588 2909 2639 autem
2932 2585 3319 2639 reconciliavit
3336 2586 3399 2639 in
3421 2599 3670 2655 corpore,

2074 2669 2314 2723 nondum
2345 2670 2657 2736 immortali,
2714 2671 2812 2725 sed
2842 2687 3071 2742 corpore
3108 2672 3300 2727 carnis
3329 2674 3471 2743 ejus,
3505 2672 3560 2725 id
3590 2679 3675 2726 est

2075 2757 2252 2813 adhuc
2275 2757 2535 2812 mortalis.
2567 2759 2635 2812 Et
2673 2758 2719 2812 si
2767 2759 2821 2813 in
2862 2775 3094 2830 corpore
3134 2760 3348 2815 mortali
3384 2760 3486 2815 hoc
3525 2758 3670 2826 fecit,

2075 2845 2205 2916 quid
2250 2845 2413 2901 faciet
2442 2846 2498 2900 in
2540 2847 2869 2903 immortali?
2899 2849 3085 2921 Longe
3125 2848 3375 2920 amplius.
3409 2848 3673 2904 Reconci—

2079 2933 2226 2989 liavit
2255 2934 2312 2987 in
2342 2950 2574 3005 corpore
2598 2953 2703 3007 per
2729 2941 3010 3001 mortem;
3040 2943 3097 2991 ut
3127 2937 3271 2991 enim
3301 2952 3400 2992 vos
3429 2937 3674 2992 reconci-

1996 2996 2042 3057 Ο
2077 3021 2252 3091 liaret,
2286 3023 2397 3092 pati
2427 2996 2874 3095 voluitmortem,
2909 3024 2963 3079 id
2980 2996 3140 3078 estut
3161 3025 3408 3080 exhibeat
3428 3041 3520 3079 vos
3539 3041 3673 3080 san-

2076 3115 2196 3167 ctos
2228 3111 2499 3182 positione
2529 3112 2810 3180 virtutum,
2845 3118 2901 3168 et
2926 3114 3344 3180 immaculatos,
3372 3113 3673 3168 remotione

2075 3199 2362 3269 malorum,
2394 3204 2449 3255 et
2467 3201 2990 3272 irreprehensibiles
3006 3217 3196 3257 coram
3217 3202 3337 3273 ipso
3358 3203 3492 3256 Deo.
3514 3200 3673 3269 Quod

2076 3303 2179 3344 nec
2220 3288 2493 3343 subtilitas
2524 3289 2638 3357 ejus
2670 3289 2847 3359 (cujus
2888 3289 3059 3344 oculis
3105 3289 3289 3344 omnia
3335 3289 3481 3345 nuda
3524 3288 3669 3359 sunt)

2077 3376 2313 3432 inveniat
2354 3377 2412 3431 in
2458 3377 2538 3432 eis
2588 3377 2718 3448 quid
2765 3377 3152 3448 reprehendat.
3209 3378 3286 3431 Ita
3329 3386 3508 3433 tamen
3546 3378 3671 3433 dico

2077 3464 2349 3530 exhibeat,
2380 3466 2431 3520 si
2458 3480 2555 3520 vos
2582 3466 2934 3537 permanetis
2953 3466 3186 3535 fundati
3216 3470 3271 3521 et
3293 3464 3433 3520 ﬁrmi
3454 3468 3517 3521 in
3538 3466 3668 3534 ﬁde.

2076 3552 2141 3606 Et
2169 3552 2216 3606 si
2242 3553 2571 3622 permanetis
2620 3554 2850 3608 stabiles
2895 3561 3155 3624 quantum
3189 3569 3255 3608 ex
3285 3554 3440 3610 vobis
3470 3561 3571 3609 est.
3604 3555 3674 3607 Et

2078 3641 2390 3696 immobiles
2419 3639 2464 3694 si
2512 3640 2790 3694 immineat
2831 3649 3151 3711 persecutor
3194 3658 3230 3696 a
3280 3658 3394 3713 spe,
3433 3641 3489 3695 id
3525 3648 3605 3695 est
3643 3655 3674 3694 a

2078 3736 2295 3797 sperata
2328 3744 2407 3782 re.
2446 3729 2551 3799 Spe
2589 3728 2713 3783 dico
2738 3729 3050 3799 Evangelii,
3084 3728 3138 3782 id
3169 3737 3251 3784 est
3282 3745 3444 3800 quam
3481 3745 3672 3799 spera-

2078 3822 2184 3869 tam
2204 3815 2589 3871 beatitudinem
2610 3816 2871 3886 promittit
2891 3817 3251 3889 Evangelium
3275 3836 3289 3883 ;
3324 3816 3465 3889 quod
3485 3818 3673 3873 Evan-

2078 3904 2277 3973 gelium
2309 3904 2549 3960 audistis
2569 3919 2601 3958 a
2622 3905 2903 3975 discipulis
2924 3906 3153 3959 nostris.
3172 3906 3287 3961 Nec
3308 3905 3519 3960 debetis
3541 3905 3671 3961 illud

2077 3992 2351 4057 refellere,
2389 3993 2511 4063 quia
2544 3992 2623 4048 sic
2650 3992 2922 4063 accipiunt
2970 4009 3162 4048 omnes
3182 3994 3334 4062 justi.
3367 3993 3437 4047 Et
3465 3994 3569 4048 hoc
3600 3993 3675 4048 ita

2078 4080 2151 4135 ait
2175 4095 2187 4133 :
2216 4081 2366 4147 Quod
2382 4081 2739 4151 Evangelium
2747 4082 3125 4152 praedicatum
3137 4086 3222 4137 est
3235 4084 3514 4137 universa:
3524 4096 3673 4137 crea-

2082 4173 2246 4237 turae,
2278 4177 2332 4223 et
2360 4178 2645 4239 permanet
2673 4169 2751 4223 sic
2780 4169 2835 4223 in
2864 4169 3118 4225 universa
3144 4177 3419 4225 creatura.
3461 4170 3675 4224 Creatu-

2078 4273 2194 4310 ram
2225 4266 2378 4313 vocat
2402 4258 2578 4327 justos
2608 4273 2707 4328 per
2745 4257 3138 4323 excellentiam,
3176 4258 3303 4329 quia
3330 4257 3455 4312 licet
3482 4273 3675 4313 omnes

379 4354 539 4417 caput
567 4346 851 4411 Ecclesiae,
887 4346 1034 4418 quia,
1066 4347 1163 4418 qui
1196 4350 1281 4402 est
1306 4347 1655 4418 principium
1685 4345 1969 4401 Ecclesiae.
1996 4347 2048 4405 D
2079 4346 2185 4399 sint
2214 4353 2482 4400 creatura:
2530 4345 2649 4409 Dei,
2693 4345 2825 4413 justi
2875 4353 3055 4400 tamen
3101 4345 3390 4419 privilegio
3439 4346 3673 4418 quodam

380 4435 527 4490 Licet
558 4434 702 4489 enim
746 4434 899 4488 multi
948 4435 1120 4488 sancti
1166 4450 1391 4490 carnem
1436 4434 1633 4488 Christi
1665 4434 1977 4505 praecessis-

380 4533 499 4577 sent
528 4530 794 4593 tempore,
830 4538 1103 4593 nunquam
1137 4530 1319 4576 tamen
1350 4522 1709 4587 salvarentur,
1744 4522 1847 4575 nisi
1878 4537 1979 4591 per

379 4610 543 4667 ﬁdem
578 4611 823 4667 membra
874 4618 1059 4667 essent
1104 4610 1294 4681 capitis
1344 4610 1558 4665 Christi.
1594 4610 1772 4665 Potuit
1799 4611 1977 4681 itaque

379 4708 543 4771 caput
564 4716 685 4756 esse
716 4699 997 4765 Ecclesiae,
1031 4699 1158 4770 quia
1186 4699 1604 4770 primogenitus
1634 4705 1715 4752 est
1737 4715 1811 4753 ea:
1831 4714 1978 4754 mor-

381 4790 516 4843 tuis.
554 4789 766 4843 Primus
798 4789 941 4843 enim
996 4786 1237 4841 omnium
1270 4787 1507 4841 surrexit
1538 4802 1604 4841 ex
1634 4786 1878 4840 mortuis.
1910 4787 1979 4840 Et

378 4877 805 4949 primogenitus,
838 4876 966 4947 quia
1013 4875 1132 4945 ipse
1163 4875 1328 4929 habet
1357 4890 1574 4930 omnem
1604 4875 1978 4930 haereditatem

378 4966 574 5021 Patris.
608 4967 676 5019 Et
702 4964 1007 5035 quicunque
1055 4963 1184 5018 inde
1222 4962 1424 5033 aliquid
1455 4964 1647 5030 habet,
1682 4971 1897 5033 oportet
1923 4971 1979 5018 ut

379 5054 448 5108 ab
476 5052 568 5107 illo
598 5052 811 5106 habeat.
845 5051 995 5106 Sicut
1032 5050 1433 5123 primogenitus
1483 5051 1625 5106 ﬁlius
1672 5053 1833 5107 habet
1864 5068 1979 5107 om-

378 5156 505 5195 nem
532 5139 907 5193 haereditatcm
935 5140 1125 5209 patris,
1161 5147 1214 5194 et
1240 5155 1399 5194 nemo
1444 5140 1743 5211 quidquam
1772 5140 1877 5193 nisi
1910 5139 1979 5194 ab

380 5245 466 5284 eo.
496 5229 613 5285 Nec
632 5227 1023 5300 primogenitus
1053 5227 1445 5297 repudiandus,
1476 5236 1533 5282 ut
1563 5229 1708 5283 Esau
1734 5247 1749 5294 ;
1783 5229 1881 5283 sed
1911 5228 1981 5283 ita

379 5317 771 5391 primogenitus
783 5321 848 5372 ut
870 5318 985 5388 ipse
1001 5319 1079 5371 sit
1098 5320 1298 5372 tenens
1315 5318 1627 5389 primatum
1640 5318 1704 5372 in
1724 5318 1981 5373 omnibus

383 5407 668 5468 creaturis.
720 5406 978 5477 Princeps
1026 5405 1167 5461 enim
1198 5405 1519 5463 constitutus
1569 5413 1653 5464 est
1697 5405 1977 5475 omnium;

2077 4442 2342 4488 creaturae
2374 4433 2627 4488 dicuntur
2668 4432 2722 4487 in
2772 4434 2969 4503 quibus
3024 4434 3174 4503 prior
3221 4436 3505 4505 generatio
3553 4450 3677 4504 qua:

2076 4521 2176 4576 fuit
2208 4522 2263 4576 in
2294 4521 2495 4577 delicto
2526 4520 2707 4577 carnis
2750 4536 2850 4592 per
2898 4521 3223 4592 baptismum
3263 4522 3443 4592 deleta
3488 4530 3589 4586 est,
3625 4529 3679 4576 et

2076 4610 2289 4665 novitas
2320 4608 2448 4664 ﬁdei
2498 4609 2777 4681 generavit
2808 4624 2902 4666 eos
2949 4626 3121 4666 novos
3160 4610 3299 4665 ﬁlios
3339 4611 3395 4664 in
3424 4610 3666 4666 Christo.

2078 4699 2233 4754 Unde
2265 4698 2345 4753 sic
2371 4698 2442 4752 ait
2477 4716 2490 4753 :
2534 4700 2597 4753 In
2624 4699 2886 4754 universa
2910 4703 3195 4765 creatura,
3218 4698 3274 4753 id
3295 4706 3378 4754 est
3409 4700 3463 4753 in
3493 4700 3677 4754 omni-

2079 4787 2181 4840 bus
2204 4786 2365 4855 justis
2395 4786 2450 4841 in
2478 4785 2582 4841 ﬁde
2630 4786 2829 4841 Christi
2872 4802 3013 4841 nova
3043 4795 3295 4842 creatura
3326 4786 3497 4842 factis.
3533 4787 3673 4843 Uni-

2078 4891 2237 4931 versa
2266 4875 2406 4940 dico,
2440 4890 2548 4929 non
2576 4875 2739 4929 unius
2772 4875 3034 4945 regionis,
3070 4876 3167 4930 sed
3198 4891 3541 4948 quascunque
3572 4876 3676 4931 sub

2077 4965 2215 5019 caelo
2245 4967 2348 5019 est.
2384 4962 2482 5017 Vel
2513 4962 2585 5017 ita
2618 4978 2630 5016 :
2666 4963 2928 5018 Creatura
2958 4979 3078 5033 quae
3095 4964 3196 5018 sub
3213 4963 3351 5018 coelo
3373 4971 3473 5029 est,
3509 4964 3564 5018 id
3592 4972 3676 5017 est

2079 5068 2200 5122 quas
2230 5052 2409 5107 adhuc
2438 5052 2820 5122 peregrinatur
2862 5052 2915 5106 in
2946 5054 3168 5121 mundo,
3210 5060 3334 5123 post
3377 5053 3668 5120 modicum,

2078 5139 2271 5195 merito
2322 5138 2448 5195 ﬁdei
2494 5140 2867 5195 transferenda
2911 5157 3077 5211 super
3114 5140 3303 5197 caelos.
3355 5141 3424 5195 Et
3468 5140 3523 5194 in
3571 5142 3675 5196 hoc

2079 5228 2251 5283 verbo
2282 5228 2415 5284 satis
2446 5230 2794 5285 commendat
2824 5229 2985 5283 ﬁdem
3017 5229 3148 5283 illis.

2151 5317 2312 5372 Modo
2360 5318 2514 5388 ponit
2554 5318 2929 5373 auctoritatem
2974 5334 3145 5385 suam,
3195 5333 3317 5387 qum
3363 5315 3675 5372 necessaria

2082 5413 2200 5461 erat
2220 5405 2325 5462 illis
2345 5406 2414 5461 ad
2431 5404 2568 5465 conﬁ
2578 5406 2901 5463 rmationcm
2922 5405 3113 5463 dicens
3146 5420 3158 5460 :
3198 5406 3368 5476 Cujus
3390 5402 3674 5475 Evangelii
