3960 6050
315 235 414 288 381

964 228 1343 286 EXPOSITIO
1382 230 1456 287 IN
1491 229 1870 287 EPISTOLAS
1916 228 2145 286 PAULI.
2180 258 2248 271 —
2276 230 2350 285 IN
2394 227 2612 284 EPIST.
2662 188 2756 285 ᾸΙ)
2812 228 2967 286 COL.

3524 236 3629 291 382

322 372 420 426 ego
469 354 686 411 Paulus
733 353 913 423 (cujus
962 354 1267 409 auctoritati
1306 354 1576 409 contraire
1622 370 1733 409 non
1775 353 1921 423 licet)
1952 353 2156 414 Adum
2186 353 2346 424 plene
2377 361 2776 425 cognoscentes
2818 352 3136 425 mysterium
3184 354 3287 409 Dei
3338 354 3405 409 de
3456 355 3625 411 salute

322 446 514 514 factus
544 460 669 497 sum
702 458 735 496 a
766 443 901 507 Deo,
935 458 1043 497 non
1074 442 1261 513 utique
1290 443 1466 509 dator,
1495 443 1591 497 sed
1614 444 1919 509 minister;

320 534 417 606 qui
444 532 608 587 etiam
640 540 697 586 ut
728 530 1078 603 magniﬁcem
1109 532 1487 604 Evangelium,
1532 549 1688 587 nunc
1732 532 1921 604 patior

321 620 531 691 positus
559 620 613 673 in
643 620 893 685 vinculis,
918 627 971 674 et
999 620 1059 674 in
1076 621 1433 692 passionibus
1454 620 1558 674 illis
1590 620 1801 690 gaudeo
1821 636 1920 690 pro

320 709 470 765 vobis
498 707 852 763 instruendis.
908 708 963 763 Si
1012 708 1155 763 enim
1201 708 1452 763 viderent
1497 707 1721 762 Paulum
1780 706 1920 762 refu—

320 797 561 869 gientem
592 812 693 867 pro
740 795 847 851 fide
892 796 1023 867 pati,
1072 796 1441 867 vituperarent
1486 795 1649 851 ﬁdem
1689 812 1755 851 ex
1802 795 1921 866 ipso

320 886 489 941 Paulo
519 885 610 956 qui
640 884 948 940 ostenderet
975 885 1031 939 in
1063 901 1121 939 se
1151 900 1259 940 non
1298 901 1419 940 esse
1468 884 1784 955 patiendum
1822 900 1920 954 pro

322 990 404 1030 ea.
440 972 684 1040 Gaudeo,
714 973 956 1044 inquam,
993 977 1052 1028 et
1099 973 1344 1044 gaudens
1374 974 1652 1043 adimpleo
1693 989 1759 1027 ea
1787 988 1921 1043 pas-

325 1062 540 1116 sionum
568 1060 767 1116 Christi
798 1078 921 1134 qua:
950 1061 1130 1116 adhuc
1158 1060 1383 1127 desunt,
1417 1069 1469 1116 et
1500 1060 1775 1131 implenda
1792 1060 1922 1115 mihi

317 1157 545 1205 restant.
580 1149 877 1204 Passiones
907 1164 1035 1204 suas
1067 1148 1195 1204 dicit
1252 1165 1375 1204 esse
1433 1149 1651 1213 Christi,
1714 1157 1765 1203 et
1798 1148 1921 1220 quia

318 1237 566 1292 Christus
597 1236 675 1292 sic
703 1252 825 1291 eum
871 1237 980 1307 pati
1030 1236 1276 1305 instituit,
1320 1245 1372 1291 et
1416 1237 1540 1307 quia
1587 1237 1783 1307 patitur
1822 1252 1921 1306 pro

318 1326 540 1380 nomine
572 1324 793 1379 Christi.
826 1324 1140 1395 Adimplere
1170 1340 1230 1379 se
1260 1325 1408 1392 dicit,
1443 1324 1565 1396 quia
1594 1325 1661 1379 ad
1691 1333 1922 1379 mortem

318 1413 487 1482 vadit,
520 1412 576 1467 in
609 1428 714 1484 qua
744 1420 828 1467 est
856 1413 1253 1468 consummatio
1282 1412 1620 1483 passionum.
1655 1412 1753 1468 Vel
1796 1413 1871 1467 ita
1905 1426 1916 1465 :

314 1500 600 1571 Adimpleo
625 1515 692 1555 ea
718 1502 1047 1573 passionum
1081 1500 1313 1566 Christi,
1354 1516 1475 1571 quae
1506 1501 1681 1556 adhuc
1703 1500 1918 1555 desunt.

318 1588 567 1645 Christus
596 1588 797 1643 multas
826 1589 1115 1659 passiones
1163 1588 1368 1655 habuit,
1420 1588 1675 1659 patiendo
1720 1605 1921 1659 oppro-

2024 442 2263 514 gentium
2290 460 2303 507 ;
2338 442 2535 512 quibus
2567 444 2716 497 Deus
2748 441 2916 497 voluit
2948 447 3115 498 notas
3159 445 3348 513 facere
3396 441 3625 499 divitias

2021 531 2233 601 gloriaz.
2260 531 2497 586 Divitias
2527 530 2675 593 ideo,
2711 530 2835 602 quia
2866 529 3075 584 infinita
3120 538 3243 584 sunt
3289 530 3435 585 dona
3482 532 3623 599 Dei;

2025 618 2244 684 Gloriae,
2279 618 2405 689 quia
2434 618 2611 689 gloria
2629 627 2711 673 est
2731 619 2785 672 in
2807 619 3058 673 omnibus
3080 618 3212 673 illis.
3240 620 3479 675 Divitias
3500 620 3624 675 dico

2021 708 2368 762 sacramenti
2398 706 2584 777 hujus,
2619 707 2774 775 cujus
2796 707 3045 763 minister
3068 706 3237 763 factus
3258 724 3400 761 sum.
3425 708 3626 763 Sacra-

2021 797 2203 849 menti
2223 795 2343 849 dico
2374 796 2435 849 in
2481 796 2779 864 gentibus;
2828 795 2977 849 salus
3032 795 3174 849 enim
3224 795 3468 867 gentium
3512 794 3625 851 fere

2022 883 2272 937 omnibus
2302 881 2509 937 occulta
2541 890 2677 947 erat,
2713 883 2809 937 sed
2840 884 2908 937 de
2940 883 3114 937 salute
3161 884 3473 937 Judaaorum
3517 899 3627 938 non

2023 970 2220 1025 dicitur
2249 970 2583 1041 mysterium,
2640 970 2766 1041 quia
2811 970 2920 1024 illis
2967 978 3154 1041 aperte
3204 971 3447 1025 Christus
3493 988 3621 1042 pro-

2028 1059 2227 1112 missus
2258 1067 2374 1113 erat
2404 1058 2460 1112 in
2504 1058 2648 1129 lege,
2713 1074 2837 1113 cum
2893 1059 2949 1112 in
3006 1058 3261 1130 gentibus
3312 1074 3421 1113 non
3480 1068 3627 1115 esset

2024 1148 2191 1214 Deus,
2227 1147 2368 1219 quod
2399 1154 2799 1201 sacramentum
2833 1152 2914 1201 est
2947 1146 3224 1216 Christus,
3277 1147 3364 1218 qui
3394 1147 3448 1201 in
3498 1148 3623 1219 lege

2024 1234 2126 1288 sub
2155 1234 2415 1305 mysterio
2447 1233 2545 1287 fuit
2574 1234 2897 1305 promissus.
2932 1235 3189 1290 Christus
3220 1235 3341 1289 dico
3362 1251 3487 1308 spes
3500 1236 3624 1307 glo-

2025 1324 2127 1378 rice
2154 1324 2217 1376 in
2242 1322 2403 1388 vobis,
2431 1321 2485 1375 id
2516 1330 2599 1377 est
2629 1322 2683 1376 in
2714 1337 2823 1393 quo
2840 1322 2997 1377 vobis
3019 1338 3241 1393 sperare
3262 1322 3385 1377 licet
3406 1338 3625 1378 omnem

2023 1410 2259 1483 gloriam
2288 1410 2343 1464 in
2394 1410 2774 1465 remissionem
2831 1418 3203 1480 peccatorum,
3265 1419 3316 1465 et
3365 1411 3624 1480 justitiam

2022 1498 2165 1565 vitae,
2200 1506 2251 1553 et
2282 1497 2519 1552 futuram
2550 1498 2801 1568 gloriam.
2844 1499 3015 1566 Quem
3036 1498 3201 1553 talem
3233 1499 3436 1555 scilicet
3469 1515 3623 1570 spem

2024 1586 2186 1641 totius
2204 1586 2397 1658 gloriae
2419 1586 2659 1657 (futurae)
2683 1603 2783 1641 nos
2804 1589 3245 1653 annuntiamus,
3261 1587 3407 1641 omni
3426 1585 3626 1643 fiducia

319 1677 462 1746 bria,
496 1677 829 1743 vexationes,
864 1685 918 1732 et
948 1677 1183 1750 ﬂagella,
1231 1677 1300 1731 ad
1350 1675 1617 1743 ultimum,
1668 1686 1918 1734 mortem.
1951 1703 2004 1763 B
2024 1675 2401 1747 corripientes
2423 1690 2646 1729 omnem
2677 1675 2959 1729 hominem
2973 1679 3029 1729 et
3048 1676 3308 1731 docentes
3327 1674 3624 1746 corripien-

318 1765 409 1821 Sic
457 1765 655 1819 Paulus
706 1765 1018 1836 opprobria,
1074 1764 1328 1833 verbera,
1376 1764 1570 1819 multas
1609 1764 1925 1821 aﬂlictiones

317 1870 518 1925 passus
550 1862 683 1919 erat,
722 1862 774 1908 et
802 1854 869 1907 ad
899 1862 1132 1909 mortem
1161 1852 1468 1919 festinabat,
1502 1860 1560 1907 ut
1591 1853 1729 1909 sicut
1766 1854 1924 1909 Chri-

321 1951 437 1997 stus
464 1958 568 2013 pro
599 1958 683 2001 eo.
720 1942 799 1998 sic
829 1942 946 2012 ipse
976 1949 1280 1997 moreretur
1310 1957 1409 2012 pro
1440 1941 1674 1997 Christo.
1730 1943 1923 1997 Adim-

319 2031 445 2101 pleo
475 2031 762 2101 passiones
812 2030 1011 2085 Christi
1046 2049 1059 2085 :
1092 2046 1203 2085 non
1252 2030 1305 2083 in
1356 2030 1557 2085 damno
1603 2030 1697 2096 rei,
1740 2032 1921 2087 nonin

318 2119 624 2190 approbriis
654 2120 854 2184 solum,
887 2120 986 2174 sed
1030 2121 1092 2174 in
1137 2135 1308 2175 carne
1350 2134 1495 2173 mea.
1547 2119 1732 2189 Ipsam
1778 2120 1923 2175 enim

314 2223 542 2264 carnem
573 2208 805 2263 exhibeo
838 2209 907 2263 ad
940 2223 1178 2278 poenam,
1212 2215 1265 2261 et
1285 2208 1389 2262 hoc
1408 2224 1511 2279 pro
1532 2224 1758 2280 corpore
1776 2211 1919 2281 ejus,

316 2296 526 2351 scilicet
559 2296 760 2351 Christi
788 2296 1219 2366 multiplicando.
1253 2296 1376 2350 Non
1404 2311 1634 2366 corpore
1666 2298 1812 2368 quod
1835 2313 1925 2352 re-

314 2391 533 2455 ceptum
564 2392 646 2438 est
674 2400 840 2455 super
866 2384 1053 2449 caelos,
1089 2384 1187 2438 sed
1217 2399 1314 2454 pro
1364 2398 1598 2455 corpore
1648 2387 1790 2457 quod
1838 2390 1923 2441 est

314 2469 587 2523 Ecclesia.
622 2468 889 2523 Potuisset
920 2468 1124 2523 dixisse
1156 2466 1476 2537 simpliciter
1506 2485 1607 2539 pro
1630 2469 1878 2525 Ecclesia
1904 2488 1918 2536 ;

317 2556 416 2611 sed
446 2555 539 2610 ubi
561 2555 666 2611 ait:
691 2558 799 2612 Pro
820 2572 1053 2629 corpore
1086 2560 1207 2628 ejus
1226 2560 1367 2631 quod
1391 2562 1475 2614 est
1507 2559 1774 2623 Ecclesia,
1809 2558 1925 2629 plu-

316 2645 518 2698 rimum
576 2645 977 2699 commendavit
1034 2644 1217 2714 ﬁdem,
1281 2665 1403 2718 qua:
1459 2646 1589 2703 facit
1644 2646 1920 2701 hominem

312 2732 618 2787 membrum
670 2732 831 2800 hujus
887 2734 1151 2803 corporis,
1216 2735 1371 2805 cujus
1434 2742 1595 2806 caput
1650 2742 1733 2789 est
1762 2734 1920 2789 Chri-

315 2828 453 2875 stus.
492 2823 665 2892 Cujus
709 2820 905 2876 iterum
934 2821 1196 2877 Ecolesize
1225 2839 1319 2895 ego
1347 2827 1537 2895 factus
1569 2840 1695 2879 sum
1740 2824 1919 2878 mini-

317 2913 435 2964 ster
457 2909 770 2964 secundum
792 2910 1297 2981 dispensationem,
1318 2912 1445 2983 quia
1463 2912 1578 2968 scio
1599 2911 1921 2982 dispensare

319 2996 613 3069 unicuique
642 3012 739 3068 pro
769 2997 933 3053 modo
964 3013 1062 3053 suo
1087 3017 1101 3066 ;
1134 2999 1259 3055 huic
1280 3001 1557 3070 majorem,
1576 2999 1652 3054 illi
1676 2999 1914 3056 2'77

321 3086 591 3141 minorem
648 3086 901 3158 gratiam.
960 3088 1435 3158 Dispensationem
1490 3090 1614 3145 dico
1682 3089 1800 3157 Dei,
1862 3056 1988 3143 ido

324 3182 407 3229 est
437 3174 575 3245 quia
604 3174 691 3229 vel
720 3175 891 3229 Deum
940 3175 1119 3245 ipsum
1164 3176 1443 3247 dispenso,
1480 3177 1568 3233 vel
1593 3177 1721 3248 quia
1770 3178 1919 3232 Deus

315 3277 406 3316 me
437 3262 873 3331 dispensatorem
904 3263 1150 3329 instituit,
1201 3266 1501 3320 secundum
1548 3266 1919 3337 dispensatio-

315 3366 443 3405 nem
473 3367 595 3423 quw
621 3351 757 3406 data
778 3355 863 3407 est
888 3353 1030 3407 mihi
1062 3353 1124 3407 in
1156 3370 1266 3409 vos.
1320 3354 1545 3409 Videtur
1574 3356 1676 3409 hoc
1720 3370 1919 3425 super-

318 3437 509 3505 ﬂuere,
553 3454 676 3511 qua:
730 3440 867 3494 data
912 3445 996 3495 est
1046 3442 1185 3497 mihi
1226 3443 1289 3498 in
1348 3459 1457 3508 vos,
1519 3442 1647 3513 quia
1690 3442 1917 3509 dixerat,

318 3526 632 3583 secundum
659 3527 1181 3600 dispensationem;
1214 3530 1310 3584 sed
1351 3531 1676 3602 quibusdam
1727 3530 1920 3585 tradita

319 3625 403 3671 est
432 3615 784 3687 dispensatio,
821 3617 912 3688 qui
944 3624 1122 3673 tamen
1168 3620 1432 3690 praeventi
1478 3620 1758 3691 martyrio,
1810 3633 1920 3674 non

313 3705 629 3759 habuerunt
655 3713 873 3776 tempus
904 3705 1296 3776 dispensandi;
1330 3707 1427 3762 sed
1459 3707 1657 3762 Paulus
1690 3715 1741 3763 et
1798 3707 1919 3762 otii-

313 3792 461 3845 cium
490 3793 914 3863 dispensationis
961 3795 1191 3866 accepit,
1222 3803 1275 3851 et
1328 3796 1454 3851 data
1486 3804 1568 3851 est
1596 3795 1646 3851 ei
1692 3794 1919 3853 facultas

319 3879 697 3950 dispensandi.

382 3967 532 4023 Licet
560 3968 629 4021 ad
660 3968 783 4024 illos
814 3985 925 4025 non
952 3969 1131 4035 fuerit,
1183 3970 1313 4027 dicit
1357 3979 1541 4027 tamen
1587 3972 1691 4026 sibi
1738 3973 1919 4028 datam

311 4071 437 4112 esse
468 4056 929 4127 dispensationem
960 4059 1014 4112 in
1046 4075 1161 4125 eos,
1195 4060 1319 4132 quia
1351 4061 1419 4116 de
1450 4062 1759 4132 apostolatu
1803 4062 1920 4130 ejus

316 4153 464 4213 sunt,
498 4153 552 4199 et
579 4162 680 4215 per
723 4145 1023 4217 discipulos
1065 4149 1181 4217 ejus
1224 4149 1420 4204 edocti.
1476 4151 1616 4204 Data
1644 4135 1745 4205 'est
1788 4150 1920 4205 mihi

313 4233 459 4301 ideo,
491 4238 557 4288 ut
584 4235 853 4306 impleam
892 4236 1118 4291 verbum
1148 4238 1268 4303 Dei,
1303 4237 1447 4308 quod
1498 4245 1551 4292 et
1589 4238 1803 4293 locutus
1849 4238 1919 4293 ab

312 4328 541 4386 azterno,
575 4329 629 4376 et
658 4321 713 4375 in
744 4329 992 4393 tempore
1023 4324 1348 4381 vaticinatus
1376 4334 1460 4380 est
1489 4342 1589 4397 per
1619 4328 1917 4397 pr0phetas

2026 1770 2108 1817 tes
2131 1770 2407 1817 errantem
2431 1778 2463 1817 a
2484 1762 2731 1831 veritate,
2754 1762 2841 1817 vel
2863 1760 2990 1817 fidei
3012 1763 3492 1818 contradicentem.
3522 1765 3629 1818 Do-

2024 1858 2211 1907 centes
2233 1859 2286 1906 et
2307 1867 2429 1905 eum
2449 1850 2539 1921 qui
2561 1849 2697 1905 nihil
2717 1850 2837 1918 scit,
2862 1850 2947 1905 vel
2972 1851 3148 1906 adhuc
3182 1851 3496 1921 simpliciter
3528 1867 3624 1906 sa-

2023 1940 2119 2010 pit,
2145 1939 2502 2009 corripientes
2521 1946 2570 1993 et
2591 1938 2853 1994 docentes
2874 1940 2936 1993 in
2958 1940 3115 1993 omni
3134 1940 3438 2010 sapientia,
3473 1939 3524 1993 id
3544 1947 3625 1994 est

2024 2036 2129 2082 tam
2162 2028 2229 2082 de
2276 2027 2555 2098 corporeis
2584 2027 2748 2082 rebus
2798 2043 2961 2098 quam
2994 2027 3063 2081 de
3096 2027 3447 2098 spiritalibus,
3474 2028 3617 2093 ideo,

2023 2121 2092 2171 ut
2121 2116 2489 2172 exhibeamus
2527 2132 2637 2172 non
2685 2116 2933 2171 Judaeum
2981 2124 3206 2185 tantum,
3255 2116 3353 2170 sed
3399 2132 3624 2172 omnem

2027 2206 2334 2271 hominem,
2365 2220 2469 2260 nec
2498 2203 2759 2277 gentilem
2788 2204 2988 2272 minus,
3022 2204 3269 2259 Judaeum
3292 2203 3583 2274 perfectius
3607 2222 3622 2270 ;

2023 2293 2121 2348 sed
2160 2309 2379 2349 omnem
2430 2292 2707 2348 hominem
2742 2309 2897 2365 aeque
2936 2296 3260 2365 perfectum
3298 2293 3360 2347 in
3403 2293 3623 2349 Christo

2022 2383 2172 2447 Jesu,
2202 2382 2294 2453 qui
2317 2380 2464 2436 solus
2486 2382 2554 2435 ad
2574 2380 2967 2451 perfectionem
2990 2380 3205 2436 suﬂicit.
3230 2382 3296 2436 In
3319 2397 3442 2453 quo,
3467 2380 3522 2435 id
3543 2388 3625 2436 est

2020 2469 2073 2523 in
2102 2484 2209 2540 qua
2234 2485 2310 2538 re,
2336 2477 2393 2523 ut
2414 2484 2633 2524 omnem
2665 2469 2941 2525 hominem
2974 2468 3275 2540 perfectum
3312 2468 3619 2535 exhibeam,

2021 2573 2130 2612 non
2161 2557 2338 2612 solum
2369 2557 2598 2628 corripio
2620 2564 2673 2613 et
2694 2557 2887 2624 doceo,
2911 2557 3009 2612 sed
3058 2558 3233 2613 etiam
3278 2557 3463 2612 laboro
3499 2573 3620 2613 cer-

2025 2646 2217 2702 tando.
2251 2644 2486 2700 Laborat
2512 2645 2828 2714 jejunando,
2862 2644 3159 2716 vigilando,
3194 2652 3247 2699 et
3283 2661 3381 2715 per
3427 2644 3620 2713 hujus-

2020 2734 2169 2788 modi
2202 2741 2377 2789 certat
2405 2740 2590 2788 contra
2620 2741 2995 2803 persecutores
3045 2732 3383 2799 sustinendo,
3435 2740 3624 2789 contra

2019 2821 2231 2893 pseudo
2261 2820 2423 2876 fidem
2454 2819 2843 2877 confirmando.
2891 2821 3101 2876 Laboro
3144 2829 3197 2876 et
3244 2828 3393 2876 certo
3450 2836 3623 2892 agens

2022 2910 2335 2966 secundum
2358 2911 2739 2981 operationem
2759 2911 2881 2980 ejus
2897 2925 3065 2982 quam
3089 2914 3357 2980 operatur
3369 2911 3431 2964 in
3449 2924 3538 2964 me
3559 2910 3622 2964 in

2028 3000 2241 3053 virtute
2292 2997 2700 3064 miraculorum,
2748 2998 2803 3052 id
2850 3004 2951 3064 est,
2995 2997 3074 3053 sic
3111 2999 3259 3052 Deus
3297 3004 3624 3067 cooperatur

2016 3087 2150 3141 mihi
2177 3087 2232 3141 in
2277 3086 2465 3141 labore
2514 3094 2568 3141 et
2624 3086 2944 3153 certamine,
3005 3085 3141 3141 sicut
3198 3086 3253 3139 in
3309 3085 3623 3155 Operatione

2017 3174 2426 3241 miraculorum,
2459 3175 2513 3229 in
2556 3191 2664 3246 quo
2709 3176 2874 3230 etiam
2922 3173 3169 3231 infideles
3216 3174 3471 3230 virtutem
3520 3172 3621 3229 Dei

2020 3261 2349 3319 confitentur
2375 3263 2432 3317 in
2479 3279 2565 3319 me
2622 3279 2766 3319 esse.

2642 3463 2869 3518 CAPUT
2906 3463 2981 3519 II.

2100 3644 2123 3668 α
2154 3622 2290 3679 Volo
2349 3622 2494 3677 enim
2550 3636 2649 3677 vos
2704 3620 2847 3678 scire
2904 3622 3120 3693 qualem
3194 3621 3621 3678 sollicitudinem

2025 3733 2047 3762 ι
2092 3711 2326 3766 habeam
2358 3726 2456 3781 pro
2486 3710 2661 3777 vobis,
2696 3718 2749 3765 et
2774 3726 2876 3781 pro
2907 3711 2991 3764 his
3022 3710 3111 3783 qui
3161 3718 3282 3764 sunt
3330 3710 3618 3777 Laodicia,

2025 3822 2047 3848 ι
2092 3808 2144 3854 et
2173 3799 2481 3871 quicunque
2508 3814 2619 3854 non
2649 3799 2901 3854 viderunt
2932 3798 3129 3854 faciem
3157 3814 3337 3853 meam
3357 3798 3412 3852 in
3432 3812 3616 3867 carne,

2024 3911 2045 3935 α
2092 3896 2149 3942 ut
2177 3886 2527 3943 consolentur
2575 3887 2742 3942 corda
2789 3887 3050 3958 ipsorum,
3094 3886 3341 3941 instructi
3383 3887 3436 3941 in
3483 3887 3621 3942 cha-

2024 3998 2047 4027 ι
2092 3976 2265 4041 ritate,
2318 3984 2371 4030 et
2419 3992 2610 4030 omnes
2657 3975 2872 4030 divitias
2917 3975 3270 4046 plenitudinis
3316 3974 3622 4032 intellectus

2025 4085 2047 4115 ι
2092 4064 2147 4118 in
2177 4064 2453 4135 agnitione
2482 4064 2729 4135 mysterii
2759 4064 2858 4119 Dei
2911 4064 3082 4118 Patris
3130 4072 3183 4119 et
3230 4064 3429 4119 Christi
3469 4065 3617 4127 Jesu,

2025 4173 2047 4203 ‹
2090 4152 2145 4206 in
2175 4168 2283 4223 quo
2313 4160 2435 4206 sunt
2467 4168 2658 4206 omnes
2688 4153 2927 4207 thesauri
2958 4152 3234 4223 sapientiae
3281 4160 3333 4206 et
3381 4152 3622 4208 scientia:

2026 4261 2048 4290 α
2093 4240 2415 4295 absconditi.
2448 4242 2562 4295 Hoc
2590 4248 2768 4295 autem
2797 4240 2941 4307 dico,
2976 4249 3032 4294 ut
3062 4256 3223 4294 nemo
3252 4255 3349 4295 vos
3380 4239 3617 4310 decipiat

2026 4349 2048 4377 ι
2091 4327 2146 4381 in
2206 4327 2537 4382 sublimitate
2589 4344 2923 4383 sermonum.
2985 4328 3125 4382 Nam
3183 4335 3236 4381 et
3292 4326 3337 4381 si
3393 4342 3621 4398 corpore

316 4425 467 4464 suos.
516 4410 727 4480 Magum
785 4411 1137 4473 auctoritatis,
1177 4414 1317 4483 apud
1375 4416 1548 4469 Deum
1604 4414 1802 4469 Paulus
1858 4430 1917 4469 se
1948 4410 2047 4469 Du
2092 4416 2292 4471 absens
2323 4432 2444 4469 sum
2474 4416 2523 4486 (I
2543 4416 2663 4471 Cor.
2717 4432 2773 4483 v,
2820 4416 2894 4484 3),
2948 4416 3045 4470 sed
3096 4415 3286 4487 spiritu
3339 4416 3622 4473 vobiscum

314 4498 531 4563 asserit,
564 4514 689 4553 cum
738 4499 883 4553 dicat
913 4516 1013 4570 per
1058 4517 1117 4555 se
1162 4502 1423 4572 compleri
1471 4503 1617 4575 quod
1666 4510 1742 4558 tot
1793 4511 1919 4558 ante

316 4594 567 4656 tempora
595 4586 919 4657 praedictum
964 4587 1082 4655 fuit,
1118 4598 1172 4643 et
1215 4590 1390 4645 donec
1430 4591 1497 4645 ad
1548 4592 1727 4663 ipsum
1768 4592 1923 4647 inex-

310 4673 518 4744 pletum
550 4675 832 4742 remansit,
869 4675 1076 4731 scilicet
1106 4677 1460 4733 salvationem
1490 4680 1752 4750 gentium.
1788 4682 1921 4737 Ver-

310 4762 441 4815 bum
471 4762 571 4816 Dei
600 4763 742 4828 dico,
776 4763 830 4817 id
861 4772 943 4819 est
972 4768 1308 4837 mysterium
1345 4769 1489 4839 quod
1527 4770 1920 4826 absconditum

310 4852 429 4920 fuit
457 4867 491 4905 a
521 4851 792 4920 prioribus
820 4854 1063 4921 sa’culis,
1097 4857 1152 4909 et
1182 4854 1256 4908 ita
1286 4870 1315 4907 a
1348 4856 1564 4910 saeculis
1586 4857 1733 4927 quod
1756 4858 1920 4912 etiam

310 4953 341 4991 a
392 4941 874 5008 generationibus,
919 4940 973 4994 id
1023 4950 1105 4997 est
1159 4944 1306 5014 quod
1338 4944 1647 5016 quicunque
1677 4945 1729 4998 in
1752 4946 1921 5016 priori

313 5026 566 5097 genitura
596 5036 728 5093 erat,
760 5028 865 5083 hoc
904 5038 1174 5085 secretum
1216 5032 1511 5101 ignoraret.
1564 5033 1714 5089 Licet
1762 5035 1920 5105 pauci

310 5121 441 5169 tunc
472 5115 880 5187 cognovissent,
907 5125 958 5171 et
990 5118 1043 5171 hi
1070 5118 1352 5187 justiﬁcati
1384 5136 1482 5191 per
1511 5120 1676 5177 ﬁdem
1708 5124 1920 5178 venturi

311 5209 371 5255 ut
402 5202 700 5257 Abraham.
740 5203 884 5258 Olim
929 5204 1023 5259 fuit
1072 5207 1477 5275 absconditum,
1526 5211 1622 5265 sed
1670 5228 1823 5267 nunc
1865 5213 1921 5266 in

308 5289 504 5344 diebus
518 5291 729 5361 gratia),
744 5293 1181 5364 manifestatum
1202 5300 1285 5351 est
1309 5298 1527 5353 sanctis
1558 5300 1697 5368 ejus,
1717 5300 1922 5355 scilicet

307 5377 532 5443 Christi,
566 5394 668 5434 nec
698 5381 968 5449 omnibus,
1002 5382 1100 5436 sed
1147 5383 1253 5437 illis
1299 5386 1494 5455 quibus
1524 5388 1670 5441 Deus
1721 5388 1916 5443 voluit.

306 5466 379 5521 Ut
408 5466 485 5518 ibi
533 5467 800 5537 apparuit,
860 5470 1079 5540 quando
1137 5470 1389 5542 discipuli
1446 5476 1921 5544 reprehenderunt

311 5553 550 5621 Petrum,
584 5554 705 5626 quia
736 5558 1033 5630 recepisset
1081 5559 1340 5632 gentilem
1384 5561 1715 5630 Cornelium,
1776 5580 1917 5619 non-

2024 4528 2045 4552 «
2092 4521 2231 4574 sum,
2265 4505 2512 4577 gaudens
2541 4512 2594 4559 et
2622 4504 2815 4559 videns
2846 4505 3092 4559 ordinem
3131 4512 3391 4573 vestrum,
3425 4513 3478 4559 et
3520 4504 3619 4559 fir-

2026 4615 2048 4645 ι
2084 4600 2421 4648 mamentum
2451 4594 2568 4661 ejus
2598 4608 2720 4664 quae
2748 4592 2804 4647 in
2834 4592 3049 4648 Christo
3097 4601 3180 4648 est
3225 4590 3351 4647 fidei
3400 4601 3616 4649 vestrae.

2024 4704 2045 4729 α
2091 4682 2239 4737 Sicut
2268 4698 2401 4755 ergo
2431 4681 2721 4752 accepistis
2782 4682 2965 4736 Jesum
3015 4681 3285 4736 Christum
3331 4682 3621 4735 Dominum

2024 4791 2046 4820 ι
2090 4779 2354 4838 nostrum,
2388 4770 2443 4824 in
2474 4770 2594 4841 ipso
2626 4769 2921 4838 ambulate,
2954 4769 3179 4825 radicati
3211 4776 3264 4823 et
3313 4766 3621 4839 supraediti-

2025 4879 2047 4908 ι
2091 4859 2197 4914 cati
2220 4858 2273 4911 in
2298 4857 2425 4925 fide,
2450 4858 2586 4913 sicut
2606 4866 2658 4912 et
2678 4858 2960 4926 didicistis,
2990 4857 3327 4911 abundantes
3376 4856 3617 4913 2’78

2026 4969 2047 4993 «ι
2092 4947 2145 4999 in
2177 4946 2270 5000 illo
2301 4947 2356 5000 in
2384 4947 2684 5019 gratiarum
2715 4947 2945 5001 actione.
3000 4946 3189 5001 Videte
3234 4962 3303 5000 ne
3354 4944 3474 5017 quis
3521 4961 3619 5000 vos

2027 5057 2047 5084 ι
2092 5034 2326 5105 decipiat
2355 5050 2455 5105 per
2503 5034 2899 5106 phi1050phiam
2948 5042 3000 5089 et
3055 5035 3274 5089 inanem
3329 5033 3615 5099 fallaciam,

2026 5144 2048 5174 ι
2093 5122 2393 5178 secundum
2423 5123 2769 5178 traditionem
2798 5124 3097 5187 hominum,
3154 5123 3455 5179 secundum
3502 5122 3617 5177 ele-

2026 5234 2048 5263 α
2092 5219 2275 5266 menta
2304 5212 2510 5277 mundi,
2555 5220 2608 5266 et
2650 5227 2761 5265 non
2808 5212 3107 5267 secundum
3159 5212 3445 5277 Christum,
3492 5210 3621 5282 quia

2026 5322 2049 5351 ι
2093 5301 2147 5354 in
2178 5300 2298 5371 ipso
2328 5301 2589 5355 inhabitat
2617 5300 2794 5355 omnis
2823 5300 3102 5370 plenitudo
3146 5301 3439 5356 divinitatis
3486 5315 3617 5354 cor-

2025 5412 2046 5436 «
2092 5389 2369 5460 poraliter,
2403 5397 2456 5445 et
2499 5389 2631 5445 estis
2674 5389 2729 5444 in
2773 5389 2866 5444 illo
2914 5390 3124 5460 repleti,
3174 5389 3266 5461 qui
3320 5396 3401 5442 est
3456 5395 3619 5458 caput

2027 5499 2048 5526 ι
2094 5477 2271 5532 omnis
2299 5478 2639 5548 principatus
2669 5485 2723 5532 et
2751 5478 3053 5548 potestatis.
3092 5479 3150 5531 In
3184 5492 3292 5547 quo
3309 5483 3362 5530 et
3391 5476 3620 5531 circum~

2025 5586 2047 5616 «
2092 5566 2189 5621 eisi
2218 5566 2369 5634 estis,
2418 5565 2830 5622 circumcisione
2878 5582 2987 5622 non
3044 5562 3357 5621 manufacta
3415 5564 3471 5621 in
3524 5581 3617 5623 ex-
