3960 6050
335 242 437 295 383

341 472 364 501 ι
407 452 535 506 Jesu
565 453 781 519 Christi,
815 456 1117 525 consepulti
1148 457 1195 509 ei
1226 456 1279 509 in
1309 457 1597 526 baptismo,
1639 456 1694 510 in
1725 471 1832 526 quo
1880 463 1932 510 et

344 562 365 586 ι
406 542 782 595 resurrexistis
814 560 911 613 per
938 542 1098 611 fidem
1129 544 1464 613 operationis
1494 544 1612 609 Dei,
1646 545 1737 615 qui
1769 544 1935 598 susci-

341 648 363 678 ι
409 629 535 682 tavit
562 629 715 683 illum
741 646 774 684 a
801 632 1048 685 mortuis.
1088 634 1153 686 Et
1198 648 1293 687 vos
1325 649 1445 687 cum
1493 632 1691 686 mortui
1738 632 1933 686 essetis

343 736 365 766 ι
410 715 466 769 in
494 716 703 772 delictis
738 727 789 772 et
835 720 1102 789 praeputio
1151 721 1329 775 carnis
1374 728 1585 782 vestrae.
1635 719 1931 776 convilica-

352 826 374 850 ε
416 805 493 858 vit
522 820 643 860 cum
674 806 785 871 illo,
819 807 1030 861 donans
1061 808 1216 863 vobis
1249 809 1427 862 omnia
1474 809 1695 875 delicta,
1743 809 1931 862 deleas

344 912 366 941 α
411 892 555 963 quod
587 894 851 949 adversus
899 911 999 949 nos
1054 905 1167 950 erat
1222 897 1651 968 chirographum
1705 896 1927 962 decreti,

342 1000 364 1030 ι
409 982 556 1051 quod
605 990 717 1036 erat
760 983 1089 1037 contrarium
1140 984 1316 1049 nobis,
1366 992 1416 1038 et
1458 985 1637 1055 ipsum
1685 984 1799 1038 tulit
1863 986 1931 1039 de

342 1087 365 1117 α
408 1069 608 1137 medio,
642 1069 871 1142 affigens
900 1071 1032 1125 illud
1063 1072 1228 1136 cruci,
1270 1080 1322 1126 et
1370 1072 1676 1141 exspolians
1732 1073 1932 1142 princi-

344 1179 366 1202 -
409 1166 570 1228 patus
600 1167 652 1212 et
695 1167 1011 1228 potestates,
1061 1160 1297 1213 traduxit
1346 1159 1682 1215 confidenter
1727 1161 1928 1230 palam,

341 1264 363 1293 ι
408 1245 746 1315 triumphans
774 1247 897 1301 illos
927 1248 982 1301 in
1013 1248 1212 1318 seipso.
1246 1249 1418 1303 Nemo
1449 1264 1581 1320 ergo
1601 1264 1699 1303 vos
1727 1249 1933 1316 judicet

348 1354 371 1383 ι
415 1333 470 1386 in
497 1333 640 1399 cibo,
672 1342 765 1388 aut
794 1334 849 1389 in
880 1344 1028 1405 potu,
1063 1344 1152 1389 aut
1181 1337 1233 1389 in
1279 1344 1432 1406 parte
1475 1337 1581 1391 diei
1640 1336 1782 1397 festi,
1843 1346 1933 1391 aut

340 1442 361 1471 α
396 1422 715 1487 neomenize,
778 1432 868 1477 aut
924 1424 1303 1489 Sabbatorum,
1367 1442 1487 1494 qua:
1542 1432 1667 1478 sunt
1738 1425 1932 1478 umbra

338 1529 359 1558 ι
405 1508 748 1575 futurorum;
808 1527 1006 1580 corpus
1065 1521 1245 1565 autem
1302 1512 1519 1566 Christi.
1579 1513 1754 1566 Nemo
1834 1528 1931 1567 vos

340 1616 360 1639 σι
407 1593 631 1648 seducat
660 1594 850 1649 volens
882 1595 935 1648 in
967 1595 1263 1649 humilitate
1297 1604 1348 1649 et
1379 1595 1645 1667 religione
1700 1596 1930 1668 angelo-

341 1701 364 1731 ‹
406 1696 543 1746 rum,
593 1698 713 1752 quae
770 1698 877 1737 non
926 1683 1058 1736 vidit
1113 1683 1395 1737 ambulans
1451 1682 1655 1737 frustra
1713 1684 1929 1739 inﬂatus

345 1788 367 1817 ι
413 1783 573 1823 sensu
606 1770 788 1824 carnis
820 1787 950 1835 suae,
983 1779 1035 1825 et
1080 1787 1187 1825 non
1236 1780 1426 1826 tenens
1473 1781 1653 1841 caput,
1712 1789 1777 1826 ex
1828 1788 1934 1843 quo

346 1877 369 1907 ι
414 1864 582 1911 totum
612 1873 814 1928 corpus
845 1875 944 1931 per
974 1875 1144 1913 nexus
1176 1868 1226 1914 et
1272 1860 1680 1927 conjunctiones
1726 1860 1937 1915 submi-

345 1965 369 1995 ι
413 1945 698 2001 nistratum
729 1955 780 2001 et
811 1956 1199 2016 constructum,
1246 1950 1443 2003 crescit
1488 1950 1544 2002 in
1586 1958 1939 2021 augmentum

344 2054 367 2083 ι
411 2033 531 2088 Dei.
565 2033 621 2087 Si
651 2050 786 2106 ergo
819 2036 1016 2089 mortui
1043 2036 1174 2090 estis
1195 2052 1317 2090 cum
1340 2037 1551 2091 Christo
1570 2038 1637 2089 ab
1660 2038 1940 2092 elementis

348 2142 371 2170 α
414 2121 571 2189 hujus
592 2123 797 2187 mundi,
832 2122 962 2192 quid
990 2123 1165 2177 adhuc
1196 2132 1452 2195 tanquam
1474 2125 1715 2178 viventes
1737 2125 1939 2180 mundo

343 2230 365 2255 ει
411 2208 719 2263 discernitis
748 2211 776 2264 ‘P
823 2210 905 2264 Ne
965 2211 1267 2282 tetigeritis,
1328 2228 1506 2282 neque
1562 2213 1934 2282 gustaveritis,

348 2319 369 2343 ι
415 2312 594 2367 neque
666 2298 1178 2365 contractaveritis;
1239 2316 1357 2370 quae
1435 2308 1557 2353 sunt
1631 2301 1812 2354 omnia
1885 2300 1941 2354 in

346 2406 369 2435 ι
413 2383 653 2449 interitu,
690 2385 808 2455 ipso
840 2402 961 2454 usu,
997 2387 1297 2441 secundum
1323 2396 1595 2457 praecepta
1624 2396 1675 2442 et
1732 2388 1939 2443 doctri-

346 2493 367 2525 ι
412 2488 513 2526 nas
534 2473 832 2539 dominum,
866 2491 987 2545 quae
1016 2484 1139 2529 sunt
1170 2476 1434 2529 rationem
1465 2476 1684 2547 quidem
1734 2477 1941 2531 haben-

344 2582 367 2612 ι
411 2561 485 2615 tia
515 2562 814 2631 sapientiae,
873 2563 928 2615 in
986 2564 1365 2633 superstitione
1397 2572 1449 2617 et
1504 2564 1824 2630 humilitate,
1889 2573 1941 2619 et

346 2670 368 2698 ι
414 2664 524 2704 non
556 2648 626 2702 ad
654 2649 989 2719 pascendum
1018 2652 1256 2721 corpori,
1291 2666 1400 2705 non
1431 2652 1485 2706 in
1515 2653 1725 2707 honore
1758 2653 1940 2724 aliquo

343 2759 364 2786 ι
410 2737 481 2791 ad
510 2736 847 2792 saturitatem
878 2738 1079 2793 carnis.
1121 2762 1142 2785 ιι

979 2946 1267 2986 EXPOSITIO
1281 2973 1293 2986 .

412 3098 540 3153 Ideo
579 3099 761 3155 laboro
798 3106 849 3152 et
885 3107 1055 3165 certo,
1096 3098 1223 3169 quia
1277 3100 1721 3154 sollicitudinem
1771 3098 1938 3155 habeo

340 3202 443 3258 pro
464 3187 630 3252 vobis,
657 3194 709 3241 et
730 3188 869 3242 hanc
886 3188 1004 3242 volo
1020 3203 1111 3242 vos
1144 3189 1286 3241 scire
1306 3189 1549 3259 qualem,
1585 3188 1638 3241 id
1670 3195 1752 3241 est
1781 3204 1939 3258 quam

341 3274 628 3341 infinitam,
655 3274 1071 3330 sollicitudinem
1122 3275 1355 3330 habeam
1400 3293 1500 3347 pro
1544 3276 1691 3330 vobis
1733 3275 1938 3330 confir-

339 3363 577 3429 mandis,
613 3368 668 3418 et
682 3380 783 3435 pro
806 3362 891 3418 his
920 3364 1016 3434 qui
1044 3368 1183 3419 sunt
1215 3365 1516 3419 Laodiciae.
1549 3363 1701 3431 Quos
1751 3372 1941 3418 contra

346 3452 593 3506 eamdem
627 3468 741 3506 rem
772 3452 997 3506 armavit
1041 3469 1141 3521 per
1189 3452 1491 3522 Epistolam
1535 3452 1641 3505 illis
1682 3452 1931 3506 missam.

342 3539 613 3595 Sollicitus
670 3540 832 3595 etiam
892 3556 1013 3594 sum
1059 3556 1155 3610 pro
1222 3541 1306 3594 his
1387 3540 1637 3594 aﬂinibus
1722 3540 1938 3605 vestris,

344 3630 660 3700 quibunque
686 3646 801 3685 non
839 3630 1104 3685 viderunt
1134 3631 1343 3699 faciem
1388 3646 1573 3683 meam
1623 3631 1686 3683 in
1734 3645 1932 3684 carne.

345 3716 514 3771 Fama
545 3718 690 3772 enim
718 3717 967 3772 viderunt
989 3734 1096 3781 me,
1116 3717 1238 3771 ideo
1281 3716 1699 3770 sollicitudinem
1742 3716 1938 3782 habeo,

342 3810 408 3861 ut
439 3805 543 3875 ipsi
572 3807 939 3861 consolentur
967 3806 1135 3860 corda
1166 3806 1436 3875 ipsorum,
1469 3804 1521 3858 id
1553 3812 1635 3858 est
1677 3819 1794 3857 sua.
1833 3805 1943 3874 Ipsi

344 3894 467 3947 dico
489 3894 762 3948 instructi
780 3909 877 3963 per
896 3909 982 3946 me
1003 3894 1067 3946 in
1088 3893 1389 3955 charitate,
1406 3892 1459 3946 id
1476 3892 1631 3945 estin
1654 3891 1944 3947 dilectione

343 3981 462 4051 Dei,
497 3990 554 4035 ut
585 3995 857 4035 memores
887 3980 1161 4036 Christum
1191 3996 1288 4050 pro
1320 3980 1435 4035 sola
1483 3980 1771 4035 dilectione
1820 3998 1943 4051 pas-

342 4086 462 4123 sum
492 4085 615 4123 esse
644 4084 742 4139 pro
773 4068 872 4135 eis,
927 4068 1141 4124 accensi
1187 4068 1475 4123 dilectione
1523 4069 1639 4137 ejus
1685 4070 1944 4139 patiendo

341 4157 597 4212 festinent
626 4173 917 4212 occurrere
948 4156 1044 4210 illi.
1088 4157 1334 4211 Instructi
1384 4158 1507 4212 dico
1556 4158 1611 4211 in
1657 4158 1941 4225 charitate,

345 4255 397 4303 et
428 4246 675 4301 instructi
703 4246 757 4300 in
786 4245 1060 4318 agnitione
1082 4245 1325 4316 mysterii
1364 4246 1485 4313 Dei,
1520 4254 1578 4300 ut
1606 4254 1945 4317 cognoscant

343 4336 528 4406 aliqua
558 4335 819 4404 mysteria
845 4335 1104 4405 (secreta)
1138 4335 1255 4389 Dei.
1284 4333 1380 4389 Vel
1398 4335 1670 4405 quomodo
1709 4334 1943 4389 Trinitas

841 244 897 299 S.
930 243 1287 300 BRUNONIS
1344 242 1990 301 CARTHUSIANORUM
2044 242 2528 300 INSTITUTORIS
2585 244 2738 300 OPP.
2799 246 2972 301 PARS
3025 247 3098 300 II.

338 383 360 412 α
406 363 729 433 spoliatione
760 366 1001 437 corporis
1031 367 1231 435 carnis,
1277 368 1374 422 sed
1419 369 1473 422 in
1517 366 2006 426 circumcisioneA
2032 365 2361 421 altitudinem
2420 367 2747 439 cognitionis
2814 368 3029 435 divinae,

3523 250 3626 303 384

3110 367 3345 438 primum
3415 378 3627 438 oportet

2035 469 2134 507 nos
2165 455 2511 510 considerare
2552 472 2834 526 corporea,
2895 473 3016 526 quas
3073 456 3355 525 subjacent
3411 457 3623 523 oculis;

2033 542 2231 597 dehinc
2284 542 2606 613 incorporea
2636 544 2689 597 in
2746 544 2920 609 nobis,
2983 544 3036 597 id
3094 552 3176 598 est
3229 545 3457 598 animas.
3526 547 3630 599 Per

2033 630 2263 695 animas,
2298 630 2493 685 iterum
2524 632 2845 701 incorporea
2873 632 2927 685 in
2958 632 3128 696 coelis,
3180 640 3235 685 ut
3278 632 3525 703 angelos,
3577 641 3630 686 et

2033 717 2101 771 ab
2130 718 2343 791 angelis
2374 720 2791 775 conscendimus
2813 720 2883 774 ad
2900 722 3094 785 Deum,
3119 720 3483 791 intelligentes
3505 737 3630 774 eum

2034 823 2099 860 ex
2130 807 2363 876 puritate
2394 816 2773 863 creaturarum
2803 808 2977 880 magis
3008 824 3222 877 purum,
3260 808 3432 878 magis
3465 808 3631 877 spiri-

2033 894 2197 949 talem
2229 903 2281 949 et
2310 896 2935 966 incomprehensibilem.
2985 897 3047 950 In
3084 912 3187 969 quo
3235 896 3363 950 Jesu
3415 896 3632 950 Christo

2032 987 2171 1038 sunt
2192 1000 2383 1039 omnes
2412 984 2668 1039 thesauri
2698 985 2997 1056 sapientia:
3017 989 3073 1039 et
3102 986 3377 1051 scientiae,
3402 984 3455 1037 id
3474 992 3557 1038 est
3578 985 3632 1037 in

2035 1086 2142 1141 quo
2174 1072 2351 1126 omnis
2379 1073 2645 1141 sapientia
2685 1080 2737 1127 et
2787 1072 3139 1141 spiritalibus,
3191 1081 3244 1125 et
3292 1072 3516 1126 scientia
3563 1073 3633 1127 de

2032 1160 2313 1229 corporeis
2343 1160 2623 1215 recondita
2652 1170 2753 1229 est,
2789 1161 2926 1215 sicut
2944 1161 2997 1214 in
3020 1161 3279 1214 thesauro
3305 1178 3319 1225 ;
3348 1160 3465 1230 ipse
3487 1160 3632 1213 enim

2034 1255 2116 1301 est
2143 1248 2456 1303 thesaurus.
2497 1250 2575 1303 De
2621 1249 2958 1318 plenitudine
2999 1264 3189 1303 omnes
3238 1248 3356 1302 sine
3401 1248 3633 1301 diminu—

2034 1336 2179 1390 tione
2220 1336 2480 1391 ditantur.
2542 1337 2804 1391 Thesauri
2861 1336 2984 1391 dico
3046 1336 3381 1401 absconditi,
3442 1336 3498 1390 id
3554 1344 3638 1390 est

2033 1424 2220 1493 paucis
2250 1424 2473 1479 revelati
2488 1467 2500 1479 .

2104 1513 2358 1568 Dicerent
2413 1514 2489 1567 illi
2539 1532 2551 1567 :
2614 1515 2917 1569 Thesauros
2962 1513 3091 1567 istos
3150 1528 3258 1567 non
3289 1512 3541 1577 vidimus,
3578 1520 3635 1566 ut

2032 1601 2087 1654 in
2119 1610 2351 1672 utroque
2411 1602 2728 1672 sapientiam
2770 1611 2819 1657 et
2879 1602 3161 1657 scientiam
3206 1602 3522 1655 habeamus.
3554 1601 3637 1654 Ad

1961 1689 2142 1776 Bhoc
2182 1690 2380 1744 Paulus
2417 1708 2430 1743 :
2472 1692 2538 1745 Et
2591 1691 2636 1744 si
2680 1691 2732 1744 in
2773 1691 2985 1745 Christo
3029 1689 3271 1745 2'79
3306 1690 3469 1743 totius
3508 1688 3636 1743 boni

2042 1779 2356 1831 thesaurum
2390 1778 2660 1845 invenitis,
2697 1777 2887 1832 frustra
2938 1779 3118 1850 legem
3166 1776 3292 1831 ﬁdei
3339 1778 3638 1847 adjungere

2040 1866 2220 1919 vultis.
2247 1867 2306 1919 In
2324 1867 2537 1921 Christo
2560 1875 2685 1920 sunt
2706 1867 2940 1920 thesauri
2983 1865 3262 1936 sapientiae
3285 1874 3337 1919 et
3375 1865 3637 1920 scientiae.

2040 1956 2147 2009 Hoc
2168 1959 2359 2009 autem
2381 1954 2505 2009 ideo
2528 1956 2648 2009 dico
2679 1955 2732 2008 in
2761 1955 2992 2023 Christo,
3030 1955 3234 2008 scilicet
3269 1970 3461 2008 omnes
3513 1969 3636 2007 esse

2040 2044 2343 2108 thesauros,
2369 2048 2434 2098 ut
2464 2059 2627 2097 nemo
2650 2043 2899 2114 decipiat
2920 2059 3009 2098 vos
3032 2044 3088 2096 in
3114 2042 3488 2105 sublimitate,
3515 2040 3639 2111 quia

2040 2130 2115 2184 illi
2146 2131 2356 2199 pseudo
2381 2130 2670 2200 plurimum
2700 2132 2917 2184 student
2968 2131 3022 2183 in
3068 2130 3387 2183 sublimibus
3431 2128 3636 2183 verbis.

2038 2219 2397 2273 Sublimitate
2429 2218 2551 2273 dico
2581 2220 2874 2287 sermonis,
2908 2217 3035 2289 quia
3064 2219 3177 2272 hmc
3235 2217 3538 2271 sublimitas
3584 2216 3640 2268 in

2042 2322 2290 2361 sermone
2322 2314 2529 2360 tantum
2561 2314 2660 2371 est,
2716 2322 2826 2360 non
2874 2307 2927 2359 in
2970 2305 3258 2372 sententia,
3303 2306 3399 2359 sed
3450 2304 3640 2359 fideles

2040 2395 2441 2465 simplicitatem
2472 2396 2675 2449 habent
2707 2395 2760 2448 in
2791 2395 2990 2460 verbis,
3027 2394 3411 2448 sublimitatem
3438 2394 3491 2447 in
3522 2409 3643 2447 sen-

2041 2484 2240 2537 tentiis.
2278 2484 2406 2538 ldeo
2436 2484 2559 2537 dico
2595 2501 2607 2537 :
2667 2485 2836 2539 Nemo
2876 2499 2967 2538 vos
3017 2483 3085 2537 de
3132 2481 3309 2536 futuro
3354 2482 3638 2554 decipiat;

2039 2588 2164 2625 nam
2194 2572 2435 2625 nomium
2456 2571 2669 2641 decepti
2700 2572 2850 2626 estis.
2886 2572 2950 2625 Et
2979 2574 3049 2636 si,
3086 2570 3139 2624 id
3182 2579 3264 2625 est
3324 2570 3446 2625 licet
3493 2569 3640 2624 enim

2040 2661 2236 2715 absens
2257 2677 2384 2715 sum
2414 2675 2447 2714 a
2478 2660 2632 2713 vobis
2660 2675 2905 2731 corpore,
2930 2660 3042 2728 sed,
3078 2659 3128 2711 id
3152 2667 3233 2713 est
3256 2658 3640 2722 tamen,vobis-

2040 2764 2169 2803 cum
2198 2764 2323 2802 sum
2354 2764 2599 2817 praesens
2630 2749 2863 2816 spiritu.
2904 2748 3057 2802 Hanc
3086 2747 3312 2816 gratiam
3342 2746 3493 2800 mulli
3515 2762 3639 2799 san-

2040 2846 2251 2890 ctorum
2282 2836 2606 2901 habuerunt,
2640 2844 2696 2889 ut
2754 2832 3015 2889 Martinus
3066 2844 3118 2890 et
3158 2835 3434 2899 Nicolaus,
3474 2850 3640 2905 quam

2039 2924 2281 2979 creditur
2309 2924 2578 2994 praecipue
2608 2924 2864 2978 habuisse
2895 2923 3112 2989 Paulus,
3148 2931 3204 2976 ut
3242 2923 3442 2977 absens
3482 2922 3644 2976 sciret

2039 3030 2139 3082 per
2170 3013 2439 3083 spiritum,
2476 3013 2603 3084 quid
2653 3012 2915 3067 Ecclesiae
2964 3028 3078 3066 suae
3128 3010 3392 3075 facerent,
3443 3011 3529 3065 vel
3572 3010 3641 3064 ad

2042 3102 2171 3171 quid
2204 3118 2261 3155 se
2278 3102 2647 3170 disponerent.
2671 3101 2889 3172 Spiritu
2912 3101 3189 3155 vobiscum
3210 3116 3339 3153 sum
3358 3098 3631 3170 gaudens.

2043 3192 2103 3243 ln
2131 3190 2233 3244 hoc
2261 3190 2433 3243 verbo
2464 3188 2637 3242 innuit
2667 3204 2762 3243 eos
2808 3188 3049 3243 nondum
3100 3186 3312 3256 lapsos.
3382 3186 3643 3242 Caudens

2042 3279 2165 3333 dico
2187 3278 2254 3332 de
2276 3285 2454 3332 vestra
2476 3277 2829 3347 perfectione,
2871 3281 2926 3332 et
2964 3278 3159 3331 videns
3200 3276 3447 3331 ordinem
3515 3291 3639 3328 ves-

2044 3372 2217 3433 trum,
2235 3366 2289 3420 id
2306 3374 2387 3421 est
2410 3382 2569 3436 quam
2588 3380 2834 3437 congruo
2856 3365 3046 3420 ordine
3068 3365 3134 3417 ad
3158 3363 3370 3435 singula
3391 3378 3489 3417 vos
3510 3378 3641 3417 con-
3725 3362 3738 3372 '

2044 3454 2355 3525 temperetis
2380 3473 2394 3519 ;
2428 3470 2621 3524 parum
2653 3461 2734 3507 est
2764 3454 2907 3507 enim
2931 3454 3074 3506 bona
3095 3468 3279 3523 agere,
3305 3451 3351 3505 si
3374 3450 3503 3505 ﬁant
3524 3451 3641 3504 sine

2043 3544 2252 3608 ordine,
2280 3552 2336 3597 ut
2364 3543 2453 3597 ille
2496 3543 2589 3613 qui
2642 3543 2845 3610 jejunat
2901 3541 3257 3611 incomposita
3311 3548 3483 3605 veste,
3544 3555 3643 3593 seu

2042 3633 2400 3703 intemperato
2438 3648 2713 3697 sermone,
2774 3632 2828 3683 in
2883 3630 3088 3698 jejunio
3148 3644 3246 3683 suo
3301 3645 3359 3682 se
3413 3627 3638 3695 judicat.

2043 3721 2248 3776 Videns
2270 3722 2432 3775 etiam
2462 3721 2886 3787 ﬁrma-mentum
2911 3718 3041 3785 ﬁdei
3063 3721 3279 3779 vestrae,
3305 3716 3359 3770 id
3382 3723 3464 3770 est
3502 3731 3640 3770 con-

2036 3804 2309 3863 .tirmatam
2339 3803 2503 3858 fidem
2533 3812 2768 3858 vestram
2790 3819 2911 3873 quae
2940 3805 3023 3856 est
3055 3803 3117 3855 in
3152 3800 3394 3868 Christo,
3429 3815 3536 3854 non
3586 3798 3643 3851 in

2045 3894 2187 3964 lege,
2224 3902 2274 3947 et
2307 3894 2435 3962 quia
2466 3890 2769 3947 confirmati
2800 3890 2930 3944 estis
2980 3890 3032 3942 in
3081 3887 3207 3956 fide,
3252 3897 3306 3942 et
3353 3903 3457 3957 ego
3503 3902 3641 3942 con-

2046 3981 2258 4053 gaudeo
2289 3981 2463 4035 ordini
2493 3989 2693 4034 vestro.
2729 3982 2889 4049 Ergo,
2916 3980 3063 4033 sicut
3095 3978 3391 4048 accepistis
3421 3992 3526 4030 non
3557 3975 3642 4029 le-

2047 4087 2194 4140 gem,
2229 4071 2325 4124 sed
2357 4070 2655 4124 Dominum
2677 4070 2865 4124 Iesum
2900 4067 3204 4130 Christum,
3239 4068 3320 4120 sic
3359 4064 3643 4119 ambulate

2046 4174 2154 4212 non
2183 4159 2236 4211 in
2264 4158 2406 4227 lege,
2442 4158 2539 4212 sed
2568 4158 2631 4211 in
2653 4159 2791 4228 ipso.
2830 4158 3055 4209 Possent
3084 4155 3230 4209 enim
3253 4153 3523 4207 Christum
3556 4167 3646 4205 ac-

2047 4248 2276 4318 cepisse,
2303 4247 2422 4300 etin
2445 4246 2567 4316 lege
2597 4244 2892 4298 ambulare.
2934 4243 3249 4308 Ambulate,
3292 4241 3533 4296 radicati
3560 4256 3646 4294 se-

2048 4336 2285 4390 cundum
2316 4334 2545 4388 fructum
2576 4334 2680 4403 pia:
2735 4331 3088 4403 operationis,
3150 4335 3205 4385 et
3260 4327 3526 4392 aedificati,
3588 4336 3645 4381 ut

342 4425 399 4479 in
427 4423 639 4479 Unitate
668 4422 754 4488 sit,
789 4431 841 4477 et
870 4439 899 4477 e
932 4439 1219 4491 converso,
1250 4423 1336 4477 vel
1365 4422 1569 4494 aliquid
1606 4423 1935 4491 hujusmodi.
1972 4416 2023 4475 D
2048 4424 2164 4477 sitis
2192 4424 2387 4477 domus
2418 4423 2532 4476 Deo
2555 4419 3071 4475 adinhabitandum.
3098 4419 3224 4472 Hinc
3243 4418 3381 4471 bene
3410 4416 3478 4470 ad
3499 4431 3643 4486 pra:-

337 4512 394 4567 Si
451 4511 573 4583 quis
615 4510 758 4565 enim
800 4511 1115 4582 cognoverit
1154 4511 1393 4582 quolibet
1440 4511 1761 4581 mysterium
1819 4510 1939 4574 Dei,

346 4616 449 4671 pro
478 4608 624 4654 certo
655 4616 751 4669 per
778 4599 882 4653 hoc
913 4600 1354 4669 augmentabitur
1383 4599 1437 4653 in
1466 4600 1755 4654 dilectione
1802 4598 1938 4665 ejus.

346 4690 415 4744 Et
459 4688 582 4753 quia
640 4688 709 4742 ad
756 4687 1048 4742 invisibilia
1092 4689 1359 4742 humanus
1413 4704 1608 4743 sensus
1655 4695 1944 4756 penetrare

350 4777 537 4849 nequit
564 4777 669 4830 nisi
696 4793 796 4848 per
826 4776 1075 4845 visibilia,
1108 4776 1382 4847 praemittit
1420 4776 1667 4830 instructi
1706 4776 1762 4829 in
1810 4776 1943 4829 cha-

353 4866 507 4920 ritate
537 4870 592 4922 et
621 4867 684 4921 in
742 4881 951 4933 omnes,
972 4864 1026 4918 id
1085 4873 1164 4918 cst
1214 4865 1543 4919 transeundo
1601 4880 1696 4933 per
1753 4879 1943 4917 omnes

354 4955 583 5009 divitias
611 4954 991 5025 plenitudinis
1008 4954 1338 5009 intellectus
1371 4971 1389 5007 :
1414 4968 1604 5007 omnes
1624 4952 1861 5017 divitias,
1887 4958 1946 5005 ut

349 5040 417 5096 de
451 5042 698 5095 omnibus
716 5043 877 5095 rebus
899 5042 1094 5112 aliquis
1125 5042 1313 5105 sciant,
1347 5039 1474 5095 licet
1503 5055 1610 5094 non
1641 5040 1879 5108 perfecte
1929 5054 1940 5093 :

352 5130 724 5201 plenitudinis,
782 5139 841 5183 ut
898 5130 967 5184 de
1035 5129 1264 5199 singulis
1335 5128 1639 5197 plenariam
1710 5128 1947 5181 habeant

354 5218 743 5290 cognitionem.
780 5218 876 5273 Vel
906 5217 1271 5288 plenitudinis,
1306 5224 1360 5270 ut
1389 5217 1457 5271 de
1489 5216 1663 5270 tribus
1692 5216 1778 5270 vel
1809 5233 1946 5287 qua-

353 5314 478 5363 tuor
528 5307 592 5361 ad
650 5307 869 5377 plenum
925 5323 1116 5361 omnes
1171 5304 1405 5371 divitias,
1463 5312 1519 5357 ut
1574 5304 1641 5359 de
1699 5304 1950 5358 omnibus

354 5396 515 5467 plena
545 5395 612 5449 sit
641 5396 748 5450 illis
778 5394 1041 5465 cognitio.
1078 5396 1144 5447 Et
1174 5411 1269 5463 per
1297 5409 1489 5447 omnes
1528 5392 1740 5447 divitias
1780 5392 1944 5462 pleni-

362 5483 567 5538 tudinis
597 5484 898 5538 intellectus
938 5482 1185 5535 instructi
1218 5483 1278 5535 in
1309 5483 1659 5552 agnitionem
1696 5481 1952 5551 mysterii

357 5572 455 5629 Dei
483 5573 676 5628 Patris
699 5572 907 5629 Christi
942 5573 1090 5629 Iesu.
1146 5571 1214 5628 Ut
1272 5570 1414 5627 enim
1470 5569 1848 5642 perveniamus
1884 5568 1952 5624 ad

2044 4512 2205 4575 latos,
2235 4511 2287 4564 in
2335 4510 2531 4581 quibus
2590 4511 2738 4564 Deus
2796 4509 2995 4562 sedens
3040 4506 3394 4560 distribuebat
3437 4503 3644 4575 gratias

2045 4616 2169 4653 suas
2201 4598 2446 4662 subditis,
2482 4614 2581 4667 per
2612 4612 2807 4651 manus
2838 4594 3202 4665 praelatorum,
3244 4591 3492 4647 aedificati
3531 4592 3635 4644 ho-

2046 4687 2132 4741 die
2164 4695 2216 4742 et
2244 4703 2368 4741 cras
2398 4686 2854 4757 superwdiﬁcati,
2887 4692 2938 4738 et
2968 4685 3047 4739 sic
3093 4697 3307 4751 semper
3354 4681 3409 4733 in
3455 4680 3640 4733 incre-

2046 4783 2229 4831 mento
2252 4775 2378 4829 boni
2400 4774 2601 4844 operis.
2627 4774 2881 4829 Radicati
2904 4772 3026 4826 dico
3050 4779 3100 4825 et
3117 4768 3554 4841 supercediﬁcati
3575 4768 3641 4821 in

2052 4865 2186 4935 ipso,
2222 4868 2277 4918 et
2309 4864 2632 4931 conﬁrmati
2660 4862 2715 4914 in
2744 4863 2872 4929 ﬁde,
2898 4869 2953 4913 ut
2988 4860 3041 4912 in
3096 4859 3240 4912 bono
3260 4854 3645 4926 perseveretis.

2046 4955 2109 5008 In
2131 4953 2237 5020 ﬁde
2267 4952 2389 5006 dico
2420 4967 2528 5005 non
2561 4951 2693 5015 alia,
2728 4950 2823 5004 sed
2864 4951 3014 5003 sicut
3058 4962 3156 5001 vos
3186 4945 3467 5000 didicistis
3511 4944 3645 5011 (non

2048 5042 2193 5096 enim
2224 5040 2382 5094 aliam
2413 5040 2621 5107 trado).
2662 5040 2729 5092 Et
2762 5035 3143 5093 contirmatiin
3166 5034 3390 5088 actione
3436 5033 3651 5102 gratia-

2047 5148 2198 5195 rum,
2233 5145 2352 5199 quae
2382 5128 2674 5197 plurimum
2705 5125 2847 5180 valet
2889 5124 2957 5178 ad
2999 5120 3399 5192 impetrandum
3427 5120 3495 5174 de
3557 5118 3647 5173 fu-

2050 5226 2190 5273 turo.
2225 5217 2295 5271 Et
2318 5217 2523 5284 justum
2555 5223 2638 5269 est
2696 5222 2752 5267 ut
2810 5212 3135 5280 conﬁrmati
3188 5208 3396 5279 gratias
3449 5206 3643 5278 agatis,

2051 5306 2173 5378 quia
2198 5306 2308 5373 jam
2342 5304 2472 5359 estis
2503 5303 2858 5359 abundantes
2887 5300 3067 5354 multis
3100 5298 3257 5353 bonis
3286 5296 3339 5351 in
3371 5296 3462 5351 illo
3492 5294 3649 5350 Chri-

2051 5404 2134 5449 sto
2166 5393 2430 5463 acceptis.

2118 5482 2253 5537 Dico
2284 5482 2586 5537 ambulatc.
2626 5481 2691 5534 Ut
2721 5486 2902 5533 autem
2930 5476 3101 5531 libere
3140 5472 3645 5538 ambuletis,videte

2052 5587 2123 5629 ne
2140 5572 2264 5643 quis
2296 5569 2542 5642 decipiat
2574 5584 2690 5625 vos.
2746 5568 2873 5623 Hac
2918 5565 3125 5631 dicens,
3178 5563 3249 5618 ad
3305 5561 3436 5618 illud
3487 5574 3651 5632 supra
