3960 6050
322 152 428 204 385

960 147 1338 204 EXPOSITIO
1378 148 1451 203 IN
1488 145 1864 203 EPISTOLAS
1902 144 2133 201 PAULI.
2182 177 2250 186 —-
2292 147 2365 201 IN
2401 146 2617 202 EPIST.
2660 148 2754 201 AD
2795 146 2949 203 COL.

3521 146 3626 200 386

320 271 544 342 respicit
572 288 735 327 nemo
768 288 855 327 vos
888 273 1150 343 decipiat.
1185 272 1433 342 Decipiat
1453 271 1576 327 dico
1607 288 1707 343 per
1734 272 1917 343 philo—
1938 272 1992 330 A
2019 270 2155 325 cutis
2185 273 2395 325 carnis.
2422 271 2565 325 Nihil
2588 271 2731 325 enim
2754 270 2902 325 aliud
2924 269 3089 333 ﬁtibi,
3113 269 3217 323 nisi
3240 269 3382 341 quod
3405 268 3619 324 abscin-

321 362 594 432 s0phiam,
632 361 771 415 sicut
799 361 873 414 illi
906 368 1187 431 reputant,
1223 366 1280 415 et
1306 376 1465 431 quam
1488 376 1593 432 ego
1631 360 1752 414 dico
1786 361 1917 413 ina-

320 465 451 503 nem
464 450 781 518 fallaciam.
803 449 1056 517 Fallacia,
1081 450 1205 520 quia
1227 449 1374 502 nulla
1396 449 1597 503 veritas
1614 448 1707 513 ibi,
1724 448 1915 511 inanis,

321 536 375 589 id
408 536 630 590 estsine
662 537 906 591 utilitate.
943 538 1076 591 Sunt
1125 538 1269 591 enim
1318 537 1480 589 multa
1527 536 1829 604 mendacia,
1864 544 1921 588 ut

322 632 599 693 poetarum
631 642 748 695 quae
779 634 899 678 sunt
917 624 1143 678 inutilia.
1171 626 1587 695 PhilosOphiam
1609 629 1662 678 et
1688 626 1920 678 inanem

320 713 617 782 fallaciam
648 713 772 768 dico
793 755 805 779 ,
839 714 1162 767 existentem
1193 714 1504 768 secundum
1556 713 1921 767 traditionem

323 800 636 866 hominum,
670 801 725 855 id
747 809 829 856 est
858 801 1166 855 humaniter
1196 800 1545 871 sapientium,
1583 800 1790 855 scilicet
1829 817 1921 854 se-

322 888 561 942 cundum
590 889 805 959 legem;
839 905 959 960 qum
990 889 1077 943 lex
1098 898 1222 943 ante
1261 889 1536 943 Christum
1569 888 1787 958 quidem
1827 888 1923 941 fuit

326 977 541 1030 traditio
573 978 690 1032 Dei.
727 978 835 1032 Sed
866 978 958 1031 ubi
981 979 1188 1032 Veritas
1210 978 1374 1042 venit,
1410 985 1461 1031 et
1492 978 1636 1031 Deus
1659 992 1780 1031 eam
1797 994 1921 1031 ces-

322 1080 446 1119 sare
476 1064 643 1119 voluit
671 1066 780 1133 jam
813 1082 921 1120 non
953 1067 1070 1131 Dei,
1122 1067 1219 1120 sed
1267 1066 1484 1119 traditio
1525 1064 1805 1119 hominum
1836 1066 1922 1119 lex

320 1152 438 1206 fuit.
473 1154 783 1208 Secundum
830 1155 1175 1209 traditionem
1221 1154 1499 1209 hominum
1533 1158 1589 1207 et
1620 1155 1923 1223 fallaciam

321 1241 462 1305 dico,
497 1242 848 1297 exercitatam
877 1243 1189 1298 secundum
1225 1245 1526 1297 elementa.
1554 1242 1816 1295 Eamdem
1840 1242 1923 1297 le-

321 1346 448 1400 gem
480 1330 751 1385 elementa
781 1340 957 1400 vocat,
989 1332 1135 1402 quia,
1172 1332 1307 1386 sicut
1338 1330 1490 1401 pueri
1524 1346 1624 1400 per
1656 1330 1925 1385 elementa

320 1417 475 1486 prius
524 1419 829 1485 addiscunt,
874 1427 930 1472 ut
976 1420 1053 1474 sic
1095 1428 1375 1473 transeant
1429 1419 1498 1473 ad
1533 1417 1924 1487 perfectionem

319 1505 639 1572 litterarum,
673 1508 749 1561 sic
783 1507 871 1560 illa
903 1508 1103 1577 legalia
1135 1508 1407 1562 elementa
1438 1507 1582 1563 dicta
1627 1517 1769 1571 sunt,
1801 1509 1925 1580 quia

317 1594 551 1663 populus
582 1596 816 1649 carnalis
847 1596 1117 1665 impotens
1163 1613 1358 1666 capere
1392 1598 1647 1667 spiritalia
1689 1600 1925 1652 instrue-
1946 1624 1997 1682 B

318 1682 480 1736 batur
510 1700 607 1753 per
636 1684 898 1747 carnalia,
936 1693 990 1737 ut
1031 1685 1083 1737 in
1132 1685 1216 1737 his
1261 1694 1511 1739 assuetus
1563 1687 1616 1739 in
1646 1688 1790 1741 cultu
1822 1687 1919 1741 Dei

319 1772 608 1837 transiret,
641 1773 987 1842 postmodum
1035 1774 1104 1827 ad
1155 1774 1497 1828 serviendum
1530 1775 1580 1828 in
1622 1775 1920 1845 spirituali-

320 1859 440 1912 bus.
467 1860 749 1914 Elemeuta
771 1862 892 1915 dico
916 1862 1134 1919 mundi.
1162 1862 1286 1932 quia
1308 1871 1359 1916 et
1390 1873 1661 1933 praecepta
1684 1864 1921 1919 carnalia

320 1956 492 2011 erant,
524 1956 576 2001 et
607 1950 851 2003 carnales
884 1950 974 2020 qui
1026 1949 1383 2020 accipiebant.
1422 1952 1547 2006 limo
1577 1952 1921 2022 philosophia

321 2045 404 2091 est
436 2037 734 2091 secundum
787 2037 1058 2091 elementa
1096 2039 1303 2106 mundi,
1358 2044 1413 2093 et
1460 2058 1576 2095 non
1610 2040 1921 2095 secundum

326 2126 634 2193 Christum,
662 2142 823 2196 quem
858 2129 1155 2197 accepistis
1187 2131 1244 2182 et
1289 2128 1596 2183 didicistis.
1652 2130 1793 2183 Vere
1833 2128 1922 2198 qui

321 2212 501 2284 legem
534 2214 766 2278 tradunt,
819 2230 927 2268 non
960 2223 1081 2268 sunt
1129 2215 1429 2270 secundum
1462 2216 1755 2281 Christum,
1792 2218 1923 2287 quia

319 2302 381 2355 in
405 2302 522 2372 ipso
552 2302 766 2356 Christo
802 2311 883 2356 est
912 2305 1095 2358 omnis
1122 2304 1459 2375 plenitudo,-
1503 2306 1647 2375 quod
1696 2305 1771 2358 illi
1814 2321 1924 2359 non

320 2389 549 2443 credunt
580 2391 669 2461 qui
700 2399 854 2445 extra
883 2391 1175 2456 Christum,
1220 2393 1426 2447 scilicet
1455 2393 1509 2445 in
1540 2393 1662 2465 lege
1685 2393 1921 2464 aliquam

312 2477 577 2545 justitiam
632 2487 897 2549 quaerunt.
959 2481 1018 2532 In
1042 2480 1161 2549 ipso
1208 2480 1424 2535 Christo
1476 2482 1697 2536 habitat
1746 2482 1923 2535 omnis

319 2565 600 2635 plenitudo
630 2568 972 2623 divinitatis.
1009 2570 1233 2623 Habitat
1265 2569 1401 2623 bene
1431 2568 1522 2623 ait.
1572 2569 1711 2637 Quia
1729 2570 1808 2625 sic
1840 2577 1923 2623 est

319 2654 571 2707 divinitas
610 2654 664 2708 in
715 2656 930 2711 Christo
975 2665 1033 2709 ut
1078 2656 1131 2709 in
1185 2666 1449 2711 aeternum
1500 2666 1819 2727 permaneat
1866 2658 1921 2712 in

314 2742 428 2796 illo.
464 2745 764 2798 Plenitudo
786 2745 1128 2811 divinitatis,
1153 2745 1207 2798 id
1225 2752 1305 2799 est
1334 2745 1577 2815 plenaria
1609 2754 1658 2799 et
1680 2746 1922 2816 perfecta

317 2830 588 2895 divinitas,
627 2849 747 2902 quae
778 2833 1088 2887 nullatenus
1128 2841 1209 2887 est
1252 2833 1584 2903 imperfecta.
1623 2835 1816 2889 Omnis
1857 2835 1912 2888 in

320 2918 549 2983 Christo,
588 2920 709 2989 quia
739 2936 929 2974 omnes
961 2921 1147 2990 gratia;
1198 2938 1530 2992 qumcunque
1575 2922 1629 2975 in
1670 2922 1922 2977 omnibus

319 3004 554 3070 fuerunt,
588 3007 643 3059 in
674 3008 883 3063 Christo
916 3017 1058 3078 sunt,
1094 3017 1145 3063 et
1177 3010 1539 3064 abundantior
1580 3011 1755 3065 adhuc
1786 3027 1921 3081 gra-

318 3094 411 3157 tia,
447 3094 574 3165 quia
603 3096 655 3148 in
683 3112 748 3150 eo
770 3097 966 3151 dicitur
996 3099 1289 3151 humanata
1317 3098 1594 3163 divinitas,
1630 3100 1774 3170 quia,
1809 3099 1921 3154 sic-

318 3189 375 3234 ut
404 3182 579 3236 anima
612 3183 787 3237 unitur
816 3186 1051 3254 corpori,
1085 3185 1163 3240 sic
1210 3185 1324 3256 ipsa
1355 3186 1606 3239 divinitas
1656 3203 1921 3256 persona-

316 3268 442 3324 liter
472 3272 621 3325 unita
651 3281 731 3327 est
762 3272 967 3327 homini
1012 3274 1112 3329 illi.
1148 3274 1409 3328 Divinitas
1461 3275 1695 3329 diversis
1744 3276 1920 3330 modis

318 3366 402 3411 est
432 3359 652 3430 ubique.
690 3362 786 3414 Est
818 3361 964 3415 enim
997 3361 1239 3416 280
1272 3363 1324 3415 in
1356 3362 1503 3417 omni
1542 3371 1810 3432 creatura,
1842 3381 1921 3419 se-

316 3447 551 3501 cundum
584 3449 728 3520 quod
756 3449 873 3520 {nec
922 3466 1045 3504 esse
1093 3451 1254 3505 habet
1295 3449 1412 3504 sine
1470 3450 1777 3517 divinitate,
1817 3468 1921 3507 nec

320 3551 660 3604 permanere.
694 3539 807 3593 Hoc
837 3546 889 3592 et
938 3538 1042 3592 alio
1074 3539 1236 3593 modo
1267 3546 1349 3593 est
1386 3538 1441 3591 in
1492 3539 1714 3603 sanctis,
1768 3540 1915 3611 quia,

316 3640 417 3692 per
446 3624 706 3694 gratiam;
741 3634 789 3680 et
820 3628 925 3682 hoc
953 3634 1181 3697 utroque
1229 3626 1393 3681 modo
1444 3626 1541 3680 fuit
1588 3627 1643 3679 in
1679 3628 1915 3697 Christo,

317 3719 370 3765 et
417 3713 594 3767 adhuc
633 3714 1011 3781 abundantius,
1064 3715 1190 3786 quia
1237 3715 1399 3784 (sicut
1448 3714 1652 3770 dictum
1701 3717 1803 3785 est)
1849 3716 1917 3770 ad

318 3815 479 3869 quem
521 3802 741 3856 modum
772 3804 948 3856 anima
998 3803 1051 3856 in
1092 3820 1250 3858 carne
1295 3803 1530 3857 hominis
1570 3805 1914 3873 humanatur,

317 3888 397 3943 sic
427 3888 675 3943 divinitas
706 3892 999 3945 humanata
1029 3900 1109 3945 est
1138 3892 1192 3945 in
1233 3892 1464 3947 Christo.
1514 3892 1797 3947 Plenitudo
1828 3893 1916 3947 di-

316 3976 556 4031 vinitatis
588 3979 789 4033 habitat
816 3981 870 4033 in
902 3981 1116 4035 Christo
1147 3982 1539 4052 corporaliter,
1588 3981 1643 4034 id
1686 3988 1769 4035 est
1809 3980 1915 4034 im-

316 4064 537 4135 pletive,
572 4084 681 4122 non
703 4069 845 4139 quod
874 4069 1124 4124 divinitas
1159 4068 1299 4123 facta
1321 4068 1387 4121 sit
1418 4084 1633 4138 COrpus,
1670 4069 1767 4123 sed
1789 4069 1916 4140 quia

316 4154 527 4209 umbrae
554 4166 967 4226 praecesserant,
1001 4165 1053 4211 et
1094 4158 1149 4211 in
1180 4157 1396 4211 Christo
1438 4157 1642 4212 veritas
1686 4160 1914 4211 umbra-

316 4258 437 4295 rum
469 4243 584 4309 fuit,
628 4246 774 4315 quia,
824 4245 1065 4316 impletio
1095 4245 1335 4301 omnium
1363 4262 1483 4316 qua:
1530 4244 1789 4316 praedicta
1828 4244 1913 4301 vel

318 4329 668 4403 przefigurata
700 4342 880 4389 erant.

389 4419 621 4475 Probant
648 4423 840 4477 iterum
871 4422 1041 4477 idem.
1099 4423 1239 4478 Vere
1268 4421 1544 4476 tradentes
1590 4421 1767 4494 legem
1798 4436 1915 4477 non

317 4515 442 4560 sunt
487 4511 799 4566 secundum
851 4512 1158 4567 Christum.
1221 4511 1356 4565 Nam
1409 4524 1507 4563 vos
1544 4512 1677 4564 estis
1713 4511 1917 4582 repleti

313 4596 565 4651 omnibus
595 4598 749 4653 bonis
770 4601 831 4653 in
854 4602 973 4667 illo,
1010 4600 1063 4653 id
1094 4607 1174 4653 est
1206 4615 1305 4669 per
1333 4598 1627 4663 Christum,
1650 4598 1796 4669 quod
1825 4598 1914 4651 di-

314 4690 441 4736 cunt
470 4701 578 4739 non
608 4703 768 4756 posse
798 4687 915 4742 fieri
947 4688 1063 4741 sine
1093 4688 1235 4759 lege.
1273 4686 1376 4753 Qui
1408 4686 1653 4740 Christus
1706 4690 1791 4741 est
1822 4703 1915 4741 ca-

310 4775 437 4841 put,
470 4772 522 4826 id
555 4784 635 4829 est
662 4776 985 4847 principium
1007 4783 1058 4830 et
1090 4776 1334 4847 regimen
1353 4775 1535 4830 omnis
1555 4776 1915 4846 principatus

316 4871 374 4921 et
395 4866 718 4936 potestatis.
759 4866 859 4919 Per
886 4866 985 4918 hos
1016 4864 1153 4919 duos
1176 4863 1411 4933 reliquos
1433 4862 1651 4917 ordines
1671 4862 1913 4932 accipia-

314 4970 458 5008 mus.
492 4954 553 5007 In
592 4953 674 5006 his
707 4953 884 5007 verbis
933 4952 1168 5007 ostendit
1216 4968 1378 5021 posse
1421 4950 1693 5004 Christum
1732 4951 1915 5005 omnia

316 5042 547 5111 replere,
573 5042 713 5113 quia,
737 5042 782 5095 si
804 5042 1051 5113 angelos,
1086 5040 1230 5094 haud
1261 5040 1329 5094 de
1360 5039 1668 5092 hominibus
1691 5039 1913 5093 dubium

317 5139 419 5185 est.
472 5130 595 5185 Vult
643 5131 920 5185 veritatem
966 5129 1206 5184 omnium
1256 5144 1376 5199 quae
1428 5129 1512 5181 lex
1557 5127 1801 5197 praecipit
1860 5127 1915 5181 in

319 5218 532 5273 Christo
563 5219 867 5285 ostendere,
910 5218 1097 5273 dicens
1130 5235 1143 5271 :
1176 5218 1237 5271 In
1267 5234 1372 5289 quo
1418 5214 1632 5269 Christo
1674 5232 1782 5270 non
1833 5231 1914 5270 so-

318 5309 434 5361 lum
466 5306 671 5377 repleti,
706 5307 801 5361 sed
832 5308 1001 5363 etiam
1042 5307 1367 5362 circumcisi
1415 5304 1571 5371 estis,
1622 5306 1914 5359 circumci-

317 5396 476 5452 sione
495 5412 610 5450 non
630 5412 806 5451 manu
823 5398 999 5467 facta,
1024 5395 1159 5452 sicut
1180 5395 1236 5449 in
1252 5394 1396 5465 lege,
1417 5393 1479 5447 in
1500 5394 1913 5463 exspoliatione

1947 2976 1994 3036 Ο

2021 358 2161 412 ditur
2190 359 2424 413 cuticula
2455 359 2650 421 carnis,
2685 360 2779 414 sed
2801 358 2929 413 estis
2962 358 3268 413 circumcisi
3286 360 3345 412 in
3377 360 3626 413 circum-

2020 449 2231 502 cisione
2267 447 2629 518 Christi,'qua
2660 463 2755 501 vos
2788 447 3036 501 Christus
3064 445 3389 517 purificavit.
3425 446 3524 500 Vel
3555 445 3631 499 ita

2022 543 2406 589 construamus
2445 551 2455 587 :
2497 536 2829 590 Circumcisi
2860 538 2997 590 estis
3047 536 3478 590 circumcisione
3517 550 3633 588 non

2021 627 2380 693 manu/acta.
2420 623 2865 679 Circumcisione
2900 624 3022 679 dico
3052 627 3210 695 facta
3249 624 3313 677 in
3344 623 3633 694 exspolia-

2026 715 2175 766 tione
2205 714 2493 784 corporis;
2513 712 2659 783 quod
2682 728 2885 782 corpus
2912 720 3027 766 erat
3058 714 3270 775 carnis,
3297 711 3349 764 id
3374 719 3455 765 est
3471 726 3635 780 supe-

2024 801 2242 854 rabatur
2262 817 2289 853 a
2305 800 2669 854 sensualitate.
2696 801 2932 855 Exuistis
2954 801 3093 855 enim
3119 817 3317 870 corpus
3331 799 3633 855 secundum

2024 889 2416 953 carnalitatem,
2451 897 2507 941 ut
2531 889 2645 956 jam
2698 889 2913 943 obediat
2935 888 3166 959 spiritui,
3201 889 3632 944 circumcisione

2024 994 2137 1032 non
2170 980 2527 1047 manu/acta,
2574 978 2667 1030 sed
2700 978 2753 1030 in
2790 978 3203 1032 circumcisione
3250 977 3481 1042 Christi,
3527 990 3637 1046 qua

2025 1064 2276 1118 Christus
2314 1065 2497 1119 omnia
2519 1065 2814 1135 superﬂua,
2850 1074 2903 1119 et
2933 1065 3298 1135 dependentia
3326 1065 3455 1119 vitia
3477 1081 3509 1118 a
3539 1079 3635 1119 vo-

2026 1153 2108 1206 bis
2133 1154 2471 1223 amputavit;
2514 1154 2568 1206 in
2600 1155 2703 1208 hac
2736 1155 3065 1209 circumcisi
3094 1163 3145 1208 et
3177 1152 3447 1224 purificati
3476 1154 3632 1208 estis.

2026 1242 2412 1311 Exspoliamur
2466 1257 2696 1312 corpore
2750 1242 2929 1297 carnis
2980 1242 3034 1295 in
3076 1242 3376 1312 baptismo,
3432 1242 3485 1294 in
3528 1255 3635 1311 quo

2026 1339 2256 1400 peccata
2303 1332 2666 1400 deponuntur,
2706 1338 2759 1384 et
2793 1330 3021 1385 liberum
3066 1330 3345 1384 arbitrium
3394 1328 3631 1384 hominis

2027 1428 2252 1489 accepta
2290 1419 2495 1487 justitia
2545 1418 2900 1483 confortatur,
2946 1427 3000 1472 ut
3025 1420 3156 1487 jam,
3199 1419 3243 1472 si
3292 1419 3438 1483 velit,
3489 1418 3630 1472 bene

2026 1523 2191 1579 agere
2217 1509 2405 1578 possit.
2441 1509 2563 1562 Non
2592 1508 2767 1562 solum
2810 1524 2998 1561 sumus
3050 1507 3356 1563 circumcisi
3407 1506 3630 1577 deposi-

2028 1597 2171 1650 tione
2201 1605 2566 1666 peccatorum,
2610 1598 2706 1650 sed
2739 1596 2901 1651 etiam
2947 1597 3264 1668 consepulti
3318 1596 3535 1650 Christo
3566 1596 3629 1649 in

2028 1688 2320 1756 baptismo,
2357 1686 2447 1739 ubi
2479 1685 2898 1739 confortandum
2929 1694 3010 1739 est
3046 1685 3326 1739 arbitrium
3364 1692 3626 1738 nostrum.

2026 1775 2351 1845 Consepulti
2382 1774 2583 1845 itaque,
2610 1774 2734 1844 quia
2787 1774 3029 1827 Christus
3073 1773 3318 1843 sepultus
3366 1773 3433 1826 ad
3471 1780 3626 1827 actus

2022 1864 2218 1917 veteris
2251 1863 2483 1917 hominis
2522 1864 2659 1917 ultra
2688 1879 2795 1917 non
2828 1863 3024 1927 rediit;
3060 1863 3137 1917 sic
3166 1878 3287 1927 nos,
3322 1862 3366 1915 si
3398 1861 3627 1916 velimus

2022 1952 2097 2005 uti
2126 1951 2349 2017 ratione,
2405 1952 2692 2006 confortati
2738 1952 2792 2004 in
2837 1951 3107 2021 baptismo
3148 1967 3255 2006 non
3288 1958 3629 2006 revertemur

2022 2042 2163 2093 ultra
2220 2040 2288 2093 ad
2345 2048 2521 2095 actum
2573 2039 2853 2093 vetustatis
2906 2039 3135 2109 peccati.
3197 2040 3261 2093 In
3304 2055 3408 2111 quo
3447 2040 3626 2093 etiam

2024 2128 2239 2182 Christo
2286 2131 2712 2196 resurrexistis,
2776 2136 3029 2198 quantum
3077 2128 3144 2181 ad
3186 2126 3625 2196 justiticationem

2023 2216 2235 2271 animm.
2261 2218 2673 2272 Resurrea‘istis
2695 2216 2817 2271 dico
2835 2233 2936 2287 per
2953 2216 3121 2285 ﬁdem
3143 2217 3485 2287 operationis
3505 2217 3624 2282 Dei,

2022 2304 2077 2359 id
2109 2312 2189 2359 est
2212 2322 2373 2376 quam
2404 2304 2567 2359 fidem
2599 2306 2744 2359 Deus
2773 2313 3028 2374 operatur
3059 2304 3111 2357 in
3130 2304 3322 2365 ,vobis.
3362 2305 3629 2359 Resurre-

2024 2394 2129 2448 ctio
2193 2394 2391 2447 Christi
2446 2394 2716 2464 duplicem
2758 2393 3217 2447 resurrectionem
3264 2400 3519 2462 operatur
3568 2392 3625 2447 in

2024 2482 2183 2536 nobis
2208 2501 2219 2534 :
2246 2482 2475 2552 primam
2513 2499 2671 2553 quam
2697 2483 2811 2550 jam
2841 2482 3021 2551 adepti
3063 2498 3267 2548 sumus,
3321 2481 3623 2536 secundum

2025 2572 2298 2636 animam;
2333 2571 2557 2625 alteram
2592 2586 2756 2642 quam
2787 2578 3166 2641 exspectamus
3198 2570 3253 2623 in
3300 2569 3625 2624 immortali-

2025 2668 2132 2713 tate
2163 2659 2406 2729 corporis
2456 2668 2725 2730 reparata.
2761 2661 2827 2713 Et
2857 2659 3002 2730 quod
3053 2658 3283 2713 futuram
3334 2673 3625 2728 corporum

2025 2744 2485 2799 resurrectionem
2514 2744 2745 2797 habituri
2778 2743 2975 2809 simus,
3024 2743 3219 2812 probat
3248 2759 3348 2813 per
3376 2758 3622 2796 resurre-

2025 2831 2257 2886 ctionem
2289 2832 2505 2899 Christi,
2541 2848 2662 2903 qum
2706 2839 2759 2886 et
2788 2847 2947 2886 causa
2994 2839 3075 2885 est
3117 2838 3170 2885 et
3213 2830 3385 2901 figura
3421 2838 3622 2885 nostrae

2025 2921 2462 2989 resurrectionis,
2526 2920 2715 2975 dicens
2764 2937 2776 2973 :
2832 2920 2979 2974 Sicut
3025 2920 3404 2974 resurrexistis
3448 2919 3625 2990 prima

2023 3010 2422 3064 resurrectione
2453 3008 2664 3075 animas,
2698 3007 2777 3063 sic
2810 3008 2969 3062 etiam
2990 3023 3088 3063 vos
3118 3006 3519 3062 conviviﬁcabit
3565 3006 3621 3061 in

2022 3097 2423 3152 immortalitate
2477 3113 2788 3168 corporum.
2839 3097 2945 3151 Sed
2998 3096 3155 3164 hujus
3207 3095 3287 3149 rei
3340 3095 3623 3166 probatio-

2022 3202 2147 3239 nem
2187 3186 2478 3256 przemittit,
2520 3186 2708 3241 dicens
2753 3200 2764 3238 :
2800 3184 2905 3253 Qui
2948 3186 3093 3240 Deus
3136 3184 3273 3239 sicut
3320 3185 3622 3239 suscitavit

2023 3274 2293 3327 Christum
2316 3291 2349 3327 a
2378 3276 2637 3339 mortuis,
2674 3273 2745 3327 ita
2768 3278 2822 3329 et
2854 3291 2961 3339 vos,
2997 3291 3147 3338 cum,
3171 3273 3226 3327 id
3245 3281 3325 3327 est
3348 3271 3617 3344 quamvis,

2022 3362 2219 3416 essetis
2248 3364 2483 3427 mortui,
2531 3361 2600 3414 ita
2644 3369 2700 3415 ut
2750 3361 2957 3415 viribus
3002 3364 3198 3417 vestris
3247 3362 3317 3415 ad
3358 3360 3618 3429 justitiam

2021 3450 2167 3503 nullo
2200 3450 2362 3503 modo
2393 3448 2665 3519 respirare
2696 3450 2951 3519 possetis.
2990 3450 3189 3505 Illortui
3224 3449 3348 3504 dico
3378 3450 3441 3503 in
3471 3450 3617 3504 deli-

2021 3540 2148 3605 ctis,
2183 3538 2235 3591 id
2267 3537 2345 3591 esi
2381 3538 2435 3590 in
2466 3537 2913 3607 praevaricatione
2962 3537 3222 3591 naturalis
3264 3537 3422 3607 legis.
3463 3537 3619 3591 Deli-

2021 3635 2165 3682 ctum
2196 3626 2339 3681 enim
2371 3626 2584 3693 dicitur,
2620 3626 2837 3697 quando
2858 3625 3001 3696 quod
3020 3625 3269 3693 debetur,
3304 3624 3617 3696 negligitur.

2020 3715 2211 3769 Mortui
2242 3715 2404 3770 etiam
2436 3716 2498 3769 in
2528 3715 2807 3787 praeputio
2836 3715 3028 3769 carnis
3072 3719 3290 3782 vestrae,
3342 3713 3398 3767 id
3437 3720 3519 3768 est
3560 3713 3616 3767 in

2019 3803 2276 3875 originali
2307 3811 2550 3874 peccato,
2586 3803 2730 3871 quod
2760 3818 3003 3874 congrue
3034 3819 3134 3872 per
3176 3801 3496 3872 praeputium
3545 3801 3620 3855 si-

2019 3891 2257 3963 gniﬁcat,
2292 3892 2346 3945 in
2376 3908 2483 3963 quo
2532 3892 2691 3946 sedes
2723 3899 2805 3946 est
2845 3890 3236 3963 generationis.
3271 3892 3386 3946 lloc
3432 3897 3614 3944 autem

2018 3980 2287 4052 originale
2320 3980 2703 4046 contrahimus,
2738 3980 2859 4051 quia
2881 3980 2934 4033 id
2955 3979 3392 4050 concupiscentia
3420 3994 3618 4049 paren-

2018 4076 2129 4123 tum
2162 4069 2331 4139 geniti
2362 4086 2566 4123 sumus.

2091 4158 2235 4212 Licet
2256 4158 2325 4211 ita
2348 4158 2541 4212 essetis
2557 4157 2772 4223 mortui,
2798 4165 2980 4211 tamen
3000 4157 3432 4225 convivi/icavit.
3459 4155 3619 4224 Quod

2018 4245 2250 4299 futurum
2282 4254 2380 4311 est,
2413 4263 2513 4316 per
2542 4246 2867 4316 praeteritum
2898 4245 3045 4311 dicit,
3076 4244 3369 4300 ostendens
3400 4260 3459 4298 se
3482 4244 3619 4299 adeo

1944 4328 1995 4386 D
2018 4344 2227 4390 certum
2248 4335 2316 4389 de
2346 4336 2450 4389 hoc
2472 4334 2652 4389 futuro
2674 4334 2812 4389 sicut
2842 4334 2910 4388 de
2932 4334 3227 4403 prmterito.
3256 4334 3620 4402 Conviviﬁca-

2023 4425 2099 4477 vit
2124 4424 2406 4494 ponendos
2424 4440 2552 4479 cum
2573 4424 2673 4479 illo
2697 4423 2750 4476 in
2775 4423 2968 4477 eadem
2989 4422 3253 4494 dignitate
3273 4421 3408 4487 loci;
3432 4428 3618 4492 posset

2020 4512 2163 4567 enim
2220 4511 2427 4567 reddita
2486 4511 2895 4566 immortalitate
2939 4509 3337 4577 conviviﬁcare,
3387 4518 3439 4566 et
3487 4508 3619 4564 alibi

2020 4617 2180 4672 quam
2204 4616 2324 4655 cum
2356 4599 2571 4655 Christo
2603 4616 2827 4670 ponere.
2888 4600 3327 4667 Conviviﬁcavit,
3369 4599 3615 4670 inquam,

2019 4690 2237 4745 donans
2268 4690 2414 4745 vobis
2448 4689 2703 4761 gentibus
2732 4690 2925 4745 omnia
2975 4688 3201 4753 delicta,
3252 4696 3306 4742 et
3333 4687 3614 4757 originalia

2017 4786 2069 4832 et
2098 4778 2349 4833 actualia.
2373 4779 2439 4831 Et
2462 4778 2538 4833 sic
2554 4794 2651 4832 vos
2673 4778 2741 4832 ab
2763 4775 3015 4848 originali
3037 4792 3135 4845 per
3152 4775 3314 4830 fidem
3335 4775 3612 4842 liberavit;

2017 4867 2153 4921 sicut
2186 4866 2348 4921 etiam
2395 4882 2495 4921 nos
2533 4866 2771 4931 Iudaeos,
2824 4864 2915 4936 qui
2962 4864 3095 4918 falso
3144 4864 3467 4934 putabamur
3513 4879 3615 4935 per

2016 4955 2484 5010 circumcisionem
2515 4954 2639 5009 inde
2670 4954 2905 5008 liberari.
2959 4952 3117 5021 Quod
3160 4952 3231 5005 ita
3266 4953 3374 5009 ait:
3407 4954 3613 5008 Delens

2017 5038 2265 5093 similiter
2292 5038 2725 5110 chirographum
2756 5039 2990 5101 decreti,
3024 5037 3077 5089 id
3108 5045 3191 5091 est
3220 5036 3379 5109 legis,
3411 5036 3467 5091 in
3503 5053 3609 5109 qua

2018 5130 2163 5183 Deus
2191 5128 2321 5199 quid
2352 5128 2514 5182 vellet
2545 5125 2663 5180 fieri
2700 5126 2932 5182 281
2964 5126 3301 5181 decreverat.
3328 5125 3478 5192 Quod
3498 5126 3615 5181 chi-

2016 5218 2353 5289 rographum
2384 5220 2507 5272 erat
2545 5216 2843 5271 aduersum
2887 5231 2989 5270 nos
3029 5214 3266 5269 Judzeos.
3311 5214 3611 5286 Chirogra-

2014 5307 2179 5376 phum
2219 5305 2414 5360 dicitur
2448 5304 2857 5375 manuscriptio,
2888 5303 3034 5374 quod
3063 5303 3118 5356 in
3150 5303 3257 5357 duo
3286 5301 3519 5371 partitur
3547 5310 3607 5356 ut

2014 5394 2265 5466 utrinque
2294 5393 2552 5450 memoria
2582 5393 2738 5449 facta:
2784 5392 2864 5447 rei
2908 5400 3174 5447 teneatur.
3206 5390 3395 5462 ,Hujus
3425 5397 3607 5445 autem
