3960 6050
358 178 462 231 387

909 177 966 231 S.
1007 172 1362 231 BRUNONIS
1399 169 2049 235 CARTHUSIANORUM
2088 170 2573 235 INSTITUTORIS
2613 179 2765 236 OPP.
2808 182 2985 238 PARS
3023 181 3092 237 II.

3559 188 3664 241 388

353 299 707 371 chirographi
734 308 942 371 partem
988 300 1227 355 habebat
1268 300 1538 367 diabolus,
1573 316 1682 371 qua
1726 299 1945 354 Iudaeos
1966 303 2020 369 Α
2050 318 2212 373 quam
2243 303 2521 359 celebrare
2569 305 2786 377 signum
2827 315 2945 362 erat
2991 306 3357 362 innovationis
3396 309 3643 378 corporis

352 389 642 444 accusabat
662 389 805 460 apud
820 391 994 443 Deum
1008 390 1075 444 de
1096 389 1532 459 transgressione
1548 389 1687 460 legis
1703 407 1716 455 ;
1734 388 1953 443 alteram

355 485 565 547 partem
594 478 827 531 habebat
854 478 1093 543 Judzeus,
1130 493 1292 548 quem
1335 476 1583 531 similiter
1613 476 1827 547 propria
1856 491 1952 532 ac-

356 565 581 620 cusabat
607 566 953 621 conscientia.
982 566 1135 620 Unde
1168 565 1245 621 sic
1274 565 1346 619 ait
1370 582 1383 619 :
1412 565 1874 636 Chirographum,
1900 564 1953 618 id

354 660 437 708 est
454 655 775 709 memoriam
795 654 1024 724 peccati,
1047 654 1189 725 quod
1209 654 1278 708 de
1303 653 1539 721 decreto,
1565 653 1618 707 id
1640 661 1720 707 est
1742 654 1809 707 de
1830 653 1953 723 lege

352 742 625 809 veniebat,
659 750 711 798 et
738 743 1126 798 adversabatur
1174 742 1350 808 nobis,
1400 741 1533 795 illud
1562 741 1799 808 delevit;
1851 757 1951 796 nec

355 829 532 886 solum
559 831 1005 903 chirographum,
1042 829 1140 885 sed
1170 829 1329 883 etiam
1363 830 1540 899 ipsum
1570 829 1872 897 decretum,
1896 828 1950 883 id

354 926 439 973 est
462 918 635 989 ipsam
658 919 857 991 legem,
883 935 1003 989 qum
1032 926 1145 973 erat
1174 918 1449 973 contraria
1491 917 1669 984 nobis,
1724 917 1851 988 quia
1899 924 1952 971 et

350 1007 530 1079 magis
558 1022 657 1062 nos
697 1006 1065 1061 instimulabat
1106 1006 1375 1072 diabolus,
1419 1014 1469 1060 et
1510 1004 1703 1073 majori
1751 1005 1951 1060 ardore

350 1094 408 1149 in
460 1095 680 1150 vetitum
737 1094 1125 1157 tendebamus,
1180 1102 1232 1148 et
1289 1100 1576 1164 peccatum
1614 1093 1947 1162 praevarica-

350 1182 512 1237 tionis
567 1182 653 1237 lex
682 1182 1031 1255 adjungebat.
1093 1183 1281 1254 Ipsum
1310 1224 1322 1247 ,
1372 1181 1614 1252 inquam,
1666 1181 1946 1237 decretum

352 1272 492 1327 tulit
511 1271 577 1326 de
605 1271 803 1336 medio,
837 1271 893 1325 id
923 1278 1006 1325 est
1036 1271 1103 1325 de
1135 1270 1545 1335 communitate,
1568 1278 1741 1325 utnec
1759 1269 1947 1324 Judan

347 1359 677 1431 relinqueret
706 1376 805 1413 nec
833 1358 1022 1431 gentili
1053 1358 1364 1413 tenendam.
1416 1359 1605 1413 Posset
1650 1358 1795 1412 enim
1843 1373 1946 1411 au-

342 1446 487 1503 ferre
532 1455 811 1518 peccatum
869 1447 1030 1519 legis,
1079 1455 1131 1501 et
1182 1446 1452 1501 dimittere
1507 1446 1707 1518 legem.
1764 1447 1945 1516 Ipsum

346 1536 464 1599 tulit
493 1535 560 1590 de
591 1536 793 1602 medio,
827 1536 1058 1606 a/ﬁgens
1088 1535 1237 1589 illud
1266 1536 1442 1601 cruci,
1476 1534 1531 1588 id
1555 1542 1636 1588 est
1664 1534 1839 1605 ipsam
1860 1533 1944 1588 le-

2054 391 2242 457 nostri,
2270 409 2434 463 quam
2464 393 2698 448 futuram
2729 403 3111 465 exspectamus
3142 395 3196 449 in
3226 396 3652 467 incorruptione.

2055 477 2189 547 Quae
2219 481 2504 535 neomenia
2547 489 2599 537 et
2634 482 2922 537 sabbatum
2955 483 3070 551 jam
3110 500 3221 539 non
3263 484 3463 539 debent
3503 486 3655 541 cele-

2054 567 2232 634 brari,
2266 569 2393 639 quia
2423 575 2562 625 sunt
2598 571 2794 625 umbra
2822 574 3171 641 futurorum,
3196 571 3251 626 id
3284 580 3367 627 est
3396 572 3654 645 praeﬁgu-

2053 656 2222 710 rantia
2277 656 2511 711 futuram
2560 659 2862 728 veritatem,
2917 660 3052 714 sicut
3101 660 3297 714 umbra
3337 661 3451 715 visa
3480 678 3654 732 prope

2053 758 2247 814 corpus
2296 753 2441 800 esset
2494 746 2761 817 designat.
2816 749 3161 804 Futurorum
3212 748 3306 814 ait,
3355 750 3655 805 secundum

2052 838 2264 902 tempus
2294 833 2452 904 legis,
2504 835 2719 904 quando
2758 851 3000 905 przesens
3045 843 3163 890 erat
3210 836 3425 903 umbra,
3473 836 3652 891 futura

2051 921 2272 975 veritas.
2306 922 2434 977 Ηωο
2465 930 2587 975 sunt
2617 922 2812 978 umbra
2857 925 3206 993 futurorum.
3252 924 3359 979 Sed
3393 924 3651 980 Christus

2051 1012 2135 1063 est
2173 1026 2395 1080 corpus,
2430 1010 2483 1064 id
2522 1018 2605 1065 est
2644 1010 2843 1066 veritas
2894 1019 2945 1065 et
2983 1011 3224 1081 impletio
3272 1012 3515 1067 omnium
3558 1013 3653 1067 ho-

2049 1114 2170 1151 rum
2196 1117 2209 1163 ;
2242 1098 2328 1153 vel
2358 1115 2558 1169 corpus
2589 1103 2674 1154 est
2707 1099 2984 1168 Christus,
3009 1099 3063 1154 id
3093 1108 3175 1154 est
3204 1100 3443 1170 impletio
3474 1102 3648 1172 perti-

2048 1193 2140 1239 net
2168 1186 2237 1240 ad
2269 1186 2537 1241 Christum
2564 1207 2577 1253 ;
2610 1186 2781 1257 ipsius
2811 1189 2954 1242 enim
2987 1196 3070 1243 est
3097 1188 3326 1259 implere
3358 1206 3479 1260 qua
3514 1188 3648 1262 ﬁgu-

2049 1282 2167 1328 rata
2195 1274 2426 1330 fuerant.

2119 1362 2260 1430 Quia
2303 1364 2510 1418 dixerat
2546 1381 2558 1418 :
2591 1365 2761 1419 Nemo
2803 1380 2895 1419 vos
2944 1365 3175 1433 iudicet,
3220 1365 3401 1420 subdit
3448 1366 3644 1421 modos

2047 1451 2170 1507 illos
2200 1452 2253 1505 in
2285 1451 2480 1523 quibus
2512 1452 2811 1507 timendum
2833 1460 2953 1507 erat
2982 1470 3050 1508 ne
3083 1454 3338 1510 seductos
3365 1454 3487 1510 illos
3516 1471 3647 1511 con-

2046 1540 2368 1595 demnarent
2416 1540 2603 1595 dicens
2638 1559 2651 1594 :
2685 1542 2752 1595 Ut
2798 1548 2979 1596 autem
3027 1558 3136 1597 non
3172 1542 3509 1611 judicemini,
3560 1544 3646 1598 vi-

346 1640 474 1696 gem
502 1622 740 1689 conﬁxit,
771 1631 828 1677 ut
857 1623 996 1677 ultra
1026 1639 1135 1677 non
1180 1630 1476 1692 teneretur,
1534 1622 1752 1694 quando
1801 1622 1946 1692 expi-
1971 1655 2022 1715 B
2046 1628 2167 1683 dete
2203 1644 2214 1682 :
2246 1630 2414 1685 Nemo
2439 1645 2529 1684 vos
2549 1628 2782 1685 seducat
2808 1629 3051 1686 282
3084 1631 3145 1685 in
3168 1631 3496 1687 humilitate
3528 1648 3646 1685 ser-

344 1728 473 1768 rans
501 1712 616 1768 ait:
657 1735 677 1760 «
733 1712 1179 1766 Consummatum
1229 1719 1313 1766 est
1360 1713 1543 1781 (Joan.
1586 1725 1706 1777 xix,
1742 1712 1863 1780 30);
1914 1731 1936 1759 »

343 1801 639 1856 ostendens
667 1799 831 1854 ﬁnem
849 1816 972 1855 esse
989 1807 1041 1854 et
1061 1800 1479 1870 comple‘tionem
1500 1798 1739 1854 omnium
1758 1814 1941 1853 eorum

343 1906 464 1961 quae
492 1889 547 1943 in
576 1889 700 1960 lege
749 1896 1164 1959 praecesserant,
1198 1896 1249 1943 et
1297 1888 1523 1942 ulterius
1554 1888 1799 1942 umbram
1832 1902 1941 1941 non

341 1993 464 2034 esse
493 1978 800 2042 tenendam,
852 1985 1144 2047 postquam
1173 1976 1374 2031 veritas
1406 1984 1519 2030 orta
1561 1984 1661 2030 est.
1699 1977 1941 2046 Afﬁgens

340 2068 460 2123 dico
480 2066 627 2122 illud
657 2066 833 2122 cruci.
868 2066 929 2119 In
949 2081 1112 2121 cruce
1134 2064 1277 2120 enim
1300 2064 1461 2135 (sicut
1490 2064 1745 2135 diximus)
1776 2062 1940 2118 tinem

338 2154 450 2227 legi
490 2154 689 2225 posuit,
750 2154 1003 2208 omnibus
1041 2152 1450 2221 consummatis,
1498 2153 1634 2207 sicut
1678 2151 1940 2222 praedicta

340 2244 576 2299 fuerant.

411 2331 766 2403 Opponerent
793 2329 870 2385 illi
902 2348 915 2385 :
948 2329 1234 2399 Quomodo
1266 2330 1400 2385 dicis
1429 2346 1537 2384 nos
1582 2344 1692 2383 non
1740 2344 1933 2399 posse,

336 2420 441 2476 nisi
470 2436 567 2490 per
597 2418 872 2474 Christum
887 2418 1191 2488 justiﬁcari,
1240 2435 1363 2474 cum
1384 2418 1664 2473 Abraham
1684 2426 1738 2471 et
1757 2416 1938 2473 caateri

338 2508 511 2564 sancti
569 2508 661 2580 qui
717 2516 1136 2580 praecesserunt,
1187 2508 1303 2563 sine
1363 2524 1428 2562 eo
1463 2505 1740 2575 justiﬁcati
1786 2506 1936 2560 sint?

334 2598 538 2653 Probat
567 2596 763 2652 Paulus
794 2596 1018 2652 eosdem
1057 2596 1304 2651 similiter
1351 2596 1603 2651 liberatos
1649 2610 1750 2665 per
1779 2593 1935 2648 Chri-

334 2692 498 2752 stum,
532 2685 719 2740 dicens
753 2700 765 2738 :
800 2685 951 2740 Sicut
979 2700 1080 2740 nos
1111 2693 1602 2755 contemporaneos
1655 2682 1758 2736 sibi
1788 2682 1933 2736 libe-

333 2775 475 2831 ravit
501 2791 533 2828 a
560 2774 683 2845 lege
706 2781 811 2828 eta
837 2782 1060 2844 peccato
1110 2773 1272 2846 legis,
1318 2773 1398 2829 sic
1447 2773 1565 2843 ipse
1604 2772 1932 2843 exspolians

332 2864 695 2935 principatus
733 2866 790 2917 et
816 2865 1125 2934 potestates
1157 2861 1302 2931 apud
1336 2861 1561 2916 inferos.
1592 2861 1715 2914 Non
1744 2858 1818 2913 ait
1862 2858 1931 2912 de

332 2951 529 3023 quibus
587 2950 942 3022 exspoliavit,
1004 2950 1100 3005 sed
1130 2966 1229 3020 per
1282 2951 1608 3021 exspolians
1664 2946 1930 3018 signiﬁcat

2042 1717 2238 1782 monis,
2272 1717 2327 1771 id
2358 1717 2694 1773 occultorum
2746 1716 2876 1772 foris
2908 1726 3146 1785 ostensa,
3181 1724 3236 1774 et
3282 1719 3335 1773 in
3368 1720 3644 1790 religione

2041 1805 2259 1859 habitus
2321 1806 2615 1860 barbarum
2645 1806 2731 1860 vel
2761 1806 3089 1875 jejuniorum
3134 1807 3386 1862 simulata
3415 1809 3648 1863 humili-

2046 1897 2163 1948 tate
2192 1898 2247 1949 et
2278 1894 2549 1964 religione
2579 1894 2702 1949 dico
2733 1896 3105 1965 angelorum;
3140 1912 3247 1950 non
3280 1896 3425 1951 enim
3466 1896 3642 1968 magis

2041 1982 2274 2036 humiles
2324 1990 2413 2035 aut
2467 1981 2761 2053 religiosos
2811 1999 2869 2036 se
2910 1983 3230 2038 exhiberent
3274 1983 3456 2055 angeli
3503 1984 3641 2053 Dei,

2039 2078 2360 2139 apparentes
2386 2069 2712 2136 hominibus,
2748 2087 2908 2141 quam
2948 2071 3035 2125 isti
3066 2072 3274 2142 pseudo
3302 2072 3368 2126 ad
3398 2071 3636 2127 oculum.

2044 2158 2153 2224 Vel,
2188 2162 2537 2228 angelorum,
2572 2158 2627 2213 id
2657 2167 2737 2213 est
2766 2175 3021 2214 verorum
3068 2160 3507 2231 praedicatorum,
3548 2160 3640 2231 qui

2042 2247 2214 2300 nuntii
2258 2246 2359 2301 Dei
2400 2255 2524 2300 sunt
2568 2247 2636 2300 ad
2667 2247 2948 2317 populum,
2997 2264 3227 2320 quorum
3264 2248 3637 2304 auctoritatem

2040 2334 2129 2389 isti
2182 2335 2389 2405 pseudo
2438 2334 2772 2389 simulatorie
2827 2336 2930 2391 sibi
2977 2344 3259 2407 usurpant.
3310 2338 3506 2402 Nemo,
3547 2336 3636 2390 in-

2042 2439 2225 2494 quam,
2258 2424 2345 2478 vel
2372 2424 2475 2479 hoc
2504 2424 2590 2479 vel
2619 2423 2711 2478 illo
2741 2423 2904 2479 modo
2932 2426 3165 2481 seducat
3196 2443 3303 2492 vos,
3340 2426 3546 2494 volens,
3582 2425 3637 2480 id

2041 2520 2123 2566 est
2154 2528 2359 2578 amans,
2386 2519 2438 2567 et
2470 2511 2650 2567 facere
2690 2512 2744 2565 in
2776 2528 2835 2566 se
2867 2520 2917 2567 et
2964 2513 3117 2569 vobis
3162 2514 3493 2584 persuadere
3544 2529 3629 2580 ea,

2040 2618 2161 2673 quae
2188 2619 2303 2657 non
2339 2601 2499 2666 vidit,
2537 2600 2591 2654 id
2622 2608 2703 2655 est
2732 2618 2852 2671 quae
2880 2617 3155 2672 nunquam
3193 2601 3474 2667 intellexit,
3509 2600 3635 2673 quia

2040 2687 2247 2760 ﬁguras
2277 2688 2422 2743 videt
2451 2696 2502 2743 et
2532 2688 2812 2743 veritatem
2833 2689 3027 2745 nescit.
3060 2690 3154 2744 Ille
3183 2689 3306 2745 dico
3336 2691 3633 2746 ambulans

2040 2784 2093 2831 et
2121 2777 2177 2830 in
2207 2776 2563 2832 sacramentis
2603 2777 2865 2832 Ecclesiae
2905 2794 3024 2848 quae
3054 2778 3257 2848 recepit
3286 2787 3339 2833 et
3367 2779 3469 2833 hoc
3496 2781 3629 2849 fru-

2039 2869 2179 2921 stra.
2218 2865 2364 2919 Nihil
2395 2865 2538 2920 enim
2566 2864 2643 2919 illi
2673 2864 2917 2935 proderit
2948 2865 3245 2936 baptismus
3276 2866 3367 2936 qui
3404 2865 3632 2921 detrahit

2038 2952 2183 3009 ﬁdei.
2218 2953 2321 3022 Qui
2351 2953 2477 3009 licet
2506 2952 2865 3008 humilitatem
2912 2953 3045 3008 foris
3079 2953 3359 3021 ostendat,
3390 2955 3631 3023 inﬂatus

335 3038 601 3094 Christum
661 3037 836 3109 spolia
884 3052 984 3092 sua
1028 3037 1096 3091 ab
1140 3036 1329 3091 inferis
1373 3037 1671 3092 revexisse-
1720 3037 1930 3107 EXSPO-
1961 3010 2007 3071 Ο
2039 3046 2230 3098 tamen
2252 3049 2333 3097 est
2362 3042 2505 3096 intus
2559 3059 2757 3105 sensu,
2788 3046 2796 3103 ἴ
2811 3042 2935 3113 quia
2980 3043 3238 3114 gloriatur
3272 3043 3538 3098 subtiliter
3568 3060 3628 3099 se

337 3128 504 3193 lians,
530 3127 772 3198 inquam,
798 3126 1085 3194 traduxit,
1117 3140 1217 3181 ceu
1237 3126 1412 3181 victor
1430 3125 1671 3195 praedam
1705 3140 1803 3194 per
1819 3139 1932 3178 me-

333 3215 454 3271 dios
481 3223 744 3286 raptores,
768 3214 886 3285 ipse
907 3214 1029 3270 dico
1062 3213 1427 3285 triumphans
1447 3214 1577 3269 illos
1599 3212 1932 3283 principatus

331 3303 628 3360 inferorum
656 3303 1024 3373 conﬁdenter,
1056 3302 1111 3357 id
1140 3311 1221 3357 est
1269 3318 1379 3357 non
1418 3301 1612 3356 dubius
1646 3302 1714 3356 de
1744 3301 1933 3355 trium-

328 3394 459 3464 pho.
493 3392 854 3462 Triumphans
883 3391 1026 3456 dico,
1060 3392 1122 3445 in
1144 3391 1462 3463 semetipso,
1492 3406 1604 3445 non
1634 3406 1733 3461 per
1761 3405 1932 3461 ange-

328 3482 459 3551 lum,
510 3481 599 3537 vel
639 3480 934 3552 quemlibet
980 3479 1306 3545 ministrum,
1361 3480 1459 3534 sed
1508 3495 1608 3550 per
1666 3478 1925 3549 seipsum.

331 3570 491 3639 Quod
521 3569 667 3640 (eum
694 3569 904 3625 scilicet
936 3567 1344 3639 triumphasse),
1383 3569 1578 3639 palam
1608 3575 1691 3621 est
1717 3567 1928 3639 angelis

331 3667 384 3714 et
419 3658 750 3713 hominibus.
786 3656 926 3725 Quia
956 3657 1198 3712 Christus
1248 3656 1469 3711 donavit
1496 3655 1679 3711 omnia
1709 3655 1923 3710 delicta.

330 3748 617 3803 Peccatum
642 3746 782 3817 legis
811 3754 862 3800 et
891 3745 1070 3816 legem
1102 3746 1220 3800 tulit
1239 3745 1308 3800 de
1335 3744 1534 3799 medio.
1569 3743 1760 3799 Videte
1790 3759 1926 3815 ergo

327 3850 488 3890 nemo
518 3850 618 3890 vos
648 3832 875 3888 ulterius
924 3833 1141 3888 inducat
1178 3833 1233 3886 in
1282 3832 1487 3902 legem.
1552 3832 1619 3885 Et
1647 3838 1705 3885 ut
1748 3831 1925 3903 magis

328 3923 622 3989 deterreat,
656 3921 730 3976 ait
764 3938 776 3974 :
813 3922 981 3978 Nemo
1020 3937 1110 3975 vos
1121 3922 1361 3991 judicet,
1396 3920 1451 3974 id
1481 3928 1561 3975 est
1589 3918 1750 3974 faciat
1773 3920 1923 3988 judi-

327 4010 549 4080 cabiles,
582 4010 638 4064 id
667 4016 751 4064 est
781 4008 1139 4064 damnabiles.
1172 4009 1394 4064 Judicet
1426 4008 1566 4073 dico,
1604 4008 1650 4062 si
1680 4024 1787 4063 non
1828 4025 1923 4064 re-

327 4097 521 4155 ductos
543 4098 597 4153 in
618 4106 730 4153 tota
750 4097 893 4169 lege,
921 4097 1112 4153 saltem
1129 4097 1182 4152 in
1203 4096 1402 4168 aliquo,
1428 4097 1553 4169 quia
1580 4112 1678 4167 pro
1699 4097 1924 4152 minima

324 4187 615 4244 traditione
664 4186 1075 4241 damnaremini.
1124 4184 1283 4253 Quod
1329 4187 1402 4239 ita
1445 4185 1553 4239 ait:
1603 4186 1777 4240 Nemo
1822 4201 1921 4241 vos

317 4276 527 4348 judicet
546 4278 609 4331 in
635 4276 770 4342 cibo,
805 4275 892 4331 vel
922 4275 1084 4330 vitato
1125 4281 1348 4345 propter
1377 4274 1788 4343 immunditiam,
1832 4275 1920 4331 vel

2033 3131 2264 3193 sentire,
2298 3131 2443 3202 quod
2477 3130 2791 3200 simplicitas
2844 3130 3073 3185 aliorum
3121 3147 3315 3202 capere
3362 3148 3471 3187 non
3508 3131 3626 3186 suf-

2031 3218 2212 3285 ﬁciat;
2247 3227 2299 3274 et
2328 3219 2415 3274 hic
2435 3219 2656 3274 morbus
2687 3218 2935 3274 elationis
2956 3219 3188 3273 maxime
3218 3228 3412 3293 regnat
3431 3220 3486 3273 in
3505 3221 3624 3275 hae-

2032 3308 2237 3363 reticis.
2269 3309 2448 3364 Sensu
2476 3307 2597 3362 dico
2630 3309 2822 3363 carnis
2849 3324 3000 3375 suae;
3031 3308 3119 3363 hic
3148 3308 3293 3363 enim
3322 3308 3622 3364 secundum

2031 3412 2225 3452 sensus
2256 3396 2439 3452 carnis
2461 3396 2668 3465 judicat
2697 3395 2765 3449 de
2805 3394 3053 3467 singulis,
3088 3412 3196 3452 non
3236 3396 3394 3452 aliter
3420 3397 3623 3453 intelli-

2029 3502 2167 3557 gens
2198 3501 2360 3557 quam
2391 3484 2802 3539 subministrant
2832 3483 2881 3538 ei
2924 3485 3067 3540 oculi
3098 3493 3151 3540 et
3197 3501 3356 3541 aures
3405 3486 3619 3555 carnis;

2027 3573 2084 3626 in
2141 3590 2246 3645 quo
2301 3590 2412 3629 non
2465 3572 2716 3628 diﬁ‘erunt
2771 3587 2804 3626 a
2860 3573 3022 3628 mutis
3073 3574 3441 3641 animalibus,
3499 3592 3621 3646 quas

2029 3662 2192 3716 etiam
2222 3679 2444 3718 sensum
2472 3662 2670 3716 habent
2697 3661 2765 3715 de
2795 3660 2961 3716 rebus
3016 3664 3314 3718 secundum
3345 3663 3491 3734 quod
3532 3663 3618 3718 vi-

2028 3750 2157 3805 dent
2185 3759 2239 3805 et
2268 3751 2512 3806 audiunt.
2547 3751 2787 3819 Inﬂatus
2823 3750 3011 3821 utique
3039 3756 3096 3807 et
3123 3768 3239 3806 non
3280 3757 3479 3808 tenens
3517 3767 3619 3807 ca-

2027 3842 2150 3909 put,
2184 3838 2239 3893 id
2268 3848 2349 3893 est
2380 3855 2489 3894 non
2518 3837 2859 3894 concordans
2901 3839 3061 3909 capiti
3108 3855 3206 3894 suo
3237 3839 3471 3894 Christo.
3523 3839 3619 3894 Ille

2026 3942 2132 3982 non
2155 3935 2300 3982 tenet
2330 3935 2490 3998 caput
2520 3926 2792 3981 Christum
2813 3926 2905 3998 qui
2935 3927 3153 3981 aliunde
3182 3942 3345 3998 quam
3366 3942 3399 3983 a
3418 3926 3613 3998 capite,

2025 4014 2168 4070 unde
2200 4015 2407 4087 vigeat,
2459 4017 2702 4088 requirit,
2757 4025 2809 4072 et
2857 4016 2995 4071 sicut
3034 4015 3336 4069 membrum
3369 4030 3480 4069 non
3535 4020 3619 4068 est

2024 4103 2231 4174 capitis,
2268 4104 2314 4157 si
2343 4104 2558 4159 aliunde
2588 4105 2837 4176 vigorem
2866 4103 3026 4174 capit,
3060 4103 3205 4174 quod
3233 4101 3346 4158 ﬁeri
3386 4101 3573 4173 nequit
3598 4119 3612 4168 ;

2024 4191 2103 4247 sic
2132 4191 2223 4262 qui
2264 4190 2392 4248 ﬁdei
2424 4192 2683 4248 unitatem
2732 4192 3007 4264 relinquit,
3060 4191 3276 4247 Christo
3313 4207 3422 4247 non
3470 4189 3617 4248 valet

2022 4296 2299 4351 conjungi.

324 4373 539 4435 sumpto
567 4371 792 4435 propter
820 4360 1155 4429 munditiam,
1190 4367 1292 4419 aut
1324 4363 1385 4418 in
1416 4367 1573 4435 potu,
1603 4371 1818 4434 sumpto
1849 4363 1921 4417 si-
1948 4363 2001 4422 D
2089 4369 2175 4423 Ea:
2220 4385 2325 4440 quo
2373 4369 2545 4439 capite
2577 4373 2759 4425 totum
2815 4385 3017 4441 corpus
3048 4365 3311 4425 Ecclesiae
3341 4371 3611 4424 constru-

325 4454 525 4510 militer
545 4452 632 4509 vel
664 4452 850 4520 vitato,
875 4457 979 4507 aut
1006 4454 1069 4507 in
1095 4456 1257 4524 parte
1287 4452 1399 4507 diei
1427 4454 1561 4521 festi
1608 4451 1912 4507 observata.

322 4543 453 4598 Dies
483 4541 652 4615 festus
682 4540 935 4611 quiddam
984 4547 1154 4594 totum
1200 4539 1347 4610 apud
1378 4538 1499 4593 illos
1547 4548 1678 4606 erat,
1728 4548 1915 4610 partes

318 4631 550 4695 habens,
582 4628 946 4693 neomeniam,
984 4628 1297 4694 sabbatum,
1332 4626 1533 4682 exitum
1561 4628 1630 4683 de
1659 4628 1911 4701 zEgypto,

322 4719 595 4775 introitum
651 4726 811 4773 terrae
866 4716 1322 4787 repromissionis,
1374 4724 1479 4772 etc.
1525 4717 1680 4771 Unde
1735 4716 1941 4777 subdit,

321 4812 424 4865 aut
472 4808 529 4861 in
558 4814 708 4879 parte
763 4806 1092 4869 neomeniw,
1144 4805 1199 4859 id
1237 4812 1320 4859 est
1349 4804 1711 4860 innovationis
1746 4805 1908 4873 lunae,

319 4900 422 4952 aut
452 4896 506 4949 in
532 4894 946 4966 participatione
992 4895 1381 4958 sabbatorum,
1416 4910 1535 4965 qua:
1571 4893 1742 4949 Judaei
1769 4894 1911 4949 cele-

318 4984 481 5038 brare
510 4991 925 5038 consueverunt.
974 4983 1124 5049 Ideo,
1160 4998 1259 5053 per
1304 4986 1428 5049 aut,
1474 4997 1911 5054 unamquamque

316 5079 530 5143 partem
559 5071 836 5142 disjungit,
889 5079 947 5125 ut
979 5071 1226 5127 ostendat
1256 5072 1344 5125 vel
1386 5071 1666 5125 minimam
1700 5079 1911 5142 partem

317 5158 561 5215 suﬁicere
589 5160 657 5215 ad
675 5160 1077 5216 damnationem
1106 5160 1471 5217 observantia.
1504 5160 1560 5215 Si
1588 5168 1768 5214 autem
1812 5176 1910 5217 co-

313 5248 555 5320 pulasset
592 5264 692 5320 per
740 5252 814 5318 et,
865 5248 1143 5304 videretur
1189 5264 1287 5318 pro
1328 5248 1577 5303 omnibus
1627 5248 1805 5315 simul,
1860 5257 1912 5305 et

312 5353 423 5394 non
452 5353 554 5409 pro
609 5352 717 5392 uno
766 5344 969 5391 tantum
1024 5336 1413 5391 observantem
1453 5336 1711 5405 judicari.
1762 5338 1909 5392 Neos

314 5442 477 5497 nova,
509 5442 669 5484 mene
699 5426 869 5498 lunat;
898 5424 1025 5481 inde
1054 5425 1362 5494 neomenia,
1392 5426 1683 5484 innovatio
1717 5426 1909 5495 lunae,-

2010 4460 2166 4511 ctum
2192 4473 2295 4528 per
2317 4459 2745 4527 coni-unctiones
2764 4456 2890 4513 ﬁdei
2910 4465 2966 4512 ut
2987 4464 3304 4513 caeterarum
3326 4456 3604 4523 virtutum,

2011 4551 2063 4599 et
2082 4546 2581 4601 subministratum
2599 4545 2744 4617 quod
2772 4546 2924 4600 alteri
2963 4545 3400 4600 subministretur
3434 4546 3504 4599 ab
3522 4546 3608 4600 al-

2012 4641 2129 4688 tero
2146 4649 2249 4705 per
2277 4650 2481 4699 nexus,
2510 4633 2565 4689 id
2595 4642 2677 4688 est
2693 4650 2790 4704 per
2819 4635 3157 4702 charitatem,
3176 4651 3297 4705 quae
3321 4634 3502 4690 clavus
3524 4641 3612 4689 est

2014 4729 2066 4776 et
2088 4738 2289 4777 nervus
2317 4730 2646 4777 connectens
2674 4723 2977 4778 membrum
2996 4723 3261 4778 membro.
3298 4714 3447 4778 Sicut
3464 4722 3607 4777 enim

2009 4811 2063 4864 in
2097 4811 2332 4865 humano
2361 4826 2586 4882 corpore
2618 4812 2866 4867 membra
2895 4811 3046 4882 prius
3077 4819 3415 4880 constructa,
3440 4810 3495 4865 id
3526 4818 3613 4865 est

2013 4898 2175 4953 simul
2221 4908 2568 4972 congregata,
2628 4900 2672 4953 si
2728 4916 2835 4955 non
2877 4900 3353 4973 conjungerentur,
3412 4900 3467 4954 id
3524 4906 3612 4953 est

2008 4988 2430 5059 unumquodque
2458 4988 2578 5043 loco
2609 5004 2707 5043 suo
2739 4997 3026 5059 aptaretur,
3070 4989 3186 5044 sine
3215 4989 3396 5043 nervis
3424 4988 3607 5044 adhuc

2010 5076 2239 5131 alterum
2268 5077 2576 5130 membrum
2603 5092 2711 5130 non
2747 5084 3070 5148 sequeretur
3107 5077 3365 5144 alterum;
3401 5085 3454 5131 et
3482 5077 3607 5131 ideo

2007 5171 2218 5234 oportet
2247 5172 2303 5218 ut
2348 5164 2635 5234 conjuncta
2682 5166 2928 5220 membra
2971 5165 3156 5221 nervis
3194 5174 3601 5231 connectantur,

2012 5260 2064 5307 et
2091 5260 2220 5309 tunc
2266 5253 2484 5308 tandem
2526 5254 2757 5309 alterum
2793 5254 2948 5309 alteri
2997 5254 3407 5322 subministrat;
3439 5254 3518 5309 sic
3546 5253 3601 5307 in

2010 5356 2242 5413 corpore
2297 5342 2561 5398 Ecclesiae
2613 5358 2713 5397 nos
2770 5343 2980 5400 diversa
3042 5344 3286 5398 membra
3331 5343 3387 5397 in
3433 5357 3597 5397 unum

2008 5430 2391 5498 construimur,
2425 5439 2478 5487 et
2506 5440 2845 5504 congregata
2874 5432 3179 5488 secundum
3216 5430 3599 5487 discretionem
