3960 6050
282 162 390 214 389

890 158 1268 215 EXPOSITIO
1327 159 1400 213 IN
1454 157 1835 214 EPISTOLAS
1888 153 2116 212 PAULI.
2147 184 2216 193 —
2256 154 2332 209 IN
2385 155 2605 211 EPIST.
2664 155 2759 210 AD
2800 154 2961 210 COL.

3482 156 3586 208 390

292 284 568 349 virtutum,
619 282 999 354 conjungimur
1062 300 1163 353 per
1210 283 1391 350 ﬁdem,
1443 291 1547 338 etc.
1602 282 1710 338 Sed
1762 282 1888 353 quia
1915 277 2135 342 Aserio
2189 278 2439 334 dicantur
2470 295 2501 332 a
2531 278 2718 346 Paulo,
2754 278 2832 334 sic
2863 296 2875 332 :
2910 277 3044 346 Quae
3090 277 3275 333 dicunt
3324 278 3590 333 rationem

287 372 529 427 nondum
579 371 810 426 alterum
860 372 1172 444 colligatum
1223 380 1302 426 est
1351 372 1528 440 alteri,
1570 371 1888 426 necessaria

289 468 375 514 est
405 460 637 524 dilectio,
675 475 781 531 quo
811 460 962 515 clavo
1007 475 1253 515 connexa
1282 465 1653 514 membrorum
1700 459 1887 514 diver-

290 548 423 602 sitas
453 548 555 601 sibi
583 548 816 603 invicem
840 548 1166 603 cohaerendo
1189 548 1507 602 subserviat.
1546 549 1773 618 Corpus,
1808 547 1889 599 in-

289 652 470 706 quam,
492 636 570 690 sic
590 641 983 691 constructum
1014 640 1069 691 et
1091 638 1592 691 subministratum
1613 636 1815 690 crescit
1838 641 1889 688 et

289 739 523 778 numero
574 724 961 788 membrorum,
995 732 1048 778 et
1095 724 1432 779 incremento
1478 724 1749 788 virtutum,
1784 724 1888 777 do-

287 827 392 867 nec
422 812 604 867 veniat
630 814 695 866 in
727 817 1101 883 augmentum
1132 815 1251 877 Dei,
1284 813 1339 867 id
1369 820 1450 867 est
1480 827 1765 883 usquequo
1796 827 1891 865 au-

287 907 477 969 geatur
524 901 581 953 in
614 894 943 955 'mensuram
990 916 1153 971 quam
1201 902 1347 955 Deus
1390 901 1689 971 proposuit,
1723 900 1775 954 id
1808 908 1888 954 est

286 988 464 1044 donec
490 988 779 1059 impleatur
811 1004 1067 1043 numerus
1116 988 1367 1053 fratrum,
1398 988 1586 1043 ultimo
1611 989 1758 1056 justo
1788 1004 1888 1059 ap-

286 1076 487 1146 posito.
520 1077 679 1132 Nunc
708 1077 1092 1147 aliquantulum
1125 1093 1318 1147 aspere
1349 1077 1621 1131 invehitur
1640 1077 1694 1130 in
1726 1093 1892 1147 quos-

288 1166 411 1218 dam
445 1180 635 1219 eorum
666 1164 757 1235 qui
782 1166 896 1233 jam
944 1165 1298 1235 incipiebant,
1332 1172 1383 1219 et
1416 1165 1462 1218 si
1492 1180 1600 1219 non
1646 1165 1881 1235 operari,

291 1253 485 1307 saltem
533 1254 716 1308 animo
766 1253 1075 1308 consentire
1124 1261 1175 1307 et
1221 1254 1537 1307 discernere
1581 1253 1823 1309 dicentes
1872 1270 1885 1307 :

290 1340 476 1408 Quare
508 1341 703 1397 melius
735 1358 1094 1413 sequeremur
1133 1342 1254 1397 illos
1299 1359 1460 1412 quam
1488 1343 1623 1395 istos
1644 1343 1671 1396 ?
1701 1350 1753 1396 et
1782 1343 1887 1396 hu-

282 1430 542 1497 jusmodi.
576 1430 731 1486 Unde
762 1431 841 1486 sic
870 1431 945 1484 ait
977 1449 990 1485 :
1025 1430 1166 1498 Quia
1194 1446 1294 1500 per
1332 1431 1603 1485 Christum
1634 1438 1745 1484 tota
1773 1431 1887 1486 Ec-

288 1518 454 1573 clesia
472 1522 677 1575 crescit
700 1521 762 1573 in
783 1524 1151 1590 augmentum
1175 1521 1291 1584 Dei,
1308 1535 1470 1589 quare
1492 1519 1659 1591 igitur
1680 1519 1889 1573 discer-

288 1608 430 1661 nitis
463 1607 615 1678 quasi
654 1607 802 1661 dubii
832 1608 917 1662 cui
946 1608 1227 1662 adhaerere
1274 1607 1535 1672 debeatis,
1572 1607 1786 1661 Christo
1816 1623 1883 1661 an
1906 1639 1956 1698 Β

288 1694 401 1764 legi
427 1694 455 1748 ἲ)
485 1696 593 1750 Sed
624 1696 899 1766 prmmittit
939 1712 1103 1767 quare
1133 1712 1244 1750 non
1289 1696 1522 1750 debeant
1551 1696 1881 1762 discernere,

291 1782 483 1838 dicens
516 1801 530 1837 ε
568 1785 626 1841 Si
647 1800 744 1838 vos
767 1786 901 1839 estis
927 1786 1140 1839 mortui
1178 1800 1308 1839 cum
1332 1784 1570 1851 Christo,
1592 1785 1716 1855 quia
1737 1800 1886 1839 mors

291 1870 492 1925 Christi
520 1880 740 1942 Operata
763 1881 844 1927 est
874 1873 929 1925 in
958 1872 1113 1927 vobis
1137 1880 1363 1927 mortem
1397 1872 1601 1942 peccati
1626 1890 1639 1938 ;
1671 1874 1887 1928 mortui

287 1959 413 2014 dico
444 1960 510 2015 ab
541 1962 856 2026 elementis,
889 1961 1011 2031 quia
1060 1961 1212 2031 prius
1253 1961 1540 2027 elementa,
1575 1961 1764 2030 solem,
1798 1961 1884 2015 lu-

290 2064 437 2113 nam,
473 2056 525 2103 et
554 2056 754 2103 caetera
801 2049 1084 2115 colebatis,
1119 2050 1261 2120 quod
1305 2049 1451 2104 idem
1497 2049 1691 2116 facitis,
1725 2050 1770 2104 si
1800 2050 1885 2104 le-

288 2152 415 2207 gem
460 2145 689 2207 accepta
734 2137 909 2209 gratia
956 2138 1188 2202 tenetis;
1232 2137 1497 2193 elementa
1545 2138 1668 2194 dico
1716 2139 1884 2209 hujus

288 2226 510 2292 mundi,
556 2225 678 2297 quia
726 2234 777 2280 et
823 2226 1084 2280 mundani
1132 2226 1222 2297 qui
1268 2226 1470 2292 colunt,
1516 2235 1570 2281 et
1615 2227 1885 2281 mundana

287 2321 414 2368 sunt
446 2330 565 2384 quae
594 2314 880 2369 coluntur:
906 2315 973 2383 si,
997 2314 1237 2384 inquam,
1269 2316 1483 2369 mortui
1511 2316 1648 2370 estis
1679 2316 1745 2370 ab
1772 2317 1884 2371 ete-

284 2404 520 2469 mentis,
556 2403 700 2474 quod
731 2418 832 2458 nec
861 2402 1137 2473 respirare
1167 2403 1236 2457 ad
1266 2404 1460 2457 horum
1491 2404 1758 2459 culturam
1789 2404 1884 2459 de-

287 2491 448 2555 betis,
470 2492 621 2562 quid,
647 2491 703 2545 id
724 2499 805 2546 est
827 2507 1013 2562 quare,
1038 2492 1220 2547 adhuc
1253 2496 1525 2565 tanquam
1546 2494 1795 2548 viventes
1821 2495 1884 2548 in

285 2580 518 2644 mundo,
570 2579 623 2632 id
681 2586 762 2634 est
816 2580 1102 2635 carnaliter
1161 2580 1298 2635 sicut
1355 2579 1503 2650 prius
1562 2581 1617 2634 in
1680 2581 1883 2635 cultura

283 2668 472 2721 mundi
500 2667 844 2734 discernitis,
877 2668 1119 2724 dicentes
1149 2685 1221 2723 ne
1271 2669 1574 2739 tetigeritis
1604 2668 1836 2724 cadaver
1855 2669 1882 2723 ?

281 2756 374 2811 vel
420 2755 748 2824 hujusmodi,
783 2756 1044 2828 quidquid
1075 2756 1161 2811 lex
1208 2756 1457 2827 prohibet
1503 2772 1571 2812 ne
1602 2764 1878 2829 tangatur.

278 2845 464 2916 Neque
495 2845 858 2914 gustaveritis
886 2860 1115 2914 porcum
1138 2846 1165 2899 ‘?
1194 2844 1282 2899 vel
1311 2844 1513 2916 aliquid
1547 2845 1878 2913 hujusmodi.

281 2932 467 3004 Neque
488 2934 977 2988 contrectaveritis
1000 2949 1121 3004 quae
1141 2933 1345 2989 scilicet
1359 2941 1584 3004 tangere
1597 2949 1707 2988 non
1719 2933 1882 2989 licet?

278 3028 337 3075 ut
369 3029 495 3075 sunt
520 3021 771 3091 pudenda
791 3030 1151 3087 contrectare,
1172 3039 1295 3093 qua:
1315 3024 1509 3077 omnia
1538 3026 1677 3077 sunt
1706 3024 1769 3077 in
1791 3023 1881 3077 in-

284 3109 545 3175 teritum,
577 3109 633 3164 id
664 3117 746 3164 est
775 3117 1063 3181 operantur
1090 3110 1518 3164 damnationem.
1549 3111 1673 3164 Non
1700 3118 1877 3165 tamen

280 3197 454 3251 semel
484 3196 648 3263 facta,
681 3198 779 3253 sed
806 3199 926 3271 ipso
956 3215 1084 3265 usu,
1116 3197 1170 3252 id
1212 3206 1312 3267 est,
1347 3198 1391 3252 si
1425 3198 1546 3268 quis
1592 3199 1879 3270 negligens

281 3285 599 3341 traditiones
656 3286 829 3358 legis,
881 3288 997 3342 haec
1055 3286 1111 3341 in
1166 3303 1268 3341 usu
1318 3286 1557 3343 283
1606 3287 1876 3341 habuerit.

358 3372 517 3442 Quod
548 3374 672 3429 dico
701 3391 764 3429 ea
792 3390 915 3429 esse
941 3376 1005 3430 in
1051 3377 1376 3441 interitum,
1405 3375 1510 3430 hoc
1540 3391 1649 3430 non
1679 3390 1879 3430 secun-

281 3462 411 3517 dum
424 3478 531 3527 me,
550 3463 646 3517 sed
667 3464 975 3519 secundum
998 3468 1286 3536 praecepta
1306 3468 1363 3519 et
1391 3464 1680 3519 doctrinas
1702 3463 1880 3519 homi-

282 3567 447 3615 num,
480 3550 534 3605 id
564 3560 646 3606 est
680 3552 988 3607 humaniter
1036 3552 1360 3623 sapientium
1408 3552 1551 3607 dico.
1600 3553 1882 3622 Praecepta

279 3647 458 3703 vocat,
493 3640 638 3711 quod
659 3640 776 3694 solo
807 3640 1034 3711 imperio
1081 3639 1409 3696 auctoritatis
1440 3656 1553 3695 suae
1580 3640 1880 3710 compelle-

282 3726 420 3781 bant
450 3728 553 3783 hoc
584 3726 784 3784 facere.
818 3728 1127 3794 Doctrinas,
1153 3730 1371 3799 quando
1403 3728 1612 3800 aliquas
1642 3729 1881 3784 rationes

278 3815 351 3869 ad
380 3815 727 3886 probandum
756 3817 901 3889 quod
935 3816 1239 3872 suadebant
1282 3816 1607 3872 videbantur
1634 3817 1880 3872 adduce-

280 3919 363 3958 re.
399 3901 530 3959 H1130
568 3912 691 3959 sunt
736 3913 1005 3977 praacepta
1046 3906 1346 3972 hominum,
1382 3921 1503 3976 quae
1547 3905 1709 3960 etiam
1759 3914 1883 3960 sunt

282 3992 576 4059 habentia,
604 3993 658 4047 id
690 4002 774 4049 est
802 3994 1053 4049 videntur
1078 3995 1301 4061 habere,
1335 3996 1616 4049 rationem
1659 3994 1881 4066 quidem

280 4081 607 4151 sapientia,
631 4097 663 4135 a
686 4098 791 4153 qua
820 4082 984 4152 longe
1015 4082 1252 4138 discreta
1274 4090 1417 4137 sunt.
1450 4082 1731 4137 Rationem
1762 4081 1883 4138 dico

278 4168 541 4223 habentia
570 4170 633 4224 in
663 4173 1088 4242 superstitione.
1123 4170 1441 4240 Superstitio
1488 4170 1703 4236 dicitur,
1737 4184 1881 4227 verae

278 4256 535 4327 religioni
564 4259 918 4329 superaddita
946 4258 1089 4313 falsa
1116 4259 1332 4331 religio.
1366 4259 1432 4313 Hi
1460 4266 1639 4313 autem
1670 4259 1761 4330 qui
1788 4275 1880 4315 ac-

1990 366 2242 421 videntur
2270 367 2492 433 habere,
2516 368 2612 421 sed
2643 368 2829 437 utique
2859 382 2968 421 non
2998 367 3219 420 habent.
3257 364 3586 432 Quaz‘etiam

1989 462 2114 508 sunt
2144 455 2217 509 ad
2246 473 2359 511 non
2386 462 2735 527 parcendum
2767 456 3003 526 corpori,
3030 462 3082 509 et
3109 454 3329 508 stultum
3346 462 3426 508 est
3450 462 3507 508 ut
3537 454 3594 507 in

1991 559 2098 613 quo
2128 544 2387 597 damnant
2414 544 2666 608 animam,
2702 543 2917 613 corpori
2961 542 3153 597 saltem
3184 558 3292 596 non
3329 550 3580 611 parcant.

1993 631 2125 697 Quae
2147 632 2303 685 etiam
2334 648 2449 686 non
2480 639 2602 685 sunt
2632 634 2693 686 in
2725 632 2936 687 honore
2966 633 3172 703 aliquo.
3198 632 3336 685 Dum
3360 630 3503 683 enim
3523 629 3591 683 fi-

1990 718 2076 773 dei
2109 719 2304 774 Christi
2355 720 2536 792 legem
2582 719 2737 791 quasi
2782 719 3153 775 necessariam
3203 726 3499 789 apponunt,
3533 717 3591 772 in

1990 807 2094 863 hoc
2125 809 2468 862 dehonorant
2496 810 2690 863 Deum.
2725 809 2899 864 David
2928 809 3092 863 etiam
3123 816 3177 862 et
3205 807 3342 862 alios
3373 814 3591 861 sanctos

1991 896 2083 966 qui
2113 897 2167 950 in
2198 897 2321 968 lege
2372 897 2575 951 nullam
2602 896 2855 951 dixerunt
2884 912 3007 951 esse
3049 896 3326 964 justitiam,
3355 895 3591 949 inhono-

1990 991 2143 1050 rant,
2204 985 2330 1039 dum
2383 985 2564 1057 legem
2615 992 2951 1055 apponentes
3010 983 3156 1048 ﬁdei,
3216 984 3594 1039 contradicunt

1990 1088 2177 1128 eorum
2211 1072 2554 1127 testimoniis.
2589 1072 2722 1141 Quae
2744 1074 2907 1128 etiam
2928 1088 3036 1127 non
3060 1080 3183 1126 sunt
3213 1072 3284 1127 ad
3314 1074 3593 1127 saturita-

1992 1165 2108 1217 tem
2137 1164 2349 1217 carnis.
2381 1162 2650 1216 Extremae
2674 1170 2854 1216 autem
2886 1169 2967 1216 est
2984 1161 3252 1227 amentiae,
3278 1168 3336 1215 ut
3364 1161 3593 1216 damne-

1989 1267 2111 1304 mus
2144 1250 2401 1319 animam,
2438 1266 2658 1306 carnem
2687 1250 2952 1323 aﬂligere.

2614 1445 2838 1501 CAPUT
2863 1445 2957 1501 III.

2065 1628 2086 1653 ιι
2124 1606 2293 1678 Igitur
2323 1606 2368 1661 si
2397 1609 2875 1664 conresurrexistis
2904 1626 3028 1665 cum
3050 1610 3280 1681 Christo,
3316 1627 3437 1682 quae
3468 1628 3592 1667 sur-

1991 1716 2012 1739 «
2049 1710 2169 1747 sum
2200 1702 2324 1748 sunt
2353 1696 2596 1766 quaerite,
2631 1696 2721 1751 ubi
2754 1697 3001 1752 Christus
3033 1706 3115 1753 est
3145 1698 3200 1753 in
3243 1700 3462 1755 dextera
3491 1701 3593 1756 Dei

1991 1803 2012 1827 ‹ι
2049 1782 2284 1849 sedens;
2320 1800 2440 1854 qua;
2483 1801 2697 1838 sursum
2744 1793 2873 1839 sunt
2909 1786 3104 1856 sapite,
3138 1803 3248 1841 non
3278 1805 3399 1858 quae
3428 1805 3593 1859 super

1991 1891 2012 1915 α
2047 1877 2267 1925 terram.
2301 1872 2495 1926 Mortui
2525 1874 2670 1928 enim
2718 1873 2869 1938 estis,
2902 1881 2952 1928 et
2983 1874 3093 1929 vita
3143 1883 3325 1930 vestra
3352 1876 3590 1932 abscon-

1991 1958 2155 2013 «dita
2186 1967 2267 2013 est
2297 1975 2419 2015 cum
2466 1960 2682 2016 Christo
2729 1962 2784 2015 in
2832 1963 2970 2017 Deo.
3021 1964 3156 2018 Cum
3206 1972 3384 2019 autem
3427 1965 3589 2019 Chri-

1989 2069 2011 2093 «
2045 2055 2159 2102 stus
2188 2049 2518 2119 apparuerit,
2552 2049 2656 2105 vita
2687 2058 2889 2116 vestra,
2923 2058 3049 2106 tunc
3080 2059 3133 2105 et
3163 2067 3261 2107 vos
3291 2052 3587 2123 apparebi-

1990 2157 2011 2181 «ι
2047 2135 2113 2190 tis
2143 2152 2265 2190 cum
2294 2137 2413 2207 ipso
2454 2137 2508 2190 in
2558 2138 2756 2209 gloria.
2812 2137 3135 2195 Mortiﬁcate
3182 2156 3318 2212 ergo
3347 2143 3590 2198 membra

1991 2232 2246 2293 «vestra,
2298 2241 2418 2296 quae
2467 2233 2591 2280 sunt
2640 2242 2804 2296 super
2861 2234 3080 2283 terram.
3132 2228 3586 2294 Fornicationem.

1991 2312 2457 2383 «immunditiam,
2527 2314 2830 2381 libidinem,
2902 2316 3401 2388 concupiscentiam
3466 2334 3589 2391 ma-

1991 2422 2011 2447 α
2047 2399 2176 2468 lam,
2210 2410 2263 2455 et
2291 2402 2572 2457 avaritiam
2606 2404 2826 2473 (Ephes.
2860 2420 2916 2471 v,
2950 2404 3029 2475 3.)
3062 2422 3183 2476 quae
3230 2414 3312 2461 est
3360 2407 3588 2462 simula-

1989 2511 2011 2536 α
2047 2505 2263 2544 crorum
2305 2489 2620 2563 [idolorum]
2674 2492 2950 2559 servitus;
3004 2501 3231 2564 propter
3276 2510 3396 2566 quae
3444 2496 3590 2551 venit

1990 2576 2123 2631 «ira
2153 2578 2252 2632 Dei
2303 2594 2470 2649 super
2511 2577 2651 2633 filios
2696 2579 3007 2635 diffidentiae
3053 2580 3486 2655 [incredulitatis]
3533 2584 3590 2638 in

1989 2687 2010 2711 ει
2048 2665 2241 2736 quibus
2270 2674 2323 2721 et
2354 2682 2451 2722 vos
2483 2667 2802 2722 ambulastis
2851 2668 3163 2740 aliquando,
3197 2686 3321 2726 cum
3368 2670 3587 2727 vivere-

1990 2753 2109 2807 «tis
2140 2754 2195 2807 in
2236 2754 2361 2808 illis.
2412 2756 2569 2811 Nunc
2620 2764 2797 2811 autem
2842 2756 3095 2827 deponite
3139 2766 3193 2813 et
3238 2775 3337 2814 vos
3381 2760 3581 2829 omnia,

1990 2840 2214 2907 «iram,
2286 2842 2737 2914 indignationem,
2805 2845 3095 2913 malitiam,
3167 2847 3580 2918 blasphemiam,

1989 2952 2010 2975 α
2048 2937 2257 3000 turpem
2306 2948 2616 2987 sermonem
2646 2933 2715 2988 de
2752 2949 2845 2988 ore
2893 2942 3093 2989 vestro.
3145 2934 3325 2991 Nolite
3366 2936 3584 2992 mentiri

1986 3041 2007 3065 α
2044 3018 2297 3085 invicem,
2332 3020 2695 3092 exspoliantes
2740 3038 2838 3077 vos
2865 3030 3109 3077 veterem
3152 3024 3426 3079 hominem
3458 3042 3581 3080 cum

1986 3128 2007 3153 α
2044 3107 2252 3163 actibus
2295 3108 2426 3173 suis,
2463 3117 2516 3164 et
2555 3109 2844 3165 induentcs
2894 3126 3096 3166 novum
3127 3111 3349 3182 (Ephes.
3385 3128 3461 3180 γι,
3492 3115 3585 3184 23)

1988 3216 2008 3241 α
2044 3211 2166 3250 eum
2198 3197 2289 3267 qui
2340 3206 2637 3255 renovatur
2666 3198 2723 3252 in
2770 3199 3105 3271 agnitionem
3152 3201 3252 3255 Dei
3285 3202 3585 3257 secundum

1988 3305 2009 3330 α
2043 3283 2333 3354 imaginem
2363 3285 2499 3354 ejus,
2536 3286 2628 3358 qui
2659 3287 2859 3361 creavit
2889 3303 3015 3342 eum
3061 3287 3153 3342 ubi
3180 3304 3290 3344 non
3331 3297 3413 3344 est
3441 3306 3584 3362 gen-

1987 3394 2008 3418 ‹‹
2045 3371 2151 3426 tilis
2194 3381 2245 3427 et
2286 3373 2526 3443 Jutlzeus,
2570 3375 2916 3431 circumcisio
2966 3384 3018 3431 et
3066 3379 3390 3448 praeputium
3439 3378 3583 3450 [ma-

1986 3482 2007 3506 α
2044 3459 2227 3514 sculus
2258 3470 2311 3515 et
2358 3461 2598 3535 femina],
2633 3464 2903 3518 barbarus
2934 3472 2988 3520 et
3036 3464 3253 3536 Scytha,
3291 3483 3483 3523 servus
3531 3475 3586 3523 et

1988 3570 2008 3594 α
2043 3548 2198 3616 liber,
2246 3550 2343 3605 sed
2391 3552 2575 3605 omnia
2606 3560 2657 3607 et
2685 3552 2740 3606 in
2768 3554 3023 3607 omnibus
3072 3554 3339 3609 Christus.
3375 3556 3585 3612 Induite

1986 3657 2008 3686 α
2046 3652 2144 3693 vos
2174 3654 2308 3708 ergo
2358 3638 2497 3694 sicut
2526 3639 2686 3695 electi
2734 3641 2833 3696 Dei
2880 3641 3099 3714 (Ephes.
3132 3658 3209 3709 vr,
3245 3644 3354 3713 11),
3388 3645 3578 3711 sancti,

1988 3746 2008 3771 ‹‹
2044 3733 2097 3780 et
2126 3726 2307 3783 dilecti
2347 3727 2561 3783 viscera
2591 3728 2997 3796 misericordiae,
3032 3730 3441 3801 benignitatem,
3474 3733 3581 3787 hu-

1987 3835 2008 3860 α
2045 3814 2345 3881 militatem,
2396 3816 2741 3887 modestiam,
2807 3818 3141 3888 patientiam,
3196 3810 3581 3890 supportantes

1987 3923 2010 3953 ι
2044 3902 2279 3959 invicem
2308 3912 2361 3958 et
2390 3904 2658 3961 donantes
2685 3906 3092 3977 vobismetipsis
3119 3926 3132 3975 ;
3168 3908 3213 3962 si
3235 3907 3357 3980 quis
3385 3908 3580 3965 adver-

1987 4012 2008 4037 ‹‹
2042 4008 2136 4046 sus
2184 3992 2422 4063 aliquem
2466 3994 2631 4049 habet
2690 3995 2988 4066 querelam,
3035 3996 3173 4051 sicut
3218 4004 3269 4052 et
3318 3997 3582 4054 Dominus

1987 4101 2008 4127 ιι
2044 4079 2265 4135 donavit
2296 4081 2471 4147 vobis,
2497 4082 2567 4135 ita
2597 4090 2650 4137 et
2666 4098 2782 4139 vos.
2816 4084 2994 4154 Super
3014 4084 3198 4139 omnia
3234 4095 3411 4141 autem
3441 4088 3577 4154 haec,

1986 4192 2006 4215 α
2045 4169 2362 4224 charitatem
2395 4168 2492 4242 [αἱ.
2531 4171 2657 4226 add.
2694 4172 3025 4244 continuam]
3063 4174 3281 4241 habete,
3315 4176 3461 4245 quod
3500 4184 3584 4232 est

1988 4279 2009 4303 u
2042 4256 2318 4312 vinculum
2365 4257 2735 4328 perfectionis.
2776 4261 2844 4314 Et
2889 4277 2995 4332 pax
3026 4261 3221 4316 Christi
3270 4263 3497 4319 exsultet
3524 4264 3581 4320 in

278 4354 452 4415 cepta:
483 4344 609 4400 ﬁdei
646 4346 827 4419 legem
877 4347 1332 4418 superaddebant,
1366 4347 1561 4401 merito
1610 4344 1952 4418 supersti-D
1986 4367 2006 4391 ‹‹
2044 4345 2301 4400 cordibus
2348 4347 2583 4413 vestris;
2619 4348 2674 4401 in
2717 4366 2821 4420 qua
2870 4358 2922 4404 et
2965 4351 3143 4406 vocati
3189 4350 3319 4406 estis
3364 4352 3419 4406 in
3469 4370 3579 4410 uno

276 4432 402 4487 tiosi
415 4433 685 4490 dicuntur.
712 4436 777 4490 In
796 4436 1201 4506 superstitione
1224 4435 1345 4491 dico
1367 4439 1425 4498 et
1444 4436 1775 4490 humilitate
1796 4435 1880 4491 fo-

275 4520 356 4575 ris
385 4521 655 4592 simulata,
688 4524 943 4579 videntur
986 4524 1254 4579 rationem
1284 4523 1506 4579 habere.
1553 4522 1688 4592 Quae
1718 4524 1876 4578 etiam

276 4618 404 4663 sunt
424 4611 723 4665 secundum
750 4613 915 4668 verba
936 4628 1121 4667 eorum
1138 4613 1209 4667 ad
1229 4630 1344 4667 non
1372 4612 1719 4684 parcendum
1748 4628 1877 4669 cor-

269 4700 419 4769 pori.
454 4699 650 4754 Dicunt
680 4700 825 4756 enim
854 4717 954 4756 nos
984 4717 1093 4756 non
1122 4709 1311 4757 tenere
1339 4700 1539 4771 legem,
1566 4709 1624 4756 ut
1651 4701 1877 4756 liberius

273 4785 662 4859 indulgeamus
684 4788 841 4843 nobis
873 4789 926 4843 in
957 4789 1042 4843 his
1064 4806 1186 4860 quae
1208 4790 1452 4858 jucunda
1481 4798 1603 4843 sunt
1635 4789 1873 4861 corpori,

274 4889 336 4928 se
366 4884 549 4930 autem
579 4893 730 4932 more
760 4877 899 4949 legis
929 4878 1030 4933 Dei
1058 4877 1202 4932 nolle
1233 4893 1459 4948 parcere
1480 4878 1718 4948 corpori.
1744 4877 1878 4947 Quaa

273 4964 437 5019 etiam
467 4981 582 5020 non
614 4973 737 5019 sunt
767 4965 873 5020 illis
903 4967 964 5021 in
1013 4966 1220 5022 honore
1266 4967 1472 5039 aliqua.
1508 4966 1703 5021 Dicunt
1733 4967 1877 5021 enim

272 5069 333 5107 se
363 5052 486 5107 ideo
519 5054 817 5109 secundum
864 5054 1046 5126 legem
1077 5054 1351 5109 humiliari
1400 5054 1521 5126 quia
1568 5070 1679 5110 non
1721 5071 1876 5127 qua?-

270 5148 391 5195 runt
431 5141 757 5196 honoraria
783 5142 985 5213 p0pulo
1034 5143 1171 5198 sicut
1218 5159 1357 5208 nos;
1388 5160 1510 5214 qua:
1556 5143 1719 5198 etiam
1768 5159 1878 5199 non

269 5237 395 5283 sunt
425 5230 531 5283 illis
557 5230 628 5285 ad
656 5232 1030 5287 saturitatem
1059 5234 1272 5287 carnis.
1305 5232 1501 5286 Dicunt
1533 5233 1676 5287 enim
1708 5249 1787 5299 se,
1821 5240 1880 5286 ut

264 5317 450 5388 legem
479 5319 791 5387 observent,
826 5320 967 5376 velle
995 5337 1274 5376 macerare
1306 5336 1546 5388 carnem,
1571 5328 1622 5376 et
1651 5337 1751 5376 nos
1782 5321 1877 5376 de-

261 5414 477 5461 struere
510 5407 690 5480 legem
729 5416 784 5462 ut
817 5409 885 5463 de
915 5410 1168 5465 omnibus
1198 5409 1360 5464 liceat
1380 5409 1714 5481 ingurgitare
1745 5426 1877 5464 ven-

260 5501 422 5551 trem.
457 5495 558 5551 νει
588 5496 762 5567 aliter,
785 5503 844 5552 ut
874 5513 984 5554 non
1018 5498 1090 5554 ad
1118 5499 1467 5571 parcendum
1497 5498 1737 5569 corpori,
1766 5504 1873 5554 etc.

1983 4457 2004 4481 α
2043 4449 2293 4504 corpore,
2330 4443 2381 4490 et
2407 4436 2549 4506 grati
2596 4444 2788 4493 estote.
2837 4438 3076 4494 Verbum
3126 4439 3326 4495 Christi
3374 4442 3579 4499 habitet

1984 4542 2006 4573 ι
2039 4522 2094 4577 in
2124 4522 2282 4578 vobis
2328 4525 2683 4595 abundanter,
2717 4526 2772 4581 in
2802 4528 2949 4582 omni
3003 4529 3273 4600 sapientia
3319 4531 3580 4588 docentes

1983 4632 2005 4661 ε
2042 4620 2094 4667 et
2122 4622 2528 4669 commonentes
2576 4616 2961 4687 vosmetipsos,
2996 4617 3049 4671 in
3079 4618 3304 4689 psalmis
3334 4628 3384 4674 et
3418 4621 3581 4692 hym-

1982 4700 2122 4755 «nis
2168 4709 2221 4756 et
2271 4702 2491 4758 canticis
2535 4703 2929 4774 spiritualibus,
2976 4706 3031 4759 in
3076 4707 3251 4778 gratia
3298 4715 3579 4765 cantantes

1983 4810 2005 4839 α
2041 4789 2095 4843 in
2128 4790 2384 4845 cordibus
2416 4792 2613 4848 vestris
2653 4794 2787 4848 Deo.
2822 4793 2998 4849 Omne
3046 4796 3411 4868 quodcunque
3441 4796 3580 4853 faci-

1983 4900 2004 4925 α
2040 4878 2106 4932 tis
2135 4878 2191 4931 in
2220 4879 2389 4935 verbo
2438 4889 2530 4935 aut
2557 4881 2611 4936 in
2651 4898 2837 4953 opere,
2872 4883 3051 4938 omnia
3090 4884 3147 4939 in
3192 4885 3413 4941 nomine
3460 4886 3578 4943 Do-

1982 4987 2005 5015 «
2040 4965 2173 5020 mini
2201 4968 2370 5023 nostri
2416 4970 2545 5023 Jesu
2596 4970 2814 5037 Christi,
2845 4971 3045 5042 gratias
3095 4982 3324 5045 agentes
3370 4975 3485 5031 Deo
3526 4983 3581 5032 et

1984 5077 2004 5101 α
2041 5055 2180 5109 Patri
2209 5071 2309 5126 per
2351 5056 2529 5127 ipsum
2560 5060 2611 5127 (I
2637 5060 2758 5115 Cor.
2792 5075 2851 5127 Χ,
2887 5060 2997 5132 31).
3048 5062 3320 5130 Mulieres,
3355 5064 3580 5119 subditae

1983 5164 2004 5193 ι
2043 5152 2214 5199 estote
2258 5144 2409 5215 viris,
2445 5146 2581 5202 sicut
2611 5157 2844 5219 aportet,
2879 5149 2933 5203 in
2978 5151 3211 5208 Domino
3262 5153 3483 5225 (Ephes.
3520 5168 3579 5221 v,

1982 5255 2003 5279 α
2039 5236 2144 5299 22;
2180 5234 2208 5288 Ι
2235 5235 2391 5289 Petr.
2426 5251 2508 5305 ιιι,
2541 5240 2613 5306 1).
2651 5238 2782 5303 Viri,
2800 5238 3010 5309 diligite
3040 5257 3241 5296 uxores
3268 5250 3499 5308 vestras,
3526 5250 3580 5297 et

1981 5340 2003 5370 ι
2040 5321 2208 5377 nolite
2251 5323 2419 5378 amari
2467 5341 2589 5380 esse
2620 5326 2689 5380 ad
2733 5326 2874 5381 illas.
2911 5327 3155 5384 284
3188 5330 3329 5396 Filii,
3362 5329 3582 5385 obedite

1981 5430 2003 5460 α
2036 5411 2349 5480 parentibus
2398 5428 2496 5483 per
2522 5413 2743 5483 omnia;
2777 5416 2882 5472 hoc
2931 5417 3076 5471 enim
3107 5417 3363 5488 placitum
3414 5425 3496 5472 est
3526 5417 3583 5473 in

1979 5521 2000 5545 ‹‹
2033 5499 2284 5556 Domino.
2318 5500 2525 5570 Patres,
2559 5502 2726 5560 nolite
2774 5504 2842 5560 ad
2871 5504 3301 5579 indignationem
3331 5506 3577 5579 (iracun-
