3960 6050
392 175 491 228 391

926 171 981 226 S.
1017 168 1370 226 BRUNONIS
1409 164 2057 225 CABTHUSIANORUM
2110 162 2595 220 INSTITUTORIS
2649 162 2798 218 OPP.
2861 162 3036 218 PARS
3067 162 3142 216 II.

3585 164 3689 220 392

398 320 419 344 α
456 294 623 367 diam]
681 310 985 367 provocare
1050 294 1192 350 ﬁlios
1253 303 1486 361 vestros,
1530 301 1587 349 ut
1634 310 1743 348 non
1787 291 1986 363 pusillo
2015 289 2439 352 AvindictaDei
2454 288 2613 343 etiam
2635 305 2805 360 super
2823 288 2970 357 ﬁlios
2991 286 3438 343 incredulitatis.
3459 284 3617 354 Quod
3639 285 3684 339 si

398 406 419 435 ι
455 384 869 456 [pusillanimes]
918 385 1096 439 animo
1147 383 1276 439 fiant
1320 384 1538 457 (Ephes.
1588 399 1664 452 v1,
1702 383 1773 452 4).
1808 380 1983 446 Servi,

396 494 418 523 ‹
457 474 671 528 obedite
726 492 826 544 per
881 474 1063 528 omnia
1112 473 1346 528 dominis
1395 472 1721 535 carnalibus,
1764 486 1872 525 non
1920 468 2003 522 ad'

398 582 420 611 ι
456 562 673 617 oculum
723 562 1043 629 servientes,
1104 562 1257 633 quasi
1306 560 1614 615 hominibus
1689 559 1982 629 placentes,

398 671 419 700 ι
455 650 554 705 sed
591 650 645 704 in
690 650 1032 721 simplicitate
1083 650 1263 704 cordis
1313 649 1565 703 timentes
1615 646 1908 702 Dominum
1941 646 1993 716 (Ι

398 759 419 788 ι
457 741 611 794 Petr.
642 754 699 805 II,
738 739 843 810 18).
872 738 1244 809 Quodcunque
1268 736 1462 804 facitis,
1491 754 1555 791 ex
1589 736 1770 791 animo
1790 750 1987 805 Opera-

399 826 589 881 «mini
633 827 771 883 sicut
818 828 1070 892 Domino,
1118 835 1169 881 et
1216 842 1323 881 non
1372 824 1702 887 hominibus,
1753 824 1987 879 scientes

396 938 418 962 α
456 916 598 987 quod
630 931 661 970 a
682 916 914 971 Domino
946 915 1223 986 accipietis
1253 914 1665 969 retributionem
1693 912 1986 967 haeredita-

398 1025 420 1054 ε
456 1004 544 1058 tis.
578 1005 807 1059 Domino
852 1005 1065 1059 Christo
1118 1004 1335 1059 servite.
1393 1002 1496 1070 Qui
1543 1003 1687 1057 enim
1737 1000 1987 1070 injuriam

396 1112 417 1141 ε
453 1092 599 1159 facit,
634 1093 854 1164 recipiet
884 1093 937 1147 id
969 1093 1113 1164 quod
1145 1092 1325 1164 inique
1357 1092 1527 1162 gessit
1557 1092 1731 1158 (Rom.
1767 1105 1825 1155 ιι,
1864 1092 1977 1157 il).

395 1200 417 1230 ι
453 1181 521 1235 Et
576 1197 683 1236 non
739 1190 819 1237 est
891 1197 1254 1253 personarum
1302 1180 1547 1252 acceptio
1609 1178 1750 1250 apud
1814 1179 1985 1233 Deum

392 1292 413 1316 α
454 1268 674 1341 (Ephes.
703 1286 779 1338 vr,
813 1273 883 1338 9;
919 1272 1043 1327 Act.
1075 1286 1133 1337 χ,
1170 1270 1280 1340 34).
1320 1293 1341 1317 ι

1029 1480 1324 1521 EXPOSITIO
1337 1504 1351 1519 .

460 1607 528 1662 Et
559 1607 685 1679 quia
714 1610 926 1665 mortui
956 1623 1084 1663 cum
1117 1609 1354 1671 Christo,
1374 1606 1482 1675 jam
1513 1604 1648 1659 ultra
1678 1619 1786 1658 non
1806 1603 1983 1659 vivitis

388 1698 611 1751 mundo.
644 1697 819 1768 Igitur
846 1696 1072 1768 quaerite
1105 1713 1226 1767 quae
1252 1712 1479 1750 sursum
1502 1696 1659 1760 sunt,
1687 1693 1741 1747 id
1763 1700 1845 1748 est
1867 1709 1979 1748 οω-

388 1785 566 1839 lorum
590 1785 999 1854 jucunditatem,
1026 1792 1078 1839 et
1109 1800 1323 1839 omnem
1351 1783 1632 1852 justitiam,
1656 1782 1723 1837 ad
1752 1782 1808 1836 id
1838 1783 1983 1853 quod

387 1890 604 1928 sursum
635 1880 718 1928 est
764 1874 1071 1928 ducentem.
1105 1874 1186 1927 De
1233 1889 1460 1928 sursum
1493 1871 1690 1926 dicitur
1719 1871 1982 1943 quidquid

385 1963 453 2017 de
479 1963 681 2018 mundo
712 1977 821 2016 non
852 1971 952 2015 est.
993 1963 1235 2029 Quaerite
1267 1962 1410 2027 dico,
1444 1963 1494 2015 si
1538 1961 1980 2016 consurrexistis

386 2067 515 2106 cum
551 2050 791 2117 Christo,
812 2050 866 2104 id
893 2057 974 2104 est
1004 2050 1128 2120 quia
1167 2050 1623 2104 resurrectionem
1657 2050 1852 2102 animae
1882 2064 1982 2118 per

386 2139 658 2193 Christum
690 2138 872 2208 adepti
901 2138 1051 2208 estis,
1085 2154 1206 2209 quae
1253 2154 1465 2191 sursum
1500 2144 1641 2203 sunt,
1674 2146 1726 2191 et
1753 2137 1981 2207 potestis

386 2235 439 2281 et
470 2242 718 2298 quaerere
749 2226 981 2281 debetis.
1014 2227 1250 2281 Sursum
1280 2226 1425 2292 dico,
1458 2225 1665 2280 scilicet
1696 2225 1789 2280 ubi
1824 2224 1981 2280 Chri—

384 2319 508 2370 stus
540 2316 599 2369 in
632 2315 871 2370 dextera
900 2315 998 2370 Dei
1029 2315 1245 2379 sedens,
1271 2314 1323 2368 id
1356 2322 1437 2368 est
1468 2314 1522 2368 in
1542 2312 1851 2385 aequalitate
1878 2314 1980 2367 Pa-

385 2403 484 2458 tris
516 2403 802 2474 quiescens
831 2411 882 2458 et
906 2403 1177 2472 judicans.
1230 2403 1477 2458 Christus
1527 2410 1724 2469 autem,
1758 2402 1813 2455 in
1841 2401 1978 2457 dex-

380 2499 497 2547 tera
545 2492 715 2547 Patris
764 2492 981 2557 sedens,
1038 2508 1223 2559 causa,
1252 2492 1489 2564 ‘signum
1521 2500 1569 2547 et
1601 2490 1867 2547 certitudo
1897 2497 1980 2544 est

381 2596 482 2636 nos
512 2596 633 2636 cum
684 2581 898 2635 Christo
942 2590 1299 2636 surrecturos.
1332 2582 1446 2636 Nec
1496 2579 1671 2635 solum
1720 2580 1973 2652 quaerite,

383 2669 479 2723 sed
509 2669 708 2740 sapite,
741 2668 795 2722 id
825 2676 906 2723 est
937 2669 1283 2725 dulcedinem
1326 2669 1604 2739 praelibate
1636 2684 1825 2723 eorum
1855 2684 1978 2739 qua:

381 2773 609 2812 sursum
638 2760 796 2811 sunt.
834 2758 1048 2828 Sapite,
1080 2758 1323 2829 inquam,
1340 2774 1461 2829 qua:
1490 2774 1716 2813 sursum
1748 2759 1977 2825 sunt,et

377 2861 493 2900 non
525 2860 591 2900 ea
619 2862 739 2918 quae
767 2849 902 2899 sunt
924 2861 1092 2917 super
1123 2850 1355 2901 terram.
1388 2847 1511 2900 Non
1540 2845 1747 2900 debetis
1780 2860 1975 2915 sapere

380 2950 501 3005 quae
522 2942 645 2988 sunt
665 2950 827 3005 super
852 2942 1052 2989 terram
1080 2953 1093 3001 ;
1118 2950 1216 2991 vos
1237 2936 1392 2989 enim
1410 2936 1626 2988 mortui
1648 2935 1781 2989 estis
1805 2940 1973 2988 terre-

378 3023 483 3077 nis.
518 3004 743 3077 Debetis
773 3038 968 3094 sapere
999 3040 1120 3094 quae
1151 3039 1367 3076 sursum
1398 3029 1539 3076 sunt.
1570 3023 1707 3077 Nam
1737 3023 1856 3078 vita
1887 3038 1976 3076 ve-
1998 3004 2044 3064 Ο

377 3115 499 3167 stra
530 3115 615 3167 est
644 3114 708 3167 in
740 3114 867 3178 Deo,
888 3119 940 3166 et
958 3111 1011 3165 in
1032 3118 1184 3166 tanta
1203 3111 1462 3181 dignitate
1480 3110 1625 3182 quod
1647 3128 1775 3166 cum
1810 3110 1975 3165 Chri-

381 3204 490 3254 sto.
531 3202 650 3255 Vita
679 3199 802 3255 dico
853 3199 1197 3265 abscondita,
1234 3200 1287 3254 id
1318 3208 1399 3254 est
1430 3215 1539 3254 non
1570 3199 1842 3265 omnibus,
1878 3198 1975 3253 sed

377 3287 568 3357 paucis
599 3288 855 3343 revelata.
890 3289 949 3342 In
978 3289 1082 3343 hoc
1114 3288 1282 3343 verbo
1312 3288 1466 3342 multi
1514 3295 1851 3352 erraverunt,
1884 3286 1973 3341 di-

377 3384 560 3431 centes
592 3377 807 3430 stultum
841 3392 963 3432 esse
1009 3376 1284 3432 hominem
1315 3391 1415 3447 pro
1445 3392 1510 3432 eo
1547 3376 1796 3431 laborare
1828 3376 1973 3447 quod

374 3464 578 3520 homini
608 3464 905 3520 revelatum
934 3481 1044 3521 non
1093 3465 1179 3520 sit.
1211 3466 1369 3521 Nunc
1398 3465 1492 3520 illa
1538 3465 1648 3520 vita
1677 3473 1862 3521 vestra
1891 3471 1972 3519 est

376 3554 724 3622 abscondita;
749 3556 844 3610 sed
866 3572 996 3611 cum
1016 3556 1352 3627 apparuerit
1375 3555 1651 3621 Christus,
1667 3554 1892 3611 veniens
1904 3553 1972 3607 ad

368 3642 652 3710 judicium,
685 3642 948 3711 Christus,
982 3643 1122 3709 dico,
1156 3645 1273 3699 vita
1302 3647 1507 3709 vestra,
1541 3642 1595 3696 in
1622 3643 1773 3711 cujus
1804 3650 1969 3697 teter-

372 3731 536 3785 nitate
602 3731 758 3786 vobis
822 3741 1046 3802 paratur
1106 3732 1401 3797 aeternitas,
1452 3739 1606 3798 tunc,
1673 3738 1970 3801 apparente

372 3819 606 3882 Christo,
640 3835 733 3874 vos
763 3819 920 3873 etiam
949 3821 1291 3892 apparebitis
1331 3836 1460 3876 cum
1489 3821 1608 3890 ipso
1640 3818 1875 3889 ponendi
1906 3821 1969 3873 in

371 3908 571 3977 gloria.
608 3907 751 3979 Lege
783 3908 914 3961 satis
934 3908 1240 3978 improbata
1261 3916 1313 3963 et
1341 3907 1445 3962 ﬁde
1467 3907 1798 3963 sufﬁcienter
1827 3922 1970 3963 com-

370 3994 647 4061 mendata,
677 3994 814 4049 sicut
858 3994 914 4049 in
962 3995 1206 4066 Epistola
1238 3997 1304 4049 ad
1348 3996 1637 4066 Ephesios,
1690 3995 1969 4066 subjungit

369 4083 627 4139 moralem
687 4083 1117 4152 instructionem,
1168 4084 1319 4155 prius
1381 4084 1586 4140 docens
1652 4085 1706 4139 in
1748 4084 1967 4155 publico

368 4172 688 4239 Ecclesiam,
722 4173 918 4229 deinde
949 4188 1131 4241 sexus,
1164 4180 1366 4241 aetates,
1402 4181 1455 4228 et
1485 4173 1843 4243 conditiones,
1878 4173 1967 4228 di-

369 4276 500 4316 cens
532 4278 544 4315 :
580 4261 721 4329 Quia
764 4262 869 4317 vita
911 4271 1094 4318 vestra
1124 4264 1188 4318 in
1216 4265 1324 4318 Deo
1374 4270 1475 4331 est,
1509 4262 1807 4334 apparituri
1838 4262 1966 4317 estis

2089 379 2142 431 hi
2174 378 2263 448 qui
2295 377 2458 433 ﬁdem
2489 394 2597 432 non
2639 384 2980 447 acceperant,
3016 375 3254 430 damnati
3297 382 3421 428 sunt
3450 390 3551 444 pro
3580 375 3685 428 hu—

2082 467 2339 536 jusmodi,
2376 467 2502 537 quid
2532 466 2733 536 putatis
2762 466 2830 520 de
2862 465 3017 519 vobis
3041 464 3131 535 qui
3163 463 3324 518 ﬁdem
3346 462 3677 533 accipiendo,

2086 557 2202 610 haec
2230 555 2413 610 omnia
2456 554 2793 609 abdicastis?
2822 556 2884 608 In
2915 555 3108 624 quibus
3147 553 3410 607 membris
3440 550 3687 621 corporis

2086 644 2315 714 peccati,
2342 660 2432 699 vos
2453 645 2626 697 etiam
2646 643 2783 697 sicut
2802 642 2889 696 alii
2912 641 3195 696 increduli
3224 641 3558 696 ambulastis
3579 640 3688 694 ali-

2087 733 2328 803 quando,
2354 748 2481 786 cum
2514 732 2774 786 viveretis
2804 733 2865 785 in
2893 731 3033 795 illis,
3060 729 3268 784 scilicet
3298 736 3539 799 tempore
3569 725 3689 781 inﬁ-

2088 820 2342 875 delitatis.
3694 818 3703 825 ’

2160 908 2302 963 Olim
2348 907 2665 961 ambulastis
2695 906 2750 960 in
2796 906 2921 960 illis.
2980 906 3087 961 Sed
3135 922 3310 973 nunc,
3338 905 3448 975 jam
3496 903 3685 960 ﬁdeles

2087 997 2234 1064 facti,
2268 997 2531 1069 deponite
2579 1012 2697 1062 vos,
2731 1002 2783 1050 et
2812 995 3088 1066 praedicta,
3123 1002 3175 1049 et
3204 994 3383 1049 omnia
3434 1010 3554 1065 quae
3592 1009 3685 1048 se—

2089 1094 2343 1156 quuntur,
2379 1085 2585 1140 scilicet
2614 1086 2781 1149 iram,
2807 1083 2862 1138 id
2892 1091 2971 1138 est
3004 1083 3235 1137 subitam
3266 1082 3684 1137 commotionem

2088 1174 2269 1242 animi,
2304 1174 2782 1245 indignationem,
2816 1171 2868 1225 id
2898 1180 2979 1226 est
3006 1187 3074 1225 ne
3104 1170 3172 1225 de
3201 1171 3376 1241 aliqua
3406 1170 3683 1241 prosperi-

2087 1271 2193 1317 tate
2224 1261 2574 1317 inferioribus
2604 1261 2760 1316 vobis
2808 1258 3185 1332 indignemini.
3218 1259 3486 1329 Deponite
3522 1258 3683 1313 etiam

2086 1352 2373 1407 malitiam
2405 1358 2457 1404 et
2487 1349 2652 1404 animi
2684 1357 2735 1404 et
2768 1348 3035 1419 corporis,
3071 1355 3123 1402 et
3169 1346 3573 1419 blasphemiam
3622 1348 3686 1402 in

2088 1441 2262 1495 Deum
2313 1447 2364 1494 et
2411 1439 2737 1509 proximum.
2768 1437 3035 1507 Deponite
3083 1436 3244 1491 etiam
3293 1451 3510 1490 omnem
3556 1439 3685 1490 tur-

2085 1545 2215 1600 pem
2246 1543 2560 1584 sermonem
2592 1528 2658 1582 de
2686 1542 2780 1581 ore
2809 1530 3012 1581 vestro.
3033 1525 3104 1579 Et
3129 1526 3309 1580 nolite
3330 1523 3566 1579 mentiri
3594 1525 3686 1578 in-

2088 1619 2283 1682 vicem,
2330 1623 2387 1669 ut
2431 1616 2570 1670 alter
2613 1615 2843 1669 alterum
2896 1613 3148 1684 decipiat.
3200 1612 3395 1683 Utique
3444 1611 3685 1667 breviter

2084 1705 2267 1760 omnia
2295 1703 2604 1772 hujusmodi
2648 1702 2990 1770 interdicam,
3029 1702 3144 1756 sitis
3177 1702 3561 1772 exspoliantes
3592 1716 3685 1755 vos

2084 1800 2329 1850 veterem
2350 1793 2539 1849 homin
2547 1791 2713 1858 em,id
2727 1800 2809 1845 est
2820 1791 3063 1845 habitum
3076 1796 3421 1861 peccatorum
3440 1788 3595 1844 28
3606 1788 3677 1844 5

2083 1899 2212 1939 cum
2245 1883 2461 1938 actibus
2494 1883 2632 1936 suis.
2666 1879 2897 1947 Quidam
2949 1879 3092 1934 enim
3124 1878 3366 1933 habitum
3405 1878 3685 1949 deponunt

2082 1970 2311 2042 peccati,
2347 1969 2437 2041 qui
2466 1969 2791 2041 quandoque
2823 1976 3053 2040 cogente
3095 1966 3387 2038 fragilitate
3417 1966 3471 2020 in
3503 1974 3684 2021 actum

2081 2059 2289 2130 peccati
2332 2058 2601 2112 labuntur.
2652 2057 2775 2111 Non
2823 2064 3005 2110 tamen
3054 2062 3390 2111 resumentes
3437 2053 3681 2108 habitum

2082 2146 2308 2218 peccati,
2345 2146 2470 2200 licet
2514 2152 2712 2211 actum,
2747 2144 2873 2216 quia
2921 2152 3042 2214 post
3090 2159 3280 2199 casum
3327 2142 3581 2197 festinant
3610 2141 3681 2196 ad

2079 2234 2475 2307 pmnitentiam.
2538 2232 2924 2303 Exspoliantes
2974 2247 3072 2287 vos
3099 2240 3340 2286 veterem
3379 2230 3676 2297 hominem,

2081 2329 2137 2379 et
2166 2324 2467 2379 induentes
2500 2337 2725 2387 novum,
2759 2321 2813 2375 id
2843 2329 2926 2376 est
2955 2320 3198 2375 habitum
3241 2320 3517 2387 virtutum,
3550 2334 3679 2374 eum

2080 2412 2285 2468 scilicet
2315 2413 2410 2483 qui
2438 2415 2744 2467 renovatur
2775 2410 3012 2480 quotidie
3051 2424 3306 2464 crescens
3335 2408 3391 2462 in
3436 2407 3677 2463 novitate

2074 2501 2315 2569 justitiaz.
2340 2501 2664 2554 Renovalur
2683 2498 2823 2564 dico,
2851 2498 3081 2553 tendens
3101 2499 3163 2553 in
3180 2498 3531 2567 agnitionem
3551 2496 3671 2563 Dei,

2080 2589 2206 2661 quia
2231 2603 2450 2658 semper
2487 2587 2679 2643 crescit
2708 2587 2763 2640 in
2795 2586 3106 2658 cognitione
3154 2585 3369 2639 deitatis
3418 2591 3676 2655 quantum

2077 2677 2129 2731 in
2153 2676 2436 2731 virtutibus
2458 2675 2722 2731 ascendit.
2745 2677 3084 2740 Renovatur,
3104 2661 3675 2746 inquam,'secundum

2077 2766 2408 2836 imaginem,
2432 2763 2486 2818 id
2508 2771 2591 2818 est
2610 2763 2890 2834 puritatem
2915 2764 3034 2833 ejus
3064 2764 3159 2834 qui
3189 2762 3402 2817 creavit
3422 2777 3550 2817 eum
3572 2774 3674 2830 pro

2075 2854 2241 2908 modo
2272 2868 2371 2907 suo
2394 2851 2443 2906 ei
2471 2868 2530 2905 se
2558 2851 2966 2918 conformando,
2987 2852 3099 2916 ubi,
3122 2850 3176 2905 id
3206 2859 3289 2905 est
3319 2850 3373 2904 in
3397 2864 3501 2920 quo
3529 2862 3674 2903 novo

2076 2941 2295 2997 homine
2316 2956 2432 2996 non
2449 2944 2533 2995 est
2561 2940 2850 2996 masculus
2873 2944 2931 2994 et
2958 2942 3195 3010 femina,
3220 2939 3274 2993 id
3305 2946 3386 2993 est
3405 2952 3565 2992 nemo
3587 2952 3675 2992 re-

2073 3030 2271 3100 cipitur
2298 3029 2383 3084 vel
2413 3028 2663 3097 abjicitur
2713 3036 2933 3099 pr0pter
2975 3043 3183 3082 sexum.
3219 3027 3323 3082 Ubi
3363 3026 3525 3081 etiam
3555 3042 3673 3083 non

2074 3122 2158 3175 est
2186 3118 2417 3189 gentilis
2446 3118 2532 3172 vel
2568 3115 2813 3183 Iudaeus,
2847 3115 2901 3169 id
2932 3123 3013 3170 est
3041 3115 3117 3169 nil
3148 3122 3307 3170 nocet
3337 3130 3459 3169 esse
3490 3114 3672 3185 genti-
3738 3122 3741 3125 '

2072 3206 2202 3272 lem,
2235 3205 2310 3259 nil
2339 3205 2563 3276 prodest
2594 3204 2763 3259 fuisse
2792 3204 3036 3258 Judaaum
3061 3222 3075 3270 ;
3108 3203 3328 3275 gentilis
3370 3210 3423 3258 et
3449 3202 3670 3256 Iudaeus

2073 3294 2195 3350 dico
2226 3292 2599 3365 generatione.
2634 3293 2701 3347 Et
2732 3291 2858 3363 quia
2876 3291 3093 3362 quidam
3125 3292 3193 3345 de
3212 3290 3415 3346 Iudaeis
3444 3289 3498 3343 in
3526 3305 3668 3360 gen-

2072 3382 2339 3448 tilitatem,
2370 3390 2423 3436 et
2466 3381 2687 3453 quidam
2718 3381 2787 3435 de
2816 3380 3069 3450 gentibus
3116 3379 3443 3434 transierunt
3470 3377 3523 3431 in
3553 3377 3669 3433 cir-

2072 3470 2483 3535 cumcisionem,
2517 3469 2638 3524 ideo
2670 3467 2820 3523 addit
2848 3468 2941 3522 ubi
2969 3485 3084 3524 non
3116 3472 3201 3523 est
3226 3467 3581 3523 circumcisio
3613 3470 3670 3522 et

2068 3560 2436 3632 praeputium,
2468 3558 2592 3629 quia
2638 3573 2746 3612 non
2776 3557 2899 3627 plus
2930 3556 3151 3627 prodest
3180 3555 3348 3610 fuisse
3377 3554 3667 3610 circumci-

2070 3664 2191 3702 sum
2222 3662 2385 3719 quam
2402 3662 2525 3701 esse
2554 3645 2954 3716 praeputiatum.
2978 3644 3083 3700 Ubi
3115 3644 3240 3699 item
3272 3660 3387 3699 non
3418 3646 3503 3699 est
3532 3643 3670 3698 Bar-

2069 3736 2237 3791 barus
2266 3740 2323 3789 et
2352 3733 2578 3806 Scytha,
2605 3734 2696 3805 qui
2726 3733 3017 3788 barbarior
3038 3740 3121 3787 est
3142 3731 3406 3786 barbaris.
3434 3730 3538 3786 Ubi
3556 3745 3667 3786 non

2069 3831 2151 3879 est
2181 3840 2375 3879 servus
2406 3825 2461 3877 et
2490 3823 2627 3877 liber
2660 3841 2678 3889 ;
2708 3820 2785 3877 sic
2815 3822 2959 3875 enim
3010 3820 3063 3877 in
3104 3835 3336 3891 corpore
3384 3818 3663 3886 virtutum,

2069 3928 2258 3967 servus
2299 3910 2590 3981 suscipitur
2622 3917 2680 3964 ut
2710 3909 2982 3964 dominus.
3034 3908 3358 3964 Substantiae
3390 3907 3534 3962 enim
3565 3922 3667 3961 nec

2066 4007 2283 4067 nocent,
2326 4016 2428 4055 nec
2477 4006 2705 4070 prosunt
2749 3997 2803 4051 in
2853 4013 2995 4053 novo
3043 3997 3279 4063 homine,
3315 3996 3442 4068 quia
3489 3995 3666 4050 omnis

2067 4088 2371 4143 substantia
2416 4095 2662 4142 creatura
2711 4086 2855 4141 bona
2884 4086 2985 4140 Dei
3012 4093 3113 4153 est,
3146 4086 3244 4141 sed
3273 4084 3576 4156 qualitates,
3608 4090 3668 4137 ut

2060 4177 2285 4246 justitia,
2339 4176 2425 4231 vel
2472 4175 2749 4245 injustitia,
2791 4191 2911 4245 quae
2938 4190 2968 4228 a
2998 4174 3156 4229 nobis
3205 4173 3661 4244 superadduntur,

2066 4266 2151 4319 hee
2181 4265 2268 4321 vel
2297 4271 2527 4335 prosunt
2557 4264 2646 4319 vel
2666 4262 2987 4333 impediunt.
3023 4262 3251 4318 Gentilis
3281 4269 3333 4316 et
3351 4261 3569 4316 Judaaus
3590 4259 3666 4314 ibi

365 4364 496 4403 cum
519 4350 735 4405 Christo
754 4351 815 4405 in
835 4352 1032 4422 gloria,
1057 4368 1182 4423 ergo
1204 4352 1544 4420 mortiﬁcate
1568 4352 1814 4407 membra
1843 4367 1965 4423 qua:
1985 4359 2035 4418 D
2064 4368 2173 4407 non
2224 4361 2368 4420 sunt,
2402 4352 2497 4409 sed
2545 4351 2819 4415 Christus,
2873 4350 2928 4406 id
2974 4358 3057 4405 est
3104 4350 3275 4406 virtus
3324 4349 3543 4405 veniens
3596 4364 3663 4404 ex

368 4444 550 4492 vestra
565 4442 704 4492 sunt
725 4455 895 4510 super
916 4444 1149 4507 terram,
1170 4440 1224 4495 id
1245 4449 1328 4495 est
1345 4440 1399 4494 in
1422 4440 1652 4495 terrenis
1673 4439 1955 4495 haerentia.

364 4526 493 4581 Hazc
509 4526 754 4581 membra
783 4535 939 4583 vocat
976 4536 1222 4599 peccata,
1246 4546 1367 4601 quae
1410 4529 1656 4584 membra
1676 4536 1799 4583 sunt
1829 4543 1959 4583 cor-

365 4614 515 4685 poris
560 4615 789 4685 peccati,
833 4616 971 4672 sicut
998 4617 1052 4671 in
1082 4618 1435 4689 sequentibus
1480 4616 1671 4671 innuit.
1723 4616 1959 4672 Membra

364 4705 708 4773 mortiﬁcate
739 4709 945 4772 vestra,
966 4705 1172 4761 scilicet
1198 4708 1661 4777 fornicationem,
1682 4712 1736 4759 ut
1758 4712 1841 4759 est
1863 4704 1958 4757 ha-

363 4790 492 4846 bere
523 4808 639 4847 rem
680 4809 804 4847 cum
834 4809 1003 4850 uxore
1026 4794 1276 4865 proximi.
1318 4794 1480 4849 Aliud
1510 4794 1814 4849 membrum
1844 4794 1957 4847 im-

364 4880 711 4935 munditiam
763 4882 1071 4948 libidinem,
1107 4883 1161 4937 id
1210 4891 1291 4938 est
1335 4883 1681 4939 libidinosam
1714 4881 1959 4938 volunta-

362 4974 489 5034 tem,
523 4976 576 5022 et
604 4972 1144 5041 concupiscentiam.
1180 4972 1245 5026 Et
1274 4973 1403 5043 quia
1433 4972 1501 5028 de
1522 4973 1679 5028 bonis
1702 4971 1958 5041 concupi-

361 5055 589 5110 scientia
617 5057 834 5123 dicitur,
867 5060 1073 5114 addidit
1102 5062 1335 5127 malam,
1368 5069 1425 5115 ut
1453 5070 1536 5116 est
1565 5060 1956 5131 concupiscere

360 5160 477 5199 rem
507 5144 757 5201 alienam.
791 5147 1110 5204 Mortiﬁcate
1158 5148 1320 5203 etiam
1352 5148 1408 5202 in
1436 5150 1591 5203 vobis
1628 5150 1951 5213 avaritiam,

357 5249 481 5304 qua:
510 5237 593 5289 est
623 5234 805 5289 illicita
834 5237 1223 5309 congregando
1244 5245 1297 5291 et
1317 5237 1658 5303 retentando,
1680 5253 1801 5308 quae
1821 5252 1953 5291 ava-

356 5321 477 5375 ritia
507 5330 588 5377 est
618 5326 861 5379 servitus
890 5325 1191 5381 idolorum.
1228 5324 1332 5393 Qui
1363 5325 1506 5380 enim
1529 5326 1703 5381 Deum
1733 5331 1953 5394 postpo-

356 5409 431 5464 nit
470 5418 528 5465 ut
574 5412 858 5482 pecuniam
910 5428 1113 5485 augere
1156 5413 1346 5484 possit,
1382 5420 1565 5484 spreto
1612 5414 1747 5478 Deo,
1780 5425 1952 5481 pecu-

353 5497 504 5554 niam
535 5499 684 5557 colit.
716 5504 955 5575 Propter
982 5519 1103 5575 qua:
1133 5501 1443 5573 supradicta
1461 5502 1617 5559 venit
1644 5503 1753 5571 ira,
1786 5499 1843 5556 id
1870 5506 1953 5555 est

2063 4440 2298 4509 Christo,
2349 4445 2434 4496 est
2479 4442 2692 4510 omnia,
2726 4439 2779 4494 id
2811 4446 2889 4494 est
2945 4438 3121 4494 omnis
3170 4438 3448 4509 perfectio.
3480 4438 3549 4492 Et
3586 4436 3663 4492 ita

2062 4530 2207 4601 quod
2234 4530 2297 4583 in
2328 4529 2607 4594 omnibus,
2639 4529 2696 4583 id
2725 4536 2807 4583 est
2834 4527 2888 4582 in
2919 4527 3166 4598 singulis,
3203 4528 3271 4581 sit
3300 4526 3499 4582 omnia.

2126 4618 2195 4672 Et
2216 4617 2433 4688 quando
2452 4616 2670 4688 quidem
2695 4633 2869 4671 novus
2887 4617 3049 4671 homo
3072 4615 3380 4670 induendus
3402 4622 3502 4680 est,
3523 4629 3660 4686 ergo

2059 4706 2284 4761 induite
2314 4721 2405 4760 vos
2434 4705 2680 4759 membra
2720 4704 2847 4760 novi
2876 4704 3129 4760 hominis.
3176 4703 3402 4759 Induite
3448 4701 3578 4757 dicit
3608 4709 3662 4757 et

2060 4794 2359 4850 secundum
2389 4793 2666 4859 decorem,
2702 4792 2826 4865 quia
2872 4792 3114 4848 nuditate
3142 4791 3351 4863 peccati
3394 4790 3663 4861 deturpati

2060 4899 2278 4938 eramus
2309 4890 2360 4937 et
2391 4882 2689 4938 secundum
2735 4881 3111 4952 depulsionem
3143 4881 3362 4953 frigoris
3394 4880 3657 4951 iniquita-

2058 4972 2145 5037 tis,
2179 4971 2420 5039 Induite,
2469 4971 2705 5042 inquam,
2742 4987 2855 5037 vos,
2887 4972 3035 5025 sicut
3085 4970 3249 5025 electi
3295 4970 3415 5027 Dei.
3451 4968 3505 5023 id
3554 4975 3656 5034 est,

2058 5075 2198 5131 quos
2233 5061 2379 5114 Deus
2402 5059 2469 5112 ab
2501 5067 2706 5113 aeterno
2737 5066 2789 5113 et
2820 5058 2873 5112 in
2897 5066 3139 5128 tempore
3160 5074 3258 5129 per
3283 5057 3559 5111 ministros
3589 5055 3659 5109 ad

2057 5147 2223 5203 ﬁdem
2249 5147 2494 5203 vocando
2544 5146 2728 5219 elegit.
2759 5146 2938 5202 Electi
2982 5146 3104 5201 dico
3148 5150 3203 5201 et
3248 5149 3460 5208 sancti,
3490 5145 3546 5198 id
3576 5151 3659 5199 est

2054 5236 2323 5307 positione
2367 5235 2627 5291 virtutum
2656 5235 2713 5289 in
2761 5235 2904 5289 bono
2952 5234 3164 5299 sanciti,
3214 5241 3266 5287 et
3295 5233 3349 5287 in
3397 5241 3650 5303 utroque,

2054 5325 2109 5378 id
2136 5332 2218 5379 est
2245 5324 2301 5378 in
2332 5324 2597 5380 electione
2628 5331 2681 5379 et.
2711 5321 3140 5378 sanctificatione
3189 5322 3385 5377 dilecti
3433 5321 3656 5375 induite

2054 5428 2145 5467 vos
2200 5412 2653 5468 misericordiam.
2705 5412 2774 5466 Et
2832 5411 2900 5466 ad
2957 5410 3224 5479 majorem
3282 5408 3651 5465 incitationem

2054 5501 2366 5571 expressius
2396 5500 2469 5556 ait
2501 5515 2513 5555 :
2546 5501 2776 5558 Viscera
2805 5480 3225 5567 misericordia,
3251 5505 3311 5553 ut
3340 5498 3396 5554 in
3418 5496 3553 5570 ipsis
3582 5494 3659 5554 vi-
