3960 6050
238 241 342 293 393

914 235 1295 295 EXPOSITIO
1335 236 1409 293 IN
1444 234 1827 293 EPISTOLAS
1864 235 2087 294 PAULI.
2120 270 2189 281 —
2220 242 2295 299 IN
2321 242 2537 299 EPIST.
2571 243 2664 299 AD
2692 212 2858 300 COL.

3428 245 3531 301 394

242 360 487 415 sceribus
516 359 782 415 redundet
802 361 889 431 pia
918 361 1151 417 affectio.
1179 362 1388 416 Indulte
1405 377 1504 417 vos
1525 361 1689 417 etiam
1709 378 1829 416 cum
1850 363 1906 423 A
1940 364 2169 422 Christi.
2196 368 2293 423 Vel
2323 369 2479 424 aliter
2502 387 2515 423 :
2552 371 2725 426 Omne
2743 370 3104 442 quodcunque
3120 371 3313 441 facitis
3334 371 3396 426 in
3418 387 3533 426 ver-

240 448 613 503 misericordia
671 450 835 503 animi
880 451 985 505 hoc
1014 451 1350 507 .membrum
1396 450 1524 505 novi
1578 450 1833 517 hominis,

242 537 447 592 scilicet
498 539 905 608 benignitatem
957 539 1249 610 largiendi,
1285 547 1336 593 et
1368 540 1757 594 humilitatem
1786 539 1840 592 in

239 626 410 680 verbo
432 634 481 679 et
503 626 736 693 incessu,
759 632 813 681 et
845 628 1197 695 modestiam,
1236 627 1289 681 id
1312 635 1393 682 est
1423 628 1840 698 temperantiam

240 715 294 767 in
346 714 617 779 omnibus,
671 723 723 769 et
749 716 1111 786 patientiam,
1148 716 1191 769 si
1223 716 1456 771 adversa
1487 716 1829 771 incumbunt.

241 803 654 874 Supportantes
684 819 782 858 vos
812 805 1075 870 invicem,
1110 804 1163 858 id
1204 811 1289 858 est
1317 804 1543 858 alternis
1575 804 1836 859 orationi-

238 891 339 944 bus
353 900 404 945 et
421 891 640 959 jejuniis
658 892 797 946 alter
810 892 1034 947 alterius
1054 908 1219 947 onera
1242 893 1529 962 portando.
1550 894 1621 947 Et
1640 893 1689 947 si
1714 894 1852 974 quis

234 988 477 1034 vestrum
514 980 677 1036 habet
704 982 1010 1050 querelam,
1040 981 1096 1035 id
1118 988 1198 1035 est
1230 982 1433 1050 justam
1456 981 1833 1051 repetitionem

235 1068 524 1137 cujuslibet
556 1068 656 1137 rei,
688 1069 954 1124 adversus
988 1071 1235 1141 aliquem
1274 1068 1514 1134 fratrem,
1558 1071 1834 1125 donantes

232 1157 637 1228 vobismefipsis
669 1157 924 1223 invicem,
958 1174 1059 1212 nec
1087 1166 1144 1211 ut
1190 1158 1421 1228 pretium
1465 1158 1744 1221 relaxetis,
1781 1166 1833 1212 et

234 1245 414 1299 minus
469 1246 626 1300 solito
667 1245 926 1316 diligatis,
979 1247 1078 1301 sed
1110 1247 1260 1301 sicut
1297 1247 1568 1302 Dominus
1599 1246 1830 1302 donavit

228 1334 381 1391 vobis
403 1377 417 1398 ,
451 1334 688 1389 debitum
718 1335 1056 1401 dimittendo,
1092 1343 1143 1389 et
1184 1334 1530 1389 dilectionem
1561 1336 1828 1405 superad-

230 1422 435 1488 dendo,
470 1425 549 1477 ita
583 1428 638 1478 et
664 1440 755 1478 vos
784 1423 1090 1478 condonate
1121 1423 1278 1478 vobis
1310 1423 1559 1479 invicem.
1586 1423 1827 1477 Patien-

229 1513 398 1575 tia-m,
432 1519 561 1576 etc.,
596 1512 816 1567 induite
838 1532 856 1579 ;
880 1528 1048 1585 super
1069 1512 1183 1567 haec
1213 1517 1405 1568 autem
1437 1513 1648 1579 omnia,
1671 1511 1725 1565 id
1746 1518 1829 1566 est

230 1600 574 1670 superiorem
607 1608 659 1655 et
691 1599 993 1669 digniorem
1018 1601 1101 1654 his
1132 1600 1403 1666 omnibus,
1432 1600 1624 1655 habete
1645 1600 1826 1655 chari-

1944 455 2026 521 bo,
2048 460 2149 510 aut
2179 460 2241 512 in
2272 475 2454 529 opere,
2477 459 2548 512 ita
2570 460 2713 529 quod
2742 460 2809 512 sit
2832 475 3012 524 omne,
3033 459 3088 512 id
3107 467 3187 513 est
3207 458 3527 529 perfectum,

1941 560 2049 598 non
2107 562 2207 614 pro
2256 547 2415 601 laude
2463 548 2744 602 hominum
2775 547 2992 617 factum,
3026 548 3186 603 facile
3213 549 3274 602 in
3302 550 3533 604 nomine

1939 635 2166 688 Domini
2188 636 2358 689 nostri
2379 638 2509 690 Jesu
2535 636 2762 692 Christi.
2781 638 2890 691 Vos
2904 638 3045 704 dico,
3066 653 3286 708 semper
3302 641 3530 708 agentes

1937 723 2155 791 gratias
2183 724 2290 778 Deo
2313 728 2367 778 et
2397 725 2579 788 Patri,
2612 742 2714 796 per
2733 727 2917 796 ipsum
2936 725 3225 791 Christum,
3250 741 3347 795 per
3368 741 3531 796 quem

1938 810 2117 863 omnia
2166 811 2309 865 bona
2360 813 2515 866 vobis
2559 813 2801 868 contulit.
2857 816 3011 869 Actio
3050 813 3192 868 enim
3234 814 3528 885 gratiarum

1936 897 2229 967 plurimum
2259 900 2402 954 valet
2433 901 2501 954 ad
2528 901 2948 970 impetrandum.

2006 986 2299 1057 Postquam
2330 988 2383 1041 in
2416 990 2689 1043 communi
2736 990 3040 1045 Ecclesiam
3088 990 3386 1056 admonuit,
3430 1006 3523 1045 se-

1933 1075 2163 1143 paratim
2192 1076 2407 1130 instruit
2438 1093 2617 1143 sexus,
2654 1086 2861 1141 aetates,
2896 1079 3251 1145 conditiones,
3298 1079 3523 1135 dicens:

1934 1162 2171 1217 Invicem
2202 1180 2301 1219 vos
2331 1174 2663 1235 supportate,
2700 1167 2795 1220 sed
2826 1183 2942 1232 vos,
2972 1168 3261 1232 mulieres,
3290 1168 3524 1238 amplius

1932 1267 2090 1321 quam
2114 1253 2289 1307 caeteri
2308 1258 2480 1308 estote
2492 1254 2728 1309 subdita:
2740 1256 2874 1310 viris
2892 1257 3109 1321 vestris,
3125 1257 3273 1311 sicut
3284 1261 3520 1327 oportet.

1932 1338 2311 1408 Opportunum
2342 1341 2484 1395 enim
2515 1349 2597 1396 est
2626 1342 2907 1397 mulierem
2936 1344 3204 1397 subditam
3236 1359 3359 1399 esse
3378 1344 3518 1399 viro.

1930 1427 2170 1482 Subditae
2215 1436 2396 1483 tamen
2426 1431 2487 1483 in
2520 1431 2776 1495 Domino,
2800 1431 2854 1485 id
2886 1440 2967 1485 est
2995 1433 3292 1487 secundum
3320 1432 3515 1487 Domi-

1926 1531 2075 1569 num.
2109 1516 2165 1571 Si
2198 1516 2341 1571 enim
2372 1517 2557 1573 volunt
2588 1534 2685 1573 vos
2708 1535 3013 1589 supponere
3049 1520 3320 1585 adulteris,
3343 1520 3395 1573 in
3416 1521 3521 1576 hoc

1925 1605 2089 1660 nolite
2110 1605 2288 1659 subdi.
2317 1606 2425 1660 Vos
2455 1610 2791 1675 autem,viri,
2816 1609 3037 1679 diligite
3057 1623 3265 1665 uxores
3283 1613 3519 1675 vestras,

229 1693 431 1777 tatem.
466 1688 563 1742 Vel
594 1688 668 1742 ita
700 1689 926 1777 :rSuper
944 1688 1077 1754 haec,
1114 1689 1168 1743 id
1186 1698 1267 1743 est
1286 1688 1463 1760 magis
1486 1688 1733 1743 laborate
1755 1688 1824 1741 ad
1844 1717 1896 1777 Β
1936 1697 1991 1747 et
2020 1696 2197 1750 nolite
2215 1696 2400 1749 amari
2429 1711 2543 1750 esse
2565 1696 2637 1750 ad
2656 1696 2808 1752 illas.
2834 1696 3013 1751 Nimia
3042 1696 3187 1751 enim
3208 1697 3519 1763 austeritas,

224 1776 534 1831 habendam
593 1776 913 1831 charitatem
972 1792 1135 1847 quam
1193 1778 1261 1832 ad
1308 1776 1612 1847 praemissa.
1648 1777 1819 1843 Quod,

226 1864 453 1933 scilicet,
486 1865 693 1920 habere
725 1865 1049 1921 charitatem
1079 1870 1164 1921 est
1192 1867 1503 1933 vinculum,
1529 1865 1581 1919 id
1603 1872 1683 1920 est
1704 1864 1823 1920 col—

224 1952 583 2025 ligamentum
602 1954 990 2026 perfectionis,
1046 1954 1099 2007 id
1121 1963 1199 2008 est
1224 1961 1542 2009 caeterarum
1564 1954 1826 2008 virtutum

224 2058 351 2112 quae
379 2042 682 2111 perfectum
711 2041 933 2097 faciunt.
986 2042 1191 2097 Omnes
1236 2042 1380 2096 enim
1428 2041 1653 2096 virtutes
1684 2058 1823 2096 con-

225 2138 477 2203 gregatae
511 2131 627 2185 sine
657 2130 942 2197 charitate,
976 2138 1101 2185 sunt
1130 2131 1286 2201 quasi
1306 2130 1481 2201 pulvis
1501 2130 1818 2196 dissolutus,

223 2220 321 2289 qui
350 2217 507 2273 facile
539 2218 607 2272 ad
640 2219 1019 2289 impulsionem
1050 2219 1194 2274 venti
1226 2218 1377 2289 (quia
1407 2218 1523 2273 sine
1559 2226 1823 2274 caemento

220 2305 347 2375 fuit)
397 2307 748 2379 dispergitur.
799 2306 888 2363 Sic
936 2308 1081 2363 enim
1130 2308 1359 2363 virtutes
1408 2307 1524 2362 sine
1558 2316 1822 2363 caemento

222 2395 505 2450 charitatis
552 2404 903 2466 congregatae
934 2395 1089 2451 facile
1138 2396 1336 2451 cedunt
1379 2396 1599 2452 cuilibet
1640 2404 1820 2451 tenta-

219 2483 384 2537 tioni.
423 2484 488 2538 Et
517 2492 575 2538 ut
603 2484 932 2540 incharitate
962 2484 1187 2555 perfecti
1218 2484 1355 2548 sitis,
1384 2502 1526 2556 pax,
1541 2484 1597 2539 id
1617 2492 1698 2539 est
1730 2501 1822 2540 ex-

215 2571 390 2627 terior
421 2572 732 2639 concordia,
764 2591 884 2645 pax
906 2573 1031 2629 dico
1065 2573 1290 2639 Christi,
1313 2572 1368 2626 id
1389 2581 1469 2627 est
1492 2590 1654 2643 quam
1676 2572 1821 2627 Chri-

217 2668 340 2714 stus
371 2660 425 2714 in
456 2661 661 2715 mundo
692 2661 901 2727 habuit,
933 2670 982 2715 et
1004 2661 1312 2716 habendam
1328 2660 1531 2729 docuit,
1558 2662 1626 2716 sit
1646 2661 1701 2715 in
1724 2676 1819 2716 vo-

218 2748 329 2813 bis,
361 2748 432 2802 ita
462 2748 606 2820 quod
634 2749 698 2803 in
726 2749 985 2804 cordibus
1012 2751 1229 2815 vestris,
1262 2766 1372 2804 non
1392 2749 1695 2816 coactione,
1720 2748 1818 2803 sed

219 2852 288 2891 ex
316 2835 593 2891 voluntate
623 2853 813 2907 pacem
843 2836 1091 2892 habeatis
1122 2838 1191 2892 ad
1238 2854 1448 2905 omnes,
1482 2846 1532 2893 et
1561 2838 1636 2892 ita
1666 2837 1733 2891 sit
1762 2836 1815 2890 in

218 2925 477 2980 cordibus
500 2926 647 2997 quod
678 2926 752 2981 ibi
770 2926 1045 2992 exsultet,
1077 2926 1131 2979 id
1163 2934 1243 2981 est
1265 2926 1333 2980 de
1356 2926 1669 2997 quotidiano
1692 2942 1820 2997 gau-

217 3012 344 3068 deat
373 3013 730 3069 incremento.
763 3016 829 3068 In
859 3030 986 3086 qua,
1019 3012 1075 3068 id
1096 3021 1178 3069 est
1198 3014 1268 3068 ad
1296 3029 1479 3085 quam,
1503 3030 1697 3085 pacem
1718 3014 1815 3068 ha-

1928 1782 2254 1853 quandoque
2283 1791 2571 1852 peccatum
2598 1793 2845 1856 generat.
2879 1785 2949 1838 Et
2979 1801 3097 1853 vos,
3145 1785 3272 1853 ﬁlii,
3305 1787 3520 1841 obedite

1924 1872 2254 1941 parentibus
2300 1887 2400 1941 per
2429 1872 2632 1939 omnia,
2693 1873 2763 1926 ita
2796 1880 2976 1927 tamen
3007 1873 3150 1943 quod
3184 1876 3244 1927 in
3265 1875 3517 1940 Domino,

1924 1974 2034 2014 non
2064 1959 2118 2012 in
2168 1958 2378 2015 cultura
2428 1960 2559 2015 idoli
2608 1961 2694 2016 vel
2746 1960 3056 2016 homicidio.
3107 1960 3345 2015 Obedire
3375 1961 3517 2027 dico,

1926 2049 2055 2120 quia
2087 2048 2208 2115 hoc,
2239 2049 2447 2104 scilicet
2476 2048 2701 2103 obedire
2729 2048 2955 2119 parenti,
2978 2050 3257 2121 placitum
3289 2054 3370 2104 est
3388 2051 3515 2105 Deo.

1922 2137 1991 2190 Et
2040 2152 2157 2206 vos,
2218 2142 2429 2210 patres,
2466 2138 2646 2192 nolite
2707 2153 3009 2208 provocare
3043 2137 3115 2192 ad
3158 2138 3519 2192 iracundiam

1931 2225 2082 2293 ﬁlios
2105 2230 2329 2289 vestros,
2378 2229 2444 2279 ut
2468 2241 2585 2278 non
2632 2225 2782 2293 ﬁant
2809 2226 3033 2297 pusillo,
3058 2224 3112 2278 id
3156 2232 3238 2279 est
3278 2225 3515 2292 modico,

1922 2315 2130 2377 animo,
2155 2313 2209 2367 in
2231 2312 2505 2383 patiendo,
2542 2321 2593 2367 et
2612 2313 2861 2383 percussi
2891 2329 2923 2367 a
2953 2313 3128 2380 vobis,
3150 2313 3517 2383 repercutiant

1920 2416 2035 2457 vos.
2058 2402 2125 2455 Et
2146 2417 2261 2468 vos,
2286 2402 2448 2466 servi,
2473 2402 2687 2457 obedite
2701 2418 2803 2468 per
2822 2402 3013 2457 omnia
3065 2402 3328 2467 dominis,
3352 2401 3517 2456 etiam

1920 2490 2264 2556 carnalibus,
2314 2506 2429 2544 non
2481 2491 2788 2545 servientes
2832 2490 2941 2544 illis
2971 2491 3041 2545 ad
3069 2491 3316 2556 oculum,
3349 2488 3405 2544 id
3434 2496 3518 2545 est

1920 2578 2163 2648 quandiu
2195 2577 2326 2632 estis
2354 2577 2409 2631 in
2439 2578 2612 2634 oculis
2644 2593 2853 2643 eorum,
2902 2578 3063 2650 quasi
3089 2594 3189 2648 per
3216 2579 3357 2632 hanc
3387 2593 3513 2633 ser-

1916 2666 2142 2720 vitutem
2168 2666 2445 2737 placeatis
2472 2666 2789 2722 hominibus
2830 2674 3057 2732 tantum,
3091 2667 3186 2721 sed
3205 2666 3269 2721 in
3284 2667 3511 2738 simpli-

1916 2751 2092 2806 citate
2120 2750 2308 2805 cordis
2338 2750 2537 2805 servite
2566 2750 2689 2816 illis,
2726 2753 2993 2806 timentes
3006 2750 3058 2803 in
3089 2751 3194 2805 hoc
3221 2749 3512 2805 Dominum

1915 2839 2090 2894 Deum
2120 2837 2211 2908 qui
2240 2854 2344 2909 pro
2367 2846 2590 2910 peccato
2621 2847 2803 2894 vestro
2834 2837 2922 2894 vel
2948 2846 3253 2909 parentum,
3277 2854 3376 2893 vos
3397 2854 3513 2893 ser-

1913 2942 2012 2981 vos
2070 2925 2365 2996 constituit,
2400 2935 2457 2981 ut
2515 2927 2581 2981 de
2611 2926 2732 2981 filiis
2778 2927 2943 2982 Cham
2974 2926 3204 2999 legimus
3234 2927 3394 2997 (Gen.
3428 2942 3509 2995 Ix,

1915 3017 2028 3079 25).
2043 3016 2161 3071 Nec
2175 3016 2443 3084 objiciatis
2467 3017 2611 3087 quod
2634 3016 2989 3071 dominimale
3007 3016 3309 3071 retribuunt
3329 3015 3507 3083 vobis,

215 3102 456 3157 bendam
491 3104 671 3158 vocati
701 3104 835 3158 estis
863 3117 895 3156 a
923 3103 1038 3157 Deo
1058 3103 1121 3157 in
1141 3118 1253 3158 uno
1275 3103 1592 3174 corpore,id
1614 3111 1821 3158 estnon
1843 3073 1889 3133 θ
1918 3104 2161 3160 scientes
2174 3105 2315 3176 quod
2337 3120 2433 3160 vos
2473 3106 2765 3176 accipietis
2790 3123 2824 3160 a
2852 3106 3086 3161 Domino
3121 3105 3237 3159 Deo
3260 3104 3510 3159 retribu-

218 3198 425 3245 tantum
473 3199 532 3245 ut
562 3192 631 3245 ad
684 3191 947 3245 unitatem
977 3190 1221 3260 corporis
1263 3190 1512 3258 veniatis,
1548 3191 1646 3246 sed
1677 3200 1734 3245 ut
1763 3191 1819 3245 in

216 3279 307 3333 illa
338 3280 542 3335 unitate
572 3281 963 3350 permaneatis.
996 3280 1104 3333 Pax
1138 3279 1205 3333 sit
1234 3279 1289 3333 in
1320 3279 1577 3334 cordibus
1600 3281 1812 3335 vestris.

218 3368 292 3422 Et
310 3383 409 3423 vos
455 3372 631 3423 estote
660 3370 831 3440 grati,
856 3367 910 3422 id
942 3375 1024 3423 est
1054 3368 1261 3439 gratias
1307 3366 1548 3424 286
1600 3384 1819 3437 semper

218 3463 449 3526 agentes
479 3456 595 3510 Deo
626 3456 692 3510 de
726 3456 938 3511 collatis
968 3455 1124 3511 vobis
1151 3454 1448 3511 beneﬁciis.
1489 3457 1649 3511 Grati
1669 3455 1811 3525 dico,

218 3543 483 3599 docentes
515 3548 570 3599 et
591 3550 1006 3602 commonentes
1029 3545 1406 3615 vosmetipsos.

285 3631 395 3686 Sed
427 3632 482 3686 in
514 3648 622 3703 quo
650 3632 848 3687 docere
870 3640 921 3687 et
950 3648 1301 3688 commonere
1328 3649 1387 3687 se
1416 3632 1647 3689 debeant
1674 3649 1815 3704 praec

212 3719 394 3788 mittit,
458 3720 682 3775 dicens:
733 3721 803 3776 Ut
847 3720 1068 3791 possitis
1114 3736 1213 3776 vos
1242 3721 1441 3777 docere
1472 3729 1525 3775 et
1567 3736 1814 3776 commo-

214 3825 371 3873 nere,
405 3810 652 3878 verbum,
678 3808 733 3863 id
755 3816 835 3864 est
866 3809 1131 3874 doctrina,
1170 3809 1396 3876 Christi,
1436 3808 1492 3864 id
1522 3818 1603 3865 est
1631 3809 1718 3865 vel
1746 3810 1814 3864 de

216 3897 455 3963 Christo,
488 3897 575 3952 vel
607 3912 773 3969 quam
805 3897 1051 3952 Christus
1083 3897 1283 3963 docuit,
1310 3897 1527 3953 habitet
1562 3898 1813 3953 continue

211 3985 265 4039 in
291 3984 461 4040 vobis.
497 3986 565 4039 Et
594 3986 668 4040 ita
705 3986 851 4056 quod
890 3986 1265 4053 abundanter,
1298 3986 1355 4040 id
1411 3994 1493 4040 est
1522 3986 1812 4041 abundan-

212 4074 345 4128 tiam
375 4073 625 4129 habeatis
655 4076 718 4129 in
740 4075 898 4129 omni
918 4075 1219 4145 sapientia,
1256 4072 1310 4127 id
1339 4081 1420 4129 est
1446 4074 1501 4127 in
1530 4074 1679 4129 omni
1707 4090 1809 4147 ge-

213 4178 348 4217 nere
380 4161 687 4218 intellectus
718 4162 981 4227 historici,
1026 4161 1250 4216 moralis
1291 4170 1343 4217 et
1386 4162 1683 4235 allegorici,
1716 4164 1811 4218 do-

209 4254 405 4306 centes
460 4252 819 4323 vosmetipsos
852 4250 1122 4305 studendo
1152 4250 1208 4304 in
1239 4250 1543 4321 Scripturis,
1579 4260 1631 4307 et
1670 4252 1811 4307 bene

208 4338 355 4393 docti
408 4343 829 4396 commonentes
876 4339 1017 4394 alter
1044 4338 1291 4394 alterum.
1326 4340 1620 4394 Plurimum
1666 4339 1810 4395 enim

208 4422 353 4477 valet
409 4423 732 4492 exhortatio,
767 4423 931 4478 etiam
959 4422 1016 4476 in
1042 4423 1208 4477 rebus
1237 4439 1371 4493 quas
1400 4422 1539 4479 bene
1571 4424 1796 4480 scimus.
1831 4426 1884 4485 D

208 4511 484 4565 Docentes
506 4514 561 4566 et
584 4515 1005 4566 commonentes
1034 4511 1157 4567 dico
1176 4513 1240 4567 in
1258 4512 1515 4583 psalmis,
1544 4512 1600 4566 in
1616 4513 1810 4584 quibus

210 4597 355 4653 bona
386 4598 670 4653 moralitas
699 4600 1025 4667 continetur;
1059 4607 1112 4654 et
1140 4601 1203 4654 in
1246 4600 1492 4671 hymnis,
1536 4601 1593 4654 in
1615 4601 1810 4672 quibus

206 4682 329 4741 laus
378 4686 501 4753 Dei,
552 4687 640 4742 vel
688 4695 1004 4743 sanctorum
1053 4688 1120 4743 ad
1149 4687 1384 4760 gloriam
1413 4689 1513 4743 Dei
1540 4689 1806 4757 refertur;

208 4777 347 4830 etin
378 4776 624 4832 canticis
677 4776 1092 4847 spiritualibus,
1141 4776 1197 4830 id
1244 4783 1325 4831 est
1357 4776 1425 4831 de
1456 4777 1810 4847 spiritualium

205 4863 476 4919 bonorum
505 4864 709 4935 gaudio
753 4865 1064 4937 agentibus.
1096 4864 1209 4920 Nec
1241 4864 1417 4919 solum
1447 4866 1708 4922 docentes
1754 4871 1812 4923 et

204 4956 645 5018 commonentes,
669 4953 766 5008 sed
789 4953 947 5007 etiam
969 4956 1272 5010 cantantes
1292 4955 1420 5024 Deo,
1438 4952 1491 5007 id
1510 4962 1590 5008 est
1607 4955 1673 5009 ad
1696 4955 1809 5026 glo-

203 5040 342 5094 riam
372 5040 491 5108 Dei,
522 5056 628 5095 non
659 5040 836 5095 solum
866 5041 920 5095 in
950 5040 1129 5107 labiis,
1154 5042 1253 5096 sed
1283 5041 1442 5095 etiam
1472 5043 1534 5098 in
1556 5042 1808 5100 cordibus

204 5130 434 5184 vestris.
478 5129 791 5185 Cantantes
808 5129 932 5185 dico
954 5129 1017 5184 in
1054 5130 1325 5201 gratia,id
1356 5138 1437 5186 est
1466 5130 1522 5184 in
1552 5132 1806 5187 conside-

204 5218 422 5272 ratione
455 5217 643 5289 gratia:
664 5217 785 5285 Dei,
814 5233 922 5289 qua
942 5226 1165 5287 peccata
1187 5218 1505 5273 eondonans
1527 5236 1624 5275 vos
1637 5220 1803 5289 justi-

206 5305 411 5360 ﬁcavit.
472 5306 541 5361 Ut
590 5307 780 5376 paucis
818 5306 1098 5361 absolvam
1139 5305 1270 5376 quid
1313 5307 1465 5361 vobis
1497 5306 1804 5363 faciendum

208 5394 311 5447 sit:
349 5395 522 5449 Omne
544 5395 906 5466 quodcunque
929 5395 1128 5465 facitis
1147 5395 1209 5448 in
1222 5393 1403 5460 verbo,
1420 5400 1519 5450 aut
1538 5398 1598 5451 in
1620 5412 1802 5468 opere,

203 5483 323 5538 haec
355 5490 409 5537 et
439 5484 635 5537 omnia
664 5499 762 5536 seu
796 5482 850 5536 in
880 5482 1086 5551 habitu,
1122 5498 1219 5537 seu
1249 5482 1303 5536 in
1338 5484 1688 5555 cogitatione,
1712 5490 1808 5557 fa-

199 5571 313 5626 cite
330 5572 394 5626 in
414 5572 663 5636 nomine,
684 5570 740 5624 id
752 5579 834 5625 est
848 5571 919 5627 ad
938 5572 1219 5639 honorem,
1243 5572 1469 5627 Domini
1490 5572 1660 5629 nostri
1680 5576 1810 5634 Jesu

418 5668 659 5723 ΡΑτιιοι..
702 5668 881 5726 CLIII.

1919 3194 2130 3249 tionem
2177 3193 2551 3260 heereditatis,
2593 3193 2646 3246 id
2688 3202 2769 3247 est
2805 3193 3173 3249 hareditatem
3192 3192 3509 3273 retributam

1916 3280 2090 3346 vobis,
2125 3280 2247 3351 quia
2273 3281 2468 3351 jugum
2506 3279 2817 3350 impositum
2869 3282 3023 3337 vobis
3044 3298 3073 3335 a
3096 3282 3211 3336 Deo
3241 3280 3508 3351 patienter

1917 3368 2265 3423 sustinuistis.
2298 3370 2366 3423 Et
2395 3385 2518 3423 cum
2550 3368 2727 3423 dicam
2774 3369 3033 3423 mulieres
3081 3369 3326 3424 subditas
3361 3386 3504 3437 esse,

1914 3456 2061 3512 viros
2089 3457 2339 3529 diligere,
2373 3455 2514 3510 filios
2544 3456 2784 3524 obedire,
2818 3473 3009 3511 servos
3048 3458 3271 3523 servire,
3295 3458 3352 3511 in
3382 3473 3505 3513 om-

1914 3545 2075 3599 nibus
2104 3545 2189 3599 his
2218 3547 2420 3600 servite
2454 3546 2685 3600 Domino
2720 3546 2955 3613 Christo,
2981 3561 3067 3610 ne,
3102 3554 3325 3616 pr0pter
3346 3546 3508 3600 obse-

1914 3634 2101 3705 quium
2133 3632 2387 3697 hominis,
2440 3633 2797 3688 contemnatis
2839 3635 3032 3689 Deum.
3064 3635 3193 3699 Vos,
3230 3633 3391 3699 servi,
3426 3632 3505 3688 sic

1914 3722 2232 3792 operamini,
2268 3721 2398 3792 quia
2429 3722 2746 3794 quicunque
2773 3723 2918 3793 facit
2947 3724 3242 3792 iniuriam,
3290 3721 3405 3776 sive
3434 3720 3505 3776 sit

1914 3826 2117 3876 servus,
2152 3810 2266 3865 sive
2311 3809 2380 3864 sit
2436 3810 2719 3876 Dominus,
2777 3812 3010 3882 recipiet
3042 3810 3099 3864 id
3146 3810 3287 3882 quod
3313 3810 3505 3882 inique

1911 3901 2103 3969 gessit,
2138 3897 2193 3952 id
2223 3904 2307 3953 est
2351 3898 2662 3953 mercedem
2709 3897 3008 3969 iniquitatis
3053 3898 3108 3952 in
3137 3897 3339 3953 futuro.
3376 3898 3503 3953 Ideo

1911 3985 2034 4041 dico
2064 3991 2379 4059 quicunque
2395 3987 2669 4059 injuriam
2690 3989 2850 4057 facit,
2878 3987 3004 4058 quia
3022 3987 3172 4059 apud
3192 3990 3367 4043 Deum
3388 4002 3504 4042 non

1912 4079 1998 4130 est
2044 4075 2292 4147 acceptio
2330 4090 2725 4146 personarum,
2758 4083 2811 4131 ut
2840 4076 2927 4131 hic
2967 4083 3223 4147 acceptus
3252 4076 3342 4144 sit,
3374 4074 3502 4146 quia

1909 4162 2086 4228 liber;
2120 4162 2210 4218 ille
2239 4162 2528 4233 projectus,
2562 4163 2690 4234 quia
2719 4179 2930 4221 servus.

2514 4357 2738 4415 CAPUT
2776 4356 2869 4414 ιν.

1987 4538 2007 4563 α
2044 4514 2278 4583 Domini,
2311 4515 2457 4588 quod
2480 4516 2685 4585 justum
2716 4526 2795 4572 est
2826 4524 2879 4572 et
2908 4532 3121 4589 aequum
3154 4518 3325 4576 servis
3350 4537 3499 4593 pra:-

1915 4611 2135 4670 «state,
2196 4604 2430 4659 scientes
2488 4604 2741 4677 quoniam
2797 4614 2851 4661 et
2907 4624 3005 4663 vos
3062 4610 3341 4665 Dominum
3397 4612 3499 4665 ha-

1913 4715 1934 4738 α
1972 4692 2111 4746 betis
2141 4692 2195 4746 in
2228 4693 2394 4748 ccelo.
2435 4692 2681 4749 Orationi
2702 4694 2895 4751 instate
2918 4695 3242 4770 [instantes],
3268 4699 3498 4771 vigilan-

1915 4799 1933 4832 ι
1973 4787 2053 4834 tes
2072 4779 2127 4834 in
2150 4796 2212 4835 ea
2233 4781 2289 4834 in
2309 4781 2605 4852 gratiarum
2625 4782 2859 4853 octione,
2884 4793 3103 4840 orantes
3150 4786 3309 4841 simul
3326 4794 3379 4842 et
3397 4803 3495 4858 pro

1912 4890 1935 4919 ‹
1970 4867 2207 4925 287
2226 4869 2404 4936 nobis,
2430 4878 2488 4924 ut
2509 4870 2656 4926 Deus
2678 4872 2882 4943 aperiat
2899 4874 3055 4929 nobis
3075 4874 3271 4929 ostium
3294 4891 3497 4932 sermo-

1914 4977 1935 5007 ι
1970 4956 2074 5025 nis,
2117 4957 2186 5011 ad
2242 4957 2574 5029 loquendum
2632 4962 2948 5031 mysterium
3001 4962 3201 5017 Christi
3256 4964 3498 5036 (propter

1915 5066 1936 5095 α
1974 5045 2119 5117 quod
2150 5045 2313 5100 etiam
2345 5046 2560 5102 vinctus
2590 5048 2754 5119 sum),
2789 5057 2846 5103 ut
2874 5050 3214 5107 manifestem
3242 5052 3394 5124 illud,
3420 5054 3497 5111 ita

1914 5155 1935 5184 ι
1968 5142 2027 5188 ut
2081 5142 2300 5205 Oportet
2378 5151 2465 5189 me
2521 5135 2689 5208 loqui.
2769 5138 2828 5191 In
2911 5140 3171 5209 sapientia
3226 5144 3497 5200 ambulate

1909 5246 1929 5270 α
1966 5223 2187 5295 (Ephes.
2249 5238 2304 5289 γ,
2364 5226 2453 5295 15)
2510 5226 2581 5279 ad
2628 5241 2722 5280 eos
2780 5227 2872 5297 qui
2929 5226 3059 5282 foris
3105 5239 3248 5297 sunt,
3283 5240 3497 5304 tempus

1911 5332 1932 5360 ι
1967 5310 2320 5368 redimentes.
2382 5314 2572 5368 Sermo
2630 5322 2811 5369 vester
2840 5332 3057 5387 semper
3086 5317 3140 5372 in
3186 5320 3353 5391 gratia
3382 5320 3494 5376 sale

1912 5421 1933 5450 α
1969 5399 2036 5455 sit
2067 5401 2333 5470 conditus,
2367 5411 2424 5456 ut
2453 5403 2638 5458 sciatis
2669 5405 2942 5474 quomodo
2971 5415 3214 5477 oporteat
3260 5424 3355 5462 vos
3376 5408 3496 5462 uni-

1912 5511 1933 5535 α
1971 5489 2164 5560 cuique
2194 5491 2545 5561 respondere.
2581 5490 2716 5559 Quae
2745 5492 2890 5549 circa
2923 5511 3009 5549 me
3040 5504 3159 5549 sunt
3188 5496 3365 5551 omnia
3394 5513 3497 5553 vo-

1914 5597 1937 5627 α
1972 5577 2055 5632 bis
2083 5586 2211 5633 nota
2235 5578 2395 5635 faciet
2422 5579 2693 5650 Tychicus
2713 5623 2725 5647 ,
2777 5581 3124 5638 charissimus
3152 5582 3320 5641 frater
3348 5594 3401 5642 et
3430 5585 3499 5640 ti-

3217 5686 3281 5739 l3
