3960 6050
444 210 548 264 395

996 205 1052 262 8.
1095 204 1450 263 BRUNONIS
1489 193 2135 258 CARTHUSIANORUM
2173 190 2655 248 INSTITUTORIS
2695 192 2847 247 OPP.
2887 189 3083 245 PARS.
3127 190 3193 244 II.

3635 191 3748 244 396

453 355 475 384 ι
511 333 651 388 deus
705 332 974 393 minister.
1037 340 1090 386 ει
1144 347 1439 387 conservus
1495 330 1548 382 in
1595 326 1848 391 Domino,
1884 338 2044 395 quem
2068 323 2120 379 A
2149 317 2296 383 tiam,
2329 324 2380 370 ut
2406 317 2482 371 sic
2512 315 2578 369 ad
2608 315 2661 368 id
2693 314 2837 386 quod
2881 313 3106 378 vellent,
3141 310 3351 367 facilius
3397 309 3740 366 inducerent.

446 443 469 472 ε
503 421 624 476 misi
655 422 722 475 ad
752 436 848 476 vos
881 421 950 474 ad
978 421 1084 476 hoc
1112 420 1290 490 ipsum
1321 427 1379 472 ut
1419 423 1716 490 cognoscat
1743 430 1862 485 quae
1892 411 2043 466 circa

446 532 468 556 υ
505 526 604 564 vos
651 517 793 577 sunt,
844 517 895 563 et
937 507 1243 563 consoletur
1291 507 1456 561 corda
1509 513 1704 568 vestra,
1737 518 1860 557 cum
1889 499 2041 554 One-

445 621 467 644 «
507 598 645 653 simo
676 597 1025 666 charissimo,
1060 604 1112 650 et
1140 594 1288 650 fideli
1303 595 1497 659 fratre,
1532 592 1622 664 qui
1649 598 1731 646 est
1760 606 1824 644 ex
1853 587 2034 644 vobis.

447 708 469 733 α
507 685 700 740 Omnia
752 702 871 757 qua;
919 684 1010 739 hic
1063 691 1305 755 aguntur
1334 690 1461 736 nota
1483 681 1644 736 faciet
1673 677 1854 733 vobis.
1895 675 2049 730 Salu-

447 795 468 820 «ε
507 781 582 828 tat
610 789 708 829 vos
737 774 1085 827 Aristarchus
1143 770 1496 840 conceptivus
1535 783 1717 831 meus,
1751 773 1802 820 et
1832 765 2046 820 Marcus

448 880 468 902 «
506 856 873 912 consobrinus
903 855 1184 918 Barnabaa,
1217 854 1283 908 de
1316 869 1421 923 quo
1451 850 1740 920 accepistis
1761 849 2038 903 mandata.

450 970 472 992 υ
509 946 566 1001 Si
629 944 844 1000 venerit
877 944 945 998 ad
994 958 1112 1008 vos,
1146 941 1376 1012 excipite
1423 941 1594 994 illum.
1626 939 1695 992 Et
1743 938 1922 1001 Jesus,
1954 935 2047 1005 qui

449 1055 470 1083 ε
509 1033 710 1088 dicitur
740 1033 956 1094 Justus,
1018 1030 1106 1100 qui
1139 1038 1263 1084 sunt
1292 1046 1358 1082 ex
1387 1026 1817 1084 circumcisione.
1851 1024 1916 1078 Hi
1945 1022 2047 1077 soli

448 1143 470 1173 ι
506 1129 632 1176 sunt
668 1120 942 1188 adjutores
974 1119 1077 1172 mei
1108 1118 1161 1171 in
1193 1132 1366 1189 regno
1398 1116 1515 1183 Dei,
1547 1115 1637 1185 qui
1667 1113 1798 1166 mihi
1829 1113 2049 1166 fuerunt

445 1233 466 1258 α
511 1209 723 1264 solatio.
789 1207 1001 1262 Salutat
1038 1222 1135 1261 vos
1177 1206 1484 1275 Epaphras,
1539 1202 1631 1273 qui
1660 1217 1732 1256 ex
1758 1200 1912 1255 vobis
1944 1205 2045 1263 est,

451 1321 472 1345 α
509 1313 700 1352 servus
755 1297 882 1350 Jesu
943 1294 1173 1361 Christi,
1235 1309 1452 1361 semper
1482 1289 1745 1345 sollicitus
1765 1304 1864 1358 pro
1895 1287 2049 1341 vobis

447 1408 469 1434 α
505 1385 562 1439 in
600 1384 960 1448 orationibus,
993 1390 1050 1436 ut
1107 1381 1261 1435 stetis
1289 1379 1514 1450 perfecti
1565 1393 1616 1433 et
1645 1378 1789 1448 pleni
1819 1377 1873 1430 in
1904 1375 2050 1430 omni

458 1494 483 1523 ι
520 1472 798 1527 voluntate
848 1471 969 1526 Dei.
1014 1469 1405 1524 Testimonium
1455 1467 1598 1521 enim
1647 1467 1724 1519 illi
1768 1464 2046 1535 perhibeo,

454 1584 475 1610 α
509 1561 655 1631 quod
691 1560 861 1614 habet
891 1558 1120 1611 multum
1151 1557 1392 1611 laborem
1424 1571 1524 1625 pro
1556 1554 1730 1618 vobis,
1763 1561 1816 1606 et
1836 1567 1936 1622 pro
1967 1551 2051 1604 his

449 1671 469 1694 ιι
505 1647 596 1719 qui
651 1656 773 1700 sunt
831 1646 1114 1708 Laodiciae,
1178 1653 1230 1699 et
1271 1644 1361 1714 qui
1397 1642 1681 1714 Hierapoli.
1718 1640 1921 1697 Salutat
1951 1654 2050 1695 vos
2071 1664 2122 1723 Β

451 1758 472 1782 ιι
508 1736 680 1790 Lucas
729 1735 802 1805 (ΙΙ
855 1735 990 1788 Tim.
1049 1749 1123 1798 iv,
1178 1732 1288 1801 11),
1318 1730 1563 1785 medicus
1595 1728 1966 1795 charissimus,
2001 1735 2052 1781 et

451 1847 471 1870 ιι
509 1825 729 1878 Demas.
794 1821 1034 1875 Salutate
1095 1819 1297 1874 fratres
1359 1819 1452 1889 qui
1510 1826 1634 1872 sunt
1689 1817 1954 1871 Laodiciae
2001 1823 2054 1870 et

453 1935 474 1960 »
507 1911 836 1981 Nympham,
907 1917 958 1963 et
1004 1924 1125 1978 quae
1155 1908 1208 1960 in
1258 1907 1422 1962 domo
1471 1906 1588 1974 ejus
1619 1913 1700 1960 est
1729 1904 2042 1960 ecclesiam.

452 2023 473 2046 α
509 2000 576 2053 Et
606 2013 727 2054 cum
759 1997 901 2052 lecta
944 1996 1100 2050 fuerit
1131 1995 1273 2066 apud
1305 2011 1402 2049 vos
1449 1993 1693 2065 Epistola
1725 1995 1858 2058 haec,
1892 1991 2052 2047 facite

457 2109 478 2133 ιι
513 2093 571 2140 ut
597 2094 650 2140 et
677 2085 733 2138 in
790 2083 1214 2149 Laodicensium
1253 2083 1501 2138 Ecclesia
1532 2082 1766 2154 legatur.
1798 2081 1867 2134 Et
1893 2081 2054 2135 dicite

455 2195 478 2224 ι
514 2173 787 2243 Archippo
841 2187 852 2225 :
914 2172 1050 2226 Vide
1108 2171 1470 2226 ministerium
1531 2170 1678 2241 quod
1708 2169 1965 2238 accepisti
1996 2168 2050 2220 in

451 2283 472 2309 α
506 2261 759 2325 Domino,
813 2267 870 2313 ut
918 2259 1051 2313 illud
1108 2259 1353 2329 impleas.
1421 2257 1680 2312 Salutatio
1722 2272 1842 2312 mea
1885 2271 2050 2310 manu

451 2370 472 2395 ιι
509 2347 682 2403 Pauli.
733 2349 1000 2402 Memores
1041 2354 1214 2401 estote
1236 2346 1577 2402 vinculorum
1606 2360 1876 2400 meorum.
1910 2343 2050 2398 Gra-

450 2459 472 2483 α
515 2436 590 2491 tia
620 2435 835 2491 Domini
863 2434 1033 2490 nostri
1061 2436 1191 2489 Jesu
1224 2434 1422 2488 Christi
1467 2433 1771 2489 vobiscum.
1805 2435 1997 2487 Amen.
2023 2455 2044 2480 ιι

1075 2638 1386 2679 EXPOSITIO.

522 2769 697 2835 Servi,
731 2769 946 2826 obedite
977 2770 1230 2836 dominis,
1266 2778 1318 2825 et
1348 2785 1475 2834 vos,
1512 2769 1749 2835 domini,
1781 2771 2050 2840 praestate

447 2862 624 2916 servis
658 2859 801 2932 quod
825 2861 1051 2931 justum
1088 2863 1189 2925 est,
1224 2866 1278 2912 et
1324 2858 1621 2913 secundum
1655 2857 1798 2928 quod
1829 2872 2048 2911 meren-

446 2955 554 3014 tur,
588 2952 645 3003 et
681 2948 825 3018 quod
856 2955 939 3002 est
968 2946 1286 3018 cequum,id
1317 2954 1402 3000 est
1430 2954 1488 3000 ut
1516 2946 1760 3016 pensatis
1777 2960 1872 2999 eos
1893 2959 2047 3015 aeque

2148 408 2215 460 Ut
2245 406 2302 458 in
2328 404 2588 474 sapientia
2619 402 2926 467 ambuletis,
2979 416 3161 456 sermo
3194 404 3373 455 vester
3403 416 3619 470 semper
3658 403 3743 455 sit

2144 495 2204 548 in
2234 493 2441 564 gratia,
2468 492 2521 546 id
2545 500 2628 545 est
2647 491 2923 561 gratiosus
2945 488 3303 553 auditoribus,
3323 495 3374 542 et
3398 503 3462 541 ex
3485 503 3569 556 eo,
3594 487 3742 558 quod

2144 581 2212 635 sit
2243 581 2500 636 conditus
2527 580 2664 647 sale,
2700 579 2752 631 id
2784 587 2864 632 est
2909 583 3344 646 contemperatus
3376 575 3599 644 sapienti
3621 575 3743 628 dis-

2143 669 2403 723 cretione.
2451 666 2547 721 Vel
2594 667 2705 720 ita:
2761 667 2950 721 Sermo
2980 669 3164 720 vester
3196 666 3274 718 sit
3303 663 3562 718 conditus
3598 664 3742 730 sale,

2146 756 2219 810 ita
2253 755 2398 826 quod
2429 770 2647 823 semper
2679 753 2746 807 sit
2773 755 2835 808 in
2859 754 3068 822 gratia,
3094 752 3149 806 id
3181 760 3264 806 est
3296 752 3348 805 in
3380 751 3740 805 commenda—

2143 845 2291 898 tione
2324 842 2517 913 gratia;
2548 841 2666 910 Dei,
2702 849 2754 896 et
2784 857 3065 911 nunquam
3110 840 3164 893 in
3194 840 3338 912 lege.
3378 841 3454 893 Ita
3483 839 3749 894 conditus

2146 933 2284 996 sale,
2300 935 2364 985 ut
2385 930 2581 985 sciatis
2593 929 2859 1002 quomodo
2881 933 3134 1000 oporteat
3149 945 3240 984 vos
3260 927 3593 999 respondere
3611 927 3746 981 uni-

2146 1020 2347 1091 cuique
2388 1017 2766 1087 interroganti,
2801 1032 2898 1086 pro
2941 1015 3282 1086 simplicitate
3329 1016 3445 1084 ejus
3492 1014 3577 1070 vel
3603 1031 3744 1086 pru-

2149 1107 2352 1162 dentia.
2387 1107 2477 1162 Sic
2525 1121 2622 1160 vos
2651 1106 2719 1159 de
2749 1104 3048 1174 praemissis
3078 1105 3289 1158 instruo
3315 1122 3329 1170 ;
3354 1103 3535 1159 omnia
3563 1112 3745 1158 autem

2148 1211 2270 1266 qua:
2299 1195 2452 1249 circa
2481 1210 2569 1248 me
2598 1197 2754 1254 sunt,
2779 1201 2831 1247 et
2855 1191 3067 1246 vincula
3095 1199 3146 1246 et
3175 1200 3389 1257 caetera,
3409 1196 3546 1246 nota
3565 1193 3746 1262 faciet

2147 1284 2296 1340 vobis
2315 1283 2600 1353 Tychicus,
2616 1281 2857 1336 charissi
2863 1297 2984 1335 mus
2996 1282 3183 1350 frater
3195 1284 3250 1335 et
3259 1281 3440 1348 ﬁdelis
3452 1281 3738 1335 minister.

2149 1371 2370 1425 Credite
2425 1369 2502 1423 illi
2561 1369 2686 1440 quia
2717 1368 2854 1422 nihil
2886 1376 3087 1438 praeter
3118 1367 3280 1421 fidem
3311 1366 3652 1432 ministrabit,
3685 1371 3744 1421 et

2149 1474 2448 1514 conservus
2462 1457 2523 1510 in
2537 1459 2789 1524 Domino,
2809 1456 2954 1528 quia,
2971 1456 3110 1510 sicut
3126 1471 3251 1527 ego,
3268 1455 3346 1510 sic
3362 1454 3601 1510 288
3625 1471 3742 1509 ser-

2150 1546 2225 1600 vit
2268 1544 2500 1599 Domino
2544 1544 2599 1596 in
2639 1543 2955 1614 Evangelio,
3012 1552 3064 1598 et
3093 1543 3291 1614 patitur
3311 1558 3408 1613 pro
3439 1559 3524 1609 eo,
3571 1545 3743 1610 Quem

2151 1633 2446 1704 Tychicum
2469 1632 2602 1686 misi
2633 1631 2702 1685 ad
2723 1647 2840 1696 vos,
2867 1632 2936 1686 ad
2958 1633 3057 1686 hoc
3097 1630 3571 1699 manifestandum,
3599 1638 3652 1685 et
3672 1631 3745 1685 ad

2150 1723 2358 1793 ipsum,
2388 1723 2452 1774 ut
2485 1723 2778 1790 cegnoscat
2808 1736 2929 1790 quae
2958 1721 3112 1774 circa
3155 1735 3242 1774 vos
3263 1723 3418 1782 sunt,
3443 1726 3496 1773 et
3526 1735 3629 1790 ego
3647 1735 3745 1788 per

2151 1825 2294 1874 eum,
2329 1813 2384 1864 et
2417 1809 2741 1862 consoletur
2772 1805 2938 1862 corda
2980 1811 3186 1871 vestra,
3220 1806 3463 1860 desolata
3492 1822 3588 1875 pro
3617 1806 3742 1861 vin-

2152 1897 2287 1954 culis
2317 1896 2479 1950 meis.
2520 1896 2657 1949 Nota
2687 1894 2848 1950 faciet
2868 1895 3154 1965 Tychicus,
3185 1911 3312 1949 cum
3337 1894 3594 1950 Onesimo
3611 1897 3745 1950 cha—

2150 1986 2371 2062 rissima
2397 1989 2453 2039 et
2483 1985 2639 2052 ﬁdeli
2659 1985 2844 2053 fratre
2869 2003 2888 2049 ;
2922 1982 3101 2036 audite
3130 1999 3273 2046 eum,
3317 1985 3448 2055 quia
3478 1991 3637 2037 natus
3659 1987 3746 2037 est

2153 2090 2225 2128 ex
2257 2073 2420 2128 vobis.
2460 2071 2524 2124 Hi
2557 2071 2662 2124 duo
2705 2071 2924 2141 facient
2949 2071 3093 2125 vobis
3130 2074 3268 2125 nota
3299 2071 3487 2126 omnia
3513 2087 3633 2142 qua
3656 2071 3748 2126 hic

2151 2165 2423 2230 aguntur.
2457 2159 2586 2212 Ideo
2617 2157 3015 2212 commendavit
3066 2173 3180 2223 eos,
3214 2165 3271 2210 ut
3301 2158 3584 2212 crederent
3614 2157 3741 2226 illis,

2151 2248 2288 2302 sicut
2318 2255 2372 2302 et
2413 2246 2538 2300 sibi.
2581 2247 2808 2302 Salutat
2855 2262 2946 2301 vos
2994 2246 3353 2301 Aristarchus
3381 2247 3744 2317 concaptivus

2149 2352 2328 2400 meus,
2389 2334 2500 2406 qui,
2561 2334 2697 2389 sicut
2727 2349 2852 2406 ego,
2913 2348 3014 2403 pro
3071 2333 3374 2404 Evangelio
3429 2333 3484 2387 in
3512 2333 3745 2388 vinculis

2149 2423 2475 2494 captivatur.
2539 2421 2744 2476 Salutat
2773 2437 2872 2476 vos
2901 2420 3063 2475 etiam
3099 2407 3333 2490 Marcus,
3380 2421 3748 2479 consobrinus

2150 2511 2438 2566 Barnabas.
2473 2510 2548 2565 De
2576 2525 2679 2581 quo
2709 2516 2940 2580 utroque
2972 2525 3082 2564 non
3116 2509 3427 2580 recipiendo
3447 2509 3744 2580 accepistis

2151 2600 2427 2654 mandata
2449 2613 2479 2652 a
2509 2613 2616 2652 me.
2652 2597 2758 2652 Sed
2781 2598 2830 2652 si
2857 2605 3081 2669 uterque
3102 2597 3266 2652 modo
3296 2601 3513 2654 venerit
3536 2598 3607 2652 ad
3628 2614 3738 2663 vos,

2148 2687 2396 2758 excipite
2444 2687 2632 2752 illum,
2693 2693 2981 2756 utrumque
3039 2685 3422 2742 reconciliatos
3449 2685 3607 2740 mihi.
3643 2685 3744 2741 Hic

2146 2776 2363 2830 Marcus
2394 2773 2588 2828 nolens
2647 2773 2872 2828 obedire
2902 2772 3072 2828 Paulo
3101 2773 3155 2827 in
3207 2774 3443 2844 quadam
3472 2773 3745 2846 legatione

2146 2861 2356 2918 divisus
2388 2869 2471 2916 est
2494 2861 2562 2914 ab
2615 2860 2747 2926 illo;
2780 2860 3059 2915 Barnabas
3089 2869 3292 2928 autem,
3321 2877 3509 2916 amore
3539 2861 3746 2916 carnali

2147 2949 2375 3004 nimium
2404 2949 2616 3015 ductus,
2647 2948 2778 3002 abiit
2809 2963 2931 3003 cum
2957 2950 3134 3004 Marco
3165 2950 3310 3021 (Act.
3343 2965 3440 3015 xv,
3476 2951 3586 3020 39).
3611 2950 3746 3004 Pau-

449 3036 700 3091 homines
748 3051 871 3090 esse
915 3035 1054 3090 sicut
1107 3050 1225 3103 vos,
1260 3037 1502 3090 scientes
1533 3033 1786 3105 quoniam
1821 3032 1966 3088 servi
1995 3036 2052 3088 et
2072 3010 2118 3071 Ο
2150 3039 2236 3094 lus
2267 3051 2394 3093 vero
2423 3053 2492 3092 ne
2516 3037 2644 3108 quid
2674 3044 2825 3091 extra
2853 3035 3018 3092 ﬁdem
3067 3038 3431 3108 praedicarent
3467 3037 3746 3109 segregati

445 3140 539 3180 vos
569 3123 776 3180 domini
799 3123 1016 3178 habetis
1044 3122 1294 3176 eumdem
1330 3124 1635 3178 Dominum
1657 3123 1720 3190 in
1751 3122 1905 3177 calo.
1938 3120 2051 3174 Ad-

450 3211 671 3266 monitis
730 3211 814 3264 his
845 3211 1116 3280 personis,
1180 3210 1374 3264 iterum
1405 3209 1474 3264 ad
1505 3209 1777 3280 publicam
1809 3209 2049 3264 instruc-

443 3299 649 3354 tionem
669 3297 930 3354 Ecclesize
951 3297 1259 3364 revertitur,
1277 3298 1462 3352 dicens
1489 3315 1502 3351 :
1528 3298 1658 3365 Vos,
1694 3298 1839 3353 servi
1869 3306 1922 3352 et
1951 3298 2049 3352 do-

450 3386 604 3452 mini,
641 3386 720 3441 sic
753 3385 988 3441 vicissim
1020 3385 1165 3457 agite
1193 3400 1204 3438 :
1258 3385 1524 3441 Universa
1577 3394 1759 3440 autern
1791 3385 2044 3451 ecclesia,

450 3477 666 3530 instate
690 3474 937 3530 orationi
959 3474 1282 3543 vigilantes,
1313 3473 1398 3528 vel
1419 3473 1698 3528 nocturnis
1717 3473 1938 3545 vigiliis,
1960 3473 2047 3528 vel

448 3563 676 3618 studiosi
691 3563 754 3617 in
776 3578 843 3617 ea
855 3561 1145 3632 vigilantes
1164 3577 1383 3631 semper
1398 3561 1452 3614 in
1465 3561 1686 3616 actione
1698 3561 2043 3631 gratiarum,

447 3654 704 3716 orantes,
729 3652 902 3713 simul
933 3651 1109 3704 etiam
1132 3665 1234 3721 pro
1279 3649 1456 3716 nobis,
1503 3648 1720 3718 quando
1753 3648 1915 3702 oratis
1944 3663 2046 3718 pro

443 3738 618 3793 vobis.
653 3738 750 3791 Vel
801 3739 995 3800 simul,
1052 3737 1104 3790 id
1136 3747 1218 3790 est
1247 3744 1355 3790 tota
1386 3735 1619 3790 ecclesia
1647 3751 1745 3806 pro
1773 3751 1860 3789 me
1891 3751 2045 3790 com—

449 3841 669 3879 munem
725 3825 1022 3878 orationem
1070 3823 1250 3887 faciat,
1301 3827 1368 3877 ut
1415 3823 1560 3877 Deus
1617 3826 1838 3894 aperiat
1885 3823 2045 3879 nobis

445 3913 653 3968 ostium
681 3912 978 3976 sermonis,
1003 3910 1057 3964 id
1089 3919 1171 3965 est
1200 3910 1342 3964 labia
1371 3925 1467 3979 per
1484 3926 1603 3980 quae
1625 3911 1908 3980 egreditur
1929 3927 2045 3966 ser-

446 4014 557 4054 mo.
590 3999 820 4069 Aperiat
850 3999 973 4053 dico
995 3999 1066 4053 ad
1091 3997 1427 4070 loquendum
1446 4000 1782 4069 mysterium
1807 3998 2040 4066 Christi,

444 4087 500 4141 id
527 4094 612 4141 est
642 4085 872 4140 salutem
904 4085 1168 4156 gentium,
1200 4101 1328 4149 qua
1355 4101 1528 4156 usque
1549 4086 1616 4140 ad
1647 4085 1917 4140 Christum
1941 4086 2043 4140 sub

444 4173 705 4246 mysterio
763 4173 936 4228 latuit.
995 4173 1244 4244 Aperiret
1299 4173 1447 4228 Deus
1504 4173 1606 4228 sibi
1658 4190 1740 4239 os,
1774 4174 1820 4229 si
1862 4190 2042 4229 sermo

443 4262 562 4331 ejus
635 4261 974 4316 auditoribus
1050 4260 1212 4316 fuerit
1268 4262 1562 4332 gratiosus.
1625 4261 1761 4330 Quia
1819 4269 2042 4332 pr0pter

2150 3125 2218 3180 ab
2250 3125 2364 3190 illo,
2396 3124 2615 3195 scripsit
2643 3124 2906 3180 Ecclesiis
2935 3141 3004 3180 ne
3034 3124 3280 3180 audirent
3311 3141 3406 3181 eos
3441 3125 3533 3196 qui
3577 3125 3745 3181 modo

2149 3213 2406 3276 correcti,
2433 3221 2728 3267 erantcum
2749 3212 2949 3279 Paulo;
2979 3219 3033 3267 et
3062 3213 3185 3268 ideo
3208 3213 3277 3268 de
3302 3213 3381 3268 eis
3410 3213 3746 3284 excipiendis

2148 3301 2346 3356 iterum
2372 3301 2610 3371 scripsit.
2630 3300 2850 3368 Salutat
2879 3315 2977 3356 vos
3009 3301 3169 3355 etiam
3198 3303 3376 3369 Iesus,
3409 3302 3506 3373 qui
3532 3301 3747 3358 dicitur

2147 3391 2362 3455 Justus,
2405 3388 2774 3443 testimonium
2826 3388 3048 3457 justitize
3105 3389 3313 3444 habens
3366 3389 3433 3442 ab
3458 3389 3737 3444 omnibus.

2151 3479 2256 3544 Qui
2275 3479 2515 3542 Marcus,
2534 3477 2832 3542 Barnabas,
2848 3476 3025 3544 Jesus,
3050 3481 3187 3532 sunt
3207 3493 3280 3532 ea:
3291 3479 3742 3542 circumcisione,

2148 3573 2201 3619 et
2231 3566 2290 3619 hi
2320 3565 2427 3620 soli
2457 3580 2522 3618 ex
2553 3563 2965 3619 circumcisione
3023 3570 3159 3620 sunt
3201 3566 3485 3635 adiutores
3524 3568 3656 3631 mei,
3678 3565 3745 3621 in

2147 3651 2494 3723 praedicando
2511 3668 2681 3722 regno
2700 3653 2819 3708 Dei.
2846 3653 3528 3724 Quietiam‘fueruntmihi
3539 3654 3742 3710 solatio

2147 3741 2200 3794 in
2231 3740 2482 3796 vinculis.
2515 3741 2747 3796 Salutat
2769 3758 2860 3798 vos
2895 3743 3199 3813 Epaphras,
3247 3744 3341 3810 qui
3371 3746 3454 3798 est
3483 3748 3638 3795 natus
3667 3758 3743 3796 ea:

2149 3829 2314 3884 vobis.
2349 3828 2446 3882 llle
2475 3828 2598 3884 dico
2625 3845 2816 3884 servus
2850 3827 3061 3885 Christi
3079 3831 3227 3895 Jesu,
3262 3837 3314 3884 et
3344 3831 3624 3886 sollicitus
3639 3846 3741 3902 pro

2150 3917 2300 3972 vobis
2329 3918 2394 3971 in
2416 3917 2786 3982 orationibus,
2820 3934 3042 3988 semper
3067 3917 3286 3972 habitis.
3329 3919 3437 3974 Pro
3465 3919 3629 3987 vobis,
3652 3919 3742 3972 in-

2147 4005 2332 4080 quam,
2365 4010 2606 4063 utstet-is
2635 4009 2880 4080 perfecit
2910 4009 2964 4062 in
2996 4023 3062 4063 eo
3119 4007 3264 4079 quod
3294 4007 3602 4079 accepistis,
3634 4023 3747 4062 non

2145 4105 2203 4150 ut
2233 4095 2379 4150 aliud
2427 4095 2724 4165 accipiatis.
2772 4097 2839 4150 Et
2877 4103 2936 4150 ut
2981 4096 3131 4150 stetis
3176 4097 3338 4168 pleni
3379 4097 3444 4151 in
3472 4099 3626 4152 omni
3654 4113 3747 4151 vo-

2148 4185 2392 4250 luntate,
2418 4183 2471 4238 id
2501 4192 2585 4237 est
2613 4183 2853 4254 plenarie
2882 4192 3282 4255 cognoscentes
3310 4199 3526 4239 omnem
3556 4183 3748 4239 volun-

2145 4280 2311 4327 tatem
2343 4273 2461 4327 Dei.
2494 4272 2637 4326 Vere
2667 4273 2945 4326 sollicitus
2971 4288 3074 4343 pro
3105 4272 3291 4339 vobis;
3322 4289 3446 4326 nam
3477 4287 3582 4345 ego
3604 4288 3740 4344 per-

445 4349 866 4420 compositiones
913 4349 1225 4415 verborum,
1279 4357 1500 4419 propter
1547 4349 1871 4405 subtilitates
1909 4366 2034 4405 sen-
2061 4353 2113 4412 D
2143 4360 2298 4416 hibeo
2316 4360 2410 4414 illi
2430 4359 2839 4425 testimonium,
2863 4359 3005 4431 quod
3022 4358 3450 4415 habetmultum
3474 4359 3738 4428 laborem,

445 4437 751 4503 tentiarum,
809 4453 1080 4507 nunquam
1130 4453 1192 4492 os
1222 4437 1320 4492 erit
1349 4445 1618 4507 apertum,
1668 4438 1771 4492 nisi
1803 4437 2036 4509 Spiritus

444 4532 702 4595 operetur
730 4525 785 4578 in
838 4525 1091 4580 cordibus
1149 4525 1481 4591 auditorum,
1512 4530 1744 4596 propter
1786 4527 1947 4597 quod,
1981 4525 2036 4579 id

445 4621 528 4668 est
559 4612 704 4684 quia,
762 4612 955 4684 loquor
981 4613 1294 4683 mysterium
1326 4613 1538 4677 Christi,
1573 4620 1695 4682 post
1724 4613 1922 4667 multas
1951 4611 2035 4667 af-

447 4700 712 4757 ﬂictiones
733 4741 747 4767 ,
807 4703 981 4756 etiam
1012 4717 1157 4755 nunc
1187 4702 1412 4755 vinctus
1459 4717 1585 4755 sum
1611 4700 1678 4754 ad
1708 4699 2038 4771 loquendum

447 4790 531 4844 ita
569 4795 636 4844 ut
683 4805 786 4859 ego
834 4791 1199 4860 manifestem
1229 4789 1374 4843 illud
1402 4787 1739 4859 mysterium,
1773 4789 1861 4842 ita
1888 4789 2036 4844 sicut

449 4881 663 4948 Oportet
689 4894 780 4932 me
813 4878 960 4948 loqui
990 4891 1090 4946 pro
1107 4870 1248 4941 loco,
1272 4883 1517 4946 tempore
1539 4892 1602 4930 ac
1623 4876 1919 4946 capacitate
1937 4892 2036 4930 au-

449 4962 702 5019 ditorum.
763 4965 829 5018 Et
889 4965 1025 5019 sicut
1056 4979 1160 5035 ego
1193 4963 1385 5033 loquor
1434 4964 1661 5018 verbum
1711 4965 1929 5028 Christi,
1963 4964 2038 5018 ita

451 5057 505 5104 et
545 5066 643 5104 vos
663 5051 972 5120 praedicate.
994 5051 1291 5106 Ambulate
1312 5051 1383 5106 ad
1404 5067 1491 5108 eos
1512 5055 1609 5124 qui
1631 5053 1771 5123 foris
1807 5057 1963 5118 sunt,
1983 5051 2039 5106 id

449 5144 532 5192 est
561 5137 632 5192 ad
690 5137 954 5193 inﬁdeles.
989 5139 1287 5194 Ambulate
1307 5139 1428 5194 dico
1458 5141 1519 5194 in
1543 5142 1847 5212 sapientia,
1872 5140 1928 5194 id
1957 5147 2040 5194 est

449 5224 504 5279 in
523 5225 671 5280 omni
705 5225 1032 5282 discretione
1070 5227 1434 5298 praedicando.
1477 5228 1585 5282 Vos
1615 5229 1736 5284 dico
1767 5229 2042 5285 redimen-

452 5317 535 5369 tes
570 5317 810 5386 tempus,
838 5314 892 5369 id
915 5321 996 5369 est
1016 5323 1394 5385 comparantes
1412 5315 1567 5372 vobis
1586 5317 2040 5387 Opportunitatem

449 5402 763 5459 ambulandi
791 5403 847 5457 in
867 5402 1151 5474 sapientia.
1187 5404 1302 5460 Hoc
1332 5412 1476 5460 esset
1505 5405 1775 5460 redimere
1805 5412 2036 5475 tempus,

453 5489 498 5544 si
529 5500 789 5549 vocarent
817 5492 885 5548 ad
943 5506 1176 5560 ccenam,
1212 5500 1261 5548 et
1291 5501 1573 5565 captarent
1601 5493 1676 5548 ibi
1705 5492 2040 5548 benevolen-

2147 4447 2444 4518 vigilando,
2467 4446 2674 4501 orando
2705 4462 2802 4517 pro
2823 4447 2998 4515 vobis,
3021 4451 3080 4502 et
3105 4463 3207 4519 pro
3230 4447 3314 4504 his
3338 4449 3436 4520 qui
3453 4453 3591 4504 sunt
3609 4450 3743 4505 Lao-

2147 4533 2329 4600 dicice,
2361 4538 2417 4589 et
2447 4535 2540 4605 qui
2560 4537 2696 4589 sunt
2721 4535 3020 4607 Hierapoli.
3066 4534 3268 4590 Vicina:
3297 4535 3560 4592 Ecclesiae
3585 4543 3743 4591 erant

2147 4621 2584 4676 Colossensibus.
2617 4621 2843 4677 Salutat
2873 4639 2967 4679 vos
3017 4624 3212 4690 Lucas,
3235 4624 3487 4680 medicus
3517 4623 3743 4679 charis-

2145 4711 2345 4764 simus.
2369 4708 2469 4762 Hic
2499 4707 2596 4762 fuit
2631 4709 2981 4782 evangelista.
3015 4713 3087 4767 Et
3153 4712 3353 4767 Demas
3383 4727 3480 4766 vos
3509 4712 3734 4767 salutat.

2145 4795 2405 4852 Salutate
2434 4798 2647 4866 fratres
2670 4798 2765 4869 qui
2792 4803 2930 4853 sunt
2957 4798 3257 4856 Laodicia.
3297 4799 3536 4854 Salutate
3567 4802 3742 4855 etiam

2146 4883 2460 4956 Nympham
2489 4883 2637 4939 illam
2659 4893 2979 4951 matronam,
3014 4891 3071 4942 et
3100 4888 3399 4943 ecclesiam
3429 4905 3552 4959 quae
3573 4892 3658 4944 est
3679 4889 3741 4942 in

2144 4971 2302 5027 domo
2333 4973 2473 5042 ejus.
2535 4973 2662 5028 Haec
2693 4973 2851 5028 solita
2884 4983 3000 5029 erat
3029 4974 3334 5030 ministrare
3363 4975 3742 5045 praedicatori-

2144 5054 2266 5121 bus,
2300 5063 2353 5110 et
2408 5055 2629 5110 timebat
2677 5056 2876 5111 Paulus
2907 5073 2975 5112 ne
3007 5057 3228 5114 seducta
3275 5058 3609 5114 ministraret
3635 5059 3742 5113 illis

2143 5143 2372 5212 pseudo.
2407 5145 2624 5199 Etcum
2646 5145 2828 5214 fuerit
2853 5146 3000 5201 lecta
3028 5145 3180 5218 apud
3206 5163 3296 5203 vos
3329 5149 3444 5203 haec
3463 5148 3738 5219 Epistola,

2142 5232 2316 5301 facite
2345 5236 2408 5286 ut
2426 5233 2600 5287 etiam
2625 5233 2846 5304 legatur
2861 5233 2924 5288 in
2945 5235 3196 5290 Ecclesia
3210 5235 3660 5300 Laodicensium,
3686 5239 3744 5291 et

2116 5326 2200 5373 ‘ut
2230 5335 2320 5375 vos
2345 5320 2546 5390 legatis
2575 5336 2701 5375 eam
2729 5337 2850 5393 qure
2871 5325 2954 5377 est
2984 5323 3428 5379 Laodicensium.
3475 5325 3545 5377 Et
3572 5322 3746 5379 dicite

2140 5406 2438 5480 Archippo,
2473 5407 2732 5479 episcopo
2764 5415 2965 5474 vestro,
2999 5409 3112 5482 qui,
3145 5410 3274 5481 quia
3300 5418 3642 5482 contemptus
3660 5418 3746 5466 est

2140 5508 2171 5550 a
2199 5495 2373 5565 vobis,
2407 5495 2477 5549 ab
2505 5494 2682 5552 ofﬁcio
2738 5495 2989 5566 cessavit,
3024 5497 3188 5554 dicite
3215 5497 3290 5552 illi
3327 5513 3340 5552 :
3371 5499 3514 5566 Vide,
3574 5498 3630 5553 id
3661 5507 3744 5555 est
