  <div class='ocr_page' id='page_1' title='image "/cluster/home/n/w/nwhite01/storage/ocr_20150623/153/hvd.32044054760111/204.png"; bbox 0 0 3960 6050; ppageno 0'>
   <div class='ocr_carea' id='block_1_1' title="bbox 238 239 3533 300">
    <p class='ocr_par' dir='ltr' id='par_1_1' title="bbox 238 239 3533 300">
     <span class='ocr_line' id='line_1_1' title="bbox 238 239 3533 300; baseline 0.001 -3"><span class='ocrx_word' id='word_1_1' title='bbox 238 246 345 298; x_wconf 77' lang='lat'>397</span> <span class='ocrx_word' id='word_1_2' title='bbox 842 239 1220 297; x_wconf 85' lang='lat' dir='ltr'>EXPOSITIO</span> <span class='ocrx_word' id='word_1_3' title='bbox 1256 241 1330 298; x_wconf 91' lang='lat' dir='ltr'>IN</span> <span class='ocrx_word' id='word_1_4' title='bbox 1367 240 1744 297; x_wconf 87' lang='lat' dir='ltr'>EPISTOLAS</span> <span class='ocrx_word' id='word_1_5' title='bbox 1784 240 2006 297; x_wconf 81' lang='lat' dir='ltr'>PAULI.</span> <span class='ocrx_word' id='word_1_6' title='bbox 2041 272 2108 282; x_wconf 90' lang='lat'><strong><em>—</em></strong></span> <span class='ocrx_word' id='word_1_7' title='bbox 2138 242 2211 297; x_wconf 87' lang='lat' dir='ltr'><strong>IN</strong></span> <span class='ocrx_word' id='word_1_8' title='bbox 2247 242 2465 297; x_wconf 86' lang='lat' dir='ltr'>EPIST.</span> <span class='ocrx_word' id='word_1_9' title='bbox 2496 243 2519 297; x_wconf 95' lang='grc' dir='ltr'>Ι</span> <span class='ocrx_word' id='word_1_10' title='bbox 2556 245 2650 298; x_wconf 90' lang='lat' dir='ltr'>AD</span> <span class='ocrx_word' id='word_1_11' title='bbox 2689 240 2925 299; x_wconf 88' lang='lat' dir='ltr'>THESS.</span> <span class='ocrx_word' id='word_1_12' title='bbox 3429 248 3533 300; x_wconf 85' lang='lat'>398</span> 
     </span>
    </p>
   </div>
   <div class='ocr_carea' id='block_1_2' title="bbox 247 365 3537 438">
    <p class='ocr_par' dir='ltr' id='par_1_2' title="bbox 247 365 3537 438">
     <span class='ocr_line' id='line_1_2' title="bbox 247 365 3537 438; baseline 0 -18"><span class='ocrx_word' id='word_1_13' title='bbox 247 365 495 437; x_wconf 81' lang='lat' dir='ltr'>provide,</span> <span class='ocrx_word' id='word_1_14' title='bbox 528 381 631 437; x_wconf 84' lang='lat' dir='ltr'>age</span> <span class='ocrx_word' id='word_1_15' title='bbox 648 368 1037 422; x_wconf 79' lang='lat' dir='ltr'>ministerium</span> <span class='ocrx_word' id='word_1_16' title='bbox 1056 367 1197 438; x_wconf 90' lang='lat' dir='ltr'>quod</span> <span class='ocrx_word' id='word_1_17' title='bbox 1219 366 1489 437; x_wconf 82' lang='lat' dir='ltr'>accepisti</span> <span class='ocrx_word' id='word_1_18' title='bbox 1503 366 1565 420; x_wconf 85' lang='lat' dir='ltr'>in</span> <span class='ocrx_word' id='word_1_19' title='bbox 1588 367 1840 431; x_wconf 83' lang='lat' dir='ltr'>Domino,</span> <span class='ocrx_word' id='word_1_20' title='bbox 1873 378 1926 434; x_wconf 83' lang='grc' dir='ltr'><strong>Α</strong></span> <span class='ocrx_word' id='word_1_21' title='bbox 1949 366 2230 422; x_wconf 86' lang='lat' dir='ltr'>Salutatio</span> <span class='ocrx_word' id='word_1_22' title='bbox 2262 366 2464 437; x_wconf 88' lang='lat' dir='ltr'>scripta</span> <span class='ocrx_word' id='word_1_23' title='bbox 2492 384 2617 423; x_wconf 85' lang='lat' dir='ltr'>mea</span> <span class='ocrx_word' id='word_1_24' title='bbox 2646 384 2823 423; x_wconf 83' lang='lat' dir='ltr'>manu</span> <span class='ocrx_word' id='word_1_25' title='bbox 2840 388 2857 436; x_wconf 92' lang='lat'><em>;</em></span> <span class='ocrx_word' id='word_1_26' title='bbox 2887 384 3012 423; x_wconf 85' lang='lat' dir='ltr'>mea</span> <span class='ocrx_word' id='word_1_27' title='bbox 3034 367 3155 423; x_wconf 89' lang='lat' dir='ltr'>dico</span> <span class='ocrx_word' id='word_1_28' title='bbox 3184 383 3295 421; x_wconf 92' lang='lat' dir='ltr'>non</span> <span class='ocrx_word' id='word_1_29' title='bbox 3323 368 3537 434; x_wconf 88' lang='lat' dir='ltr'>notarii,</span> 
     </span>
    </p>
   </div>
   <div class='ocr_carea' id='block_1_3' title="bbox 244 454 3539 526">
    <p class='ocr_par' dir='ltr' id='par_1_3' title="bbox 244 454 3539 526">
     <span class='ocr_line' id='line_1_3' title="bbox 244 454 3539 526; baseline -0 -16"><span class='ocrx_word' id='word_1_30' title='bbox 244 459 315 510; x_wconf 85' lang='lat' dir='ltr'>ut</span> <span class='ocrx_word' id='word_1_31' title='bbox 342 455 581 525; x_wconf 77' lang='lat' dir='ltr'>impleas</span> <span class='ocrx_word' id='word_1_32' title='bbox 610 454 775 517; x_wconf 84' lang='lat' dir='ltr'>illud,</span> <span class='ocrx_word' id='word_1_33' title='bbox 813 454 940 524; x_wconf 85' lang='lat' dir='ltr'>quia</span> <span class='ocrx_word' id='word_1_34' title='bbox 978 455 1141 509; x_wconf 93' lang='lat' dir='ltr'>modo</span> <span class='ocrx_word' id='word_1_35' title='bbox 1190 454 1421 509; x_wconf 86' lang='lat' dir='ltr'>correcti</span> <span class='ocrx_word' id='word_1_36' title='bbox 1452 454 1633 523; x_wconf 88' lang='lat' dir='ltr'>parati</span> <span class='ocrx_word' id='word_1_37' title='bbox 1665 470 1850 507; x_wconf 90' lang='lat' dir='ltr'>sumus</span> <span class='ocrx_word' id='word_1_38' title='bbox 1952 454 2049 507; x_wconf 90' lang='lat' dir='ltr'>sed</span> <span class='ocrx_word' id='word_1_39' title='bbox 2108 471 2230 509; x_wconf 90' lang='lat' dir='ltr'>mea</span> <span class='ocrx_word' id='word_1_40' title='bbox 2286 457 2473 509; x_wconf 81' lang='lat' dir='ltr'>Pauli.</span> <span class='ocrx_word' id='word_1_41' title='bbox 2537 456 2813 510; x_wconf 87' lang='lat' dir='ltr'>Pramittit</span> <span class='ocrx_word' id='word_1_42' title='bbox 2905 456 3159 526; x_wconf 84' lang='lat' dir='ltr'>quiddam</span> <span class='ocrx_word' id='word_1_43' title='bbox 3213 455 3539 511; x_wconf 90' lang='lat' dir='ltr'>salulationi.</span> 
     </span>
    </p>
   </div>
   <div class='ocr_carea' id='block_1_4' title="bbox 250 541 3545 614">
    <p class='ocr_par' dir='ltr' id='par_1_4' title="bbox 250 541 3545 614">
     <span class='ocr_line' id='line_1_4' title="bbox 250 541 3545 614; baseline -0.001 -17"><span class='ocrx_word' id='word_1_44' title='bbox 250 542 477 597; x_wconf 85' lang='lat' dir='ltr'>obedire</span> <span class='ocrx_word' id='word_1_45' title='bbox 509 541 624 595; x_wconf 90' lang='lat' dir='ltr'>tibi.</span> <span class='ocrx_word' id='word_1_46' title='bbox 658 542 901 612; x_wconf 85' lang='lat' dir='ltr'>Dignum</span> <span class='ocrx_word' id='word_1_47' title='bbox 932 551 1012 597; x_wconf 89' lang='lat' dir='ltr'>est</span> <span class='ocrx_word' id='word_1_48' title='bbox 1048 542 1192 596; x_wconf 91' lang='lat' dir='ltr'>enim</span> <span class='ocrx_word' id='word_1_49' title='bbox 1221 550 1277 595; x_wconf 88' lang='lat' dir='ltr'>ut</span> <span class='ocrx_word' id='word_1_50' title='bbox 1308 559 1469 614; x_wconf 85' lang='lat' dir='ltr'>quem</span> <span class='ocrx_word' id='word_1_51' title='bbox 1513 550 1852 612; x_wconf 89' lang='lat' dir='ltr'>contemptus</span> <span class='ocrx_word' id='word_1_52' title='bbox 1952 544 2144 597; x_wconf 83' lang='lat' dir='ltr'>Estote</span> <span class='ocrx_word' id='word_1_53' title='bbox 2167 559 2439 599; x_wconf 81' lang='lat' dir='ltr'>memores</span> <span class='ocrx_word' id='word_1_54' title='bbox 2467 544 2823 599; x_wconf 81' lang='lat' dir='ltr'>vinculorum</span> <span class='ocrx_word' id='word_1_55' title='bbox 2868 559 3140 609; x_wconf 81' lang='lat' dir='ltr'>meorum,</span> <span class='ocrx_word' id='word_1_56' title='bbox 3182 552 3237 597; x_wconf 89' lang='lat' dir='ltr'>ut</span> <span class='ocrx_word' id='word_1_57' title='bbox 3268 544 3352 597; x_wconf 88' lang='lat' dir='ltr'>vel</span> <span class='ocrx_word' id='word_1_58' title='bbox 3415 542 3545 596; x_wconf 89' lang='lat' dir='ltr'>mihi</span> 
     </span>
    </p>
   </div>
   <div class='ocr_carea' id='block_1_5' title="bbox 248 630 3544 701">
    <p class='ocr_par' dir='ltr' id='par_1_5' title="bbox 248 630 3544 701">
     <span class='ocr_line' id='line_1_5' title="bbox 248 630 3544 701; baseline -0 -15"><span class='ocrx_word' id='word_1_59' title='bbox 248 638 433 686; x_wconf 79' lang='lat' dir='ltr'>vester</span> <span class='ocrx_word' id='word_1_60' title='bbox 488 630 756 700; x_wconf 88' lang='lat' dir='ltr'>deposuit,</span> <span class='ocrx_word' id='word_1_61' title='bbox 808 631 1119 685; x_wconf 88' lang='lat' dir='ltr'>obedientia</span> <span class='ocrx_word' id='word_1_62' title='bbox 1183 638 1364 686; x_wconf 89' lang='lat' dir='ltr'>vestra</span> <span class='ocrx_word' id='word_1_63' title='bbox 1411 630 1674 685; x_wconf 83' lang='lat' dir='ltr'>restituat.</span> <span class='ocrx_word' id='word_1_64' title='bbox 1754 630 1853 685; x_wconf 86' lang='lat' dir='ltr'>Hic</span> <span class='ocrx_word' id='word_1_65' title='bbox 1955 630 2272 685; x_wconf 91' lang='lat' dir='ltr'>ministretis</span> <span class='ocrx_word' id='word_1_66' title='bbox 2302 630 2357 684; x_wconf 90' lang='lat' dir='ltr'>in</span> <span class='ocrx_word' id='word_1_67' title='bbox 2416 631 2664 686; x_wconf 81' lang='lat' dir='ltr'>vinculis.</span> <span class='ocrx_word' id='word_1_68' title='bbox 2718 631 2835 697; x_wconf 83' lang='lat' dir='ltr'>Vel,</span> <span class='ocrx_word' id='word_1_69' title='bbox 2871 640 2927 684; x_wconf 91' lang='lat' dir='ltr'>ut</span> <span class='ocrx_word' id='word_1_70' title='bbox 2969 631 3216 701; x_wconf 74' lang='lat' dir='ltr'>exemplo</span> <span class='ocrx_word' id='word_1_71' title='bbox 3276 648 3398 685; x_wconf 87' lang='lat' dir='ltr'>meo</span> <span class='ocrx_word' id='word_1_72' title='bbox 3442 647 3544 701; x_wconf 89' lang='lat' dir='ltr'>pro</span> 
     </span>
    </p>
   </div>
   <div class='ocr_carea' id='block_1_6' title="bbox 252 718 3543 789">
    <p class='ocr_par' dir='ltr' id='par_1_6' title="bbox 252 718 3543 789">
     <span class='ocr_line' id='line_1_6' title="bbox 252 718 3543 789; baseline 0 -17"><span class='ocrx_word' id='word_1_73' title='bbox 252 719 577 789; x_wconf 83' lang='lat' dir='ltr'>Archippus,</span> <span class='ocrx_word' id='word_1_74' title='bbox 627 718 793 772; x_wconf 87' lang='lat' dir='ltr'>iratus</span> <span class='ocrx_word' id='word_1_75' title='bbox 858 719 984 789; x_wconf 88' lang='lat' dir='ltr'>quia</span> <span class='ocrx_word' id='word_1_76' title='bbox 1039 718 1323 773; x_wconf 86' lang='lat' dir='ltr'>audierant</span> <span class='ocrx_word' id='word_1_77' title='bbox 1379 726 1563 773; x_wconf 89' lang='lat' dir='ltr'>contra</span> <span class='ocrx_word' id='word_1_78' title='bbox 1622 734 1680 772; x_wconf 92' lang='lat' dir='ltr'>se</span> <span class='ocrx_word' id='word_1_79' title='bbox 1731 718 1853 772; x_wconf 91' lang='lat' dir='ltr'>illos</span> <span class='ocrx_word' id='word_1_80' title='bbox 1955 719 2169 773; x_wconf 75' lang='lat' dir='ltr'>Christo</span> <span class='ocrx_word' id='word_1_81' title='bbox 2208 718 2504 789; x_wconf 87' lang='lat' dir='ltr'>patiamini.</span> <span class='ocrx_word' id='word_1_82' title='bbox 2546 719 2806 775; x_wconf 87' lang='lat' dir='ltr'>Salutatio</span> <span class='ocrx_word' id='word_1_83' title='bbox 2868 721 2985 774; x_wconf 86' lang='lat' dir='ltr'>hac</span> <span class='ocrx_word' id='word_1_84' title='bbox 3034 727 3161 774; x_wconf 86' lang='lat' dir='ltr'>est:</span> <span class='ocrx_word' id='word_1_85' title='bbox 3202 720 3396 775; x_wconf 79' lang='lat' dir='ltr'>Gratia</span> <span class='ocrx_word' id='word_1_86' title='bbox 3433 720 3543 773; x_wconf 88' lang='lat' dir='ltr'>Do-</span> 
     </span>
    </p>
   </div>
   <div class='ocr_carea' id='block_1_7' title="bbox 250 806 3273 879">
    <p class='ocr_par' dir='ltr' id='par_1_7' title="bbox 250 806 3273 879">
     <span class='ocr_line' id='line_1_7' title="bbox 250 806 3273 879; baseline 0.001 -18"><span class='ocrx_word' id='word_1_87' title='bbox 250 807 483 879; x_wconf 89' lang='lat' dir='ltr'>pseudo,</span> <span class='ocrx_word' id='word_1_88' title='bbox 521 806 730 861; x_wconf 85' lang='lat' dir='ltr'>dixerat</span> <span class='ocrx_word' id='word_1_89' title='bbox 760 823 819 861; x_wconf 89' lang='lat' dir='ltr'>se</span> <span class='ocrx_word' id='word_1_90' title='bbox 847 823 955 861; x_wconf 92' lang='lat' dir='ltr'>non</span> <span class='ocrx_word' id='word_1_91' title='bbox 997 807 1232 877; x_wconf 87' lang='lat' dir='ltr'>amplius</span> <span class='ocrx_word' id='word_1_92' title='bbox 1288 806 1722 876; x_wconf 90' lang='lat' dir='ltr'>episcopaturum</span> <span class='ocrx_word' id='word_1_93' title='bbox 1774 806 1853 861; x_wconf 84' lang='lat' dir='ltr'>eis</span> <span class='ocrx_word' id='word_1_94' title='bbox 1952 808 2099 862; x_wconf 79' lang='lat' dir='ltr'>mini</span> <span class='ocrx_word' id='word_1_95' title='bbox 2128 809 2307 863; x_wconf 78' lang='lat' dir='ltr'>nostri</span> <span class='ocrx_word' id='word_1_96' title='bbox 2337 810 2467 863; x_wconf 78' lang='lat' dir='ltr'>Iesu</span> <span class='ocrx_word' id='word_1_97' title='bbox 2500 807 2707 863; x_wconf 83' lang='lat' dir='ltr'>Christi</span> <span class='ocrx_word' id='word_1_98' title='bbox 2738 809 3033 863; x_wconf 79' lang='lat' dir='ltr'>vobiscum.</span> <span class='ocrx_word' id='word_1_99' title='bbox 3076 809 3273 863; x_wconf 84' lang='lat' dir='ltr'>Amen.</span> 
     </span>
    </p>
   </div>
   <div class='ocr_carea' id='block_1_8' title="bbox 774 1087 3023 1147">
    <p class='ocr_par' dir='ltr' id='par_1_8' title="bbox 774 1087 3023 1147">
     <span class='ocr_line' id='line_1_8' title="bbox 774 1087 3023 1147; baseline 0.001 -5"><span class='ocrx_word' id='word_1_100' title='bbox 774 1087 1271 1143; x_wconf 80' lang='lat' dir='ltr'>ARGUMENTUM</span> <span class='ocrx_word' id='word_1_101' title='bbox 1312 1089 1383 1143; x_wconf 88' lang='lat' dir='ltr'>IN</span> <span class='ocrx_word' id='word_1_102' title='bbox 1425 1087 1815 1142; x_wconf 88' lang='lat' dir='ltr'>EPISTOLAM</span> <span class='ocrx_word' id='word_1_103' title='bbox 1856 1087 2124 1143; x_wconf 81' lang='lat' dir='ltr'>PRIMAM</span> <span class='ocrx_word' id='word_1_104' title='bbox 2161 1089 2255 1142; x_wconf 86' lang='lat' dir='ltr'>AD</span> <span class='ocrx_word' id='word_1_105' title='bbox 2295 1088 3023 1147; x_wconf 84' lang='lat' dir='ltr'>THESSALONICENSES.</span> 
     </span>
    </p>
   </div>
   <div class='ocr_carea' id='block_1_9' title="bbox 326 1233 3550 1309">
    <p class='ocr_par' dir='ltr' id='par_1_9' title="bbox 326 1233 3550 1309">
     <span class='ocr_line' id='line_1_9' title="bbox 326 1233 3550 1309; baseline 0.002 -21"><span class='ocrx_word' id='word_1_106' title='bbox 326 1233 854 1309; x_wconf 82' lang='lat' dir='ltr'>Thessalonicenses</span> <span class='ocrx_word' id='word_1_107' title='bbox 869 1243 994 1289; x_wconf 92' lang='lat' dir='ltr'>sunt</span> <span class='ocrx_word' id='word_1_108' title='bbox 1023 1236 1368 1292; x_wconf 83' lang='lat' dir='ltr'>Macedones.</span> <span class='ocrx_word' id='word_1_109' title='bbox 1412 1236 1477 1290; x_wconf 91' lang='lat' dir='ltr'>Hi</span> <span class='ocrx_word' id='word_1_110' title='bbox 1508 1236 1562 1289; x_wconf 93' lang='lat' dir='ltr'>in</span> <span class='ocrx_word' id='word_1_111' title='bbox 1595 1235 1809 1291; x_wconf 88' lang='lat' dir='ltr'>Christo</span> <span class='ocrx_word' id='word_1_112' title='bbox 1839 1236 1969 1291; x_wconf 84' lang='lat' dir='ltr'>Jesu</span> <span class='ocrx_word' id='word_1_113' title='bbox 2000 1243 2227 1309; x_wconf 76' lang='lat' dir='ltr'>accepto</span> <span class='ocrx_word' id='word_1_114' title='bbox 2256 1237 2424 1291; x_wconf 87' lang='lat' dir='ltr'>verbo</span> <span class='ocrx_word' id='word_1_115' title='bbox 2444 1308 2453 1309; x_wconf 16' lang='grc' dir='ltr'>ί</span> <span class='ocrx_word' id='word_1_116' title='bbox 2476 1238 2713 1292; x_wconf 84' lang='lat' dir='ltr'>veritatis</span> <span class='ocrx_word' id='word_1_117' title='bbox 2756 1239 3101 1309; x_wconf 85' lang='lat' dir='ltr'>perstiterunt</span> <span class='ocrx_word' id='word_1_118' title='bbox 3128 1238 3181 1293; x_wconf 92' lang='lat' dir='ltr'>in</span> <span class='ocrx_word' id='word_1_119' title='bbox 3214 1237 3352 1308; x_wconf 89' lang='lat' dir='ltr'>ﬁde,</span> <span class='ocrx_word' id='word_1_120' title='bbox 3387 1239 3550 1295; x_wconf 88' lang='lat' dir='ltr'>etiam</span> 
     </span>
    </p>
   </div>
   <div class='ocr_carea' id='block_1_10' title="bbox 254 1303 3551 1390">
    <p class='ocr_par' dir='ltr' id='par_1_10' title="bbox 254 1303 3551 1390">
     <span class='ocr_line' id='line_1_10' title="bbox 254 1303 3551 1390; baseline 0.002 -32"><span class='ocrx_word' id='word_1_121' title='bbox 254 1303 717 1390; x_wconf 46' lang='lat' dir='ltr'>in‘persecuti&#39;one</span> <span class='ocrx_word' id='word_1_122' title='bbox 756 1306 953 1390; x_wconf 71' lang='lat' dir='ltr'>civium</span> <span class='ocrx_word' id='word_1_123' title='bbox 983 1323 1201 1390; x_wconf 81' lang='lat' dir='ltr'>suorum</span> <span class='ocrx_word' id='word_1_124' title='bbox 1215 1349 1237 1390; x_wconf 49' lang='lat'>.‘</span> <span class='ocrx_word' id='word_1_125' title='bbox 1264 1309 1534 1390; x_wconf 71' lang='lat' dir='ltr'>Praeterea</span> <span class='ocrx_word' id='word_1_126' title='bbox 1563 1322 1665 1362; x_wconf 92' lang='lat' dir='ltr'>nec</span> <span class='ocrx_word' id='word_1_127' title='bbox 1695 1315 2022 1390; x_wconf 73' lang='lat' dir='ltr'>receperunt</span> <span class='ocrx_word' id='word_1_128' title='bbox 2052 1303 2220 1387; x_wconf 73' lang='lat' dir='ltr'>falsos</span> <span class='ocrx_word' id='word_1_129' title='bbox 2246 1308 2543 1390; x_wconf 71' lang='lat' dir='ltr'>apostolos,</span> <span class='ocrx_word' id='word_1_130' title='bbox 2576 1325 2679 1390; x_wconf 68' lang='lat' dir='ltr'>nec</span> <span class='ocrx_word' id='word_1_131' title='bbox 2708 1303 2774 1364; x_wconf 72' lang='lat' dir='ltr'>ea</span> <span class='ocrx_word' id='word_1_132' title='bbox 2795 1325 2917 1380; x_wconf 84' lang='lat' dir='ltr'>qua</span> <span class='ocrx_word' id='word_1_133' title='bbox 2949 1325 2983 1363; x_wconf 87' lang='lat' dir='ltr'>a</span> <span class='ocrx_word' id='word_1_134' title='bbox 3012 1309 3163 1390; x_wconf 65' lang='lat' dir='ltr'>falsis</span> <span class='ocrx_word' id='word_1_135' title='bbox 3192 1303 3451 1390; x_wconf 80' lang='lat' dir='ltr'>apostolis</span> <span class='ocrx_word' id='word_1_136' title='bbox 3467 1312 3551 1365; x_wconf 91' lang='lat' dir='ltr'>di-</span> 
     </span>
    </p>
   </div>
   <div class='ocr_carea' id='block_1_11' title="bbox 256 1375 3551 1500">
    <p class='ocr_par' dir='ltr' id='par_1_11' title="bbox 256 1375 3551 1500">
     <span class='ocr_line' id='line_1_11' title="bbox 256 1375 3551 1500; baseline 0.003 -71"><span class='ocrx_word' id='word_1_137' title='bbox 256 1375 538 1500; x_wconf 50' lang='lat' dir='ltr'>fetlilantur.</span> <span class='ocrx_word' id='word_1_138' title='bbox 573 1377 685 1431; x_wconf 88' lang='lat' dir='ltr'>Hos</span> <span class='ocrx_word' id='word_1_139' title='bbox 716 1377 988 1432; x_wconf 86' lang='lat' dir='ltr'>collaudat</span> <span class='ocrx_word' id='word_1_140' title='bbox 1017 1378 1339 1449; x_wconf 83' lang='lat' dir='ltr'>Apostolus,</span> <span class='ocrx_word' id='word_1_141' title='bbox 1390 1378 1635 1433; x_wconf 83' lang='lat' dir='ltr'>scribens</span> <span class='ocrx_word' id='word_1_142' title='bbox 1668 1377 1748 1432; x_wconf 91' lang='lat' dir='ltr'>eis</span> <span class='ocrx_word' id='word_1_143' title='bbox 1779 1375 1846 1431; x_wconf 81' lang='lat' dir='ltr'>ab</span> <span class='ocrx_word' id='word_1_144' title='bbox 1879 1378 2105 1432; x_wconf 85' lang='lat' dir='ltr'>Athenis</span> <span class='ocrx_word' id='word_1_145' title='bbox 2132 1394 2231 1449; x_wconf 89' lang='lat' dir='ltr'>per</span> <span class='ocrx_word' id='word_1_146' title='bbox 2260 1375 2555 1448; x_wconf 89' lang='lat' dir='ltr'>Tychicum</span> <span class='ocrx_word' id='word_1_147' title='bbox 2593 1375 2875 1435; x_wconf 63' lang='lat' dir='ltr'>diacone&#39;m</span> <span class='ocrx_word' id='word_1_148' title='bbox 2897 1422 2911 1446; x_wconf 93' lang='lat'>,</span> <span class='ocrx_word' id='word_1_149' title='bbox 2953 1387 3005 1435; x_wconf 89' lang='lat' dir='ltr'>et</span> <span class='ocrx_word' id='word_1_150' title='bbox 3054 1375 3372 1437; x_wconf 77' lang='lat' dir='ltr'>Onesimum</span> <span class='ocrx_word' id='word_1_151' title='bbox 3427 1396 3551 1438; x_wconf 89' lang='lat' dir='ltr'>aco-</span> 
     </span>
     <span class='ocr_line' id='line_1_12' title="bbox 281 1463 485 1500; baseline -0.005 0"><span class='ocrx_word' id='word_1_152' title='bbox 281 1463 311 1500; x_wconf 89' lang='lat' dir='ltr'>v</span> <span class='ocrx_word' id='word_1_153' title='bbox 376 1463 485 1500; x_wconf 90' lang='lat' dir='ltr'>um.</span> 
     </span>
    </p>
   </div>
   <div class='ocr_carea' id='block_1_12' title="bbox 281 1463 485 1516">
    <p class='ocr_par' dir='ltr' id='par_1_12' title="bbox 281 1463 485 1516">
     <span class='ocr_line' id='line_1_13' title="bbox 281 1463 485 1516; baseline -0.005 -16"><span class='ocrx_word' id='word_1_154' title='bbox 281 1463 485 1516; x_wconf 82' lang='lat' dir='ltr'>ymum.</span> 
     </span>
    </p>
   </div>
   <div class='ocr_carea' id='block_1_13' title="bbox 1116 1732 2683 1795">
    <p class='ocr_par' dir='ltr' id='par_1_13' title="bbox 1116 1732 2683 1795">
     <span class='ocr_line' id='line_1_14' title="bbox 1116 1732 2683 1795; baseline 0.001 -3"><span class='ocrx_word' id='word_1_155' title='bbox 1116 1732 1559 1795; x_wconf 83' lang='lat' dir='ltr'>PROLOGUS</span> <span class='ocrx_word' id='word_1_156' title='bbox 1603 1735 1680 1794; x_wconf 94' lang='lat' dir='ltr'>B.</span> <span class='ocrx_word' id='word_1_157' title='bbox 1726 1732 2146 1795; x_wconf 81' lang='lat' dir='ltr'>BRUNONIS</span> <span class='ocrx_word' id='word_1_158' title='bbox 2189 1733 2273 1793; x_wconf 94' lang='lat' dir='ltr'>IN</span> <span class='ocrx_word' id='word_1_159' title='bbox 2315 1734 2683 1794; x_wconf 86' lang='lat' dir='ltr'>EAMDEM.</span> 
     </span>
    </p>
   </div>
   <div class='ocr_carea' id='block_1_14' title="bbox 332 1889 3555 1959">
    <p class='ocr_par' dir='ltr' id='par_1_14' title="bbox 332 1889 3555 1959">
     <span class='ocr_line' id='line_1_15' title="bbox 332 1889 3555 1959; baseline 0.001 -12"><span class='ocrx_word' id='word_1_160' title='bbox 332 1889 852 1947; x_wconf 87' lang='lat' dir='ltr'>Thessalonicenses</span> <span class='ocrx_word' id='word_1_161' title='bbox 905 1897 1030 1946; x_wconf 90' lang='lat' dir='ltr'>sunt</span> <span class='ocrx_word' id='word_1_162' title='bbox 1085 1890 1142 1945; x_wconf 91' lang='lat' dir='ltr'>in</span> <span class='ocrx_word' id='word_1_163' title='bbox 1200 1889 1540 1945; x_wconf 86' lang='lat' dir='ltr'>Macedonia.</span> <span class='ocrx_word' id='word_1_164' title='bbox 1600 1890 1689 1955; x_wconf 89' lang='lat' dir='ltr'>Hi,</span> <span class='ocrx_word' id='word_1_165' title='bbox 1757 1894 1933 1953; x_wconf 88' lang='lat' dir='ltr'>au-B</span> <span class='ocrx_word' id='word_1_166' title='bbox 1962 1890 2241 1959; x_wconf 89' lang='lat' dir='ltr'>aberrans,</span> <span class='ocrx_word' id='word_1_167' title='bbox 2294 1890 2489 1945; x_wconf 84' lang='lat' dir='ltr'>Paulus</span> <span class='ocrx_word' id='word_1_168' title='bbox 2546 1891 2614 1945; x_wconf 88' lang='lat' dir='ltr'>ab</span> <span class='ocrx_word' id='word_1_169' title='bbox 2669 1892 2895 1947; x_wconf 88' lang='lat' dir='ltr'>Athenis</span> <span class='ocrx_word' id='word_1_170' title='bbox 2948 1892 3287 1948; x_wconf 88' lang='lat' dir='ltr'>Timotheum</span> <span class='ocrx_word' id='word_1_171' title='bbox 3342 1894 3412 1948; x_wconf 89' lang='lat' dir='ltr'>ad</span> <span class='ocrx_word' id='word_1_172' title='bbox 3460 1909 3555 1950; x_wconf 91' lang='lat' dir='ltr'>eos</span> 
     </span>
    </p>
   </div>
   <div class='ocr_carea' id='block_1_15' title="bbox 261 1976 3553 2052">
    <p class='ocr_par' dir='ltr' id='par_1_15' title="bbox 261 1976 3553 2052">
     <span class='ocr_line' id='line_1_16' title="bbox 261 1976 3553 2052; baseline 0.001 -19"><span class='ocrx_word' id='word_1_173' title='bbox 261 1978 380 2034; x_wconf 91' lang='lat' dir='ltr'>dito</span> <span class='ocrx_word' id='word_1_174' title='bbox 437 1979 607 2041; x_wconf 88' lang='lat' dir='ltr'>verbo</span> <span class='ocrx_word' id='word_1_175' title='bbox 674 1976 799 2033; x_wconf 90' lang='lat' dir='ltr'>ﬁdei</span> <span class='ocrx_word' id='word_1_176' title='bbox 862 1994 895 2033; x_wconf 90' lang='lat' dir='ltr'>a</span> <span class='ocrx_word' id='word_1_177' title='bbox 944 1978 1129 2043; x_wconf 88' lang='lat' dir='ltr'>Paulo,</span> <span class='ocrx_word' id='word_1_178' title='bbox 1216 1978 1580 2042; x_wconf 88' lang='lat' dir='ltr'>crediderunt,</span> <span class='ocrx_word' id='word_1_179' title='bbox 1635 1985 1858 2048; x_wconf 89' lang='lat' dir='ltr'>accepta</span> <span class='ocrx_word' id='word_1_180' title='bbox 1965 1978 2180 2034; x_wconf 87' lang='lat' dir='ltr'>direxit.</span> <span class='ocrx_word' id='word_1_181' title='bbox 2216 1977 2590 2046; x_wconf 87' lang='lat' dir='ltr'>Quoreverso,</span> <span class='ocrx_word' id='word_1_182' title='bbox 2623 1979 2717 2033; x_wconf 91' lang='lat' dir='ltr'>ubi</span> <span class='ocrx_word' id='word_1_183' title='bbox 2756 1980 2948 2035; x_wconf 87' lang='lat' dir='ltr'>Paulus</span> <span class='ocrx_word' id='word_1_184' title='bbox 2984 1982 3344 2052; x_wconf 88' lang='lat' dir='ltr'>quorumdam</span> <span class='ocrx_word' id='word_1_185' title='bbox 3370 1980 3553 2050; x_wconf 89' lang='lat' dir='ltr'>ﬁdem,</span> 
     </span>
    </p>
   </div>
   <div class='ocr_carea' id='block_1_16' title="bbox 259 2064 3555 2142">
    <p class='ocr_par' dir='ltr' id='par_1_16' title="bbox 259 2064 3555 2142">
     <span class='ocr_line' id='line_1_17' title="bbox 259 2064 3555 2142; baseline 0.001 -22"><span class='ocrx_word' id='word_1_186' title='bbox 259 2066 431 2121; x_wconf 89' lang='lat' dir='ltr'>multa</span> <span class='ocrx_word' id='word_1_187' title='bbox 480 2067 659 2138; x_wconf 80' lang='lat' dir='ltr'>gratia</span> <span class='ocrx_word' id='word_1_188' title='bbox 715 2067 771 2120; x_wconf 92' lang='lat' dir='ltr'>in</span> <span class='ocrx_word' id='word_1_189' title='bbox 834 2067 954 2136; x_wconf 92' lang='lat' dir='ltr'>ipso</span> <span class='ocrx_word' id='word_1_190' title='bbox 1032 2066 1253 2121; x_wconf 88' lang='lat' dir='ltr'>exordio</span> <span class='ocrx_word' id='word_1_191' title='bbox 1310 2064 1454 2120; x_wconf 90' lang='lat' dir='ltr'>ﬁdei.</span> <span class='ocrx_word' id='word_1_192' title='bbox 1525 2066 1633 2121; x_wconf 91' lang='lat' dir='ltr'>Sed</span> <span class='ocrx_word' id='word_1_193' title='bbox 1692 2066 1857 2120; x_wconf 91' lang='lat' dir='ltr'>Paulo</span> <span class='ocrx_word' id='word_1_194' title='bbox 1968 2066 2202 2122; x_wconf 89' lang='lat' dir='ltr'>aliorum</span> <span class='ocrx_word' id='word_1_195' title='bbox 2229 2083 2464 2121; x_wconf 88' lang='lat' dir='ltr'>errorem</span> <span class='ocrx_word' id='word_1_196' title='bbox 2524 2083 2621 2137; x_wconf 91' lang='lat' dir='ltr'>per</span> <span class='ocrx_word' id='word_1_197' title='bbox 2662 2067 3002 2124; x_wconf 89' lang='lat' dir='ltr'>Timotheum</span> <span class='ocrx_word' id='word_1_198' title='bbox 3044 2078 3224 2124; x_wconf 89' lang='lat' dir='ltr'>certus</span> <span class='ocrx_word' id='word_1_199' title='bbox 3276 2070 3555 2142; x_wconf 74' lang='lat' dir='ltr'>cognovit,</span> 
     </span>
    </p>
   </div>
   <div class='ocr_carea' id='block_1_17' title="bbox 256 2153 3559 2229">
    <p class='ocr_par' dir='ltr' id='par_1_17' title="bbox 256 2153 3559 2229">
     <span class='ocr_line' id='line_1_18' title="bbox 256 2153 3559 2229; baseline 0.002 -22"><span class='ocrx_word' id='word_1_200' title='bbox 256 2169 487 2209; x_wconf 86' lang='lat' dir='ltr'>reverso</span> <span class='ocrx_word' id='word_1_201' title='bbox 534 2154 601 2208; x_wconf 89' lang='lat' dir='ltr'>ab</span> <span class='ocrx_word' id='word_1_202' title='bbox 668 2161 766 2223; x_wconf 88' lang='lat' dir='ltr'>eis,</span> <span class='ocrx_word' id='word_1_203' title='bbox 825 2154 1047 2226; x_wconf 89' lang='lat' dir='ltr'>quidam</span> <span class='ocrx_word' id='word_1_204' title='bbox 1078 2154 1239 2225; x_wconf 89' lang='lat' dir='ltr'>(sicut</span> <span class='ocrx_word' id='word_1_205' title='bbox 1286 2154 1357 2208; x_wconf 89' lang='lat' dir='ltr'>ab</span> <span class='ocrx_word' id='word_1_206' title='bbox 1402 2168 1468 2207; x_wconf 91' lang='lat' dir='ltr'>eo</span> <span class='ocrx_word' id='word_1_207' title='bbox 1513 2153 1859 2224; x_wconf 89' lang='lat' dir='ltr'>acceperant)</span> <span class='ocrx_word' id='word_1_208' title='bbox 1969 2154 2151 2209; x_wconf 89' lang='lat' dir='ltr'>scribit</span> <span class='ocrx_word' id='word_1_209' title='bbox 2171 2154 2279 2208; x_wconf 89' lang='lat' dir='ltr'>illis</span> <span class='ocrx_word' id='word_1_210' title='bbox 2310 2156 2449 2209; x_wconf 89' lang='lat' dir='ltr'>hanc</span> <span class='ocrx_word' id='word_1_211' title='bbox 2498 2154 2816 2224; x_wconf 91' lang='lat' dir='ltr'>Epistolam,</span> <span class='ocrx_word' id='word_1_212' title='bbox 2866 2156 2921 2210; x_wconf 90' lang='lat' dir='ltr'>in</span> <span class='ocrx_word' id='word_1_213' title='bbox 2953 2172 3055 2227; x_wconf 89' lang='lat' dir='ltr'>qua</span> <span class='ocrx_word' id='word_1_214' title='bbox 3100 2164 3387 2229; x_wconf 89' lang='lat' dir='ltr'>utramque</span> <span class='ocrx_word' id='word_1_215' title='bbox 3428 2173 3559 2228; x_wconf 87' lang='lat' dir='ltr'>par-</span> 
     </span>
    </p>
   </div>
   <div class='ocr_carea' id='block_1_18' title="bbox 256 2241 1862 2312">
    <p class='ocr_par' dir='ltr' id='par_1_18' title="bbox 256 2241 1862 2312">
     <span class='ocr_line' id='line_1_19' title="bbox 256 2241 1862 2312; baseline -0.001 -17"><span class='ocrx_word' id='word_1_216' title='bbox 256 2241 562 2297; x_wconf 87' lang='lat' dir='ltr'>imitatores</span> <span class='ocrx_word' id='word_1_217' title='bbox 611 2242 760 2296; x_wconf 86' lang='lat' dir='ltr'>Pauli</span> <span class='ocrx_word' id='word_1_218' title='bbox 839 2241 1195 2312; x_wconf 87' lang='lat' dir='ltr'>perstiterunt</span> <span class='ocrx_word' id='word_1_219' title='bbox 1290 2241 1344 2294; x_wconf 90' lang='lat' dir='ltr'>in</span> <span class='ocrx_word' id='word_1_220' title='bbox 1414 2241 1600 2306; x_wconf 89' lang='lat' dir='ltr'>bono;</span> <span class='ocrx_word' id='word_1_221' title='bbox 1640 2241 1862 2311; x_wconf 88' lang='lat' dir='ltr'>quidam</span> 
     </span>
    </p>
   </div>
   <div class='ocr_carea' id='block_1_19' title="bbox 257 2328 1862 2399">
    <p class='ocr_par' dir='ltr' id='par_1_19' title="bbox 257 2328 1862 2399">
     <span class='ocr_line' id='line_1_20' title="bbox 257 2328 1862 2399; baseline -0.001 -16"><span class='ocrx_word' id='word_1_222' title='bbox 257 2337 442 2384; x_wconf 89' lang='lat' dir='ltr'>autem</span> <span class='ocrx_word' id='word_1_223' title='bbox 509 2345 695 2385; x_wconf 88' lang='lat' dir='ltr'>eorum</span> <span class='ocrx_word' id='word_1_224' title='bbox 742 2329 1003 2399; x_wconf 86' lang='lat' dir='ltr'>paulatim</span> <span class='ocrx_word' id='word_1_225' title='bbox 1060 2328 1299 2399; x_wconf 89' lang='lat' dir='ltr'>corrupti</span> <span class='ocrx_word' id='word_1_226' title='bbox 1346 2335 1486 2392; x_wconf 91' lang='lat' dir='ltr'>sunt,</span> <span class='ocrx_word' id='word_1_227' title='bbox 1532 2328 1775 2383; x_wconf 86' lang='lat' dir='ltr'>labentes</span> <span class='ocrx_word' id='word_1_228' title='bbox 1806 2328 1862 2382; x_wconf 92' lang='lat' dir='ltr'>in</span> 
     </span>
    </p>
   </div>
   <div class='ocr_carea' id='block_1_20' title="bbox 263 2416 1863 2487">
    <p class='ocr_par' dir='ltr' id='par_1_20' title="bbox 263 2416 1863 2487">
     <span class='ocr_line' id='line_1_21' title="bbox 263 2416 1863 2487; baseline -0.001 -14"><span class='ocrx_word' id='word_1_229' title='bbox 263 2417 509 2474; x_wconf 75' lang='lat'>289</span> <span class='ocrx_word' id='word_1_230' title='bbox 542 2417 758 2474; x_wconf 87' lang='lat' dir='ltr'>foveam</span> <span class='ocrx_word' id='word_1_231' title='bbox 789 2417 1177 2473; x_wconf 85' lang='lat' dir='ltr'>fornicationis.</span> <span class='ocrx_word' id='word_1_232' title='bbox 1230 2418 1521 2487; x_wconf 72' lang='lat' dir='ltr'>Coeperunt</span> <span class='ocrx_word' id='word_1_233' title='bbox 1550 2416 1710 2471; x_wconf 88' lang='lat' dir='ltr'>etiam</span> <span class='ocrx_word' id='word_1_234' title='bbox 1741 2432 1863 2471; x_wconf 86' lang='lat' dir='ltr'>esse</span> 
     </span>
    </p>
   </div>
   <div class='ocr_carea' id='block_1_21' title="bbox 261 2504 1863 2573">
    <p class='ocr_par' dir='ltr' id='par_1_21' title="bbox 261 2504 1863 2573">
     <span class='ocr_line' id='line_1_22' title="bbox 261 2504 1863 2573; baseline -0.001 -13"><span class='ocrx_word' id='word_1_235' title='bbox 261 2506 445 2570; x_wconf 88' lang='lat' dir='ltr'>otiosi,</span> <span class='ocrx_word' id='word_1_236' title='bbox 479 2506 732 2561; x_wconf 89' lang='lat' dir='ltr'>laborare</span> <span class='ocrx_word' id='word_1_237' title='bbox 755 2504 1022 2573; x_wconf 87' lang='lat' dir='ltr'>nolentes,</span> <span class='ocrx_word' id='word_1_238' title='bbox 1059 2513 1113 2560; x_wconf 87' lang='lat' dir='ltr'>et</span> <span class='ocrx_word' id='word_1_239' title='bbox 1142 2504 1361 2569; x_wconf 89' lang='lat' dir='ltr'>curiosi,</span> <span class='ocrx_word' id='word_1_240' title='bbox 1409 2519 1655 2558; x_wconf 91' lang='lat' dir='ltr'>rumores</span> <span class='ocrx_word' id='word_1_241' title='bbox 1710 2504 1863 2559; x_wconf 88' lang='lat' dir='ltr'>urbis</span> 
     </span>
    </p>
   </div>
   <div class='ocr_carea' id='block_1_22' title="bbox 258 2592 1863 2665">
    <p class='ocr_par' dir='ltr' id='par_1_22' title="bbox 258 2592 1863 2665">
     <span class='ocr_line' id='line_1_23' title="bbox 258 2592 1863 2665; baseline 0.001 -19"><span class='ocrx_word' id='word_1_242' title='bbox 258 2593 431 2647; x_wconf 87' lang='lat' dir='ltr'>multo</span> <span class='ocrx_word' id='word_1_243' title='bbox 462 2594 639 2648; x_wconf 91' lang='lat' dir='ltr'>studio</span> <span class='ocrx_word' id='word_1_244' title='bbox 666 2594 1064 2665; x_wconf 90' lang='lat' dir='ltr'>perquirentes.</span> <span class='ocrx_word' id='word_1_245' title='bbox 1092 2594 1351 2647; x_wconf 88' lang='lat' dir='ltr'>Errantes</span> <span class='ocrx_word' id='word_1_246' title='bbox 1373 2592 1537 2646; x_wconf 89' lang='lat' dir='ltr'>etiam</span> <span class='ocrx_word' id='word_1_247' title='bbox 1564 2592 1863 2648; x_wconf 90' lang='lat' dir='ltr'>dubitando</span> 
     </span>
    </p>
   </div>
   <div class='ocr_carea' id='block_1_23' title="bbox 260 2679 1865 2750">
    <p class='ocr_par' dir='ltr' id='par_1_23' title="bbox 260 2679 1865 2750">
     <span class='ocr_line' id='line_1_24' title="bbox 260 2679 1865 2750; baseline 0.001 -17"><span class='ocrx_word' id='word_1_248' title='bbox 260 2679 332 2734; x_wconf 91' lang='lat' dir='ltr'>de</span> <span class='ocrx_word' id='word_1_249' title='bbox 362 2682 762 2736; x_wconf 88' lang='lat' dir='ltr'>resurrectione</span> <span class='ocrx_word' id='word_1_250' title='bbox 791 2689 1151 2736; x_wconf 88' lang='lat' dir='ltr'>mortuorum.</span> <span class='ocrx_word' id='word_1_251' title='bbox 1187 2680 1370 2750; x_wconf 85' lang='lat' dir='ltr'>Quare</span> <span class='ocrx_word' id='word_1_252' title='bbox 1403 2679 1560 2734; x_wconf 88' lang='lat' dir='ltr'>etiam</span> <span class='ocrx_word' id='word_1_253' title='bbox 1592 2695 1651 2734; x_wconf 90' lang='lat' dir='ltr'>se</span> <span class='ocrx_word' id='word_1_254' title='bbox 1698 2696 1865 2750; x_wconf 90' lang='lat' dir='ltr'>supra</span> 
     </span>
    </p>
   </div>
   <div class='ocr_carea' id='block_1_24' title="bbox 260 2768 1865 2840">
    <p class='ocr_par' dir='ltr' id='par_1_24' title="bbox 260 2768 1865 2840">
     <span class='ocr_line' id='line_1_25' title="bbox 260 2768 1865 2840; baseline 0.002 -19"><span class='ocrx_word' id='word_1_255' title='bbox 260 2768 487 2823; x_wconf 87' lang='lat' dir='ltr'>modum</span> <span class='ocrx_word' id='word_1_256' title='bbox 532 2768 847 2840; x_wconf 81' lang='lat' dir='ltr'>afﬂigebant</span> <span class='ocrx_word' id='word_1_257' title='bbox 902 2769 958 2822; x_wconf 90' lang='lat' dir='ltr'>in</span> <span class='ocrx_word' id='word_1_258' title='bbox 1001 2777 1176 2823; x_wconf 91' lang='lat' dir='ltr'>morte</span> <span class='ocrx_word' id='word_1_259' title='bbox 1233 2769 1551 2834; x_wconf 86' lang='lat' dir='ltr'>amicorum,</span> <span class='ocrx_word' id='word_1_260' title='bbox 1610 2775 1865 2837; x_wconf 86' lang='lat' dir='ltr'>putantes</span> 
     </span>
    </p>
   </div>
   <div class='ocr_carea' id='block_1_25' title="bbox 262 2857 1863 2927">
    <p class='ocr_par' dir='ltr' id='par_1_25' title="bbox 262 2857 1863 2927">
     <span class='ocr_line' id='line_1_26' title="bbox 262 2857 1863 2927; baseline 0.001 -15"><span class='ocrx_word' id='word_1_261' title='bbox 262 2871 361 2912; x_wconf 90' lang='lat' dir='ltr'>eos</span> <span class='ocrx_word' id='word_1_262' title='bbox 419 2872 530 2911; x_wconf 91' lang='lat' dir='ltr'>non</span> <span class='ocrx_word' id='word_1_263' title='bbox 571 2857 802 2927; x_wconf 88' lang='lat' dir='ltr'>amplius</span> <span class='ocrx_word' id='word_1_264' title='bbox 859 2865 1282 2913; x_wconf 87' lang='lat' dir='ltr'>resurrecturos.</span> <span class='ocrx_word' id='word_1_265' title='bbox 1342 2858 1475 2912; x_wconf 88' lang='lat' dir='ltr'>Cum</span> <span class='ocrx_word' id='word_1_266' title='bbox 1522 2866 1702 2912; x_wconf 88' lang='lat' dir='ltr'>autem</span> <span class='ocrx_word' id='word_1_267' title='bbox 1741 2858 1863 2913; x_wconf 85' lang='lat' dir='ltr'>dua</span> 
     </span>
    </p>
   </div>
   <div class='ocr_carea' id='block_1_26' title="bbox 262 2944 1864 3015">
    <p class='ocr_par' dir='ltr' id='par_1_26' title="bbox 262 2944 1864 3015">
     <span class='ocr_line' id='line_1_27' title="bbox 262 2944 1864 3015; baseline 0.001 -18"><span class='ocrx_word' id='word_1_268' title='bbox 262 2952 453 3015; x_wconf 89' lang='lat' dir='ltr'>partes</span> <span class='ocrx_word' id='word_1_269' title='bbox 510 2960 697 2999; x_wconf 89' lang='lat' dir='ltr'>eorum</span> <span class='ocrx_word' id='word_1_270' title='bbox 755 2953 956 3013; x_wconf 88' lang='lat' dir='ltr'>essent,</span> <span class='ocrx_word' id='word_1_271' title='bbox 989 2944 1153 3001; x_wconf 89' lang='lat' dir='ltr'>altera</span> <span class='ocrx_word' id='word_1_272' title='bbox 1201 2946 1407 3002; x_wconf 88' lang='lat' dir='ltr'>directo</span> <span class='ocrx_word' id='word_1_273' title='bbox 1461 2946 1653 3002; x_wconf 88' lang='lat' dir='ltr'>itinere</span> <span class='ocrx_word' id='word_1_274' title='bbox 1714 2944 1864 3000; x_wconf 90' lang='lat' dir='ltr'>Pauli</span> 
     </span>
    </p>
   </div>
   <div class='ocr_carea' id='block_1_27' title="bbox 260 3032 1864 3103">
    <p class='ocr_par' dir='ltr' id='par_1_27' title="bbox 260 3032 1864 3103">
     <span class='ocr_line' id='line_1_28' title="bbox 260 3032 1864 3103; baseline -0.001 -16"><span class='ocrx_word' id='word_1_275' title='bbox 260 3032 563 3099; x_wconf 88' lang='lat' dir='ltr'>incedens;</span> <span class='ocrx_word' id='word_1_276' title='bbox 599 3032 792 3100; x_wconf 90' lang='lat' dir='ltr'>altera,</span> <span class='ocrx_word' id='word_1_277' title='bbox 849 3033 986 3089; x_wconf 90' lang='lat' dir='ltr'>sicut</span> <span class='ocrx_word' id='word_1_278' title='bbox 1026 3034 1229 3089; x_wconf 90' lang='lat' dir='ltr'>dictum</span> <span class='ocrx_word' id='word_1_279' title='bbox 1281 3042 1382 3103; x_wconf 91' lang='lat' dir='ltr'>est,</span> <span class='ocrx_word' id='word_1_280' title='bbox 1422 3050 1451 3088; x_wconf 90' lang='lat' dir='ltr'>a</span> <span class='ocrx_word' id='word_1_281' title='bbox 1482 3035 1567 3090; x_wconf 86' lang='lat' dir='ltr'>via</span> <span class='ocrx_word' id='word_1_282' title='bbox 1619 3033 1864 3090; x_wconf 85' lang='lat' dir='ltr'>veritatis</span> 
     </span>
    </p>
   </div>
   <div class='ocr_carea' id='block_1_28' title="bbox 1971 2241 3561 2311">
    <p class='ocr_par' dir='ltr' id='par_1_28' title="bbox 1971 2241 3561 2311">
     <span class='ocr_line' id='line_1_29' title="bbox 1971 2241 3561 2311; baseline 0.003 -16"><span class='ocrx_word' id='word_1_283' title='bbox 1971 2250 2080 2296; x_wconf 90' lang='lat' dir='ltr'>tem</span> <span class='ocrx_word' id='word_1_284' title='bbox 2101 2257 2311 2307; x_wconf 89' lang='lat' dir='ltr'>eorum,</span> <span class='ocrx_word' id='word_1_285' title='bbox 2344 2241 2613 2311; x_wconf 85' lang='lat' dir='ltr'>perfectos</span> <span class='ocrx_word' id='word_1_286' title='bbox 2643 2243 2849 2298; x_wconf 88' lang='lat' dir='ltr'>scilicet</span> <span class='ocrx_word' id='word_1_287' title='bbox 2879 2252 2931 2299; x_wconf 89' lang='lat' dir='ltr'>et</span> <span class='ocrx_word' id='word_1_288' title='bbox 2959 2252 3225 2311; x_wconf 86' lang='lat' dir='ltr'>errantes,</span> <span class='ocrx_word' id='word_1_289' title='bbox 3258 2245 3421 2299; x_wconf 89' lang='lat' dir='ltr'>habet</span> <span class='ocrx_word' id='word_1_290' title='bbox 3438 2261 3561 2299; x_wconf 87' lang='lat' dir='ltr'>ma-</span> 
     </span>
    </p>
   </div>
   <div class='ocr_carea' id='block_1_29' title="bbox 1974 2329 3562 2402">
    <p class='ocr_par' dir='ltr' id='par_1_29' title="bbox 1974 2329 3562 2402">
     <span class='ocr_line' id='line_1_30' title="bbox 1974 2329 3562 2402; baseline 0.004 -20"><span class='ocrx_word' id='word_1_291' title='bbox 1974 2329 2169 2383; x_wconf 89' lang='lat' dir='ltr'>teriam</span> <span class='ocrx_word' id='word_1_292' title='bbox 2205 2343 2217 2383; x_wconf 89' lang='lat'><strong>:</strong></span> <span class='ocrx_word' id='word_1_293' title='bbox 2252 2330 2426 2384; x_wconf 91' lang='lat' dir='ltr'>bonos</span> <span class='ocrx_word' id='word_1_294' title='bbox 2465 2330 2532 2384; x_wconf 90' lang='lat' dir='ltr'>de</span> <span class='ocrx_word' id='word_1_295' title='bbox 2561 2330 2896 2400; x_wconf 86' lang='lat' dir='ltr'>perfectione</span> <span class='ocrx_word' id='word_1_296' title='bbox 2940 2330 3066 2386; x_wconf 89' lang='lat' dir='ltr'>ﬁdei</span> <span class='ocrx_word' id='word_1_297' title='bbox 3095 2332 3478 2402; x_wconf 90' lang='lat' dir='ltr'>collaudando,</span> <span class='ocrx_word' id='word_1_298' title='bbox 3511 2340 3562 2389; x_wconf 90' lang='lat' dir='ltr'>et</span> 
     </span>
    </p>
   </div>
   <div class='ocr_carea' id='block_1_30' title="bbox 1971 2417 3562 2490">
    <p class='ocr_par' dir='ltr' id='par_1_30' title="bbox 1971 2417 3562 2490">
     <span class='ocr_line' id='line_1_31' title="bbox 1971 2417 3562 2490; baseline 0.003 -20"><span class='ocrx_word' id='word_1_299' title='bbox 1971 2417 2038 2471; x_wconf 92' lang='lat' dir='ltr'>ad</span> <span class='ocrx_word' id='word_1_300' title='bbox 2083 2418 2475 2473; x_wconf 87' lang='lat' dir='ltr'>incrementum</span> <span class='ocrx_word' id='word_1_301' title='bbox 2534 2418 2822 2486; x_wconf 90' lang='lat' dir='ltr'>bonorum,</span> <span class='ocrx_word' id='word_1_302' title='bbox 2877 2437 2997 2490; x_wconf 84' lang='lat' dir='ltr'>qua</span> <span class='ocrx_word' id='word_1_303' title='bbox 3036 2428 3315 2490; x_wconf 77' lang='lat' dir='ltr'>caperunt</span> <span class='ocrx_word' id='word_1_304' title='bbox 3359 2421 3562 2477; x_wconf 89' lang='lat' dir='ltr'>adhor-</span> 
     </span>
    </p>
   </div>
   <div class='ocr_carea' id='block_1_31' title="bbox 1970 2506 3566 2576">
    <p class='ocr_par' dir='ltr' id='par_1_31' title="bbox 1970 2506 3566 2576">
     <span class='ocr_line' id='line_1_32' title="bbox 1970 2506 3566 2576; baseline 0.003 -18"><span class='ocrx_word' id='word_1_305' title='bbox 1970 2506 2176 2571; x_wconf 85' lang='lat' dir='ltr'>tando;</span> <span class='ocrx_word' id='word_1_306' title='bbox 2232 2513 2472 2561; x_wconf 88' lang='lat' dir='ltr'>errantes</span> <span class='ocrx_word' id='word_1_307' title='bbox 2502 2521 2536 2559; x_wconf 88' lang='lat' dir='ltr'>a</span> <span class='ocrx_word' id='word_1_308' title='bbox 2582 2507 2909 2575; x_wconf 87' lang='lat' dir='ltr'>curiositate,</span> <span class='ocrx_word' id='word_1_309' title='bbox 2945 2508 3074 2573; x_wconf 92' lang='lat' dir='ltr'>otio,</span> <span class='ocrx_word' id='word_1_310' title='bbox 3108 2508 3481 2576; x_wconf 85' lang='lat' dir='ltr'>fornicatione,</span> <span class='ocrx_word' id='word_1_311' title='bbox 3511 2516 3566 2563; x_wconf 91' lang='lat' dir='ltr'>et</span> 
     </span>
    </p>
   </div>
   <div class='ocr_carea' id='block_1_32' title="bbox 1972 2593 3563 2651">
    <p class='ocr_par' dir='ltr' id='par_1_32' title="bbox 1972 2593 3563 2651">
     <span class='ocr_line' id='line_1_33' title="bbox 1972 2593 3563 2651; baseline 0.003 -4"><span class='ocrx_word' id='word_1_312' title='bbox 1972 2609 2003 2646; x_wconf 91' lang='lat' dir='ltr'>a</span> <span class='ocrx_word' id='word_1_313' title='bbox 2040 2593 2378 2648; x_wconf 86' lang='lat' dir='ltr'>dubitatione</span> <span class='ocrx_word' id='word_1_314' title='bbox 2425 2593 2607 2647; x_wconf 89' lang='lat' dir='ltr'>habita</span> <span class='ocrx_word' id='word_1_315' title='bbox 2644 2595 2712 2649; x_wconf 92' lang='lat' dir='ltr'>de</span> <span class='ocrx_word' id='word_1_316' title='bbox 2760 2594 2939 2649; x_wconf 90' lang='lat' dir='ltr'>futura</span> <span class='ocrx_word' id='word_1_317' title='bbox 2980 2597 3377 2651; x_wconf 88' lang='lat' dir='ltr'>resurrectione</span> <span class='ocrx_word' id='word_1_318' title='bbox 3433 2610 3563 2651; x_wconf 81' lang='lat' dir='ltr'>con-</span> 
     </span>
    </p>
   </div>
   <div class='ocr_carea' id='block_1_33' title="bbox 1972 2680 3564 2754">
    <p class='ocr_par' dir='ltr' id='par_1_33' title="bbox 1972 2680 3564 2754">
     <span class='ocr_line' id='line_1_34' title="bbox 1972 2680 3564 2754; baseline 0.003 -21"><span class='ocrx_word' id='word_1_319' title='bbox 1972 2680 2119 2750; x_wconf 83' lang='lat' dir='ltr'>gruis</span> <span class='ocrx_word' id='word_1_320' title='bbox 2150 2680 2446 2735; x_wconf 89' lang='lat' dir='ltr'>rationibus</span> <span class='ocrx_word' id='word_1_321' title='bbox 2505 2682 2848 2738; x_wconf 89' lang='lat' dir='ltr'>retrahendo.</span> <span class='ocrx_word' id='word_1_322' title='bbox 2882 2684 2943 2737; x_wconf 94' lang='lat' dir='ltr'>In</span> <span class='ocrx_word' id='word_1_323' title='bbox 2971 2699 3074 2754; x_wconf 89' lang='lat' dir='ltr'>qua</span> <span class='ocrx_word' id='word_1_324' title='bbox 3103 2699 3160 2738; x_wconf 88' lang='lat' dir='ltr'>re</span> <span class='ocrx_word' id='word_1_325' title='bbox 3202 2692 3390 2753; x_wconf 87' lang='lat' dir='ltr'>aperta</span> <span class='ocrx_word' id='word_1_326' title='bbox 3434 2683 3564 2737; x_wconf 88' lang='lat' dir='ltr'>satis</span> 
     </span>
    </p>
   </div>
   <div class='ocr_carea' id='block_1_34' title="bbox 1974 2767 3565 2837">
    <p class='ocr_par' dir='ltr' id='par_1_34' title="bbox 1974 2767 3565 2837">
     <span class='ocr_line' id='line_1_35' title="bbox 1974 2767 3565 2837; baseline 0.003 -16"><span class='ocrx_word' id='word_1_327' title='bbox 1974 2777 2053 2822; x_wconf 91' lang='lat' dir='ltr'>est</span> <span class='ocrx_word' id='word_1_328' title='bbox 2083 2769 2199 2837; x_wconf 89' lang='lat' dir='ltr'>ejus</span> <span class='ocrx_word' id='word_1_329' title='bbox 2226 2767 2470 2835; x_wconf 90' lang='lat' dir='ltr'>intentio,</span> <span class='ocrx_word' id='word_1_330' title='bbox 2507 2768 2710 2824; x_wconf 87' lang='lat' dir='ltr'>scilicet</span> <span class='ocrx_word' id='word_1_331' title='bbox 2758 2777 2815 2823; x_wconf 88' lang='lat' dir='ltr'>ut</span> <span class='ocrx_word' id='word_1_332' title='bbox 2862 2770 2988 2825; x_wconf 91' lang='lat' dir='ltr'>boni</span> <span class='ocrx_word' id='word_1_333' title='bbox 3018 2771 3087 2825; x_wconf 90' lang='lat' dir='ltr'>de</span> <span class='ocrx_word' id='word_1_334' title='bbox 3116 2770 3449 2825; x_wconf 85' lang='lat' dir='ltr'>incremento</span> <span class='ocrx_word' id='word_1_335' title='bbox 3478 2770 3565 2825; x_wconf 89' lang='lat' dir='ltr'>la-</span> 
     </span>
    </p>
   </div>
   <div class='ocr_carea' id='block_1_35' title="bbox 1971 2854 3566 2930">
    <p class='ocr_par' dir='ltr' id='par_1_35' title="bbox 1971 2854 3566 2930">
     <span class='ocr_line' id='line_1_36' title="bbox 1971 2854 3566 2930; baseline 0.003 -22"><span class='ocrx_word' id='word_1_336' title='bbox 1971 2856 2163 2910; x_wconf 88' lang='lat' dir='ltr'>borent</span> <span class='ocrx_word' id='word_1_337' title='bbox 2194 2874 2208 2921; x_wconf 91' lang='lat'><strong>;</strong></span> <span class='ocrx_word' id='word_1_338' title='bbox 2239 2854 2352 2922; x_wconf 88' lang='lat' dir='ltr'>alii,</span> <span class='ocrx_word' id='word_1_339' title='bbox 2402 2855 2628 2911; x_wconf 87' lang='lat' dir='ltr'>dimisso</span> <span class='ocrx_word' id='word_1_340' title='bbox 2688 2872 2894 2928; x_wconf 89' lang='lat' dir='ltr'>errore,</span> <span class='ocrx_word' id='word_1_341' title='bbox 2935 2858 3201 2915; x_wconf 89' lang='lat' dir='ltr'>bonorum</span> <span class='ocrx_word' id='word_1_342' title='bbox 3241 2857 3566 2930; x_wconf 87' lang='lat' dir='ltr'>perfectioni</span> 
     </span>
    </p>
   </div>
   <div class='ocr_carea' id='block_1_36' title="bbox 1970 2941 2822 3015">
    <p class='ocr_par' dir='ltr' id='par_1_36' title="bbox 1970 2941 2822 3015">
     <span class='ocr_line' id='line_1_37' title="bbox 1970 2941 2822 3015; baseline 0.004 -18"><span class='ocrx_word' id='word_1_343' title='bbox 1970 2941 2077 2999; x_wconf 87' lang='lat' dir='ltr'>ﬁde</span> <span class='ocrx_word' id='word_1_344' title='bbox 2109 2951 2160 3000; x_wconf 89' lang='lat' dir='ltr'>et</span> <span class='ocrx_word' id='word_1_345' title='bbox 2179 2959 2342 3015; x_wconf 87' lang='lat' dir='ltr'>opere</span> <span class='ocrx_word' id='word_1_346' title='bbox 2376 2960 2436 2999; x_wconf 90' lang='lat' dir='ltr'>se</span> <span class='ocrx_word' id='word_1_347' title='bbox 2466 2943 2822 3000; x_wconf 90' lang='lat' dir='ltr'>conforment.</span> 
     </span>
    </p>
   </div>
   <div class='ocr_carea' id='block_1_37' title="bbox 268 3193 3550 3221">
    <p class='ocr_par' dir='ltr' id='par_1_37' title="bbox 268 3193 3550 3221">
     <span class='ocr_line' id='line_1_38' title="bbox 268 3193 3550 3221; baseline 0.002 -9"><span class='ocrx_word' id='word_1_348' title='bbox 268 3193 3550 3221; x_wconf 58' lang='lat' dir='ltr'><em>W</em></span> 
     </span>
    </p>
   </div>
   <div class='ocr_carea' id='block_1_38' title="bbox 835 3343 2967 3432">
    <p class='ocr_par' dir='ltr' id='par_1_38' title="bbox 835 3343 2967 3432">
     <span class='ocr_line' id='line_1_39' title="bbox 835 3343 2967 3432; baseline 0.001 -2"><span class='ocrx_word' id='word_1_349' title='bbox 835 3343 1382 3430; x_wconf 88' lang='lat' dir='ltr'>EPISTOLA</span> <span class='ocrx_word' id='word_1_350' title='bbox 1448 3345 1485 3428; x_wconf 97' lang='grc' dir='ltr'><strong>Ι</strong></span> <span class='ocrx_word' id='word_1_351' title='bbox 1568 3345 1714 3428; x_wconf 87' lang='lat' dir='ltr'>AD</span> <span class='ocrx_word' id='word_1_352' title='bbox 1817 3344 2967 3432; x_wconf 89' lang='lat' dir='ltr'>THESSALONICENSES.</span> 
     </span>
    </p>
   </div>
   <div class='ocr_carea' id='block_1_39' title="bbox 791 3527 1340 3584">
    <p class='ocr_par' dir='ltr' id='par_1_39' title="bbox 791 3527 1340 3584">
     <span class='ocr_line' id='line_1_40' title="bbox 791 3527 1340 3584; baseline -0.002 -1"><span class='ocrx_word' id='word_1_353' title='bbox 791 3527 1020 3584; x_wconf 86' lang='lat' dir='ltr'>CAPUT</span> <span class='ocrx_word' id='word_1_354' title='bbox 1047 3528 1340 3584; x_wconf 82' lang='lat' dir='ltr'>PRIMUM.</span> 
     </span>
    </p>
   </div>
   <div class='ocr_carea' id='block_1_40' title="bbox 345 3614 1865 3685">
    <p class='ocr_par' dir='ltr' id='par_1_40' title="bbox 345 3614 1865 3685">
     <span class='ocr_line' id='line_1_41' title="bbox 345 3614 1865 3685; baseline 0.003 -15"><span class='ocrx_word' id='word_1_355' title='bbox 345 3639 367 3663; x_wconf 82' lang='grc' dir='ltr'><strong>α</strong></span> <span class='ocrx_word' id='word_1_356' title='bbox 402 3614 627 3683; x_wconf 89' lang='lat' dir='ltr'>Paulus,</span> <span class='ocrx_word' id='word_1_357' title='bbox 684 3624 737 3672; x_wconf 89' lang='lat' dir='ltr'>et</span> <span class='ocrx_word' id='word_1_358' title='bbox 776 3617 1025 3674; x_wconf 88' lang='lat' dir='ltr'>Silvanus</span> <span class='ocrx_word' id='word_1_359' title='bbox 1071 3626 1124 3672; x_wconf 87' lang='lat' dir='ltr'>et</span> <span class='ocrx_word' id='word_1_360' title='bbox 1193 3617 1544 3685; x_wconf 88' lang='lat' dir='ltr'>Timotheus,</span> <span class='ocrx_word' id='word_1_361' title='bbox 1602 3616 1865 3674; x_wconf 91' lang='lat' dir='ltr'>Ecclesia</span> 
     </span>
    </p>
   </div>
   <div class='ocr_carea' id='block_1_41' title="bbox 268 3704 1864 3771">
    <p class='ocr_par' dir='ltr' id='par_1_41' title="bbox 268 3704 1864 3771">
     <span class='ocr_line' id='line_1_42' title="bbox 268 3704 1864 3771; baseline 0.002 -12"><span class='ocrx_word' id='word_1_362' title='bbox 268 3727 289 3752; x_wconf 75' lang='grc' dir='ltr'>α</span> <span class='ocrx_word' id='word_1_363' title='bbox 326 3704 917 3771; x_wconf 87' lang='lat' dir='ltr'>Thessalonicensium,</span> <span class='ocrx_word' id='word_1_364' title='bbox 976 3706 1033 3760; x_wconf 90' lang='lat' dir='ltr'>in</span> <span class='ocrx_word' id='word_1_365' title='bbox 1091 3706 1207 3761; x_wconf 90' lang='lat' dir='ltr'>Deo</span> <span class='ocrx_word' id='word_1_366' title='bbox 1241 3707 1395 3761; x_wconf 89' lang='lat' dir='ltr'>Patre</span> <span class='ocrx_word' id='word_1_367' title='bbox 1440 3713 1628 3761; x_wconf 87' lang='lat' dir='ltr'>nostro</span> <span class='ocrx_word' id='word_1_368' title='bbox 1658 3715 1710 3762; x_wconf 89' lang='lat' dir='ltr'>et</span> <span class='ocrx_word' id='word_1_369' title='bbox 1756 3708 1864 3762; x_wconf 94' lang='lat' dir='ltr'>Do-</span> 
     </span>
    </p>
   </div>
   <div class='ocr_carea' id='block_1_42' title="bbox 272 3792 1865 3866">
    <p class='ocr_par' dir='ltr' id='par_1_42' title="bbox 272 3792 1865 3866">
     <span class='ocr_line' id='line_1_43' title="bbox 272 3792 1865 3866; baseline 0.004 -23"><span class='ocrx_word' id='word_1_370' title='bbox 272 3812 295 3843; x_wconf 74' lang='grc' dir='ltr'>ι</span> <span class='ocrx_word' id='word_1_371' title='bbox 339 3792 490 3847; x_wconf 88' lang='lat' dir='ltr'>mino</span> <span class='ocrx_word' id='word_1_372' title='bbox 518 3793 649 3849; x_wconf 86' lang='lat' dir='ltr'>Jesu</span> <span class='ocrx_word' id='word_1_373' title='bbox 678 3793 916 3849; x_wconf 86' lang='lat' dir='ltr'>Christo.</span> <span class='ocrx_word' id='word_1_374' title='bbox 950 3793 1132 3849; x_wconf 89' lang='lat' dir='ltr'>Gratia</span> <span class='ocrx_word' id='word_1_375' title='bbox 1178 3794 1335 3851; x_wconf 88' lang='lat' dir='ltr'>vobis</span> <span class='ocrx_word' id='word_1_376' title='bbox 1377 3802 1431 3850; x_wconf 88' lang='lat' dir='ltr'>et</span> <span class='ocrx_word' id='word_1_377' title='bbox 1457 3810 1583 3866; x_wconf 87' lang='lat' dir='ltr'>pax.</span> <span class='ocrx_word' id='word_1_378' title='bbox 1644 3795 1865 3850; x_wconf 88' lang='lat' dir='ltr'>Gratias</span> 
     </span>
    </p>
   </div>
   <div class='ocr_carea' id='block_1_43' title="bbox 268 3880 1866 3953">
    <p class='ocr_par' dir='ltr' id='par_1_43' title="bbox 268 3880 1866 3953">
     <span class='ocr_line' id='line_1_44' title="bbox 268 3880 1866 3953; baseline 0.004 -21"><span class='ocrx_word' id='word_1_379' title='bbox 268 3901 293 3932; x_wconf 77' lang='grc' dir='ltr'>ι</span> <span class='ocrx_word' id='word_1_380' title='bbox 328 3880 548 3952; x_wconf 79' lang='lat' dir='ltr'>agimus</span> <span class='ocrx_word' id='word_1_381' title='bbox 578 3882 694 3936; x_wconf 88' lang='lat' dir='ltr'>Deo</span> <span class='ocrx_word' id='word_1_382' title='bbox 717 3898 935 3953; x_wconf 90' lang='lat' dir='ltr'>semper</span> <span class='ocrx_word' id='word_1_383' title='bbox 989 3898 1086 3953; x_wconf 92' lang='lat' dir='ltr'>pro</span> <span class='ocrx_word' id='word_1_384' title='bbox 1146 3882 1398 3937; x_wconf 90' lang='lat' dir='ltr'>omnibus</span> <span class='ocrx_word' id='word_1_385' title='bbox 1453 3882 1630 3950; x_wconf 89' lang='lat' dir='ltr'>vobis,</span> <span class='ocrx_word' id='word_1_386' title='bbox 1659 3899 1866 3938; x_wconf 90' lang='lat' dir='ltr'>memo-</span> 
     </span>
    </p>
   </div>
   <div class='ocr_carea' id='block_1_44' title="bbox 270 3968 1864 4027">
    <p class='ocr_par' dir='ltr' id='par_1_44' title="bbox 270 3968 1864 4027">
     <span class='ocr_line' id='line_1_45' title="bbox 270 3968 1864 4027; baseline 0.005 -10"><span class='ocrx_word' id='word_1_387' title='bbox 270 3991 293 4017; x_wconf 77' lang='grc' dir='ltr'>ιι</span> <span class='ocrx_word' id='word_1_388' title='bbox 337 3968 477 4022; x_wconf 88' lang='lat' dir='ltr'>riam</span> <span class='ocrx_word' id='word_1_389' title='bbox 511 3970 675 4024; x_wconf 89' lang='lat' dir='ltr'>vestri</span> <span class='ocrx_word' id='word_1_390' title='bbox 718 3969 980 4026; x_wconf 82' lang='lat' dir='ltr'>facientes</span> <span class='ocrx_word' id='word_1_391' title='bbox 1022 3971 1079 4024; x_wconf 90' lang='lat' dir='ltr'>in</span> <span class='ocrx_word' id='word_1_392' title='bbox 1128 3970 1463 4027; x_wconf 87' lang='lat' dir='ltr'>orationibus</span> <span class='ocrx_word' id='word_1_393' title='bbox 1492 3971 1693 4026; x_wconf 90' lang='lat' dir='ltr'>nostris</span> <span class='ocrx_word' id='word_1_394' title='bbox 1746 3971 1864 4026; x_wconf 90' lang='lat' dir='ltr'>sine</span> 
     </span>
    </p>
   </div>
   <div class='ocr_carea' id='block_1_45' title="bbox 271 4055 1867 4129">
    <p class='ocr_par' dir='ltr' id='par_1_45' title="bbox 271 4055 1867 4129">
     <span class='ocr_line' id='line_1_46' title="bbox 271 4055 1867 4129; baseline 0.003 -20"><span class='ocrx_word' id='word_1_395' title='bbox 271 4078 293 4103; x_wconf 82' lang='grc' dir='ltr'>α</span> <span class='ocrx_word' id='word_1_396' title='bbox 331 4055 737 4113; x_wconf 87' lang='lat' dir='ltr'>intermissione</span> <span class='ocrx_word' id='word_1_397' title='bbox 763 4099 775 4123; x_wconf 86' lang='lat'>,</span> <span class='ocrx_word' id='word_1_398' title='bbox 826 4073 1097 4113; x_wconf 88' lang='lat' dir='ltr'>memores</span> <span class='ocrx_word' id='word_1_399' title='bbox 1152 4059 1333 4129; x_wconf 89' lang='lat' dir='ltr'>operis</span> <span class='ocrx_word' id='word_1_400' title='bbox 1382 4058 1509 4114; x_wconf 87' lang='lat' dir='ltr'>fidei</span> <span class='ocrx_word' id='word_1_401' title='bbox 1549 4066 1762 4126; x_wconf 87' lang='lat' dir='ltr'>vestra,</span> <span class='ocrx_word' id='word_1_402' title='bbox 1813 4065 1867 4114; x_wconf 88' lang='lat' dir='ltr'>et</span> 
     </span>
    </p>
   </div>
   <div class='ocr_carea' id='block_1_46' title="bbox 270 4144 1866 4217">
    <p class='ocr_par' dir='ltr' id='par_1_46' title="bbox 270 4144 1866 4217">
     <span class='ocr_line' id='line_1_47' title="bbox 270 4144 1866 4217; baseline 0.003 -21"><span class='ocrx_word' id='word_1_403' title='bbox 270 4164 295 4195; x_wconf 71' lang='grc' dir='ltr'>ι</span> <span class='ocrx_word' id='word_1_404' title='bbox 337 4144 567 4210; x_wconf 87' lang='lat' dir='ltr'>laboris,</span> <span class='ocrx_word' id='word_1_405' title='bbox 600 4153 653 4201; x_wconf 92' lang='lat' dir='ltr'>et</span> <span class='ocrx_word' id='word_1_406' title='bbox 703 4146 979 4201; x_wconf 88' lang='lat' dir='ltr'>charitatis</span> <span class='ocrx_word' id='word_1_407' title='bbox 1010 4155 1064 4202; x_wconf 85' lang='lat' dir='ltr'>et</span> <span class='ocrx_word' id='word_1_408' title='bbox 1109 4147 1445 4203; x_wconf 87' lang='lat' dir='ltr'>sustinentia</span> <span class='ocrx_word' id='word_1_409' title='bbox 1478 4147 1593 4217; x_wconf 89' lang='lat' dir='ltr'>spei</span> <span class='ocrx_word' id='word_1_410' title='bbox 1648 4147 1866 4203; x_wconf 89' lang='lat' dir='ltr'>Domini</span> 
     </span>
    </p>
   </div>
   <div class='ocr_carea' id='block_1_47' title="bbox 271 4232 1864 4299">
    <p class='ocr_par' dir='ltr' id='par_1_47' title="bbox 271 4232 1864 4299">
     <span class='ocr_line' id='line_1_48' title="bbox 271 4232 1864 4299; baseline 0.003 -12"><span class='ocrx_word' id='word_1_411' title='bbox 271 4254 292 4278; x_wconf 73' lang='grc' dir='ltr'>α</span> <span class='ocrx_word' id='word_1_412' title='bbox 330 4232 508 4287; x_wconf 89' lang='lat' dir='ltr'>nostri</span> <span class='ocrx_word' id='word_1_413' title='bbox 555 4233 684 4289; x_wconf 86' lang='lat' dir='ltr'>Jesu</span> <span class='ocrx_word' id='word_1_414' title='bbox 731 4234 951 4299; x_wconf 88' lang='lat' dir='ltr'>Christi,</span> <span class='ocrx_word' id='word_1_415' title='bbox 1001 4242 1127 4290; x_wconf 88' lang='lat' dir='ltr'>ante</span> <span class='ocrx_word' id='word_1_416' title='bbox 1174 4235 1349 4290; x_wconf 91' lang='lat' dir='ltr'>Deum</span> <span class='ocrx_word' id='word_1_417' title='bbox 1403 4243 1456 4290; x_wconf 90' lang='lat' dir='ltr'>et</span> <span class='ocrx_word' id='word_1_418' title='bbox 1502 4237 1713 4291; x_wconf 89' lang='lat' dir='ltr'>Patrem</span> <span class='ocrx_word' id='word_1_419' title='bbox 1758 4250 1864 4291; x_wconf 91' lang='lat' dir='ltr'>no-</span> 
     </span>
    </p>
   </div>
   <div class='ocr_carea' id='block_1_48' title="bbox 268 4322 1865 4390">
    <p class='ocr_par' dir='ltr' id='par_1_48' title="bbox 268 4322 1865 4390">
     <span class='ocr_line' id='line_1_49' title="bbox 268 4322 1865 4390; baseline 0.001 -15"><span class='ocrx_word' id='word_1_420' title='bbox 268 4341 293 4368; x_wconf 76' lang='grc' dir='ltr'>ι</span> <span class='ocrx_word' id='word_1_421' title='bbox 333 4327 529 4389; x_wconf 88' lang='lat' dir='ltr'>strum,</span> <span class='ocrx_word' id='word_1_422' title='bbox 554 4322 806 4387; x_wconf 88' lang='lat' dir='ltr'>scientes,</span> <span class='ocrx_word' id='word_1_423' title='bbox 853 4322 1046 4377; x_wconf 85' lang='lat' dir='ltr'>fratres</span> <span class='ocrx_word' id='word_1_424' title='bbox 1093 4322 1328 4379; x_wconf 89' lang='lat' dir='ltr'>dilectia</span> <span class='ocrx_word' id='word_1_425' title='bbox 1355 4324 1491 4390; x_wconf 90' lang='lat' dir='ltr'>Deo,</span> <span class='ocrx_word' id='word_1_426' title='bbox 1544 4322 1865 4379; x_wconf 89' lang='lat' dir='ltr'>electionem</span> 
     </span>
    </p>
   </div>
   <div class='ocr_carea' id='block_1_49' title="bbox 269 4410 1865 4482">
    <p class='ocr_par' dir='ltr' id='par_1_49' title="bbox 269 4410 1865 4482">
     <span class='ocr_line' id='line_1_50' title="bbox 269 4410 1865 4482; baseline 0.002 -20"><span class='ocrx_word' id='word_1_427' title='bbox 269 4427 294 4460; x_wconf 74' lang='grc' dir='ltr'>ι</span> <span class='ocrx_word' id='word_1_428' title='bbox 329 4416 592 4475; x_wconf 88' lang='lat' dir='ltr'>vestram,</span> <span class='ocrx_word' id='word_1_429' title='bbox 626 4410 754 4481; x_wconf 86' lang='lat' dir='ltr'>quia</span> <span class='ocrx_word' id='word_1_430' title='bbox 805 4410 1164 4482; x_wconf 79' lang='lat' dir='ltr'>Evangelium</span> <span class='ocrx_word' id='word_1_431' title='bbox 1197 4419 1443 4467; x_wconf 89' lang='lat' dir='ltr'>nostrum</span> <span class='ocrx_word' id='word_1_432' title='bbox 1479 4426 1586 4467; x_wconf 91' lang='lat' dir='ltr'>non</span> <span class='ocrx_word' id='word_1_433' title='bbox 1642 4411 1741 4466; x_wconf 89' lang='lat' dir='ltr'>fuit</span> <span class='ocrx_word' id='word_1_434' title='bbox 1795 4411 1865 4466; x_wconf 91' lang='lat' dir='ltr'>ad</span> 
     </span>
    </p>
   </div>
   <div class='ocr_carea' id='block_1_50' title="bbox 272 4496 1866 4565">
    <p class='ocr_par' dir='ltr' id='par_1_50' title="bbox 272 4496 1866 4565">
     <span class='ocr_line' id='line_1_51' title="bbox 272 4496 1866 4565; baseline 0.003 -18"><span class='ocrx_word' id='word_1_435' title='bbox 272 4516 297 4547; x_wconf 71' lang='grc' dir='ltr'>ι</span> <span class='ocrx_word' id='word_1_436' title='bbox 330 4511 432 4552; x_wconf 87' lang='lat' dir='ltr'>vos</span> <span class='ocrx_word' id='word_1_437' title='bbox 464 4496 521 4550; x_wconf 91' lang='lat' dir='ltr'>in</span> <span class='ocrx_word' id='word_1_438' title='bbox 552 4513 804 4553; x_wconf 88' lang='lat' dir='ltr'>sermone</span> <span class='ocrx_word' id='word_1_439' title='bbox 836 4506 1066 4563; x_wconf 89' lang='lat' dir='ltr'>tantum,</span> <span class='ocrx_word' id='word_1_440' title='bbox 1119 4499 1216 4555; x_wconf 89' lang='lat' dir='ltr'>sed</span> <span class='ocrx_word' id='word_1_441' title='bbox 1245 4507 1296 4554; x_wconf 91' lang='lat' dir='ltr'>et</span> <span class='ocrx_word' id='word_1_442' title='bbox 1325 4499 1380 4553; x_wconf 93' lang='lat' dir='ltr'>in</span> <span class='ocrx_word' id='word_1_443' title='bbox 1435 4499 1651 4565; x_wconf 88' lang='lat' dir='ltr'>virtute,</span> <span class='ocrx_word' id='word_1_444' title='bbox 1712 4505 1764 4554; x_wconf 91' lang='lat' dir='ltr'>et</span> <span class='ocrx_word' id='word_1_445' title='bbox 1810 4498 1866 4552; x_wconf 93' lang='lat' dir='ltr'>in</span> 
     </span>
    </p>
   </div>
   <div class='ocr_carea' id='block_1_51' title="bbox 273 4584 1863 4657">
    <p class='ocr_par' dir='ltr' id='par_1_51' title="bbox 273 4584 1863 4657">
     <span class='ocr_line' id='line_1_52' title="bbox 273 4584 1863 4657; baseline 0.005 -23"><span class='ocrx_word' id='word_1_446' title='bbox 273 4606 295 4634; x_wconf 76' lang='grc' dir='ltr'>ι</span> <span class='ocrx_word' id='word_1_447' title='bbox 333 4584 537 4655; x_wconf 89' lang='lat' dir='ltr'>Spiritu</span> <span class='ocrx_word' id='word_1_448' title='bbox 563 4594 770 4651; x_wconf 90' lang='lat' dir='ltr'>sancto,</span> <span class='ocrx_word' id='word_1_449' title='bbox 805 4594 856 4641; x_wconf 88' lang='lat' dir='ltr'>et</span> <span class='ocrx_word' id='word_1_450' title='bbox 884 4586 941 4641; x_wconf 92' lang='lat' dir='ltr'>in</span> <span class='ocrx_word' id='word_1_451' title='bbox 962 4586 1297 4657; x_wconf 87' lang='lat' dir='ltr'>plenitudine</span> <span class='ocrx_word' id='word_1_452' title='bbox 1328 4586 1512 4653; x_wconf 89' lang='lat' dir='ltr'>multa,</span> <span class='ocrx_word' id='word_1_453' title='bbox 1567 4587 1704 4642; x_wconf 90' lang='lat' dir='ltr'>sicut</span> <span class='ocrx_word' id='word_1_454' title='bbox 1752 4586 1863 4642; x_wconf 89' lang='lat' dir='ltr'>sci-</span> 
     </span>
    </p>
   </div>
   <div class='ocr_carea' id='block_1_52' title="bbox 272 4672 1866 4745">
    <p class='ocr_par' dir='ltr' id='par_1_52' title="bbox 272 4672 1866 4745">
     <span class='ocr_line' id='line_1_53' title="bbox 272 4672 1866 4745; baseline 0.001 -20"><span class='ocrx_word' id='word_1_455' title='bbox 272 4693 295 4724; x_wconf 75' lang='grc'><strong>(</strong></span> <span class='ocrx_word' id='word_1_456' title='bbox 331 4672 403 4726; x_wconf 90' lang='lat' dir='ltr'>tis</span> <span class='ocrx_word' id='word_1_457' title='bbox 430 4672 618 4743; x_wconf 87' lang='lat' dir='ltr'>quales</span> <span class='ocrx_word' id='word_1_458' title='bbox 636 4672 896 4728; x_wconf 83' lang='lat' dir='ltr'>fuerimus</span> <span class='ocrx_word' id='word_1_459' title='bbox 925 4675 980 4729; x_wconf 89' lang='lat' dir='ltr'>in</span> <span class='ocrx_word' id='word_1_460' title='bbox 1025 4675 1177 4730; x_wconf 89' lang='lat' dir='ltr'>vobis</span> <span class='ocrx_word' id='word_1_461' title='bbox 1225 4683 1446 4745; x_wconf 90' lang='lat' dir='ltr'>propter</span> <span class='ocrx_word' id='word_1_462' title='bbox 1475 4689 1593 4730; x_wconf 88' lang='lat' dir='ltr'>vos.</span> <span class='ocrx_word' id='word_1_463' title='bbox 1655 4676 1723 4729; x_wconf 89' lang='lat' dir='ltr'>Et</span> <span class='ocrx_word' id='word_1_464' title='bbox 1768 4689 1866 4729; x_wconf 89' lang='lat' dir='ltr'>vos</span> 
     </span>
    </p>
   </div>
   <div class='ocr_carea' id='block_1_53' title="bbox 272 4760 1867 4832">
    <p class='ocr_par' dir='ltr' id='par_1_53' title="bbox 272 4760 1867 4832">
     <span class='ocr_line' id='line_1_54' title="bbox 272 4760 1867 4832; baseline 0.001 -19"><span class='ocrx_word' id='word_1_465' title='bbox 272 4781 296 4811; x_wconf 73' lang='grc' dir='ltr'><strong>α</strong></span> <span class='ocrx_word' id='word_1_466' title='bbox 332 4760 637 4816; x_wconf 85' lang='lat' dir='ltr'>imitatores</span> <span class='ocrx_word' id='word_1_467' title='bbox 665 4762 839 4817; x_wconf 90' lang='lat' dir='ltr'>nostri</span> <span class='ocrx_word' id='word_1_468' title='bbox 866 4761 994 4817; x_wconf 86' lang='lat' dir='ltr'>facti</span> <span class='ocrx_word' id='word_1_469' title='bbox 1041 4762 1190 4826; x_wconf 89' lang='lat' dir='ltr'>estis,</span> <span class='ocrx_word' id='word_1_470' title='bbox 1226 4771 1278 4818; x_wconf 91' lang='lat' dir='ltr'>et</span> <span class='ocrx_word' id='word_1_471' title='bbox 1308 4762 1543 4827; x_wconf 89' lang='lat' dir='ltr'>Domini,</span> <span class='ocrx_word' id='word_1_472' title='bbox 1594 4761 1867 4832; x_wconf 84' lang='lat' dir='ltr'>excipien-</span> 
     </span>
    </p>
   </div>
   <div class='ocr_carea' id='block_1_54' title="bbox 272 4849 1860 4922">
    <p class='ocr_par' dir='ltr' id='par_1_54' title="bbox 272 4849 1860 4922">
     <span class='ocr_line' id='line_1_55' title="bbox 272 4849 1860 4922; baseline 0.003 -23"><span class='ocrx_word' id='word_1_473' title='bbox 272 4870 296 4899; x_wconf 74' lang='grc' dir='ltr'><strong>α</strong></span> <span class='ocrx_word' id='word_1_474' title='bbox 330 4856 417 4903; x_wconf 90' lang='lat' dir='ltr'>tes</span> <span class='ocrx_word' id='word_1_475' title='bbox 458 4849 689 4904; x_wconf 90' lang='lat' dir='ltr'>verbum</span> <span class='ocrx_word' id='word_1_476' title='bbox 746 4850 801 4903; x_wconf 90' lang='lat' dir='ltr'>in</span> <span class='ocrx_word' id='word_1_477' title='bbox 856 4850 1199 4906; x_wconf 88' lang='lat' dir='ltr'>tribulatione</span> <span class='ocrx_word' id='word_1_478' title='bbox 1256 4851 1421 4905; x_wconf 89' lang='lat' dir='ltr'>multa</span> <span class='ocrx_word' id='word_1_479' title='bbox 1475 4866 1599 4905; x_wconf 88' lang='lat' dir='ltr'>cum</span> <span class='ocrx_word' id='word_1_480' title='bbox 1661 4849 1860 4922; x_wconf 86' lang='lat' dir='ltr'>gaudio</span> 
     </span>
    </p>
   </div>
   <div class='ocr_carea' id='block_1_55' title="bbox 270 4936 1862 5007">
    <p class='ocr_par' dir='ltr' id='par_1_55' title="bbox 270 4936 1862 5007">
     <span class='ocr_line' id='line_1_56' title="bbox 270 4936 1862 5007; baseline 0.001 -17"><span class='ocrx_word' id='word_1_481' title='bbox 270 4960 293 4983; x_wconf 80' lang='grc' dir='ltr'>α</span> <span class='ocrx_word' id='word_1_482' title='bbox 332 4936 565 5007; x_wconf 90' lang='lat' dir='ltr'>Spiritus</span> <span class='ocrx_word' id='word_1_483' title='bbox 595 4938 786 5007; x_wconf 90' lang='lat' dir='ltr'>sancti,</span> <span class='ocrx_word' id='word_1_484' title='bbox 832 4938 905 4993; x_wconf 89' lang='lat' dir='ltr'>ita</span> <span class='ocrx_word' id='word_1_485' title='bbox 948 4947 1005 4993; x_wconf 92' lang='lat' dir='ltr'>ut</span> <span class='ocrx_word' id='word_1_486' title='bbox 1034 4938 1161 4995; x_wconf 87' lang='lat' dir='ltr'>facti</span> <span class='ocrx_word' id='word_1_487' title='bbox 1218 4939 1333 4994; x_wconf 85' lang='lat' dir='ltr'>sitis</span> <span class='ocrx_word' id='word_1_488' title='bbox 1386 4939 1563 4994; x_wconf 89' lang='lat' dir='ltr'>forma</span> <span class='ocrx_word' id='word_1_489' title='bbox 1611 4938 1862 4993; x_wconf 90' lang='lat' dir='ltr'>omnibus</span> 
     </span>
    </p>
   </div>
   <div class='ocr_carea' id='block_1_56' title="bbox 273 5026 1863 5083">
    <p class='ocr_par' dir='ltr' id='par_1_56' title="bbox 273 5026 1863 5083">
     <span class='ocr_line' id='line_1_57' title="bbox 273 5026 1863 5083; baseline 0.004 -8"><span class='ocrx_word' id='word_1_490' title='bbox 273 5048 297 5075; x_wconf 75' lang='grc' dir='ltr'>σ</span> <span class='ocrx_word' id='word_1_491' title='bbox 342 5026 691 5081; x_wconf 89' lang='lat' dir='ltr'>credentibus</span> <span class='ocrx_word' id='word_1_492' title='bbox 720 5027 776 5080; x_wconf 93' lang='lat' dir='ltr'>in</span> <span class='ocrx_word' id='word_1_493' title='bbox 802 5027 1116 5082; x_wconf 87' lang='lat' dir='ltr'>Macedonia</span> <span class='ocrx_word' id='word_1_494' title='bbox 1160 5035 1214 5082; x_wconf 90' lang='lat' dir='ltr'>et</span> <span class='ocrx_word' id='word_1_495' title='bbox 1244 5028 1299 5081; x_wconf 92' lang='lat' dir='ltr'>in</span> <span class='ocrx_word' id='word_1_496' title='bbox 1340 5028 1561 5083; x_wconf 90' lang='lat' dir='ltr'>Achaia.</span> <span class='ocrx_word' id='word_1_497' title='bbox 1615 5029 1660 5081; x_wconf 88' lang='lat' dir='ltr'>A</span> <span class='ocrx_word' id='word_1_498' title='bbox 1707 5026 1863 5082; x_wconf 85' lang='lat' dir='ltr'>vobis</span> 
     </span>
    </p>
   </div>
   <div class='ocr_carea' id='block_1_57' title="bbox 275 5113 1863 5182">
    <p class='ocr_par' dir='ltr' id='par_1_57' title="bbox 275 5113 1863 5182">
     <span class='ocr_line' id='line_1_58' title="bbox 275 5113 1863 5182; baseline 0.003 -17"><span class='ocrx_word' id='word_1_499' title='bbox 275 5136 299 5163; x_wconf 76' lang='grc' dir='ltr'>ι</span> <span class='ocrx_word' id='word_1_500' title='bbox 342 5114 489 5169; x_wconf 89' lang='lat' dir='ltr'>enim</span> <span class='ocrx_word' id='word_1_501' title='bbox 540 5113 847 5169; x_wconf 82' lang='lat' dir='ltr'>diffamatus</span> <span class='ocrx_word' id='word_1_502' title='bbox 889 5124 971 5171; x_wconf 90' lang='lat' dir='ltr'>est</span> <span class='ocrx_word' id='word_1_503' title='bbox 1017 5132 1194 5171; x_wconf 88' lang='lat' dir='ltr'>sermo</span> <span class='ocrx_word' id='word_1_504' title='bbox 1235 5116 1471 5182; x_wconf 90' lang='lat' dir='ltr'>Domini,</span> <span class='ocrx_word' id='word_1_505' title='bbox 1523 5131 1633 5170; x_wconf 92' lang='lat' dir='ltr'>non</span> <span class='ocrx_word' id='word_1_506' title='bbox 1687 5115 1863 5170; x_wconf 92' lang='lat' dir='ltr'>solum</span> 
     </span>
    </p>
   </div>
   <div class='ocr_carea' id='block_1_58' title="bbox 261 5202 1863 5271">
    <p class='ocr_par' dir='ltr' id='par_1_58' title="bbox 261 5202 1863 5271">
     <span class='ocr_line' id='line_1_59' title="bbox 261 5202 1863 5271; baseline 0.001 -15"><span class='ocrx_word' id='word_1_507' title='bbox 261 5224 286 5249; x_wconf 76' lang='grc' dir='ltr'><strong>ε</strong></span> <span class='ocrx_word' id='word_1_508' title='bbox 330 5202 386 5256; x_wconf 90' lang='lat' dir='ltr'>in</span> <span class='ocrx_word' id='word_1_509' title='bbox 417 5202 733 5259; x_wconf 82' lang='lat' dir='ltr'>Macedonia</span> <span class='ocrx_word' id='word_1_510' title='bbox 771 5211 824 5258; x_wconf 88' lang='lat' dir='ltr'>et</span> <span class='ocrx_word' id='word_1_511' title='bbox 876 5203 933 5257; x_wconf 93' lang='lat' dir='ltr'>in</span> <span class='ocrx_word' id='word_1_512' title='bbox 983 5204 1218 5271; x_wconf 89' lang='lat' dir='ltr'>Achaia,</span> <span class='ocrx_word' id='word_1_513' title='bbox 1287 5205 1383 5259; x_wconf 91' lang='lat' dir='ltr'>sed</span> <span class='ocrx_word' id='word_1_514' title='bbox 1434 5204 1490 5258; x_wconf 93' lang='lat' dir='ltr'>in</span> <span class='ocrx_word' id='word_1_515' title='bbox 1546 5203 1694 5258; x_wconf 89' lang='lat' dir='ltr'>omni</span> <span class='ocrx_word' id='word_1_516' title='bbox 1742 5204 1863 5260; x_wconf 91' lang='lat' dir='ltr'>loco</span> 
     </span>
    </p>
   </div>
   <div class='ocr_carea' id='block_1_59' title="bbox 268 5288 1863 5363">
    <p class='ocr_par' dir='ltr' id='par_1_59' title="bbox 268 5288 1863 5363">
     <span class='ocr_line' id='line_1_60' title="bbox 268 5288 1863 5363; baseline 0.003 -23"><span class='ocrx_word' id='word_1_517' title='bbox 268 5310 293 5339; x_wconf 72' lang='grc' dir='ltr'><strong>α</strong></span> <span class='ocrx_word' id='word_1_518' title='bbox 328 5288 468 5345; x_wconf 87' lang='lat' dir='ltr'>fides</span> <span class='ocrx_word' id='word_1_519' title='bbox 498 5299 700 5356; x_wconf 88' lang='lat' dir='ltr'>vestra,</span> <span class='ocrx_word' id='word_1_520' title='bbox 734 5307 854 5361; x_wconf 83' lang='lat' dir='ltr'>qua</span> <span class='ocrx_word' id='word_1_521' title='bbox 884 5300 966 5346; x_wconf 88' lang='lat' dir='ltr'>est</span> <span class='ocrx_word' id='word_1_522' title='bbox 996 5293 1064 5347; x_wconf 90' lang='lat' dir='ltr'>ad</span> <span class='ocrx_word' id='word_1_523' title='bbox 1110 5294 1303 5357; x_wconf 89' lang='lat' dir='ltr'>Deum,</span> <span class='ocrx_word' id='word_1_524' title='bbox 1338 5291 1577 5363; x_wconf 88' lang='lat' dir='ltr'>profecta</span> <span class='ocrx_word' id='word_1_525' title='bbox 1635 5299 1736 5357; x_wconf 89' lang='lat' dir='ltr'>est,</span> <span class='ocrx_word' id='word_1_526' title='bbox 1792 5292 1863 5345; x_wconf 89' lang='lat' dir='ltr'>ita</span> 
     </span>
    </p>
   </div>
   <div class='ocr_carea' id='block_1_60' title="bbox 261 5379 1863 5452">
    <p class='ocr_par' dir='ltr' id='par_1_60' title="bbox 261 5379 1863 5452">
     <span class='ocr_line' id='line_1_61' title="bbox 261 5379 1863 5452; baseline 0.002 -24"><span class='ocrx_word' id='word_1_527' title='bbox 261 5400 292 5428; x_wconf 75' lang='grc' dir='ltr'>ις</span> <span class='ocrx_word' id='word_1_528' title='bbox 340 5386 399 5433; x_wconf 87' lang='lat' dir='ltr'>ut</span> <span class='ocrx_word' id='word_1_529' title='bbox 426 5395 536 5434; x_wconf 92' lang='lat' dir='ltr'>non</span> <span class='ocrx_word' id='word_1_530' title='bbox 568 5379 638 5433; x_wconf 86' lang='lat' dir='ltr'>sit</span> <span class='ocrx_word' id='word_1_531' title='bbox 677 5379 834 5435; x_wconf 89' lang='lat' dir='ltr'>nobis</span> <span class='ocrx_word' id='word_1_532' title='bbox 881 5396 1109 5437; x_wconf 88' lang='lat' dir='ltr'>necesse</span> <span class='ocrx_word' id='word_1_533' title='bbox 1167 5380 1464 5452; x_wconf 86' lang='lat' dir='ltr'>quidquam</span> <span class='ocrx_word' id='word_1_534' title='bbox 1522 5379 1694 5450; x_wconf 90' lang='lat' dir='ltr'>loqui.</span> <span class='ocrx_word' id='word_1_535' title='bbox 1752 5379 1863 5449; x_wconf 89' lang='lat' dir='ltr'>Ipsi</span> 
     </span>
    </p>
   </div>
   <div class='ocr_carea' id='block_1_61' title="bbox 273 5466 1860 5539">
    <p class='ocr_par' dir='ltr' id='par_1_61' title="bbox 273 5466 1860 5539">
     <span class='ocr_line' id='line_1_62' title="bbox 273 5466 1860 5539; baseline -0.001 -16"><span class='ocrx_word' id='word_1_536' title='bbox 273 5490 295 5514; x_wconf 76' lang='grc' dir='ltr'>ι</span> <span class='ocrx_word' id='word_1_537' title='bbox 332 5466 479 5523; x_wconf 89' lang='lat' dir='ltr'>enim</span> <span class='ocrx_word' id='word_1_538' title='bbox 504 5467 574 5523; x_wconf 90' lang='lat' dir='ltr'>de</span> <span class='ocrx_word' id='word_1_539' title='bbox 601 5467 759 5522; x_wconf 90' lang='lat' dir='ltr'>nobis</span> <span class='ocrx_word' id='word_1_540' title='bbox 815 5468 1133 5524; x_wconf 82' lang='lat' dir='ltr'>annuntiant</span> <span class='ocrx_word' id='word_1_541' title='bbox 1162 5469 1375 5539; x_wconf 84' lang='lat' dir='ltr'>qualem</span> <span class='ocrx_word' id='word_1_542' title='bbox 1429 5467 1704 5522; x_wconf 90' lang='lat' dir='ltr'>introitum</span> <span class='ocrx_word' id='word_1_543' title='bbox 1762 5467 1860 5522; x_wconf 84' lang='lat' dir='ltr'>ha-</span> 
     </span>
    </p>
   </div>
   <div class='ocr_carea' id='block_1_62' title="bbox 268 5554 1860 5629">
    <p class='ocr_par' dir='ltr' id='par_1_62' title="bbox 268 5554 1860 5629">
     <span class='ocr_line' id='line_1_63' title="bbox 268 5554 1860 5629; baseline -0.001 -17"><span class='ocrx_word' id='word_1_544' title='bbox 268 5576 291 5605; x_wconf 78' lang='grc' dir='ltr'>ι</span> <span class='ocrx_word' id='word_1_545' title='bbox 333 5554 616 5612; x_wconf 87' lang='lat' dir='ltr'>buerimus</span> <span class='ocrx_word' id='word_1_546' title='bbox 645 5556 717 5612; x_wconf 88' lang='lat' dir='ltr'>ad</span> <span class='ocrx_word' id='word_1_547' title='bbox 771 5571 888 5625; x_wconf 87' lang='lat' dir='ltr'>vos,</span> <span class='ocrx_word' id='word_1_548' title='bbox 922 5564 977 5613; x_wconf 88' lang='lat' dir='ltr'>et</span> <span class='ocrx_word' id='word_1_549' title='bbox 1023 5557 1295 5629; x_wconf 88' lang='lat' dir='ltr'>quomodo</span> <span class='ocrx_word' id='word_1_550' title='bbox 1334 5554 1585 5615; x_wconf 88' lang='lat' dir='ltr'>conversi</span> <span class='ocrx_word' id='word_1_551' title='bbox 1615 5554 1745 5613; x_wconf 88' lang='lat' dir='ltr'>estis</span> <span class='ocrx_word' id='word_1_552' title='bbox 1788 5555 1860 5611; x_wconf 89' lang='lat' dir='ltr'>ad</span> 
     </span>
    </p>
   </div>
   <div class='ocr_carea' id='block_1_63' title="bbox 1888 3528 3565 3613">
    <p class='ocr_par' dir='ltr' id='par_1_63' title="bbox 1888 3528 3565 3613">
     <span class='ocr_line' id='line_1_64' title="bbox 1888 3528 3565 3613; baseline 0.005 -35"><span class='ocrx_word' id='word_1_553' title='bbox 1888 3552 1934 3613; x_wconf 73' lang='grc' dir='ltr'>ο</span> <span class='ocrx_word' id='word_1_554' title='bbox 1969 3550 1992 3578; x_wconf 77' lang='grc' dir='ltr'>α</span> <span class='ocrx_word' id='word_1_555' title='bbox 2030 3530 2205 3584; x_wconf 91' lang='lat' dir='ltr'>Deum</span> <span class='ocrx_word' id='word_1_556' title='bbox 2226 3545 2255 3583; x_wconf 89' lang='lat' dir='ltr'>a</span> <span class='ocrx_word' id='word_1_557' title='bbox 2286 3528 2589 3584; x_wconf 84' lang='lat' dir='ltr'>simulacris</span> <span class='ocrx_word' id='word_1_558' title='bbox 2646 3529 2855 3586; x_wconf 89' lang='lat' dir='ltr'>servire</span> <span class='ocrx_word' id='word_1_559' title='bbox 2908 3531 3025 3587; x_wconf 90' lang='lat' dir='ltr'>Deo</span> <span class='ocrx_word' id='word_1_560' title='bbox 3055 3530 3177 3587; x_wconf 89' lang='lat' dir='ltr'>vivo</span> <span class='ocrx_word' id='word_1_561' title='bbox 3212 3538 3266 3586; x_wconf 89' lang='lat' dir='ltr'>et</span> <span class='ocrx_word' id='word_1_562' title='bbox 3294 3547 3440 3598; x_wconf 88' lang='lat' dir='ltr'>vero,</span> <span class='ocrx_word' id='word_1_563' title='bbox 3509 3539 3565 3588; x_wconf 83' lang='lat' dir='ltr'>et</span> 
     </span>
    </p>
   </div>
   <div class='ocr_carea' id='block_1_64' title="bbox 1969 3616 3564 3690">
    <p class='ocr_par' dir='ltr' id='par_1_64' title="bbox 1969 3616 3564 3690">
     <span class='ocr_line' id='line_1_65' title="bbox 1969 3616 3564 3690; baseline 0.004 -21"><span class='ocrx_word' id='word_1_564' title='bbox 1969 3639 1992 3669; x_wconf 85' lang='grc'><strong>«</strong></span> <span class='ocrx_word' id='word_1_565' title='bbox 2027 3624 2348 3688; x_wconf 86' lang='lat' dir='ltr'>exspectare</span> <span class='ocrx_word' id='word_1_566' title='bbox 2380 3616 2573 3672; x_wconf 89' lang='lat' dir='ltr'>Filium</span> <span class='ocrx_word' id='word_1_567' title='bbox 2609 3618 2726 3687; x_wconf 89' lang='lat' dir='ltr'>ejus</span> <span class='ocrx_word' id='word_1_568' title='bbox 2757 3618 2826 3674; x_wconf 91' lang='lat' dir='ltr'>de</span> <span class='ocrx_word' id='word_1_569' title='bbox 2864 3619 3016 3674; x_wconf 90' lang='lat' dir='ltr'>coelis</span> <span class='ocrx_word' id='word_1_570' title='bbox 3048 3619 3233 3690; x_wconf 91' lang='lat' dir='ltr'>(quem</span> <span class='ocrx_word' id='word_1_571' title='bbox 3288 3620 3564 3675; x_wconf 87' lang='lat' dir='ltr'>suscitavit</span> 
     </span>
    </p>
   </div>
   <div class='ocr_carea' id='block_1_65' title="bbox 1968 3705 3561 3777">
    <p class='ocr_par' dir='ltr' id='par_1_65' title="bbox 1968 3705 3561 3777">
     <span class='ocr_line' id='line_1_66' title="bbox 1968 3705 3561 3777; baseline 0.004 -21"><span class='ocrx_word' id='word_1_572' title='bbox 1968 3726 1991 3756; x_wconf 79' lang='grc' dir='ltr'>ι</span> <span class='ocrx_word' id='word_1_573' title='bbox 2025 3722 2090 3761; x_wconf 86' lang='lat' dir='ltr'>ex</span> <span class='ocrx_word' id='word_1_574' title='bbox 2119 3706 2366 3777; x_wconf 88' lang='lat' dir='ltr'>mortuis)</span> <span class='ocrx_word' id='word_1_575' title='bbox 2400 3706 2606 3774; x_wconf 88' lang='lat' dir='ltr'>Jesum,</span> <span class='ocrx_word' id='word_1_576' title='bbox 2659 3705 2751 3777; x_wconf 91' lang='lat' dir='ltr'>qui</span> <span class='ocrx_word' id='word_1_577' title='bbox 2800 3706 2995 3777; x_wconf 89' lang='lat' dir='ltr'>eripuit</span> <span class='ocrx_word' id='word_1_578' title='bbox 3052 3722 3153 3763; x_wconf 91' lang='lat' dir='ltr'>nos</span> <span class='ocrx_word' id='word_1_579' title='bbox 3202 3706 3269 3762; x_wconf 88' lang='lat' dir='ltr'>ab</span> <span class='ocrx_word' id='word_1_580' title='bbox 3301 3707 3387 3762; x_wconf 88' lang='lat' dir='ltr'>ira</span> <span class='ocrx_word' id='word_1_581' title='bbox 3424 3723 3561 3764; x_wconf 89' lang='lat' dir='ltr'>ven-</span> 
     </span>
    </p>
   </div>
   <div class='ocr_carea' id='block_1_66' title="bbox 1969 3801 2236 3849">
    <p class='ocr_par' dir='ltr' id='par_1_66' title="bbox 1969 3801 2236 3849">
     <span class='ocr_line' id='line_1_67' title="bbox 1969 3801 2236 3849; baseline 0.015 -6"><span class='ocrx_word' id='word_1_582' title='bbox 1969 3816 1990 3843; x_wconf 72' lang='lat' dir='ltr'>a</span> <span class='ocrx_word' id='word_1_583' title='bbox 2024 3801 2169 3849; x_wconf 89' lang='lat' dir='ltr'>tura.</span> <span class='ocrx_word' id='word_1_584' title='bbox 2215 3812 2236 3847; x_wconf 73' lang='grc' dir='ltr'>ι</span> 
     </span>
    </p>
   </div>
   <div class='ocr_carea' id='block_1_67' title="bbox 2593 3878 2911 3951">
    <p class='ocr_par' dir='ltr' id='par_1_67' title="bbox 2593 3878 2911 3951">
     <span class='ocr_line' id='line_1_68' title="bbox 2593 3878 2911 3951; baseline 0 -31"><span class='ocrx_word' id='word_1_585' title='bbox 2593 3878 2889 3951; x_wconf 56' lang='grc' dir='ltr'>ΕξΡΟΒΙΤῙΟ</span> <span class='ocrx_word' id='word_1_586' title='bbox 2898 3905 2911 3920; x_wconf 90' lang='grc'><strong>.</strong></span> 
     </span>
    </p>
   </div>
   <div class='ocr_carea' id='block_1_68' title="bbox 2029 3969 3560 4039">
    <p class='ocr_par' dir='ltr' id='par_1_68' title="bbox 2029 3969 3560 4039">
     <span class='ocr_line' id='line_1_69' title="bbox 2029 3969 3560 4039; baseline 0.001 -14"><span class='ocrx_word' id='word_1_587' title='bbox 2029 3970 2264 4037; x_wconf 86' lang='lat' dir='ltr'>Paulus,</span> <span class='ocrx_word' id='word_1_588' title='bbox 2300 3976 2404 4025; x_wconf 90' lang='lat' dir='ltr'>etc.</span> <span class='ocrx_word' id='word_1_589' title='bbox 2456 3969 2606 4026; x_wconf 91' lang='lat' dir='ltr'>Sicut</span> <span class='ocrx_word' id='word_1_590' title='bbox 2634 3970 2804 4025; x_wconf 91' lang='lat' dir='ltr'>moris</span> <span class='ocrx_word' id='word_1_591' title='bbox 2833 3970 2950 4039; x_wconf 89' lang='lat' dir='ltr'>ejus</span> <span class='ocrx_word' id='word_1_592' title='bbox 3006 3978 3121 4037; x_wconf 89' lang='lat' dir='ltr'>est,</span> <span class='ocrx_word' id='word_1_593' title='bbox 3182 3970 3560 4028; x_wconf 89' lang='lat' dir='ltr'>salutationem</span> 
     </span>
    </p>
   </div>
   <div class='ocr_carea' id='block_1_69' title="bbox 1962 4057 3562 4129">
    <p class='ocr_par' dir='ltr' id='par_1_69' title="bbox 1962 4057 3562 4129">
     <span class='ocr_line' id='line_1_70' title="bbox 1962 4057 3562 4129; baseline 0.004 -18"><span class='ocrx_word' id='word_1_594' title='bbox 1962 4057 2254 4128; x_wconf 87' lang='lat' dir='ltr'>pramittit,</span> <span class='ocrx_word' id='word_1_595' title='bbox 2270 4057 2457 4114; x_wconf 90' lang='lat' dir='ltr'>dicens</span> <span class='ocrx_word' id='word_1_596' title='bbox 2476 4075 2489 4111; x_wconf 93' lang='lat'><strong>:</strong></span> <span class='ocrx_word' id='word_1_597' title='bbox 2504 4059 2735 4128; x_wconf 86' lang='lat' dir='ltr'>Paulus,</span> <span class='ocrx_word' id='word_1_598' title='bbox 2757 4063 2815 4114; x_wconf 88' lang='lat' dir='ltr'>et</span> <span class='ocrx_word' id='word_1_599' title='bbox 2832 4059 3114 4125; x_wconf 84' lang='lat' dir='ltr'>Silvanus,</span> <span class='ocrx_word' id='word_1_600' title='bbox 3132 4062 3187 4115; x_wconf 81' lang='lat' dir='ltr'>et</span> <span class='ocrx_word' id='word_1_601' title='bbox 3205 4061 3562 4129; x_wconf 79' lang='lat' dir='ltr'>Timotheus;</span> 
     </span>
    </p>
   </div>
   <div class='ocr_carea' id='block_1_70' title="bbox 1964 4144 3559 4218">
    <p class='ocr_par' dir='ltr' id='par_1_70' title="bbox 1964 4144 3559 4218">
     <span class='ocr_line' id='line_1_71' title="bbox 1964 4144 3559 4218; baseline 0.001 -17"><span class='ocrx_word' id='word_1_602' title='bbox 1964 4144 2260 4215; x_wconf 86' lang='lat' dir='ltr'>Sylvanum</span> <span class='ocrx_word' id='word_1_603' title='bbox 2279 4161 2464 4202; x_wconf 88' lang='lat' dir='ltr'>secum</span> <span class='ocrx_word' id='word_1_604' title='bbox 2499 4145 2555 4200; x_wconf 91' lang='lat' dir='ltr'>in</span> <span class='ocrx_word' id='word_1_605' title='bbox 2585 4145 2904 4201; x_wconf 83' lang='lat' dir='ltr'>salutatione</span> <span class='ocrx_word' id='word_1_606' title='bbox 2952 4147 3122 4216; x_wconf 88' lang='lat' dir='ltr'>ponit,</span> <span class='ocrx_word' id='word_1_607' title='bbox 3156 4147 3279 4218; x_wconf 91' lang='lat' dir='ltr'>quia</span> <span class='ocrx_word' id='word_1_608' title='bbox 3308 4147 3363 4201; x_wconf 92' lang='lat' dir='ltr'>in</span> <span class='ocrx_word' id='word_1_609' title='bbox 3422 4163 3559 4203; x_wconf 85' lang='lat' dir='ltr'>con-</span> 
     </span>
    </p>
   </div>
   <div class='ocr_carea' id='block_1_71' title="bbox 1962 4233 3563 4301">
    <p class='ocr_par' dir='ltr' id='par_1_71' title="bbox 1962 4233 3563 4301">
     <span class='ocr_line' id='line_1_72' title="bbox 1962 4233 3563 4301; baseline 0.002 -13"><span class='ocrx_word' id='word_1_610' title='bbox 1962 4233 2213 4289; x_wconf 88' lang='lat' dir='ltr'>versione</span> <span class='ocrx_word' id='word_1_611' title='bbox 2261 4250 2446 4290; x_wconf 90' lang='lat' dir='ltr'>eorum</span> <span class='ocrx_word' id='word_1_612' title='bbox 2504 4249 2687 4289; x_wconf 89' lang='lat' dir='ltr'>secum</span> <span class='ocrx_word' id='word_1_613' title='bbox 2757 4233 3130 4301; x_wconf 84' lang='lat' dir='ltr'>collaboravit,</span> <span class='ocrx_word' id='word_1_614' title='bbox 3187 4234 3563 4291; x_wconf 89' lang='lat' dir='ltr'>auctoritatem</span> 
     </span>
    </p>
   </div>
   <div class='ocr_carea' id='block_1_72' title="bbox 1964 4321 3561 4393">
    <p class='ocr_par' dir='ltr' id='par_1_72' title="bbox 1964 4321 3561 4393">
     <span class='ocr_line' id='line_1_73' title="bbox 1964 4321 3561 4393; baseline 0.003 -18"><span class='ocrx_word' id='word_1_615' title='bbox 1964 4321 2171 4376; x_wconf 88' lang='lat' dir='ltr'>habens</span> <span class='ocrx_word' id='word_1_616' title='bbox 2198 4322 2341 4391; x_wconf 91' lang='lat' dir='ltr'>apud</span> <span class='ocrx_word' id='word_1_617' title='bbox 2371 4321 2545 4392; x_wconf 88' lang='lat' dir='ltr'>ipsos.</span> <span class='ocrx_word' id='word_1_618' title='bbox 2615 4321 2954 4377; x_wconf 89' lang='lat' dir='ltr'>Timotheum</span> <span class='ocrx_word' id='word_1_619' title='bbox 2988 4322 3128 4388; x_wconf 90' lang='lat' dir='ltr'>ideo,</span> <span class='ocrx_word' id='word_1_620' title='bbox 3178 4322 3301 4393; x_wconf 90' lang='lat' dir='ltr'>quia</span> <span class='ocrx_word' id='word_1_621' title='bbox 3329 4339 3395 4378; x_wconf 83' lang='lat' dir='ltr'>ex</span> <span class='ocrx_word' id='word_1_622' title='bbox 3424 4338 3561 4379; x_wconf 90' lang='lat' dir='ltr'>con-</span> 
     </span>
    </p>
   </div>
   <div class='ocr_carea' id='block_1_73' title="bbox 1965 4408 3561 4480">
    <p class='ocr_par' dir='ltr' id='par_1_73' title="bbox 1965 4408 3561 4480">
     <span class='ocr_line' id='line_1_74' title="bbox 1965 4408 3561 4480; baseline 0.003 -17"><span class='ocrx_word' id='word_1_623' title='bbox 1965 4409 2086 4464; x_wconf 91' lang='lat' dir='ltr'>silio</span> <span class='ocrx_word' id='word_1_624' title='bbox 2116 4409 2382 4464; x_wconf 89' lang='lat' dir='ltr'>Timothei</span> <span class='ocrx_word' id='word_1_625' title='bbox 2414 4408 2504 4480; x_wconf 90' lang='lat' dir='ltr'>qui</span> <span class='ocrx_word' id='word_1_626' title='bbox 2536 4408 2605 4463; x_wconf 91' lang='lat' dir='ltr'>ab</span> <span class='ocrx_word' id='word_1_627' title='bbox 2636 4408 2715 4464; x_wconf 88' lang='lat' dir='ltr'>eis</span> <span class='ocrx_word' id='word_1_628' title='bbox 2752 4425 3012 4465; x_wconf 89' lang='lat' dir='ltr'>reversus</span> <span class='ocrx_word' id='word_1_629' title='bbox 3060 4410 3252 4476; x_wconf 88' lang='lat' dir='ltr'>fuerat,</span> <span class='ocrx_word' id='word_1_630' title='bbox 3312 4411 3453 4467; x_wconf 91' lang='lat' dir='ltr'>hanc</span> <span class='ocrx_word' id='word_1_631' title='bbox 3483 4412 3561 4467; x_wconf 90' lang='lat' dir='ltr'>eis</span> 
     </span>
    </p>
   </div>
   <div class='ocr_carea' id='block_1_74' title="bbox 1962 4496 3560 4567">
    <p class='ocr_par' dir='ltr' id='par_1_74' title="bbox 1962 4496 3560 4567">
     <span class='ocr_line' id='line_1_75' title="bbox 1962 4496 3560 4567; baseline 0.001 -15"><span class='ocrx_word' id='word_1_632' title='bbox 1962 4497 2160 4552; x_wconf 86' lang='lat' dir='ltr'>Paulus</span> <span class='ocrx_word' id='word_1_633' title='bbox 2206 4496 2392 4553; x_wconf 91' lang='lat' dir='ltr'>scribit</span> <span class='ocrx_word' id='word_1_634' title='bbox 2447 4497 2763 4567; x_wconf 89' lang='lat' dir='ltr'>Epistolam.</span> <span class='ocrx_word' id='word_1_635' title='bbox 2812 4498 2940 4553; x_wconf 89' lang='lat' dir='ltr'>Ideo</span> <span class='ocrx_word' id='word_1_636' title='bbox 2996 4497 3159 4553; x_wconf 89' lang='lat' dir='ltr'>etiam</span> <span class='ocrx_word' id='word_1_637' title='bbox 3222 4499 3560 4554; x_wconf 89' lang='lat' dir='ltr'>Timotheum</span> 
     </span>
    </p>
   </div>
   <div class='ocr_carea' id='block_1_75' title="bbox 1961 4584 3560 4657">
    <p class='ocr_par' dir='ltr' id='par_1_75' title="bbox 1961 4584 3560 4657">
     <span class='ocr_line' id='line_1_76' title="bbox 1961 4584 3560 4657; baseline 0.003 -18"><span class='ocrx_word' id='word_1_638' title='bbox 1961 4585 2130 4655; x_wconf 90' lang='lat' dir='ltr'>ponit,</span> <span class='ocrx_word' id='word_1_639' title='bbox 2163 4593 2221 4639; x_wconf 93' lang='lat' dir='ltr'>ut</span> <span class='ocrx_word' id='word_1_640' title='bbox 2250 4584 2497 4641; x_wconf 89' lang='lat' dir='ltr'>noverint</span> <span class='ocrx_word' id='word_1_641' title='bbox 2540 4584 2674 4641; x_wconf 89' lang='lat' dir='ltr'>nihil</span> <span class='ocrx_word' id='word_1_642' title='bbox 2700 4601 2887 4641; x_wconf 89' lang='lat' dir='ltr'>eorum</span> <span class='ocrx_word' id='word_1_643' title='bbox 2917 4602 3037 4657; x_wconf 86' lang='lat' dir='ltr'>qua</span> <span class='ocrx_word' id='word_1_644' title='bbox 3084 4585 3213 4641; x_wconf 89' lang='lat' dir='ltr'>ﬁunt</span> <span class='ocrx_word' id='word_1_645' title='bbox 3270 4588 3416 4657; x_wconf 87' lang='lat' dir='ltr'>apud</span> <span class='ocrx_word' id='word_1_646' title='bbox 3465 4603 3560 4643; x_wconf 89' lang='lat' dir='ltr'>eos</span> 
     </span>
    </p>
   </div>
   <div class='ocr_carea' id='block_1_76' title="bbox 1963 4672 3557 4730">
    <p class='ocr_par' dir='ltr' id='par_1_76' title="bbox 1963 4672 3557 4730">
     <span class='ocr_line' id='line_1_77' title="bbox 1963 4672 3557 4730; baseline 0.001 -3"><span class='ocrx_word' id='word_1_647' title='bbox 1963 4672 2133 4728; x_wconf 88' lang='lat' dir='ltr'>latere</span> <span class='ocrx_word' id='word_1_648' title='bbox 2174 4672 2421 4728; x_wconf 91' lang='lat' dir='ltr'>Paulum.</span> <span class='ocrx_word' id='word_1_649' title='bbox 2492 4673 2686 4728; x_wconf 88' lang='lat' dir='ltr'>Paulus</span> <span class='ocrx_word' id='word_1_650' title='bbox 2735 4682 2787 4728; x_wconf 91' lang='lat' dir='ltr'>et</span> <span class='ocrx_word' id='word_1_651' title='bbox 2847 4673 3097 4729; x_wconf 88' lang='lat' dir='ltr'>Silvanus</span> <span class='ocrx_word' id='word_1_652' title='bbox 3145 4682 3199 4729; x_wconf 88' lang='lat' dir='ltr'>et</span> <span class='ocrx_word' id='word_1_653' title='bbox 3243 4674 3557 4730; x_wconf 89' lang='lat' dir='ltr'>Timotheus</span> 
     </span>
    </p>
   </div>
   <div class='ocr_carea' id='block_1_77' title="bbox 1965 4761 3557 4818">
    <p class='ocr_par' dir='ltr' id='par_1_77' title="bbox 1965 4761 3557 4818">
     <span class='ocr_line' id='line_1_78' title="bbox 1965 4761 3557 4818; baseline 0.001 -3"><span class='ocrx_word' id='word_1_654' title='bbox 1965 4761 2207 4816; x_wconf 90' lang='lat' dir='ltr'>scribunt</span> <span class='ocrx_word' id='word_1_655' title='bbox 2236 4761 2499 4817; x_wconf 74' lang='lat' dir='ltr'>Ecclesia:</span> <span class='ocrx_word' id='word_1_656' title='bbox 2536 4761 3132 4818; x_wconf 80' lang='lat' dir='ltr'>Thessalonicensium.</span> <span class='ocrx_word' id='word_1_657' title='bbox 3153 4762 3416 4818; x_wconf 88' lang='lat' dir='ltr'>Ecclesia</span> <span class='ocrx_word' id='word_1_658' title='bbox 3432 4762 3557 4818; x_wconf 92' lang='lat' dir='ltr'>dico</span> 
     </span>
    </p>
   </div>
   <div class='ocr_carea' id='block_1_78' title="bbox 1967 4849 3553 4919">
    <p class='ocr_par' dir='ltr' id='par_1_78' title="bbox 1967 4849 3553 4919">
     <span class='ocr_line' id='line_1_79' title="bbox 1967 4849 3553 4919; baseline 0.003 -16"><span class='ocrx_word' id='word_1_659' title='bbox 1967 4849 2218 4905; x_wconf 84' lang='lat' dir='ltr'>existenti</span> <span class='ocrx_word' id='word_1_660' title='bbox 2254 4850 2316 4904; x_wconf 87' lang='lat' dir='ltr'>in</span> <span class='ocrx_word' id='word_1_661' title='bbox 2358 4850 2465 4905; x_wconf 89' lang='lat' dir='ltr'>Deo</span> <span class='ocrx_word' id='word_1_662' title='bbox 2503 4852 2692 4915; x_wconf 84' lang='lat' dir='ltr'>Patre,</span> <span class='ocrx_word' id='word_1_663' title='bbox 2747 4854 2801 4905; x_wconf 88' lang='lat' dir='ltr'>et</span> <span class='ocrx_word' id='word_1_664' title='bbox 2834 4851 3068 4906; x_wconf 82' lang='lat' dir='ltr'>Domino</span> <span class='ocrx_word' id='word_1_665' title='bbox 3122 4852 3253 4907; x_wconf 77' lang='lat' dir='ltr'>Iesu</span> <span class='ocrx_word' id='word_1_666' title='bbox 3314 4850 3553 4919; x_wconf 84' lang='lat' dir='ltr'>Christo,</span> 
     </span>
    </p>
   </div>
   <div class='ocr_carea' id='block_1_79' title="bbox 1966 4930 3560 5009">
    <p class='ocr_par' dir='ltr' id='par_1_79' title="bbox 1966 4930 3560 5009">
     <span class='ocr_line' id='line_1_80' title="bbox 1966 4930 3560 5009; baseline 0.001 -18"><span class='ocrx_word' id='word_1_667' title='bbox 1966 4936 2021 4992; x_wconf 93' lang='lat' dir='ltr'>id</span> <span class='ocrx_word' id='word_1_668' title='bbox 2051 4945 2132 4991; x_wconf 87' lang='lat' dir='ltr'>est</span> <span class='ocrx_word' id='word_1_669' title='bbox 2162 4939 2267 4992; x_wconf 88' lang='lat' dir='ltr'>hoc</span> <span class='ocrx_word' id='word_1_670' title='bbox 2296 4937 2440 5009; x_wconf 90' lang='lat' dir='ltr'>quod</span> <span class='ocrx_word' id='word_1_671' title='bbox 2480 4930 2563 4991; x_wconf 84' lang='lat' dir='ltr'>est</span> <span class='ocrx_word' id='word_1_672' title='bbox 2598 4938 2865 5003; x_wconf 89' lang='lat' dir='ltr'>Ecclesia,</span> <span class='ocrx_word' id='word_1_673' title='bbox 2916 4938 3081 4993; x_wconf 87' lang='lat' dir='ltr'>habet</span> <span class='ocrx_word' id='word_1_674' title='bbox 3109 4954 3140 4992; x_wconf 88' lang='lat' dir='ltr'>a</span> <span class='ocrx_word' id='word_1_675' title='bbox 3170 4939 3286 4993; x_wconf 92' lang='lat' dir='ltr'>Deo</span> <span class='ocrx_word' id='word_1_676' title='bbox 3323 4939 3479 4995; x_wconf 89' lang='lat' dir='ltr'>Patre</span> <span class='ocrx_word' id='word_1_677' title='bbox 3507 4946 3560 4994; x_wconf 91' lang='lat' dir='ltr'>et</span> 
     </span>
    </p>
   </div>
   <div class='ocr_carea' id='block_1_80' title="bbox 1962 5020 3558 5099">
    <p class='ocr_par' dir='ltr' id='par_1_80' title="bbox 1962 5020 3558 5099">
     <span class='ocr_line' id='line_1_81' title="bbox 1962 5020 3558 5099; baseline 0.003 -20"><span class='ocrx_word' id='word_1_678' title='bbox 1962 5020 2091 5081; x_wconf 83' lang='lat' dir='ltr'>Jesu</span> <span class='ocrx_word' id='word_1_679' title='bbox 2112 5025 2347 5081; x_wconf 90' lang='lat' dir='ltr'>Christo.</span> <span class='ocrx_word' id='word_1_680' title='bbox 2385 5026 2708 5081; x_wconf 89' lang='lat' dir='ltr'>Perseveret</span> <span class='ocrx_word' id='word_1_681' title='bbox 2737 5025 2917 5097; x_wconf 88' lang='lat' dir='ltr'>itaque</span> <span class='ocrx_word' id='word_1_682' title='bbox 2948 5026 3003 5079; x_wconf 91' lang='lat' dir='ltr'>in</span> <span class='ocrx_word' id='word_1_683' title='bbox 3032 5025 3137 5081; x_wconf 90' lang='lat' dir='ltr'>ﬁde</span> <span class='ocrx_word' id='word_1_684' title='bbox 3170 5026 3359 5097; x_wconf 89' lang='lat' dir='ltr'>ipsius,</span> <span class='ocrx_word' id='word_1_685' title='bbox 3395 5043 3427 5082; x_wconf 90' lang='lat' dir='ltr'>a</span> <span class='ocrx_word' id='word_1_686' title='bbox 3449 5042 3558 5099; x_wconf 91' lang='lat' dir='ltr'>quo</span> 
     </span>
    </p>
   </div>
   <div class='ocr_carea' id='block_1_81' title="bbox 1958 5113 3557 5186">
    <p class='ocr_par' dir='ltr' id='par_1_81' title="bbox 1958 5113 3557 5186">
     <span class='ocr_line' id='line_1_82' title="bbox 1958 5113 3557 5186; baseline 0.002 -18"><span class='ocrx_word' id='word_1_687' title='bbox 1958 5114 2069 5183; x_wconf 90' lang='lat' dir='ltr'>jam</span> <span class='ocrx_word' id='word_1_688' title='bbox 2100 5129 2301 5169; x_wconf 91' lang='lat' dir='ltr'>nomen</span> <span class='ocrx_word' id='word_1_689' title='bbox 2357 5113 2564 5183; x_wconf 90' lang='lat' dir='ltr'>accepit</span> <span class='ocrx_word' id='word_1_690' title='bbox 2621 5113 2921 5169; x_wconf 90' lang='lat' dir='ltr'>electionis.</span> <span class='ocrx_word' id='word_1_691' title='bbox 2955 5114 3087 5180; x_wconf 86' lang='lat' dir='ltr'>Hoc,</span> <span class='ocrx_word' id='word_1_692' title='bbox 3130 5115 3371 5186; x_wconf 88' lang='lat' dir='ltr'>inquam,</span> <span class='ocrx_word' id='word_1_693' title='bbox 3421 5116 3557 5172; x_wconf 90' lang='lat' dir='ltr'>scri-</span> 
     </span>
    </p>
   </div>
   <div class='ocr_carea' id='block_1_82' title="bbox 1962 5202 3558 5274">
    <p class='ocr_par' dir='ltr' id='par_1_82' title="bbox 1962 5202 3558 5274">
     <span class='ocr_line' id='line_1_83' title="bbox 1962 5202 3558 5274; baseline 0.001 -17"><span class='ocrx_word' id='word_1_694' title='bbox 1962 5203 2113 5267; x_wconf 90' lang='lat' dir='ltr'>bunt,</span> <span class='ocrx_word' id='word_1_695' title='bbox 2146 5204 2334 5274; x_wconf 84' lang='lat' dir='ltr'>gratia</span> <span class='ocrx_word' id='word_1_696' title='bbox 2364 5202 2509 5257; x_wconf 80' lang='lat' dir='ltr'>vobis</span> <span class='ocrx_word' id='word_1_697' title='bbox 2547 5206 2604 5258; x_wconf 86' lang='lat' dir='ltr'>et</span> <span class='ocrx_word' id='word_1_698' title='bbox 2619 5219 2757 5274; x_wconf 74' lang='lat' dir='ltr'>pax.</span> <span class='ocrx_word' id='word_1_699' title='bbox 2802 5203 2862 5255; x_wconf 93' lang='lat' dir='ltr'>In</span> <span class='ocrx_word' id='word_1_700' title='bbox 2907 5202 3098 5273; x_wconf 88' lang='lat' dir='ltr'>primis</span> <span class='ocrx_word' id='word_1_701' title='bbox 3128 5212 3337 5273; x_wconf 88' lang='lat' dir='ltr'>partem</span> <span class='ocrx_word' id='word_1_702' title='bbox 3369 5220 3558 5259; x_wconf 89' lang='lat' dir='ltr'>eorum</span> 
     </span>
    </p>
   </div>
   <div class='ocr_carea' id='block_1_83' title="bbox 1965 5289 3556 5362">
    <p class='ocr_par' dir='ltr' id='par_1_83' title="bbox 1965 5289 3556 5362">
     <span class='ocr_line' id='line_1_84' title="bbox 1965 5289 3556 5362; baseline 0.001 -17"><span class='ocrx_word' id='word_1_703' title='bbox 1965 5307 2086 5362; x_wconf 83' lang='lat' dir='ltr'>qua</span> <span class='ocrx_word' id='word_1_704' title='bbox 2113 5289 2239 5345; x_wconf 88' lang='lat' dir='ltr'>ﬁdei</span> <span class='ocrx_word' id='word_1_705' title='bbox 2266 5290 2635 5361; x_wconf 83' lang='lat' dir='ltr'>integritatem</span> <span class='ocrx_word' id='word_1_706' title='bbox 2657 5297 2990 5359; x_wconf 89' lang='lat' dir='ltr'>servaverat,</span> <span class='ocrx_word' id='word_1_707' title='bbox 3020 5291 3315 5362; x_wconf 87' lang='lat' dir='ltr'>alloquitur</span> <span class='ocrx_word' id='word_1_708' title='bbox 3348 5304 3361 5359; x_wconf 85' lang='lat'><strong>;</strong></span> <span class='ocrx_word' id='word_1_709' title='bbox 3394 5291 3556 5347; x_wconf 89' lang='lat' dir='ltr'>ﬁdem</span> 
     </span>
    </p>
   </div>
   <div class='ocr_carea' id='block_1_84' title="bbox 1964 5376 3557 5450">
    <p class='ocr_par' dir='ltr' id='par_1_84' title="bbox 1964 5376 3557 5450">
     <span class='ocr_line' id='line_1_85' title="bbox 1964 5376 3557 5450; baseline 0 -16"><span class='ocrx_word' id='word_1_710' title='bbox 1964 5394 2148 5434; x_wconf 87' lang='lat' dir='ltr'>eorum</span> <span class='ocrx_word' id='word_1_711' title='bbox 2178 5376 2555 5450; x_wconf 84' lang='lat' dir='ltr'>magniﬁcans,</span> <span class='ocrx_word' id='word_1_712' title='bbox 2589 5386 2641 5432; x_wconf 89' lang='lat' dir='ltr'>et</span> <span class='ocrx_word' id='word_1_713' title='bbox 2677 5378 2885 5449; x_wconf 83' lang='lat' dir='ltr'>gratias</span> <span class='ocrx_word' id='word_1_714' title='bbox 2914 5377 3020 5433; x_wconf 90' lang='lat' dir='ltr'>illis</span> <span class='ocrx_word' id='word_1_715' title='bbox 3050 5378 3103 5432; x_wconf 89' lang='lat' dir='ltr'>in</span> <span class='ocrx_word' id='word_1_716' title='bbox 3134 5379 3401 5449; x_wconf 90' lang='lat' dir='ltr'>principio</span> <span class='ocrx_word' id='word_1_717' title='bbox 3430 5377 3557 5434; x_wconf 87' lang='lat' dir='ltr'>ﬁdei</span> 
     </span>
    </p>
   </div>
   <div class='ocr_carea' id='block_1_85' title="bbox 1964 5465 3557 5537">
    <p class='ocr_par' dir='ltr' id='par_1_85' title="bbox 1964 5465 3557 5537">
     <span class='ocr_line' id='line_1_86' title="bbox 1964 5465 3557 5537; baseline 0 -16"><span class='ocrx_word' id='word_1_718' title='bbox 1964 5481 2274 5532; x_wconf 89' lang='lat' dir='ltr'>concessas,</span> <span class='ocrx_word' id='word_1_719' title='bbox 2317 5474 2373 5520; x_wconf 90' lang='lat' dir='ltr'>ut</span> <span class='ocrx_word' id='word_1_720' title='bbox 2400 5482 2498 5537; x_wconf 88' lang='lat' dir='ltr'>per</span> <span class='ocrx_word' id='word_1_721' title='bbox 2547 5465 2762 5520; x_wconf 89' lang='lat' dir='ltr'>laudem</span> <span class='ocrx_word' id='word_1_722' title='bbox 2814 5466 3077 5537; x_wconf 85' lang='lat' dir='ltr'>Apostoli,</span> <span class='ocrx_word' id='word_1_723' title='bbox 3138 5466 3446 5520; x_wconf 88' lang='lat' dir='ltr'>animentur</span> <span class='ocrx_word' id='word_1_724' title='bbox 3501 5467 3557 5521; x_wconf 88' lang='lat' dir='ltr'>in</span> 
     </span>
    </p>
   </div>
   <div class='ocr_carea' id='block_1_86' title="bbox 1963 5552 3554 5623">
    <p class='ocr_par' dir='ltr' id='par_1_86' title="bbox 1963 5552 3554 5623">
     <span class='ocr_line' id='line_1_87' title="bbox 1963 5552 3554 5623; baseline 0.002 -13"><span class='ocrx_word' id='word_1_725' title='bbox 1963 5554 2178 5623; x_wconf 91' lang='lat' dir='ltr'>melius,</span> <span class='ocrx_word' id='word_1_726' title='bbox 2237 5553 2427 5611; x_wconf 90' lang='lat' dir='ltr'>dicens</span> <span class='ocrx_word' id='word_1_727' title='bbox 2460 5570 2473 5608; x_wconf 91' lang='lat'><strong>:</strong></span> <span class='ocrx_word' id='word_1_728' title='bbox 2504 5553 2799 5611; x_wconf 89' lang='lat' dir='ltr'>Audientes</span> <span class='ocrx_word' id='word_1_729' title='bbox 2861 5552 3093 5611; x_wconf 88' lang='lat' dir='ltr'>fructum</span> <span class='ocrx_word' id='word_1_730' title='bbox 3152 5552 3277 5612; x_wconf 89' lang='lat' dir='ltr'>ﬁdei</span> <span class='ocrx_word' id='word_1_731' title='bbox 3339 5562 3554 5621; x_wconf 84' lang='lat' dir='ltr'>vestra,</span> 
     </span>
    </p>
   </div>
  </div>
