3966 6050
419 190 522 242 399

954 189 1009 244 S.
1050 188 1403 245 BRUNONIS
1450 182 2091 242 CARTHUSIANORUM
2134 181 2616 237 INSTlTUTORIS
2655 180 2806 237 OPP.
2867 179 3040 235 PARS
3096 178 3164 232 II.

3603 177 3711 231 400

422 311 645 377 agimus
675 312 893 381 gratias
911 313 1038 375 Deo,
1066 328 1165 366 nec
1196 327 1324 365 raro
1358 311 1452 366 sed
1466 318 2012 380 semper,etproom-
2039 310 2093 367 Α
2116 306 2239 359 illis.
2272 308 2384 361 Nec
2417 306 2592 360 solum
2624 322 2805 359 sermo
2836 304 3073 367 Domini,
3124 302 3221 356 sed
3251 302 3412 356 etiam
3451 302 3589 370 ﬁdes
3610 318 3708 356 ve-

424 399 590 452 nibus
625 399 839 464 vestris,
875 400 965 470 qui
998 400 1049 453 in
1073 416 1138 454 eo
1170 400 1314 471 quod
1344 400 1489 454 vobis
1512 398 1730 461 tradidi,
1764 412 2019 467 perseve-

425 486 573 540 ratis.
609 487 836 558 Agimus
867 489 1088 558 gratias,
1139 492 1416 559 facientes
1456 490 1804 551 memoriam,
1848 485 1899 539 id
1937 492 2020 538 est

424 575 596 628 Deum
617 592 909 630 memorem
934 578 1107 632 vestri
1128 579 1185 631 in
1202 577 1551 632 orationibus
1575 578 1807 639 nostris,
1825 572 2018 627 habilis

425 664 546 717 sine
597 665 1034 730 intermissione,
1089 666 1216 736 quia
1256 674 1307 719 et
1343 665 1491 735 jugis
1540 672 1619 718 est
1648 664 1840 730 oratio,
1885 671 1936 717 et
1966 662 2020 714 in

424 750 569 805 nullo
634 767 730 805 vos
758 754 1129 822 praztermitto.
1166 753 1320 808 Unde
1355 751 1597 807 290
1632 752 1840 823 gratias
1870 757 2016 819 agat,

425 840 604 893 subdit
637 861 649 896 :
674 843 891 899 Gratias
910 843 1119 914 agimus
1150 858 1419 896 memores
1440 841 1620 911 operis
1640 841 1771 908 ﬁdei
1802 843 2016 901 vestr/2,

428 932 561 985 Cum
593 936 759 990 multa
792 933 897 986 sint
927 947 1091 1001 opera
1124 930 1269 994 fidei,
1307 931 1410 983 hoc
1441 928 1767 998 praecipuum
1791 925 2020 997 [princi-

425 1024 594 1096 pium]
625 1024 757 1077 fides
789 1022 948 1075 habet
978 1019 1220 1074 confiteri
1251 1018 1392 1089 quod
1415 1017 1609 1071 credit.
1651 1016 1714 1069 Hi
1744 1024 1920 1068 autem
1966 1014 2020 1066 in

427 1122 719 1183 conspectu
751 1118 1163 1181 persecutorum
1210 1123 1317 1160 non
1364 1106 1726 1159 formidabant
1755 1103 2021 1156 Christum

427 1201 698 1257 conﬁteri.
757 1200 1026 1253 Memores
1070 1196 1230 1251 etiam
1282 1196 1482 1249 laboris
1533 1193 1718 1246 vestri.
1754 1191 1817 1244 lli
1876 1191 2021 1245 enim

424 1289 703 1360 pauperati
734 1288 801 1340 ab
832 1285 1160 1349 infidelibus,
1199 1283 1519 1337 laborabant
1562 1280 1705 1335 unde
1755 1281 2017 1333 viverent.

424 1381 693 1433 Memores
724 1377 885 1430 etiam
918 1374 1219 1429 eharitatis
1242 1380 1457 1426 vestra}.
1492 1370 1642 1424 Adeo
1680 1369 1821 1423 enim
1836 1367 2021 1437 proxi-

425 1483 543 1520 mos
572 1466 871 1537 diligebant
904 1472 959 1516 ut
982 1462 1085 1515 illis
1126 1460 1313 1514 otiosis
1345 1460 1577 1513 fructum
1608 1458 1855 1510 laborum
1888 1472 2020 1509 suo-

428 1572 543 1609 rum
572 1552 1055 1609 communicarent.
1118 1551 1386 1602 Memores
1451 1546 1614 1600 etiam
1660 1546 2023 1599 sustinentia?

423 1650 637 1697 vestrae.
673 1640 837 1693 Multa
867 1640 1008 1693 enim
1026 1636 1369 1706 patiebantur
1399 1636 1465 1687 ab
1490 1633 1817 1687 infidelibus.
1851 1632 2023 1686 Susti-
2042 1622 2105 1718 B'

424 1730 618 1784 nantia:
636 1729 760 1783 dico
791 1729 927 1797 spei,
962 1726 1010 1778 id
1037 1734 1118 1779 est
1151 1732 1379 1794 speratae
1404 1723 1498 1776 rei.
1535 1723 1643 1776 Res
1686 1722 1830 1775 enim
1862 1736 2019 1789 quam

424 1818 676 1887 speratis,
710 1824 906 1869 tantam
937 1813 1243 1883 patientiam
1294 1820 1554 1881 operatur
1584 1812 1635 1863 in
1667 1810 1846 1863 vobis.
1897 1808 2022 1877 Spei

423 1907 545 1961 dico
577 1906 801 1960 Domini
824 1904 1005 1958 nostri
1037 1904 1169 1957 Jesu
1203 1900 1432 1955 Christi.
1456 1899 1538 1953 Ad
1574 1898 1843 1953 Christum
1879 1896 2021 1951 enim

420 1994 654 2065 pertinet
683 1991 924 2061 impletio
954 1990 1110 2057 hujus
1157 1989 1293 2059 spei,
1345 1988 1537 2041 habitae
1568 1991 1701 2040 ante
1750 1987 1923 2065 Deum
1968 1988 2025 2038 et

421 2086 651 2137 Patrem
680 2084 961 2135 nostrum.
987 2078 1073 2133 Sic
1096 2078 1240 2131 enim
1272 2074 1609 2130 confidenter
1630 2074 1936 2144 sperabant,
1958 2086 2023 2127 ac

422 2171 465 2223 si
492 2170 602 2238 jam
635 2170 804 2222 Deum
837 2182 947 2236 prae
991 2165 1164 2219 oculis
1200 2164 1486 2217 haberent.

492 2256 880 2311 Commendala
914 2252 1018 2307 ﬁde
1046 2262 1095 2307 et
1127 2252 1387 2306 charilate
1430 2266 1637 2315 eorum,
1671 2249 1801 2304 dicit
1848 2248 2022 2321 magis

423 2346 587 2399 miras
617 2343 821 2416 gratias
867 2343 1039 2397 Deum
1088 2340 1381 2396 contulisse
1431 2338 1537 2392 illis
1592 2339 1644 2391 in
1694 2337 1844 2391 initio
1899 2336 2023 2390 fidei

422 2448 584 2505 quam
607 2432 727 2485 aliis
760 2430 1039 2486 Ecclesiis.
1088 2431 1153 2483 Et
1186 2432 1300 2483 haec
1356 2427 1486 2481 dicit
1530 2426 1597 2481 ad
1655 2426 2021 2480 incitationem

422 2537 642 2586 eorum,
678 2519 939 2573 facientes
990 2517 1303 2572 memoriam
1362 2515 1527 2569 vestri
1582 2514 1636 2567 in
1685 2513 2023 2568 orationibus

420 2609 639 2674 nostris,
673 2611 939 2672 scientes,
988 2610 1203 2677 fratres
1233 2606 1428 2659 dilecti
1461 2621 1493 2658 a
1526 2604 1653 2668 Deo,
1688 2604 2023 2658 electionem

422 2701 685 2761 vestram,
720 2696 774 2749 id
803 2703 887 2749 est
918 2710 1053 2766 quos
1086 2694 1209 2763 quia
1240 2692 1442 2758 dilexit,
1496 2691 1678 2762 elegit.
1712 2692 1778 2745 Et
1822 2690 2019 2743 iterum

421 2793 545 2856 post
573 2784 893 2839 electionem
934 2782 1167 2853 amplius
1208 2781 1413 2844 dilexit,
1449 2780 1571 2834 ideo
1634 2777 1818 2833 dilecti
1870 2794 2019 2848 prae-

420 2872 601 2944 posuit
647 2871 897 2927 electioni
932 2914 944 2935 ,
995 2879 1052 2924 ut
1110 2870 1420 2924 ostenderet
1466 2868 1610 2922 bona
1667 2882 1854 2922 eorum
1899 2882 2021 2920 esse

422 2978 487 3016 ex
514 2960 803 3015 dilectione
822 2960 945 3013 Dei.
972 2959 1222 3014 Scientes
1243 2958 1364 3012 dico
1388 2957 1720 3012 electionem
1742 2959 2018 3019 vestram;

422 3051 580 3115 hanc,
615 3049 841 3112 scilicet,
876 3048 1016 3119 quod
1048 3047 1416 3117 Evangelium
1446 3048 1707 3099 nostrum
1745 3060 1859 3099 non
1901 3043 2018 3112 fuit

425 3139 497 3193 ad
517 3154 607 3193 vos
627 3136 1015 3192 tantummodo
1032 3135 1091 3188 in
1110 3150 1382 3197 sermone,
1403 3141 1460 3186 ut
1480 3132 1686 3187 scilicet
1715 3132 1829 3185 sola
1847 3130 2016 3186 verba

428 3225 619 3279 fierent
646 3225 701 3277 in
742 3232 923 3277 vestra
969 3222 1365 3288 conversione;
1402 3220 1497 3276 sed
1540 3220 1635 3274 fuit
1693 3221 1755 3274 in
1810 3220 2019 3274 virtute

430 3312 832 3374 miraculorum,
866 3315 922 3365 et
964 3312 1027 3364 in
1074 3311 1294 3381 Spiritu
1348 3313 1570 3364 sancto.
1613 3310 1671 3361 In
1702 3307 1821 3378 ipsa
1876 3306 2021 3361 enim

430 3400 744 3470 acceptione
774 3397 899 3452 fidei
937 3397 1130 3452 multas
1169 3397 1375 3469 gratias
1437 3396 1699 3451 habuistis
1732 3414 1746 3460 ;
1779 3403 1829 3450 et
1861 3395 1936 3449 ita
1966 3394 2021 3447 in

432 3488 630 3543 virtute
659 3495 711 3541 et
734 3487 787 3541 in
820 3486 1040 3556 Spiritu,
1074 3494 1130 3539 ut
1158 3488 1219 3540 in
1241 3487 1427 3540 multa
1442 3485 1803 3556 plenitudine
1833 3490 1885 3537 et
1914 3482 2021 3535 mi-

432 3576 742 3632 raculorum
773 3583 823 3629 et
852 3575 1149 3647 gratiarum
1180 3573 1556 3643 spiritualium.
1592 3572 1681 3626 Sic
1710 3572 1829 3635 ista,
1873 3569 2021 3625 scili-

434 3672 518 3720 cet
549 3673 600 3719 et
630 3664 855 3719 virtutes
886 3662 1272 3717 miraculorum
1304 3669 1355 3715 et
1385 3661 1588 3731 gratias
1620 3659 1850 3729 Spiritus
1893 3674 2023 3711 san-

437 3752 508 3807 cti
540 3752 704 3806 fuisse
737 3751 789 3804 in
822 3750 978 3804 vobis
1010 3751 1232 3817 scimus,
1266 3750 1415 3803 sicut
1446 3765 1535 3803 vos
1578 3748 1736 3801 scitis
1758 3747 1859 3800 hoc
1888 3745 2023 3799 visi-

436 3839 545 3892 bile
574 3838 641 3891 de
671 3837 829 3891 nobis
858 3837 1070 3907 quales,
1096 3836 1149 3889 id
1181 3843 1261 3888 est
1292 3851 1453 3904 quam
1484 3835 1837 3889 vehementer
1867 3832 2028 3886 tribu-

437 3926 532 3980 lati
562 3926 841 3995 fuerimus
871 3925 933 3977 in
964 3924 1142 3989 vobis;
1173 3930 1225 3976 et
1256 3923 1359 3977 hoc
1388 3927 1617 3994 propter
1646 3922 1883 3993 vosipsos
1936 3920 2024 3974 lu-

439 4013 691 4077 crandos,
742 4028 848 4066 non
900 4019 1117 4081 propter
1158 4011 1304 4064 aliud
1362 4010 1729 4065 commodum.
1786 4010 1875 4064 Sic
1933 4009 2028 4063 fuit

438 4102 505 4156 ad
535 4116 633 4156 vos
661 4099 1020 4170 Evangelium
1051 4107 1316 4163 nostrum,
1342 4103 1397 4153 et
1422 4115 1509 4154 vos
1527 4099 1708 4152 statim
1728 4099 1872 4169 [acti
1891 4098 2027 4155 estis

438 4192 624 4246 nostri
644 4192 978 4254 imitatores,
1000 4191 1055 4243 et
1078 4188 1204 4259 quia
1226 4188 1425 4248 nostri,
1448 4186 1570 4240 ideo
1592 4186 1887 4241 imitatores
1908 4187 2024 4253 Dei,

439 4294 599 4349 quem
624 4278 924 4350 gloriosum
944 4285 1026 4331 est
1048 4275 1265 4330 imitari.
1287 4276 1603 4331 Imitatores
1619 4274 1742 4330 dico
1760 4277 1822 4330 in
1845 4276 2028 4330 multa

2120 400 2239 449 stra
2266 396 2551 465 plurimum
2584 394 2825 464 profecta
2855 401 2955 458 est,
2990 409 3111 464 qua:
3142 390 3277 445 fides
3310 395 3393 445 est
3420 391 3490 444 ad
3510 393 3706 457 Deum,

2120 482 2173 537 id
2205 492 2285 537 est
2317 484 2490 555 gloria
2511 483 2697 537 mundi
2726 490 2925 552 spreta,
2960 483 3131 535 Deum
3181 480 3358 533 solum
3404 479 3701 533 desiderat.

2120 572 2197 625 Ita
2218 577 2303 625 est
2321 575 2578 643 pro/ecta
2598 576 2660 627 ut
2690 589 2805 625 non
2838 572 2911 625 sit
2942 566 3097 627 nobis
3131 584 3353 623 necesse
3369 569 3517 638 loqui
3543 568 3709 639 quid-

2120 676 2285 731 quam
2321 661 2385 714 de
2416 662 2659 715 introitu
2688 664 2881 715 nostro
2901 660 2973 713 ad
3005 674 3113 725 vos,
3148 657 3235 712 vel
3264 656 3331 710 de
3355 656 3710 711 conversione

2119 756 2318 803 vestra.
2355 748 2482 802 Ideo
2504 763 2612 802 non
2658 756 2741 802 est
2770 763 2998 802 necesse
3038 746 3332 817 quidquam
3380 744 3545 815 loqui,
3580 745 3713 815 quia

2122 836 2231 907 ipsi
2253 836 2428 890 eidem
2450 837 2811 890 annuntiant
2838 834 2903 890 de
2925 836 3087 901 vobis,
3114 834 3167 888 id
3180 842 3261 888 est
3278 834 3346 887 ad
3368 833 3594 905 gloriam
3619 849 3715 887 ve-

2120 932 2247 978 stra:
2268 922 2412 991 fidei,
2440 927 2678 996 qualem,
2703 924 2756 977 id
2777 932 2857 981 est
2886 938 3049 994 quam
3082 921 3374 986 difﬁcilem,
3408 921 3713 975 introitum

2121 1014 2481 1068 habuerimus
2500 1013 2572 1067 ad
2606 1030 2715 1068 vos.
2749 1012 2912 1065 Multa
2944 1011 3087 1065 enim
3125 1010 3274 1080 passi
3315 1026 3499 1063 sumus
3528 1008 3581 1062 in
3612 1026 3714 1063 ve-

2121 1101 2321 1155 niendo
2341 1109 2393 1155 et
2426 1100 2568 1170 apud
2599 1116 2715 1163 vos,
2780 1108 3004 1170 pr0pter
3059 1115 3179 1170 qua:
3208 1106 3383 1152 tamen
3417 1114 3525 1152 non
3556 1114 3716 1168 spre-

2121 1190 2273 1244 vistis
2303 1190 2531 1244 verbum
2563 1205 2632 1243 ex
2665 1205 2772 1243 me.
2833 1190 3197 1243 Annuntiant
3237 1187 3397 1241 etiam
3447 1187 3514 1241 de
3544 1187 3709 1252 vobis,

2120 1278 2173 1331 id
2196 1286 2278 1331 est
2307 1293 2467 1348 quam
2486 1277 2725 1347 perfecte
2747 1279 2999 1331 conversi
3015 1277 3152 1331 estis
3173 1276 3245 1330 ad
3266 1276 3445 1331 Deum
3474 1292 3506 1329 a
3529 1276 3713 1329 simu-

2124 1367 2312 1420 lacris.
2347 1367 2405 1418 ln
2437 1366 2653 1435 quibus,
2707 1365 2974 1418 simulatio
3035 1373 3261 1429 tantum,
3293 1364 3436 1417 nulla
3494 1362 3708 1417 veritas.

2125 1454 2385 1509 Conversi
2415 1454 2537 1508 dico
2570 1470 2676 1507 non
2704 1462 2909 1506 tantum
2931 1454 3175 1517 credere,
3200 1453 3296 1506 sed
3318 1452 3474 1505 etiam
3504 1454 3713 1507 servire

2121 1544 2227 1596 Deo
2271 1544 2403 1605 vivo,
2442 1542 2496 1594 id
2528 1550 2607 1595 est
2623 1549 2827 1595 aeterno
2867 1541 2955 1611 qui
2999 1541 3163 1595 vitam
3210 1540 3526 1595 aeternitatis
3555 1540 3716 1593 datu-

2122 1646 2214 1683 rus
2246 1637 2329 1683 est
2359 1630 2533 1683 vobis.
2560 1630 2673 1683 Deo
2704 1629 2826 1683 vivo
2857 1634 2913 1684 et
2934 1645 3077 1695 vero,
3103 1628 3159 1682 id
3190 1637 3270 1683 est
3290 1629 3341 1681 in
3365 1644 3471 1699 quo
3493 1628 3713 1693 veritas,

2124 1718 2259 1772 sicut
2290 1717 2343 1770 in
2380 1717 2524 1771 idolo
2576 1718 2865 1771 simulatio.
2909 1718 3024 1771 Nec
3064 1717 3443 1787 quoquomodo
3484 1718 3714 1781 servire,

2123 1807 2219 1859 sed
2242 1806 2401 1859 etiam
2427 1808 2828 1860 eonversiestis
2849 1810 3180 1876 exspectare
3200 1807 3408 1859 Filium
3425 1807 3563 1876 ejus,
3587 1820 3719 1859 ven-

2123 1903 2297 1947 turum
2329 1894 2393 1948 de
2424 1896 2576 1948 ca'lis
2604 1894 2671 1947 ad
2687 1893 2968 1962 judicium.
2996 1894 3147 1948 Adeo
3167 1893 3310 1947 enim
3340 1892 3478 1947 bene
3500 1892 3717 1965 agendo

2124 1982 2300 2036 securi
2332 1989 2472 2045 sunt,
2508 1991 2563 2035 ut
2603 1982 2877 2053 gaudeant
2908 1998 3192 2037 occurrere
3216 1980 3403 2049 judici,
3436 1997 3546 2035 non
3598 1979 3716 2035 for-

2122 2070 2390 2124 midantes
2420 2086 2659 2140 poenam,
2693 2070 2790 2124 sed
2821 2070 2888 2124 de
2918 2070 3144 2139 prazmio
3174 2069 3377 2125 securi.
3436 2072 3607 2137 Quem
3637 2069 3721 2123 Fi-

2122 2158 2252 2212 lium
2279 2160 2423 2212 Deus
2437 2161 2737 2214 suscitavit
2756 2175 2829 2213 ex
2848 2161 3090 2214 mortuis
3114 2158 3313 2213 factum
3336 2158 3492 2212 nobis
3503 2160 3714 2222 Iesum,

2123 2246 2177 2301 id
2212 2254 2294 2301 est
2327 2246 2679 2311 Salvatorem,
2716 2246 2948 2303 291
2988 2247 3139 2315 cujus
3170 2247 3445 2302 suscitatio
3474 2254 3719 2300 nostram

2123 2342 2382 2404 Operatur
2412 2334 2907 2390 resurrectionem:
2941 2336 3035 2406 qui
3056 2335 3220 2389 Filius
3249 2335 3459 2405 eripuit
3490 2350 3591 2389 nos
3648 2333 3717 2388 ab

2122 2423 2231 2484 ira,
2264 2423 2316 2475 id
2348 2430 2427 2476 est
2458 2423 2526 2476 ab
2559 2422 2781 2487 ultione,
2808 2427 3050 2477 ventura
3076 2423 3277 2493 impiis.
3301 2422 3511 2493 Eripuit
3531 2421 3717 2493 utique

2123 2511 2178 2565 in
2208 2511 2473 2581 baptismo
2505 2510 2780 2565 dimittens
2796 2520 3039 2582 peccata.
3552 2500 3555 2501 ⁷

2759 2705 2983 2761 CAPUT
3031 2707 3101 2759 ll.

2198 2890 2219 2919 ι
2252 2868 2388 2923 Nam
2420 2868 2523 2939 ipsi
2554 2869 2721 2937 scitis,
2780 2868 2993 2932 fratres,
3046 2869 3323 2924 introitum
3369 2876 3617 2924 nostrum
3647 2867 3718 2922 ad

2128 2978 2147 3005 α
2186 2972 2305 3021 vos,
2339 2959 2466 3027 quia
2495 2973 2604 3011 non
2636 2956 2813 3011 inanis
2846 2956 2962 3026 fuit,
2988 2957 3084 3012 sed
3111 2965 3234 3011 ante
3260 2958 3408 3027 passi
3442 2956 3627 3023 multa,
3663 2963 3721 3011 et

2127 3066 2147 3093 α
2182 3044 2530 3099 contumeliis
2562 3043 2738 3101 affecti
2770 3045 2927 3113 (sicut
2961 3045 3133 3115 scitis)
3162 3046 3216 3098 in
3264 3045 3543 3115 Philippis,
3570 3044 3723 3099 fidu-

2125 3156 2146 3179 α
2185 3132 2324 3187 ciam
2354 3133 2643 3186 habuimus
2664 3133 2718 3186 in
2750 3134 2864 3187 Deo
2885 3141 3090 3199 nostro,
3122 3133 3270 3203 loqui
3292 3134 3361 3187 ad
3393 3148 3490 3187 vos
3529 3133 3719 3187 Evan-

2126 3242 2147 3270 ι
2184 3220 2384 3292 gelium
2409 3221 2505 3275 Dei
2528 3221 2581 3274 in
2605 3221 2769 3275 multa
2800 3221 3179 3275 sollicitudine.
3213 3221 3529 3275 Exhortatio
3573 3221 3718 3275 enim

2126 3329 2148 3359 ε
2184 3317 2370 3363 nostra
2400 3324 2509 3363 non
2538 3310 2606 3363 de
2637 3324 2840 3376 errore,
2893 3325 3071 3380 neque
3102 3309 3169 3363 de
3200 3308 3558 3373 immunditia,
3620 3324 3717 3363 ne-

2128 3418 2149 3445 «
2184 3413 2288 3467 que
2314 3398 2368 3450 in
2399 3397 2545 3463 dolo,
2593 3397 2689 3451 sed
2747 3397 2885 3451 sicut
2928 3397 3140 3467 probati
3186 3414 3373 3451 sumus
3404 3412 3437 3451 a
3490 3398 3627 3462 Deo,
3660 3404 3721 3451 ut

2128 3508 2149 3531 α
2186 3485 2503 3540 crederetur
2542 3485 2700 3539 nobis
2730 3486 3087 3557 Evangelium
3122 3504 3136 3550 ;
3170 3485 3239 3539 ita
3285 3485 3573 3555 loquimur,
3606 3500 3718 3539 non

2128 3593 2150 3622 ι
2187 3573 2344 3643 quasi
2403 3573 2711 3626 hominibus
2754 3573 3049 3643 placentes,
3100 3573 3197 3627 sed
3228 3574 3362 3641 Deo,
3386 3571 3477 3643 qui
3525 3572 3719 3642 probat

2129 3682 2151 3711 «
2187 3661 2354 3715 corda
2383 3668 2591 3716 nostra.
2650 3662 2841 3732 Neque
2888 3662 3032 3716 enim
3087 3660 3379 3732 aliquando
3418 3660 3615 3714 fuimus
3662 3660 3717 3715 in

2130 3770 2152 3798 α
2187 3764 2435 3802 sermone
2466 3748 2807 3814 adulationis,
2869 3750 3007 3805 sicut
3036 3749 3223 3815 scitis;
3249 3764 3424 3819 neque
3452 3748 3505 3802 in
3555 3764 3719 3803 occa-

2130 3858 2151 3882 «
2189 3836 2340 3890 sione
2363 3836 2619 3904 avaritiae,
2652 3837 2798 3891 Deus
2828 3838 2979 3892 testis
3010 3846 3092 3892 est
3126 3857 3139 3903 ;
3173 3853 3275 3893 nec
3323 3844 3630 3907 quaerentes
3650 3835 3718 3889 ab

2132 3945 2153 3973 α
2190 3924 2499 3978 hominibus
2529 3925 2783 3997 gloriam,
2808 3942 2983 3996 neque
3016 3942 3050 3979 a
3077 3926 3250 3991 vobis,
3270 3941 3446 3996 neque
3476 3926 3545 3979 ab
3575 3924 3715 3991 aliis,

2133 4032 2154 4061 ι
2190 4026 2312 4066 cum
2343 4027 2628 4081 possemus
2658 4013 2813 4067 vobis
2860 4013 3009 4068 oneri
3059 4029 3199 4079 esse,
3245 4022 3301 4067 ut
3332 4012 3526 4067 Christi
3584 4027 3719 4084 apo-

2132 4122 2152 4146 ιι
2191 4099 2332 4153 stoli.
2365 4099 2472 4153 Sed
2502 4099 2627 4155 facti
2685 4117 2869 4155 sumus
2899 4100 3108 4170 parvuli
3127 4101 3181 4155 in
3224 4102 3405 4156 medio
3453 4107 3714 4166 vestrum,

2135 4208 2154 4235 ι
2190 4195 2440 4258 tanquam
2474 4188 2518 4241 si
2548 4189 2725 4242 nutrix
2767 4188 2949 4243 foveat
3002 4187 3143 4243 filios
3172 4204 3321 4243 suos.
3372 4189 3451 4243 Ita
3491 4188 3715 4243 deside-

2133 4297 2153 4321 ιι
2191 4283 2373 4329 rantes
2395 4292 2493 4330 vos
2532 4277 2746 4346 cupide,
2806 4276 3122 4332 volebamus
3159 4277 3372 4332 tradere
3420 4275 3575 4331 vobis
3609 4291 3720 4331 non

441 4367 809 4421 tribulatione
838 4365 1080 4430 tolerata,
1105 4366 1475 4435 excipientes,
1497 4364 1548 4416 id
1571 4371 1652 4417 est
1673 4362 1727 4416 in
1750 4362 2027 4433 excipien-
2059 4360 2108 4417 D
2135 4384 2156 4409 ‹‹
2192 4362 2369 4416 solum
2398 4363 2754 4436 Evangelium
2786 4365 2904 4430 Dei,
2937 4365 3035 4419 sed
3066 4365 3225 4420 etiam
3242 4364 3450 4419 animas
3480 4371 3723 4431 nostras,

436 4454 528 4517 do,
556 4454 791 4518 verbun;
814 4460 868 4506 ut
889 4452 1122 4522 primum
1144 4453 1285 4507 enim
1306 4451 1592 4520 accepistis
1632 4451 1857 4505 verbum
1880 4449 2023 4517 fidei,

439 4541 617 4595 statim
646 4556 769 4597 cum
816 4539 922 4594 fide
969 4539 1265 4609 incmpistis
1301 4540 1427 4609 pati.
1479 4539 1858 4593 Tribulatione
1905 4540 2028 4595 dico

437 4636 660 4699 accepta
691 4644 798 4683 non
828 4628 1013 4693 invita,
1047 4628 1142 4681 sed
1159 4644 1287 4682 cum
1308 4628 1509 4697 gaudio
1538 4628 1784 4697 Spiritus
1813 4629 2022 4695 sancti,

436 4718 556 4789 quia
588 4715 858 4770 afﬂuentia
888 4714 1217 4785 gratiarum,
1251 4731 1372 4784 qua)
1404 4721 1521 4768 erat
1549 4713 1602 4767 in
1633 4714 1787 4768 vobis
1808 4756 1821 4779 ,
1856 4714 2025 4770 facie-

437 4807 526 4860 bat
582 4822 681 4861 vos
731 4805 973 4876 gaudere
1022 4804 1073 4857 in
1134 4802 1580 4857 tribulationibus.
1634 4803 1828 4857 Fuistis
1858 4805 2027 4859 nostri

436 4894 748 4959 imitatores,
775 4896 861 4949 ita
899 4897 963 4947 ut
987 4893 1128 4961 facti
1156 4894 1282 4946 sitis
1315 4894 1499 4962 forma
1524 4892 1824 4962 patientia;
1846 4895 2025 4949 omni-

438 4984 536 5037 bus
556 4982 911 5037 credentibus
935 4983 995 5036 in
1018 4980 1335 5035 Macedonia
1357 4984 1411 5034 et
1428 4981 1487 5033 in
1510 4981 1738 5045 Achaia,
1760 4981 1852 5051 qui
1873 4981 2024 5050 prius

437 5069 591 5122 vobis
616 5069 977 5123 crediderunt.
1006 5068 1262 5123 Videntes
1283 5068 1425 5122 enim
1450 5083 1545 5121 vos
1565 5068 1875 5137 prrecedere
1905 5069 2024 5124 illos

434 5158 504 5211 ad
552 5172 844 5221 coronam,
904 5156 1193 5210 laudabant
1242 5155 1364 5210 fidei
1407 5164 1602 5211 vestrm
1657 5156 2021 5221 velocitatem,

436 5245 744 5302 accusando
794 5260 946 5298 suam
996 5245 1321 5298 tarditatem.
1372 5244 1483 5298 lllis
1522 5244 1707 5314 utique
1741 5244 1864 5299 facti
1895 5244 2023 5298 estis

434 5336 605 5390 forma
622 5353 637 5402 ;
652 5350 831 5389 sermo
854 5334 1007 5387 enim
1028 5334 1252 5389 Domini
1274 5332 1601 5402 di/Tamatus
1621 5336 1704 5386 est
1725 5349 1759 5385 a
1778 5332 1942 5395 vobis,
1970 5332 2024 5385 id

436 5432 519 5477 est
547 5421 847 5479 notiticatus
879 5420 1127 5490 exemplo
1157 5428 1354 5485 vestro,
1390 5438 1505 5475 non
1540 5420 1725 5475 solum
1758 5420 1820 5474 in
1853 5421 2025 5475 Mace-

434 5511 603 5567 donia
625 5516 680 5567 et
730 5511 958 5576 Achaia,
992 5509 1086 5565 sed
1116 5511 1291 5564 etiam
1314 5510 1372 5563 in
1410 5511 1567 5564 omni
1598 5509 1713 5564 loco
1744 5507 2024 5577 adjacente

2133 4471 2155 4500 ι
2190 4451 2446 4521 quoniam
2501 4453 2807 4508 charissimi
2868 4452 3024 4508 nobis
3079 4452 3204 4509 facti
3248 4452 3399 4508 estis.
3450 4453 3723 4507 Memores

2132 4561 2152 4584 α
2189 4538 2336 4593 enim
2365 4541 2514 4607 estis,
2551 4542 2767 4608 fratres,
2817 4541 3021 4597 laboris
3049 4540 3222 4596 nostri
3254 4550 3309 4595 et
3337 4539 3671 4614 fatigationis
3706 4558 3720 4595 :

2132 4648 2154 4672 α
2191 4636 2348 4681 nocte
2378 4637 2430 4681 et
2458 4628 2544 4683 die
2573 4636 2884 4699 operantes,
2916 4646 2985 4685 ne
3015 4645 3177 4700 quem
3208 4637 3444 4684 vestrum
3474 4642 3727 4701 gravare-

2130 4736 2150 4759 α
2189 4730 2331 4782 mus,
2368 4716 2783 4784 praedicavimus
2835 4718 2991 4772 vobis
3045 4717 3405 4790 Evangelium
3434 4716 3552 4772 Dei.
3614 4718 3723 4772 Vos

2131 4822 2151 4851 ι
2186 4810 2352 4856 testes
2375 4804 2507 4857 estis
2538 4813 2591 4859 et
2621 4807 2767 4861 Deus
2792 4823 2956 4877 quam
3011 4814 3199 4861 sancte
3257 4813 3309 4860 et
3332 4807 3474 4875 juste
3503 4813 3556 4860 et
3602 4804 3722 4860 sine

2129 4912 2150 4937 α
2188 4892 2406 4961 querela
2436 4893 2589 4947 vobis
2612 4895 2704 4964 qui
2731 4894 3058 4960 credidistis,
3091 4894 3363 4961 affuimus,
3412 4894 3551 4950 sicut
3606 4893 3721 4948 sci-

2131 5000 2150 5025 ι
2188 4977 2275 5044 tis,
2324 4981 2553 5049 qualiter
2599 4999 3039 5055 unumquemque
3069 4991 3309 5039 vestrum
3330 4984 3611 5054 (tanquam
3630 4998 3726 5053 pa-

2130 5086 2152 5115 ς
2185 5072 2266 5120 ter
2293 5066 2433 5123 filios
2482 5072 2631 5140 suos)
2670 5071 3026 5142 deprecantes
3071 5089 3168 5127 vos
3194 5115 3207 5139 ,
3258 5080 3312 5127 et
3352 5071 3717 5138 consolantes,

2134 5174 2154 5202 ε
2194 5154 2461 5211 testificati
2500 5174 2703 5227 sumus,
2738 5168 2793 5213 ut
2837 5161 3189 5216 ambularetis
3242 5161 3409 5233 digne
3443 5161 3577 5224 Deo,
3629 5159 3724 5230 qui

2131 5267 2151 5299 ι
2186 5246 2395 5303 vocavit
2428 5263 2523 5303 vos
2560 5248 2614 5300 in
2660 5264 2817 5303 suum
2858 5265 3087 5321 regnum
3118 5258 3171 5304 et
3226 5249 3480 5321 gloriam.
3507 5248 3636 5303 Ideo
3668 5255 3723 5302 et

2129 5360 2149 5383 α
2187 5352 2289 5390 nos
2319 5336 2521 5408 gratias
2552 5336 2764 5407 agimus
2804 5338 2919 5392 Deo
2959 5338 3076 5394 sine
3114 5338 3534 5403 intermissione,
3583 5350 3721 5406 quo-

2128 5447 2149 5471 α
2190 5425 2356 5490 niam,
2409 5439 2533 5481 cum
2583 5425 2934 5496 accepissetis
2964 5441 2997 5480 a
3027 5426 3184 5481 nobis
3228 5426 3456 5480 verbum
3503 5424 3720 5479 auditus

2129 5534 2150 5562 ι
2188 5512 2308 5582 Dei,
2342 5513 2629 5583 accepistis
2674 5513 2825 5584 illud,
2876 5530 2985 5569 non
3029 5522 3085 5569 ut
3141 5513 3370 5570 verbum
3416 5512 3716 5580 hominum,
