3966 6050
259 215 359 268 ιοί

844 218 1225 277 EXPOSITIO
1262 223 1338 278 IN
1373 223 1755 281 EPISTOLAS
1793 226 2014 285 PAULI.
2049 261 2119 273 -—
2148 234 2222 289 IN
2257 236 2480 294 EPIST.
2529 241 2550 294 Ι
2588 241 2682 295 AD
2722 242 2966 299 THESS.

3448 249 3553 306 402

264 356 287 385 ι
326 336 445 441 sed,
478 337 615 393 sicut
646 348 729 395 est
754 358 903 406 vere,
954 345 1177 400 verbum
1208 346 1328 415 Dei,
1359 349 1448 418 qui
1505 356 1763 420 operatur
1792 350 1849 406 in
1878 354 1925 412 A
2014 356 2154 411 Vere
2183 375 2291 414 non
2320 362 2475 433 quasi
2506 363 2786 433 placentes
2816 367 3155 433 hominibus,
3192 386 3369 441 neque
3398 374 3551 427 enim

264 446 285 469 ιε
324 425 477 479 vobis
508 427 601 497 qui
631 430 940 485 credidistis
972 432 1069 503 [aL
1102 434 1229 488 add.
1256 434 1312 489 in
1332 435 1550 508 ipsum].
1574 438 1682 492 Vos
1714 438 1856 493 enim

278 512 628 570 «imitatores
684 517 812 573 facti
861 521 1009 583 estis,
1070 521 1282 589 fratres,
1330 525 1700 581 Ecclesiarum
1733 528 1851 592 Dei,

270 621 293 649 α
334 618 451 671 quae
481 612 604 657 sunt
628 605 683 658 in
710 608 915 675 Iudaea,
946 609 1000 663 in
1041 610 1257 666 Christo
1305 614 1452 678 Jesu,
1488 614 1616 684 quia
1663 616 1855 670 eadem

261 712 285 735 κ
322 691 474 759 passi
504 693 637 746 estis
668 703 718 748 et
750 712 847 750 vos
876 712 905 749 a
933 698 1329 754 contribulibus
1376 703 1599 767 vestris,
1635 705 1773 759 sicut
1803 711 1855 757 et

263 799 285 822 σι
324 777 429 848 ipsi
460 794 492 832 a
521 781 743 845 Judaeis,
778 784 868 855 qui
900 794 952 839 et
982 787 1268 842 Dominum
1327 790 1641 845 occiderunt
1668 792 1851 845 Jesum

263 887 284 912 ιι
325 874 377 920 et
407 870 727 938 prophetas,
756 880 808 926 et
836 888 936 928 nos
984 877 1256 944 persecuti
1308 886 1451 944 sunt,
1504 887 1556 932 et
1600 880 1714 934 Deo
1743 894 1853 934 non

262 976 283 999 ιι
322 954 568 1025 placent,
602 967 653 1012 et
682 960 933 1014 omnibus
962 963 1271 1018 hominibus
1302 966 1685 1035 adversantur,
1716 984 1850 1037 pro-

265 1064 287 1088 κ
337 1042 590 1100 bibentes
620 1062 721 1101 nos
751 1049 1005 1118 gentibus
1034 1050 1182 1122 loqui
1212 1061 1269 1106 ut
1301 1053 1437 1109 salvi
1476 1053 1625 1119 fiant,
1658 1064 1716 1109 ut
1743 1056 1849 1110 im-

261 1150 285 1180 ‹
320 1130 504 1200 pleant
548 1144 772 1203 peccata
828 1153 928 1191 sua
983 1155 1222 1209 semper.
1292 1142 1540 1196 Pervenit
1595 1144 1739 1197 enim
1770 1144 1848 1198 ira

263 1239 283 1263 α
321 1219 421 1273 Dei
453 1238 617 1291 super
646 1223 770 1279 illos
801 1240 974 1295 usque
1004 1226 1059 1279 in
1112 1225 1296 1283 finem.
1354 1231 1467 1284 Nos
1498 1240 1699 1296 autem,
1731 1231 1847 1285 fra—

261 1329 282 1352 α
322 1314 452 1373 tres,
487 1310 761 1366 desolatia
793 1313 946 1368 vobis
996 1315 1065 1369 ad
1120 1323 1334 1386 tempus
1391 1319 1565 1381 horae,
1600 1328 1845 1390 aspectu,

258 1414 286 1450 ε
321 1411 426 1450 non
460 1399 658 1466 corde,
710 1401 1072 1457 abundantius
1104 1403 1476 1460 festinavimus
1535 1407 1725 1462 faciem
1754 1424 1846 1463 ve-

259 1512 281 1536 ε
316 1497 488 1543 stram
518 1488 706 1543 videre
736 1506 858 1543 cum
889 1491 1059 1545 multo
1108 1492 1403 1559 desiderio,
1458 1496 1715 1565 quoniam
1744 1512 1846 1551 vo-

257 1598 282 1628 ι
315 1576 513 1631 luimus
544 1576 729 1631 venire
759 1577 830 1631 ad
860 1594 975 1633 vos.
1009 1580 1130 1652 Ego
1162 1581 1375 1651 quidem
1416 1584 1614 1638 Paulus
1671 1592 1723 1639 et
1753 1600 1845 1639 se-

258 1686 281 1715 α
316 1665 424 1719 mel
455 1671 508 1718 et
539 1664 752 1729 iterum,
777 1667 873 1720 sed
895 1666 1173 1737 impedivit
1202 1685 1301 1724 nos
1324 1671 1574 1725 Satanas.
1602 1671 1734 1740 Quae
1763 1680 1845 1727 est
1866 1705 1917 1763 Β

255 1776 278 1798 α
315 1752 459 1808 enim
490 1761 673 1806 nostra
704 1770 829 1823 spes
868 1763 959 1809 aut
1015 1756 1295 1827 gaudium,
1349 1767 1438 1812 aut
1493 1775 1693 1814 corona
1720 1760 1844 1830 glo-

254 1862 279 1890 ι
316 1841 451 1895 riae?
481 1841 675 1894 Nonne
724 1857 820 1895 vos
860 1850 982 1896 ante
1032 1845 1323 1899 Dominum
1374 1855 1615 1901 nostrum
1662 1849 1844 1901 Jesum

254 1952 279 1975 α
316 1929 589 1983 Christum
630 1930 760 1983 estis
799 1930 851 1983 in
900 1931 1134 1985 adventu
1193 1934 1356 2001 ejus?
1394 1936 1501 1989 Vos
1540 1935 1681 1990 enim
1715 1936 1846 1990 estis

256 2038 281 2068 α
317 2016 494 2089 gloria
523 2026 707 2074 nostra
737 2025 789 2073 et
825 2019 1107 2090 gaudium.
1147 2041 1165 2071 ι

834 2184 1150 2225 ΒΧΡΟΒΙΤΙΟ.

322 2302 565 2358 Dicenda
596 2302 843 2373 superius
866 2304 1090 2375 qualem
1120 2306 1427 2361 introitum
1457 2312 1509 2360 et
1532 2305 1720 2377 quales
1744 2304 1845 2361 fra-

248 2399 384 2457 tres,
416 2391 499 2444 bis
532 2389 935 2463 significaverat
983 2393 1137 2447 vobis
1195 2392 1567 2449 difficultatem
1597 2394 1844 2449 introitus

248 2479 374 2544 sui;
405 2494 589 2549 quam,
626 2479 752 2549 quia
799 2489 1088 2536 exsecutus
1124 2497 1232 2535 non
1280 2481 1471 2547 fuerat,
1510 2482 1673 2536 modo
1712 2484 1843 2536 satis

248 2567 445 2623 callide
478 2567 687 2633 inserit,
719 2567 908 2622 dicens
942 2586 954 2622 :
986 2570 1108 2624 Non
1131 2577 1345 2639 Oportet
1384 2586 1471 2624 me
1506 2570 1686 2625 dicere
1709 2587 1843 2641 qua-

247 2657 360 2711 lem
391 2656 666 2710 introitum
698 2656 985 2711 habuimus
1012 2658 1078 2712 ad
1109 2673 1207 2712 vos
1234 2677 1248 2724 ;
1279 2676 1434 2725 nam,
1469 2673 1567 2713 vos
1596 2659 1703 2731 ipsi
1722 2663 1840 2729 fra-

250 2750 390 2809 tres,
425 2744 557 2798 satis
586 2746 746 2799 scitis
768 2746 1071 2800 introitum
1100 2751 1361 2802 nostrum
1382 2748 1453 2802 ad
1482 2763 1591 2810 vos,
1626 2750 1756 2819 quia
1786 2746 1840 2802 id

247 2841 333 2888 est
362 2833 526 2903 quod,
562 2850 675 2888 non
697 2834 813 2903 fuit
846 2834 1059 2899 inanis,
1096 2834 1148 2887 id
1180 2843 1260 2889 est
1288 2834 1509 2889 inutilis.
1534 2836 1717 2889 Inanis
1746 2852 1839 2890 es-

247 2930 330 2976 set
362 2921 408 2974 si
429 2936 527 2991 pro
558 2921 721 2975 rebus
743 2922 928 2975 mundi
960 2930 1257 2992 pateretur,
1288 2923 1372 2978 vel
1394 2923 1438 2977 si
1455 2924 1561 2994 pati
1583 2940 1839 2995 resurge-

244 3019 347 3077 ret,
372 3009 479 3074 vel,
513 3010 557 3062 si
588 3010 642 3063 in
670 3010 749 3064 eis
780 3010 1015 3066 fructum
1046 3010 1170 3066 fidei
1202 3028 1307 3068 non
1341 3011 1558 3068 faceret.
1591 3014 1714 3067 Non
1744 3011 1837 3067 fuit

242 3098 443 3161 inanis,
478 3097 573 3152 sed
596 3102 749 3163 ante,
784 3098 837 3151 id
868 3107 946 3153 est
976 3100 1031 3152 in
1062 3100 1351 3159 veniendo.
1375 3103 1527 3172 passi
1561 3117 1748 3154 sumus
1775 3102 1836 3155 in

242 3187 528 3258 Philippis
557 3186 903 3241 acerbitatem
935 3187 1334 3251 tribulationis,
1368 3196 1419 3241 et
1449 3188 1612 3242 etiam
1643 3190 1837 3259 affecti

244 3275 629 3339 contumeliis,
665 3274 718 3327 id
739 3282 821 3328 est
843 3273 1020 3329 aﬁlicti
1042 3275 1410 3344 opprobriosis
1442 3276 1640 3329 verbis.
1678 3277 1838 3330 Passi

243 3367 303 3418 et
335 3364 527 3433 affecti
547 3362 671 3416 dico
701 3364 849 3417 sicut
880 3377 977 3417 vos
1003 3364 1110 3433 ipsi
1141 3364 1318 3418 scitis.
1345 3363 1478 3427 Nos,
1503 3363 1743 3434 inquam,
1765 3364 1837 3417 ita

243 3450 397 3521 passi
416 3458 469 3505 et
503 3449 682 3506 affecti
705 3450 905 3504 fuimus
936 3451 1079 3519 apud
1105 3466 1203 3505 vos
1236 3453 1298 3505 in
1324 3452 1515 3506 multa
1553 3452 1835 3506 sollicitu-

242 3540 397 3607 dine,
431 3538 485 3593 id
514 3547 595 3593 est
614 3538 813 3593 curiosi
842 3538 911 3592 de
946 3539 1265 3593 domesticis
1322 3539 1504 3593 rebus.
1551 3540 1609 3592 In
1667 3539 1839 3593 multa

241 3627 391 3683 enim
422 3627 650 3697 penuria
691 3642 927 3692 eramus,
964 3635 1017 3681 et
1072 3627 1269 3681 curiosi
1317 3644 1384 3681 ne
1442 3643 1560 3693 vos,
1592 3627 1838 3682 videntes

241 3723 611 3785 contemptum
660 3723 927 3781 nostrum,
962 3715 1381 3770 contemneretis
1411 3715 1463 3769 in
1512 3716 1670 3769 nobis
1718 3732 1837 3770 ver-

244 3805 376 3857 bum
403 3803 521 3857 Dei.
554 3804 621 3857 Et
653 3804 780 3858 licet
809 3803 860 3856 in
890 3810 1034 3858 tanta
1065 3804 1427 3859 sollicitudine
1459 3820 1725 3868 essemus,
1750 3812 1835 3858 ta-

242 3908 371 3946 men
402 3891 702 3947 habuimus
730 3892 999 3960 ﬁduciam
1042 3893 1191 3963 loqui
1230 3893 1301 3946 ad
1341 3909 1432 3947 vos
1466 3893 1835 3963 Evangelium

242 3980 364 4034 Dei.
396 3980 700 4034 Habuimus
723 3980 845 4034 dico
874 3980 938 4033 in
982 3980 1216 4035 Domino
1248 3984 1482 4045 nostro;
1515 3996 1628 4049 prae
1675 3979 1836 4033 nimia

239 4067 389 4122 enim
420 4066 734 4123 difficultate
766 4067 847 4121 vis
879 4067 1184 4121 humanain
1214 4067 1371 4121 nobis
1402 4066 1663 4122 deficiens
1681 4082 1835 4122 com-

240 4154 483 4227 pellebat
512 4172 611 4209 nos
642 4157 810 4209 Deum
854 4154 1162 4209 consulere.
1190 4155 1317 4210 ldeo
1356 4154 1608 4209 fiduciam
1642 4154 1834 4208 habui-

238 4260 361 4298 mus
392 4245 524 4314 quia
554 4242 874 4298 exhortatio
905 4247 1102 4297 nostra
1131 4246 1287 4313 facta
1319 4243 1389 4296 ad
1432 4259 1520 4297 vos
1562 4259 1679 4297 non
1726 4250 1836 4296 erat

241 4331 487 4388 292
501 4332 567 4385 de
590 4346 793 4395 errore,
815 4330 867 4383 id
887 4338 968 4383 est
989 4330 1057 4385 de
1080 4330 1330 4384 suasione
1353 4331 1574 4394 erroris,
1592 4338 1647 4384 ut
1664 4331 1834 4385 doce-

1955 445 2257 517 aliquando
2278 451 2496 519 fuimus
2527 452 2589 506 in
2612 469 2867 510 sermone
2884 456 3256 526 adulationis,
3280 460 3429 514 sicut
3452 476 3549 515 vos

1953 534 2133 601 scitis,
2158 544 2210 589 et
2240 553 2337 591 vos
2367 539 2418 591 in
2453 548 2619 595 testes
2649 543 2885 612 appello.
2909 546 3091 617 Neque
3125 545 3321 601 fuimus
3351 548 3405 601 in
3436 564 3552 603 ser-

1954 637 2114 677 mone
2158 627 2449 693 avaritiaa;
2493 645 2592 685 nec
2643 630 2801 684 etiam
2834 637 2894 687 in
2953 636 3242 690 occasione
3270 644 3325 688 ut
3356 636 3547 691 saltem

1955 711 2222 779 suspicari
2250 724 2432 783 posset
2473 718 2540 771 de
2583 718 2778 785 nobis;
2813 728 2864 774 et
2895 722 3039 777 Deus
3088 722 3212 777 inde
3244 726 3404 779 testis
3436 730 3542 780 est.

1952 797 2019 851 Et
2040 815 2153 853 non
2178 800 2373 855 fuimus
2394 810 2706 875 quwrrntes
2727 809 2964 877 gloriam
2977 810 3043 863 ab
3065 810 3402 876 hominibus,
3418 813 3545 884 quia

1951 902 2129 957 neque
2162 906 2195 943 a
2228 892 2405 957 vobis,
2440 909 2619 965 neque
2648 896 2715 949 ab
2746 897 2898 951 aliis.
2927 898 3049 951 Non
3081 896 3279 953 fuimus
3309 900 3363 953 in
3389 916 3546 956 occa-

1953 973 2104 1029 sione
2138 978 2395 1045 avaritia),
2428 998 2579 1044 cum,
2614 982 2668 1036 id
2690 991 2772 1037 est
2796 985 3060 1053 quamvis,
3087 990 3369 1056 possimus
3396 990 3542 1045 vobis

1950 1077 2067 1117 esse
2085 1067 2262 1129 oneri,
2288 1070 2612 1140 accipiendo
2637 1074 2972 1143 temporalia
2991 1090 3025 1127 a
3049 1076 3193 1130 vobis
3214 1081 3280 1133 ut
3301 1078 3543 1148 apostoli

1953 1149 2183 1206 Christi.
2204 1154 2323 1209 Non
2342 1166 2648 1225 quaerentes
2665 1159 2919 1229 gloriam,
2942 1163 3037 1217 sed
3049 1166 3398 1232 faetisumus
3418 1182 3541 1236 par-

1950 1239 2067 1293 vuli
2089 1241 2149 1294 in
2166 1242 2429 1307 medio,id
2445 1253 2524 1298 est
2544 1246 2773 1299 humiles
2795 1247 2848 1300 in
2874 1250 3255 1305 communitate
3268 1256 3537 1307 vestrum.

1946 1326 2140 1381 Nullus
2177 1329 2317 1384 enim
2360 1330 2456 1385 fuit
2486 1332 2574 1386 cui
2623 1349 2730 1388 non
2766 1336 3269 1393 condescenderim.
3306 1342 3540 1396 Parvuli

1950 1414 2090 1480 dico,
2128 1421 2400 1489 tanquam
2454 1422 2663 1476 nutrix
2716 1424 3163 1479 condescendens
3192 1428 3450 1496 parvulo,
3487 1436 3540 1484 et

1948 1502 2113 1556 multa
2143 1506 2417 1561 sustinens
2447 1508 2515 1561 ab
2538 1508 2649 1563 illo.
2682 1510 2798 1565 Nec
2822 1512 2999 1566 nutrix
3043 1514 3310 1569 conducta
3337 1517 3535 1585 pretio,

1947 1591 2044 1645 sed
2086 1594 2135 1646 si
2166 1598 2353 1664 foveat
2382 1597 2631 1667 proprios
2685 1599 2849 1666 filios,
2913 1601 3106 1670 quibus
3152 1618 3217 1656 ex
3251 1602 3537 1660 dilectione

1948 1680 2064 1734 sola
2113 1683 2340 1750 parvula
2386 1684 2490 1748 sit;
2534 1686 2665 1738 nihil
2705 1686 2779 1739 ibi
2830 1704 3082 1757 quierens
3146 1698 3345 1760 praeter
3374 1690 3533 1747 filios.

1946 1770 2225 1841 Tanquam
2255 1772 2436 1825 nutrix
2466 1772 2604 1827 filios
2635 1774 2703 1827 ita
2752 1775 3127 1831 desiderantes
3160 1794 3285 1845 vos,
3312 1794 3418 1833 non
3447 1797 3537 1835 res

1946 1860 2391 1929 vestrascupide,
2430 1863 2745 1917 volebamus
2779 1864 3002 1919 tradere
3044 1866 3191 1919 vobis
3221 1884 3334 1922 non
3355 1870 3536 1923 solum

1945 1946 2317 2015 Evangelium
2338 1949 2455 2013 Dei,
2481 1951 2575 2003 sed
2595 1952 2784 2015 etiam,
2811 1952 2855 2005 si
2890 1961 3185 2023 oporteret,
3205 1957 3429 2010 animas
3448 1973 3536 2011 ve-

1944 2038 2116 2088 stras.
2154 2035 2281 2089 Ideo
2330 2038 2599 2107 quoniim
2627 2042 2769 2108 facti
2808 2043 2942 2095 estis
2973 2041 3131 2096 nobis
3186 2042 3529 2110 charissimi,

1946 2121 2068 2177 facti
2092 2139 2278 2176 sumus
2300 2124 2485 2195 utique
2504 2126 2719 2194 parvuli
2742 2136 2998 2198 tanquam
3017 2129 3215 2183 nutrix.
3241 2132 3350 2185 Vos
3366 2132 3532 2197 enim,

1952 2213 2466 2280 fratres,memores
2484 2216 2617 2269 estis
2637 2215 2843 2270 laboris
2860 2219 3042 2272 nostri
3057 2222 3114 2271 et
3134 2220 3492 2290 fatigationis
3514 2239 3534 2274 :

1944 2306 2130 2369 posset
2162 2300 2304 2354 enim
2338 2300 2592 2356 laborare
2642 2318 2749 2358 non
2809 2320 2983 2375 usque
3036 2305 3105 2359 ad
3141 2305 3530 2378 fatigationem,

1943 2387 2041 2442 sed
2073 2387 2392 2459 plerumque
2424 2405 2453 2442 a
2504 2391 2620 2445 Deo
2650 2390 2933 2446 laborabat
2960 2400 3020 2447 ut
3068 2394 3246 2465 magis
3284 2394 3532 2450 defessus

1944 2476 2234 2531 desisteret
2256 2492 2415 2547 quam
2438 2478 2794 2534 voluntarius.
2822 2481 2965 2535 Bene
2987 2481 3107 2535 dico
3124 2482 3327 2537 laboris
3350 2488 3405 2538 et
3435 2487 3530 2553 fa-

1946 2565 2279 2635 tigationis;
2311 2580 2411 2619 nos
2442 2566 2585 2620 enim
2616 2569 3047 2638 prwdicavimus
3076 2572 3137 2624 in
3166 2570 3314 2625 vobis
3344 2573 3530 2626 Evan-

1939 2653 2151 2722 gelium
2181 2653 2297 2720 Dei,
2339 2659 2637 2724 aperantes
2664 2661 2827 2711 nocte
2882 2674 2946 2711 ac
2977 2658 3086 2722 die,
3136 2666 3391 2729 quantum
3421 2659 3529 2713 diei

1942 2740 2218 2795 residuum
2264 2750 2382 2794 erat
2420 2757 2452 2795 a
2483 2744 2869 2812 prmdicatione
2915 2753 2965 2798 et
2995 2745 3257 2800 oratione.
3292 2747 3420 2801 Ideo
3450 2748 3529 2803 sic

1941 2836 2253 2898 operantes,
2277 2846 2349 2884 ne
2367 2846 2527 2901 quem
2541 2837 2787 2887 vestrum
2806 2850 3168 2905 gravaremus
3180 2855 3198 2901 ;
3218 2842 3269 2889 et
3287 2836 3432 2906 quod
3454 2835 3529 2891 ita

1938 2916 2182 2981 fecerim,
2207 2934 2298 2974 vos
2318 2920 2453 2973 estis
2484 2923 2653 2975 testes
2682 2926 2738 2975 et
2771 2924 3097 2994 Deusquam
3127 2928 3323 2978 sancte
3343 2923 3397 2977 in
3418 2940 3524 2990 me,

1939 3008 1994 3059 et
2029 3020 2191 3074 quam
2212 3006 2370 3075 juste
2400 3007 2469 3060 ad
2502 3008 2823 3077 proximum,
2852 3015 2907 3065 et
2928 3013 3054 3065 sine
3084 3012 3330 3082 querela,
3365 3012 3419 3066 id
3450 3020 3533 3066 est

1938 3093 2275 3158 innocenter,
2311 3094 2426 3149 sine
2456 3096 2605 3149 omni
2634 3098 2798 3166 malo,
2824 3101 3042 3168 fuimus
3068 3099 3212 3153 vobis
3231 3100 3326 3171 qui
3345 3102 3527 3156 credi-

1936 3181 2117 3235 distis.
2144 3180 2282 3249 Quia
2308 3187 2502 3237 sancte
2534 3188 2589 3239 et
2600 3186 2759 3252 juste
2788 3188 3005 3255 fuimus
3034 3188 3209 3251 vobis,
3241 3187 3319 3242 sic
3343 3196 3525 3243 notum

1936 3268 2149 3323 habetis
2184 3275 2333 3324 sicut
2354 3272 2514 3326 scitis
2544 3272 2665 3335 hon,
2726 3276 2973 3343 qualiter
3015 3277 3303 3343 testiﬁcati
3332 3293 3527 3341 sumus

1938 3374 2393 3430 unumquemque
2430 3364 2696 3424 vestrum,
2730 3361 3094 3431 deprecantes
3126 3380 3214 3419 vos
3255 3368 3310 3419 et
3329 3382 3527 3420 conso-

1940 3448 2123 3501 lantes
2162 3446 2447 3501 tribulatos
2478 3452 2747 3519 tanquam
2773 3454 2942 3519 pater
2988 3450 3363 3506 consolaretur
3380 3455 3527 3521 ﬁlios

1937 3552 2081 3589 SUOS.

2007 3621 2294 3677 Testiﬁcati
2326 3639 2512 3676 sumus
2544 3629 2605 3678 ut
2637 3626 3004 3681 ambularetis
3033 3628 3333 3698 digneDeo,
3369 3628 3421 3682 id
3444 3637 3526 3683 est

1939 3718 1997 3763 ut
2026 3711 2218 3764 essetis
2267 3711 2416 3783 digni
2447 3712 2644 3767 habere
2701 3713 2892 3767 Deum.
2954 3714 3085 3779 Vel,
3121 3722 3177 3768 ut
3205 3715 3431 3785 dignum
3461 3718 3527 3772 sit

1937 3800 2109 3852 Deum
2139 3799 2386 3853 habitare
2418 3800 2473 3852 in
2531 3801 2687 3855 vobis
2721 3819 2733 3855 :
2766 3803 2860 3873 qui
2888 3803 3033 3857 Deus
3083 3806 3297 3859 vocavit
3344 3821 3435 3861 vos
3464 3808 3526 3861 in

1935 3903 2133 3941 csuum
2163 3904 2420 3957 regnum,
2455 3888 2510 3942 id
2550 3897 2632 3943 est
2675 3890 2742 3944 ad
2783 3891 2887 3945 hoc
2914 3898 2971 3943 ut
3001 3892 3162 3945 modo
3191 3902 3443 3964 regnaret
3474 3893 3528 3948 in

1936 3974 2107 4039 vobis,
2136 3974 2225 4045 qui
2249 3975 2397 4044 prius
2430 3976 2593 4030 eratis
2623 3993 2851 4049 regnum
2882 3978 3100 4045 diaboli,
3135 3984 3190 4035 et
3228 3980 3283 4033 in
3318 3980 3528 4035 haben-

1934 4063 2061 4117 dam
2082 4064 2323 4132 gloriam
2353 4064 2409 4116 in
2438 4062 2638 4119 futuro.
2664 4066 2731 4118 Et
2764 4067 2886 4136 quia
2907 4065 2961 4119 in
3009 4083 3237 4138 regnum
3284 4068 3383 4123 Dei
3425 4083 3529 4123 vo-

1935 4150 2040 4205 cati
2063 4150 2212 4215 estis,
2235 4152 2356 4207 ideo
2374 4168 2474 4207 nos
2494 4155 2711 4223 gratias
2730 4156 2948 4224 agimus
2969 4156 3078 4209 Deo
3095 4156 3219 4210 sine
3234 4157 3293 4211 in
3305 4158 3528 4211 termis-

1933 4241 2109 4304 sione,
2128 4239 2414 4310 quoniam,
2433 4255 2564 4295 cum
2584 4258 2619 4293 a
2635 4242 2790 4296 nobis
2806 4242 3163 4313 aceepissetis
3186 4244 3412 4298 verbum
3431 4261 3528 4299 au-

1937 4326 2115 4391 ditus,
2142 4325 2195 4379 id
2226 4334 2308 4379 est
2336 4342 2402 4382 ex
2432 4328 2548 4382 solo
2578 4328 2763 4382 auditu
2804 4329 3124 4398 exciperetis
3154 4330 3383 4385 verbum
3405 4333 3524 4397 Dei,

240 4436 361 4474 rem
392 4435 490 4473 vos
521 4434 703 4473 errare
733 4418 787 4472 in
812 4417 935 4483 fide,
972 4435 1149 4490 neque
1181 4419 1246 4473 de
1276 4418 1663 4487 immunditia,
1699 4418 1834 4473 sicut
1856 4409 1905 4467 D
1936 4416 2233 4485 accepistis
2256 4415 2419 4482 illud,
2444 4432 2556 4470 non
2587 4420 2652 4469 ut
2676 4418 2900 4472 verbum
2922 4416 3235 4485 hominum,
3260 4420 3357 4474 sed
3380 4421 3530 4476 sicut

239 4508 322 4563 illi
366 4507 648 4563 Nicolaitm
687 4508 777 4578 qui
827 4507 1058 4562 suadent
1105 4506 1363 4561 mulieres
1411 4506 1661 4561 omnibus
1712 4523 1834 4561 esse

240 4612 579 4652 communes.
604 4598 785 4667 Neque
814 4594 1115 4650 exhortatio
1156 4602 1341 4648 nostra
1387 4602 1469 4648 est
1505 4596 1568 4649 in
1598 4595 1742 4659 dolo,
1781 4594 1833 4647 id

238 4693 324 4739 est
363 4685 417 4738 in
438 4684 776 4754 deceptione.
804 4685 995 4737 Posset
1019 4682 1159 4736 enim
1184 4698 1306 4737 esse
1341 4699 1519 4755 neque
1536 4682 1601 4737 de
1623 4698 1830 4747 errore,

240 4785 420 4841 neque
440 4769 506 4824 de
524 4768 914 4831 immunditia,
948 4776 999 4822 et
1020 4775 1201 4821 tamen
1224 4769 1285 4821 in
1308 4767 1449 4831 dolo,
1468 4767 1511 4820 si
1531 4766 1837 4822 intenderet

239 4858 489 4927 accipere
518 4858 587 4911 ab
616 4856 714 4910 eis.
747 4857 868 4910 Non
900 4854 997 4909 fuit
1026 4855 1079 4909 in
1114 4855 1268 4920 dolo,
1302 4855 1396 4909 sed
1427 4855 1574 4910 sicut
1594 4856 1832 4925 probati,

240 4946 295 4999 id
320 4953 402 5000 est
422 4944 779 5015 probabiliter
818 4960 1005 4997 sumus
1056 4942 1287 5014 inspecti
1316 4959 1350 4997 a
1382 4943 1507 5008 Deo,
1552 4947 1616 4997 ut
1647 4943 1716 4995 ab
1743 4942 1836 4997 illo

240 5034 570 5089 crederetur
595 5033 749 5087 nobis
770 5032 1157 5102 Evangelium.
1191 5032 1339 5087 Sicut
1378 5030 1594 5101 probati
1626 5047 1834 5098 sumus,

240 5122 327 5176 ita
360 5122 662 5192 loquimur,
682 5121 735 5174 id
767 5128 849 5175 est
871 5136 977 5175 non
999 5120 1179 5173 minus
1209 5120 1263 5175 in
1287 5119 1441 5174 nobis
1500 5121 1645 5174 Deus
1686 5120 1839 5175 inve-

240 5209 318 5263 nit
347 5224 506 5280 quam
547 5225 606 5263 se
644 5209 989 5264 inventurum
1047 5208 1316 5278 praevidit.
1361 5209 1662 5280 Loquimur
1692 5208 1834 5273 dico,

242 5316 359 5354 non
392 5297 567 5352 solum
595 5314 701 5351 non
732 5299 1046 5369 placentes,
1082 5297 1178 5351 sed
1210 5312 1310 5351 nec
1331 5297 1492 5351 etiam
1522 5295 1649 5350 facti
1678 5297 1840 5368 quasi

239 5387 523 5457 placentes
581 5386 914 5450 hominibus,
956 5386 1051 5440 sed
1100 5392 1409 5455 quaarentes
1455 5385 1674 5453 placere
1707 5385 1834 5447 Deo,

242 5477 339 5547 qui
366 5474 567 5545 probat
596 5475 761 5529 corda
793 5477 1012 5539 nostra,
1036 5473 1091 5528 id
1123 5481 1205 5527 est
1236 5474 1323 5529 cui
1346 5473 1507 5527 etiam
1541 5479 1728 5542 aperta
1759 5479 1841 5526 est

240 5570 429 5619 nostra
456 5561 722 5619 voluntas.
1310 5574 1311 5577 η

1937 4503 2163 4557 verbum
2194 4502 2292 4557 Dei
2318 4503 2487 4573 (quod
2530 4520 2726 4559 verum
2756 4506 2885 4574 est),
2940 4507 3036 4577 qui
3080 4507 3226 4561 Deus
3256 4512 3527 4578 operatur

1936 4593 1998 4645 in
2029 4591 2171 4645 vobis
2213 4591 2450 4661 quotidie
2479 4593 2575 4663 qui
2611 4592 2945 4647 credidistis.
2980 4595 3047 4647 Et
3093 4610 3223 4649 vere
3271 4604 3530 4665 operatur

1936 4678 1991 4732 in
2011 4679 2185 4733 vobis.
2210 4680 2350 4734 Nam
2373 4696 2483 4741 vos.
2510 4682 2742 4749 fratres,
2765 4682 2911 4750 facti
2932 4682 3068 4736 estis
3087 4683 3405 4738 imitatores
3420 4685 3527 4740 Ec-

1938 4768 2243 4821 clesiarum
2274 4767 2390 4835 Dei,
2415 4784 2537 4839 qua:
2564 4773 2701 4822 sunt
2734 4771 2796 4823 in
2838 4770 3065 4837 ludam;
3095 4786 3215 4841 quae
3246 4779 3370 4824 sunt
3403 4770 3527 4826 dico

1938 4856 2001 4909 in
2036 4854 2254 4909 Christo
2285 4856 2434 4910 Jesu.
2484 4855 2792 4910 lmitatores
2813 4855 2869 4909 in
2898 4857 3022 4921 hoc,
3056 4858 3188 4928 quia
3212 4860 3367 4929 passi
3395 4859 3532 4914 estis

1939 4943 2131 4997 eadem
2163 4948 2219 4997 et
2250 4958 2341 4997 vos
2371 4960 2405 4996 a
2433 4945 2840 4999 eontribulibus
2878 4946 3078 4999 vestris
3099 4985 3113 5012 ,
3163 4947 3315 5001 sicut
3342 4951 3397 5003 et
3422 4949 3529 5019 ipsi

1939 5030 2084 5100 passi
2116 5038 2240 5083 sunt
2268 5048 2302 5085 a
2332 5032 2561 5086 Judwis.
2589 5030 2693 5099 Qui
2722 5032 2893 5087 Judaei
2915 5049 3023 5086 non
3055 5033 3247 5087 mirum
3270 5034 3315 5089 si
3338 5052 3531 5105 perse-

1940 5126 2179 5188 quuntur
2193 5134 2309 5184 eos,
2330 5121 2461 5190 quia
2482 5120 2809 5176 occiderunt
2824 5122 3125 5187 Dominum
3136 5124 3325 5179 Iesum
3347 5128 3536 5197 etpra-

1938 5206 2159 5276 phetas.
2187 5208 2293 5261 Nos
2312 5208 2486 5261 etiam
2516 5210 2805 5278 persecuti
2829 5214 2985 5273 sunt,
3010 5210 3063 5263 in
3086 5228 3193 5283 quo
3211 5212 3394 5283 utique
3418 5229 3531 5268 non

1938 5295 2169 5363 placent
2200 5295 2328 5363 Deo,
2362 5295 2488 5350 licet
2517 5297 2899 5367 persequendo
2918 5314 3036 5367 nos,
3070 5300 3396 5355 arbitrentur
3428 5300 3534 5354 ob-

1941 5381 2184 5451 sequium
2218 5398 2276 5437 se
2305 5392 2566 5452 praestare
2597 5385 2730 5439 Deo.
2784 5384 2887 5453 Qui
2917 5387 3075 5441 etiam
3131 5389 3303 5443 Judaei
3335 5389 3532 5443 adver-

1940 5474 2149 5524 santur
2198 5471 2456 5526 omnibus
2486 5474 2823 5539 hominibus,
2857 5474 2911 5527 id
2942 5484 3025 5529 est
3058 5476 3267 5530 utilitati
3290 5476 3531 5531 omnium

1940 5558 2238 5626 hominum,
2268 5561 2627 5629 prohibentes
2648 5578 2748 5618 nos
2782 5563 2932 5635 loqui
2961 5564 3244 5631 gentibus,
3270 5569 3334 5623 ut
3365 5566 3534 5624 salvae
