  <div class='ocr_page' id='page_1' title='image "/cluster/home/n/w/nwhite01/storage/ocr_20150623/153/hvd.32044054760111/207.png"; bbox 0 0 3966 6050; ppageno 0'>
   <div class='ocr_carea' id='block_1_1' title="bbox 406 160 509 214">
    <p class='ocr_par' dir='ltr' id='par_1_1' title="bbox 406 160 509 214">
     <span class='ocr_line' id='line_1_1' title="bbox 406 160 509 214; baseline 0 0"><span class='ocrx_word' id='word_1_1' title='bbox 406 160 509 214; x_wconf 72' lang='grc' dir='ltr'>ιο3</span> 
     </span>
    </p>
   </div>
   <div class='ocr_carea' id='block_1_2' title="bbox 950 154 3147 218">
    <p class='ocr_par' dir='ltr' id='par_1_2' title="bbox 950 154 3147 218">
     <span class='ocr_line' id='line_1_2' title="bbox 950 154 3147 218; baseline -0.002 -1"><span class='ocrx_word' id='word_1_2' title='bbox 950 162 1007 218; x_wconf 92' lang='lat' dir='ltr'>S.</span> <span class='ocrx_word' id='word_1_3' title='bbox 1047 158 1404 217; x_wconf 82' lang='lat' dir='ltr'>BRUNONIS</span> <span class='ocrx_word' id='word_1_4' title='bbox 1443 157 2089 217; x_wconf 83' lang='lat' dir='ltr'>CARTHUSIANORUM</span> <span class='ocrx_word' id='word_1_5' title='bbox 2125 155 2609 213; x_wconf 80' lang='lat' dir='ltr'>lNSTlTUTORIS</span> <span class='ocrx_word' id='word_1_6' title='bbox 2648 154 2799 214; x_wconf 87' lang='lat' dir='ltr'>OPP.</span> <span class='ocrx_word' id='word_1_7' title='bbox 2858 157 3031 214; x_wconf 82' lang='lat' dir='ltr'>PARS</span> <span class='ocrx_word' id='word_1_8' title='bbox 3074 157 3147 213; x_wconf 86' lang='lat' dir='ltr'>II.</span> 
     </span>
    </p>
   </div>
   <div class='ocr_carea' id='block_1_3' title="bbox 3592 156 3702 213">
    <p class='ocr_par' dir='ltr' id='par_1_3' title="bbox 3592 156 3702 213">
     <span class='ocr_line' id='line_1_3' title="bbox 3592 156 3702 213; baseline -0.027 0"><span class='ocrx_word' id='word_1_9' title='bbox 3592 156 3702 213; x_wconf 68' lang='grc'>404</span> 
     </span>
    </p>
   </div>
   <div class='ocr_carea' id='block_1_4' title="bbox 411 282 3701 358">
    <p class='ocr_par' dir='ltr' id='par_1_4' title="bbox 411 282 3701 358">
     <span class='ocr_line' id='line_1_4' title="bbox 411 282 3701 358; baseline -0.002 -18"><span class='ocrx_word' id='word_1_10' title='bbox 411 286 578 355; x_wconf 76' lang='lat' dir='ltr'>fiant.</span> <span class='ocrx_word' id='word_1_11' title='bbox 614 285 972 341; x_wconf 87' lang='lat' dir='ltr'>Prohibentes</span> <span class='ocrx_word' id='word_1_12' title='bbox 999 286 1124 341; x_wconf 93' lang='lat' dir='ltr'>ideo</span> <span class='ocrx_word' id='word_1_13' title='bbox 1156 290 1225 341; x_wconf 88' lang='lat' dir='ltr'>ut</span> <span class='ocrx_word' id='word_1_14' title='bbox 1239 301 1460 357; x_wconf 87' lang='lat' dir='ltr'>semper</span> <span class='ocrx_word' id='word_1_15' title='bbox 1475 287 1755 358; x_wconf 87' lang='lat' dir='ltr'>impleant</span> <span class='ocrx_word' id='word_1_16' title='bbox 1773 288 2005 356; x_wconf 89' lang='lat' dir='ltr'>peccata</span> <span class='ocrx_word' id='word_1_17' title='bbox 2027 287 2082 344; x_wconf 80' lang='grc' dir='ltr'><strong>Α</strong></span> <span class='ocrx_word' id='word_1_18' title='bbox 2115 304 2136 328; x_wconf 77' lang='grc' dir='ltr'>«ο</span> <span class='ocrx_word' id='word_1_19' title='bbox 2174 298 2296 336; x_wconf 88' lang='lat' dir='ltr'>mus</span> <span class='ocrx_word' id='word_1_20' title='bbox 2326 290 2551 353; x_wconf 81' lang='lat' dir='ltr'>propter</span> <span class='ocrx_word' id='word_1_21' title='bbox 2580 298 2678 339; x_wconf 87' lang='lat' dir='ltr'>vos</span> <span class='ocrx_word' id='word_1_22' title='bbox 2706 291 2830 338; x_wconf 85' lang='lat' dir='ltr'>ante</span> <span class='ocrx_word' id='word_1_23' title='bbox 2886 282 3177 338; x_wconf 89' lang='lat' dir='ltr'>Dominum</span> <span class='ocrx_word' id='word_1_24' title='bbox 3223 282 3397 337; x_wconf 92' lang='lat' dir='ltr'>Deum</span> <span class='ocrx_word' id='word_1_25' title='bbox 3435 287 3701 346; x_wconf 89' lang='lat' dir='ltr'>nostrum,</span> 
     </span>
    </p>
   </div>
   <div class='ocr_carea' id='block_1_5' title="bbox 414 372 2012 443">
    <p class='ocr_par' dir='ltr' id='par_1_5' title="bbox 414 372 2012 443">
     <span class='ocr_line' id='line_1_5' title="bbox 414 372 2012 443; baseline -0.002 -15"><span class='ocrx_word' id='word_1_26' title='bbox 414 390 550 438; x_wconf 89' lang='lat' dir='ltr'>sua,</span> <span class='ocrx_word' id='word_1_27' title='bbox 604 372 777 428; x_wconf 89' lang='lat' dir='ltr'>donec</span> <span class='ocrx_word' id='word_1_28' title='bbox 830 374 974 442; x_wconf 87' lang='lat' dir='ltr'>juste</span> <span class='ocrx_word' id='word_1_29' title='bbox 1055 381 1109 429; x_wconf 91' lang='lat' dir='ltr'>et</span> <span class='ocrx_word' id='word_1_30' title='bbox 1166 373 1493 429; x_wconf 79' lang='lat' dir='ltr'>sufﬁcienter</span> <span class='ocrx_word' id='word_1_31' title='bbox 1548 372 1765 443; x_wconf 78' lang='lat' dir='ltr'>probati</span> <span class='ocrx_word' id='word_1_32' title='bbox 1798 372 1921 437; x_wconf 90' lang='lat' dir='ltr'>sint,</span> <span class='ocrx_word' id='word_1_33' title='bbox 1958 378 2012 426; x_wconf 91' lang='lat' dir='ltr'>et</span> 
     </span>
    </p>
   </div>
   <div class='ocr_carea' id='block_1_6' title="bbox 419 460 2011 531">
    <p class='ocr_par' dir='ltr' id='par_1_6' title="bbox 419 460 2011 531">
     <span class='ocr_line' id='line_1_6' title="bbox 419 460 2011 531; baseline -0.002 -15"><span class='ocrx_word' id='word_1_34' title='bbox 419 460 658 516; x_wconf 74' lang='lat'>293</span> <span class='ocrx_word' id='word_1_35' title='bbox 685 460 835 531; x_wconf 88' lang='lat' dir='ltr'>impii</span> <span class='ocrx_word' id='word_1_36' title='bbox 859 462 927 515; x_wconf 90' lang='lat' dir='ltr'>ad</span> <span class='ocrx_word' id='word_1_37' title='bbox 949 461 1225 517; x_wconf 88' lang='lat' dir='ltr'>cumulum</span> <span class='ocrx_word' id='word_1_38' title='bbox 1245 461 1607 516; x_wconf 68' lang='lat' dir='ltr'>damnationis</span> <span class='ocrx_word' id='word_1_39' title='bbox 1627 460 1865 516; x_wconf 90' lang='lat' dir='ltr'>veniunt.</span> <span class='ocrx_word' id='word_1_40' title='bbox 1884 460 2011 514; x_wconf 92' lang='lat' dir='ltr'>Ideo</span> 
     </span>
    </p>
   </div>
   <div class='ocr_carea' id='block_1_7' title="bbox 421 547 2012 621">
    <p class='ocr_par' dir='ltr' id='par_1_7' title="bbox 421 547 2012 621">
     <span class='ocr_line' id='line_1_7' title="bbox 421 547 2012 621; baseline 0.001 -20"><span class='ocrx_word' id='word_1_41' title='bbox 421 547 499 603; x_wconf 86' lang='lat' dir='ltr'>sic</span> <span class='ocrx_word' id='word_1_42' title='bbox 530 549 825 617; x_wconf 73' lang='lat' dir='ltr'>prohibent</span> <span class='ocrx_word' id='word_1_43' title='bbox 855 550 987 621; x_wconf 90' lang='lat' dir='ltr'>quia</span> <span class='ocrx_word' id='word_1_44' title='bbox 1018 551 1128 616; x_wconf 90' lang='lat' dir='ltr'>ira,</span> <span class='ocrx_word' id='word_1_45' title='bbox 1159 549 1213 603; x_wconf 92' lang='lat' dir='ltr'>id</span> <span class='ocrx_word' id='word_1_46' title='bbox 1244 557 1327 605; x_wconf 91' lang='lat' dir='ltr'>est</span> <span class='ocrx_word' id='word_1_47' title='bbox 1384 549 1693 613; x_wconf 82' lang='lat' dir='ltr'>excaecatio,</span> <span class='ocrx_word' id='word_1_48' title='bbox 1728 549 1827 602; x_wconf 90' lang='lat' dir='ltr'>Dei</span> <span class='ocrx_word' id='word_1_49' title='bbox 1857 548 2012 603; x_wconf 88' lang='lat' dir='ltr'>venit</span> 
     </span>
    </p>
   </div>
   <div class='ocr_carea' id='block_1_8' title="bbox 416 636 2016 709">
    <p class='ocr_par' dir='ltr' id='par_1_8' title="bbox 416 636 2016 709">
     <span class='ocr_line' id='line_1_8' title="bbox 416 636 2016 709; baseline -0.001 -19"><span class='ocrx_word' id='word_1_50' title='bbox 416 651 585 707; x_wconf 88' lang='lat' dir='ltr'>super</span> <span class='ocrx_word' id='word_1_51' title='bbox 642 636 773 693; x_wconf 85' lang='lat' dir='ltr'>illos</span> <span class='ocrx_word' id='word_1_52' title='bbox 816 653 989 709; x_wconf 89' lang='lat' dir='ltr'>usque</span> <span class='ocrx_word' id='word_1_53' title='bbox 1020 638 1083 691; x_wconf 90' lang='lat' dir='ltr'>in</span> <span class='ocrx_word' id='word_1_54' title='bbox 1140 638 1331 705; x_wconf 89' lang='lat' dir='ltr'>ﬁnem,</span> <span class='ocrx_word' id='word_1_55' title='bbox 1366 636 1584 708; x_wconf 84' lang='lat' dir='ltr'>quando</span> <span class='ocrx_word' id='word_1_56' title='bbox 1632 637 1778 690; x_wconf 89' lang='lat' dir='ltr'>Deus</span> <span class='ocrx_word' id='word_1_57' title='bbox 1808 636 2016 691; x_wconf 75' lang='lat' dir='ltr'>auferet</span> 
     </span>
    </p>
   </div>
   <div class='ocr_carea' id='block_1_9' title="bbox 418 719 2013 794">
    <p class='ocr_par' dir='ltr' id='par_1_9' title="bbox 418 719 2013 794">
     <span class='ocr_line' id='line_1_9' title="bbox 418 719 2013 794; baseline 0.001 -17"><span class='ocrx_word' id='word_1_58' title='bbox 418 723 667 779; x_wconf 84' lang='lat' dir='ltr'>velamen</span> <span class='ocrx_word' id='word_1_59' title='bbox 694 725 763 779; x_wconf 92' lang='lat' dir='ltr'>de</span> <span class='ocrx_word' id='word_1_60' title='bbox 794 719 1053 779; x_wconf 85' lang='lat' dir='ltr'>cordibus</span> <span class='ocrx_word' id='word_1_61' title='bbox 1084 740 1272 780; x_wconf 90' lang='lat' dir='ltr'>eorum</span> <span class='ocrx_word' id='word_1_62' title='bbox 1293 768 1305 789; x_wconf 93' lang='lat'>,</span> <span class='ocrx_word' id='word_1_63' title='bbox 1341 732 1391 779; x_wconf 91' lang='lat' dir='ltr'>et</span> <span class='ocrx_word' id='word_1_64' title='bbox 1423 732 1547 779; x_wconf 91' lang='lat' dir='ltr'>tunc</span> <span class='ocrx_word' id='word_1_65' title='bbox 1579 724 1822 794; x_wconf 72' lang='lat' dir='ltr'>reliquiae</span> <span class='ocrx_word' id='word_1_66' title='bbox 1848 724 2013 779; x_wconf 72' lang='lat' dir='ltr'>salvae</span> 
     </span>
    </p>
   </div>
   <div class='ocr_carea' id='block_1_10' title="bbox 415 809 2015 885">
    <p class='ocr_par' dir='ltr' id='par_1_10' title="bbox 415 809 2015 885">
     <span class='ocr_line' id='line_1_10' title="bbox 415 809 2015 885; baseline -0.001 -20"><span class='ocrx_word' id='word_1_67' title='bbox 415 809 545 865; x_wconf 91' lang='lat' dir='ltr'>ﬁent</span> <span class='ocrx_word' id='word_1_68' title='bbox 576 812 755 881; x_wconf 88' lang='lat' dir='ltr'>(Rom.</span> <span class='ocrx_word' id='word_1_69' title='bbox 790 828 863 878; x_wconf 80' lang='lat' dir='ltr'>1x,</span> <span class='ocrx_word' id='word_1_70' title='bbox 897 814 999 869; x_wconf 73' lang='lat'>2’7:</span> <span class='ocrx_word' id='word_1_71' title='bbox 1033 828 1111 877; x_wconf 82' lang='lat' dir='ltr'>x1,</span> <span class='ocrx_word' id='word_1_72' title='bbox 1146 814 1223 882; x_wconf 81' lang='grc'>5).</span> <span class='ocrx_word' id='word_1_73' title='bbox 1260 812 1376 880; x_wconf 88' lang='lat' dir='ltr'>Vel,</span> <span class='ocrx_word' id='word_1_74' title='bbox 1413 828 1582 885; x_wconf 90' lang='lat' dir='ltr'>usque</span> <span class='ocrx_word' id='word_1_75' title='bbox 1632 813 1696 866; x_wconf 87' lang='lat' dir='ltr'>in</span> <span class='ocrx_word' id='word_1_76' title='bbox 1733 813 1925 880; x_wconf 82' lang='lat' dir='ltr'>ﬁnem,</span> <span class='ocrx_word' id='word_1_77' title='bbox 1960 811 2015 865; x_wconf 90' lang='lat' dir='ltr'>id</span> 
     </span>
    </p>
   </div>
   <div class='ocr_carea' id='block_1_11' title="bbox 388 899 2012 970">
    <p class='ocr_par' dir='ltr' id='par_1_11' title="bbox 388 899 2012 970">
     <span class='ocr_line' id='line_1_11' title="bbox 388 899 2012 970; baseline -0.001 -16"><span class='ocrx_word' id='word_1_78' title='bbox 388 906 505 954; x_wconf 14' lang='lat' dir='ltr'>test</span> <span class='ocrx_word' id='word_1_79' title='bbox 531 899 599 953; x_wconf 91' lang='lat' dir='ltr'>ad</span> <span class='ocrx_word' id='word_1_80' title='bbox 656 908 908 969; x_wconf 91' lang='lat' dir='ltr'>mortem,</span> <span class='ocrx_word' id='word_1_81' title='bbox 961 900 1175 970; x_wconf 88' lang='lat' dir='ltr'>quando</span> <span class='ocrx_word' id='word_1_82' title='bbox 1230 901 1516 955; x_wconf 73' lang='lat' dir='ltr'>tradentur</span> <span class='ocrx_word' id='word_1_83' title='bbox 1558 908 1821 970; x_wconf 90' lang='lat' dir='ltr'>perpetuo</span> <span class='ocrx_word' id='word_1_84' title='bbox 1877 899 2012 969; x_wconf 83' lang='lat' dir='ltr'>igni.</span> 
     </span>
    </p>
   </div>
   <div class='ocr_carea' id='block_1_12' title="bbox 422 986 2018 1058">
    <p class='ocr_par' dir='ltr' id='par_1_12' title="bbox 422 986 2018 1058">
     <span class='ocr_line' id='line_1_12' title="bbox 422 986 2018 1058; baseline -0.001 -16"><span class='ocrx_word' id='word_1_85' title='bbox 422 986 491 1042; x_wconf 86' lang='lat' dir='ltr'>Et</span> <span class='ocrx_word' id='word_1_86' title='bbox 517 986 645 1058; x_wconf 88' lang='lat' dir='ltr'>quia</span> <span class='ocrx_word' id='word_1_87' title='bbox 674 1002 772 1043; x_wconf 92' lang='lat' dir='ltr'>vos</span> <span class='ocrx_word' id='word_1_88' title='bbox 805 987 997 1043; x_wconf 90' lang='lat' dir='ltr'>eadem</span> <span class='ocrx_word' id='word_1_89' title='bbox 1027 987 1178 1057; x_wconf 84' lang='lat' dir='ltr'>passi</span> <span class='ocrx_word' id='word_1_90' title='bbox 1209 988 1360 1053; x_wconf 87' lang='lat' dir='ltr'>estis,</span> <span class='ocrx_word' id='word_1_91' title='bbox 1386 988 1529 1051; x_wconf 92' lang='lat' dir='ltr'>ideo,</span> <span class='ocrx_word' id='word_1_92' title='bbox 1554 990 1789 1057; x_wconf 78' lang='lat' dir='ltr'>fratres,</span> <span class='ocrx_word' id='word_1_93' title='bbox 1810 1003 1909 1042; x_wconf 88' lang='lat' dir='ltr'>nos</span> <span class='ocrx_word' id='word_1_94' title='bbox 1923 986 2018 1041; x_wconf 89' lang='lat' dir='ltr'>de-</span> 
     </span>
    </p>
   </div>
   <div class='ocr_carea' id='block_1_13' title="bbox 427 1075 2016 1141">
    <p class='ocr_par' dir='ltr' id='par_1_13' title="bbox 427 1075 2016 1141">
     <span class='ocr_line' id='line_1_13' title="bbox 427 1075 2016 1141; baseline 0.001 -13"><span class='ocrx_word' id='word_1_95' title='bbox 427 1075 599 1129; x_wconf 88' lang='lat' dir='ltr'>solati</span> <span class='ocrx_word' id='word_1_96' title='bbox 627 1092 662 1129; x_wconf 92' lang='lat' dir='ltr'>a</span> <span class='ocrx_word' id='word_1_97' title='bbox 698 1075 864 1141; x_wconf 89' lang='lat' dir='ltr'>vobis,</span> <span class='ocrx_word' id='word_1_98' title='bbox 900 1090 1064 1131; x_wconf 90' lang='lat' dir='ltr'>causa</span> <span class='ocrx_word' id='word_1_99' title='bbox 1095 1075 1239 1131; x_wconf 91' lang='lat' dir='ltr'>enim</span> <span class='ocrx_word' id='word_1_100' title='bbox 1286 1075 1640 1131; x_wconf 91' lang='lat' dir='ltr'>desolationis</span> <span class='ocrx_word' id='word_1_101' title='bbox 1685 1081 1888 1130; x_wconf 74' lang='lat' dir='ltr'>nostrae</span> <span class='ocrx_word' id='word_1_102' title='bbox 1919 1091 2016 1130; x_wconf 89' lang='lat' dir='ltr'>ve-</span> 
     </span>
    </p>
   </div>
   <div class='ocr_carea' id='block_1_14' title="bbox 426 1161 2015 1235">
    <p class='ocr_par' dir='ltr' id='par_1_14' title="bbox 426 1161 2015 1235">
     <span class='ocr_line' id='line_1_14' title="bbox 426 1161 2015 1235; baseline 0.001 -20"><span class='ocrx_word' id='word_1_103' title='bbox 426 1161 609 1217; x_wconf 89' lang='lat' dir='ltr'>niebat</span> <span class='ocrx_word' id='word_1_104' title='bbox 638 1177 671 1216; x_wconf 91' lang='lat' dir='ltr'>a</span> <span class='ocrx_word' id='word_1_105' title='bbox 700 1162 878 1231; x_wconf 90' lang='lat' dir='ltr'>nobis,</span> <span class='ocrx_word' id='word_1_106' title='bbox 913 1179 1025 1219; x_wconf 91' lang='lat' dir='ltr'>non</span> <span class='ocrx_word' id='word_1_107' title='bbox 1068 1164 1192 1235; x_wconf 85' lang='lat' dir='ltr'>quia</span> <span class='ocrx_word' id='word_1_108' title='bbox 1250 1163 1634 1234; x_wconf 83' lang='lat' dir='ltr'>plangeremus</span> <span class='ocrx_word' id='word_1_109' title='bbox 1683 1178 1891 1228; x_wconf 90' lang='lat' dir='ltr'>casum,</span> <span class='ocrx_word' id='word_1_110' title='bbox 1916 1163 2015 1217; x_wconf 88' lang='lat' dir='ltr'>sed</span> 
     </span>
    </p>
   </div>
   <div class='ocr_carea' id='block_1_15' title="bbox 430 1249 2019 1323">
    <p class='ocr_par' dir='ltr' id='par_1_15' title="bbox 430 1249 2019 1323">
     <span class='ocr_line' id='line_1_15' title="bbox 430 1249 2019 1323; baseline 0.001 -20"><span class='ocrx_word' id='word_1_111' title='bbox 430 1249 555 1320; x_wconf 89' lang='lat' dir='ltr'>quia</span> <span class='ocrx_word' id='word_1_112' title='bbox 569 1249 896 1305; x_wconf 85' lang='lat' dir='ltr'>timebamus</span> <span class='ocrx_word' id='word_1_113' title='bbox 928 1269 941 1305; x_wconf 89' lang='lat'>:</span> <span class='ocrx_word' id='word_1_114' title='bbox 974 1251 1213 1307; x_wconf 87' lang='lat' dir='ltr'>desolati</span> <span class='ocrx_word' id='word_1_115' title='bbox 1240 1251 1364 1307; x_wconf 88' lang='lat' dir='ltr'>dico</span> <span class='ocrx_word' id='word_1_116' title='bbox 1386 1250 1458 1306; x_wconf 87' lang='lat' dir='ltr'>ad</span> <span class='ocrx_word' id='word_1_117' title='bbox 1490 1256 1729 1323; x_wconf 83' lang='lat' dir='ltr'>tempus,</span> <span class='ocrx_word' id='word_1_118' title='bbox 1762 1249 1817 1305; x_wconf 92' lang='lat' dir='ltr'>id</span> <span class='ocrx_word' id='word_1_119' title='bbox 1847 1258 1931 1305; x_wconf 92' lang='lat' dir='ltr'>est</span> <span class='ocrx_word' id='word_1_120' title='bbox 1954 1267 2019 1305; x_wconf 84' lang='lat' dir='ltr'>ex</span> 
     </span>
    </p>
   </div>
   <div class='ocr_carea' id='block_1_16' title="bbox 431 1337 2021 1409">
    <p class='ocr_par' dir='ltr' id='par_1_16' title="bbox 431 1337 2021 1409">
     <span class='ocr_line' id='line_1_16' title="bbox 431 1337 2021 1409; baseline 0.001 -18"><span class='ocrx_word' id='word_1_121' title='bbox 431 1352 540 1409; x_wconf 87' lang='lat' dir='ltr'>quo</span> <span class='ocrx_word' id='word_1_122' title='bbox 562 1337 904 1394; x_wconf 88' lang='lat' dir='ltr'>Timotheum</span> <span class='ocrx_word' id='word_1_123' title='bbox 940 1338 1007 1392; x_wconf 90' lang='lat' dir='ltr'>ad</span> <span class='ocrx_word' id='word_1_124' title='bbox 1046 1353 1143 1394; x_wconf 90' lang='lat' dir='ltr'>vos</span> <span class='ocrx_word' id='word_1_125' title='bbox 1163 1338 1430 1404; x_wconf 89' lang='lat' dir='ltr'>misimus,</span> <span class='ocrx_word' id='word_1_126' title='bbox 1456 1337 1631 1394; x_wconf 90' lang='lat' dir='ltr'>donec</span> <span class='ocrx_word' id='word_1_127' title='bbox 1649 1354 1751 1408; x_wconf 91' lang='lat' dir='ltr'>per</span> <span class='ocrx_word' id='word_1_128' title='bbox 1770 1338 2021 1394; x_wconf 89' lang='lat' dir='ltr'>eumdem</span> 
     </span>
    </p>
   </div>
   <div class='ocr_carea' id='block_1_17' title="bbox 429 1426 2016 1497">
    <p class='ocr_par' dir='ltr' id='par_1_17' title="bbox 429 1426 2016 1497">
     <span class='ocr_line' id='line_1_17' title="bbox 429 1426 2016 1497; baseline 0.001 -16"><span class='ocrx_word' id='word_1_129' title='bbox 429 1426 791 1481; x_wconf 87' lang='lat' dir='ltr'>constantiam</span> <span class='ocrx_word' id='word_1_130' title='bbox 819 1433 1060 1481; x_wconf 86' lang='lat' dir='ltr'>vestram</span> <span class='ocrx_word' id='word_1_131' title='bbox 1080 1426 1383 1481; x_wconf 86' lang='lat' dir='ltr'>audivimus</span> <span class='ocrx_word' id='word_1_132' title='bbox 1408 1444 1422 1491; x_wconf 88' lang='lat'><strong>;</strong></span> <span class='ocrx_word' id='word_1_133' title='bbox 1455 1426 1549 1480; x_wconf 92' lang='lat' dir='ltr'>ubi</span> <span class='ocrx_word' id='word_1_134' title='bbox 1570 1426 1645 1481; x_wconf 88' lang='lat' dir='ltr'>ait</span> <span class='ocrx_word' id='word_1_135' title='bbox 1663 1426 1731 1480; x_wconf 89' lang='lat' dir='ltr'>ad</span> <span class='ocrx_word' id='word_1_136' title='bbox 1772 1430 2016 1497; x_wconf 81' lang='lat' dir='ltr'>tempus,</span> 
     </span>
    </p>
   </div>
   <div class='ocr_carea' id='block_1_18' title="bbox 426 1512 2018 1585">
    <p class='ocr_par' dir='ltr' id='par_1_18' title="bbox 426 1512 2018 1585">
     <span class='ocr_line' id='line_1_18' title="bbox 426 1512 2018 1585; baseline 0.002 -19"><span class='ocrx_word' id='word_1_137' title='bbox 426 1512 599 1568; x_wconf 87' lang='lat' dir='ltr'>innuit</span> <span class='ocrx_word' id='word_1_138' title='bbox 629 1528 723 1569; x_wconf 91' lang='lat' dir='ltr'>eos</span> <span class='ocrx_word' id='word_1_139' title='bbox 754 1529 865 1569; x_wconf 90' lang='lat' dir='ltr'>non</span> <span class='ocrx_word' id='word_1_140' title='bbox 895 1529 1157 1585; x_wconf 86' lang='lat' dir='ltr'>peccasse</span> <span class='ocrx_word' id='word_1_141' title='bbox 1190 1530 1201 1568; x_wconf 89' lang='lat'>:</span> <span class='ocrx_word' id='word_1_142' title='bbox 1236 1514 1475 1570; x_wconf 86' lang='lat' dir='ltr'>desolati</span> <span class='ocrx_word' id='word_1_143' title='bbox 1507 1514 1630 1569; x_wconf 88' lang='lat' dir='ltr'>dico</span> <span class='ocrx_word' id='word_1_144' title='bbox 1659 1521 1871 1569; x_wconf 87' lang='lat' dir='ltr'>remoto</span> <span class='ocrx_word' id='word_1_145' title='bbox 1900 1529 2018 1581; x_wconf 89' lang='lat' dir='ltr'>ore,</span> 
     </span>
    </p>
   </div>
   <div class='ocr_carea' id='block_1_19' title="bbox 2062 367 3710 436">
    <p class='ocr_par' dir='ltr' id='par_1_19' title="bbox 2062 367 3710 436">
     <span class='ocr_line' id='line_1_19' title="bbox 2062 367 3710 436; baseline -0.001 -11"><span class='ocrx_word' id='word_1_146' title='bbox 2062 367 2076 379; x_wconf 82' lang='lat'>&#39;</span> <span class='ocrx_word' id='word_1_147' title='bbox 2116 391 2137 415; x_wconf 77' lang='grc' dir='ltr'>α</span> <span class='ocrx_word' id='word_1_148' title='bbox 2174 378 2335 425; x_wconf 91' lang='lat' dir='ltr'>nocte</span> <span class='ocrx_word' id='word_1_149' title='bbox 2366 386 2432 425; x_wconf 91' lang='lat' dir='ltr'>ac</span> <span class='ocrx_word' id='word_1_150' title='bbox 2474 371 2563 426; x_wconf 92' lang='lat' dir='ltr'>die</span> <span class='ocrx_word' id='word_1_151' title='bbox 2612 370 2968 426; x_wconf 86' lang='lat' dir='ltr'>abundantius</span> <span class='ocrx_word' id='word_1_152' title='bbox 3017 378 3266 436; x_wconf 86' lang='lat' dir='ltr'>orantes,</span> <span class='ocrx_word' id='word_1_153' title='bbox 3318 379 3375 424; x_wconf 90' lang='lat' dir='ltr'>ut</span> <span class='ocrx_word' id='word_1_154' title='bbox 3421 370 3710 424; x_wconf 85' lang='lat' dir='ltr'>videamus</span> 
     </span>
    </p>
   </div>
   <div class='ocr_carea' id='block_1_20' title="bbox 2117 457 3709 529">
    <p class='ocr_par' dir='ltr' id='par_1_20' title="bbox 2117 457 3709 529">
     <span class='ocr_line' id='line_1_20' title="bbox 2117 457 3709 529; baseline -0.001 -17"><span class='ocrx_word' id='word_1_155' title='bbox 2117 481 2137 505; x_wconf 84' lang='grc'><strong>‹‹</strong></span> <span class='ocrx_word' id='word_1_156' title='bbox 2176 457 2368 513; x_wconf 84' lang='lat' dir='ltr'>faciem</span> <span class='ocrx_word' id='word_1_157' title='bbox 2417 467 2686 524; x_wconf 88' lang='lat' dir='ltr'>vestram,</span> <span class='ocrx_word' id='word_1_158' title='bbox 2738 467 2791 515; x_wconf 87' lang='lat' dir='ltr'>et</span> <span class='ocrx_word' id='word_1_159' title='bbox 2842 460 3210 529; x_wconf 89' lang='lat' dir='ltr'>compleamus</span> <span class='ocrx_word' id='word_1_160' title='bbox 3249 472 3315 513; x_wconf 89' lang='lat' dir='ltr'>ea</span> <span class='ocrx_word' id='word_1_161' title='bbox 3360 473 3478 529; x_wconf 63' lang='lat' dir='ltr'>qua:</span> <span class='ocrx_word' id='word_1_162' title='bbox 3509 458 3709 512; x_wconf 85' lang='lat' dir='ltr'>desunt</span> 
     </span>
    </p>
   </div>
   <div class='ocr_carea' id='block_1_21' title="bbox 2115 545 3709 617">
    <p class='ocr_par' dir='ltr' id='par_1_21' title="bbox 2115 545 3709 617">
     <span class='ocr_line' id='line_1_21' title="bbox 2115 545 3709 617; baseline 0 -18"><span class='ocrx_word' id='word_1_163' title='bbox 2115 568 2136 593; x_wconf 86' lang='lat'><strong>«</strong></span> <span class='ocrx_word' id='word_1_164' title='bbox 2177 545 2304 601; x_wconf 90' lang='lat' dir='ltr'>ﬁdei</span> <span class='ocrx_word' id='word_1_165' title='bbox 2329 554 2523 602; x_wconf 73' lang='lat' dir='ltr'>vestras</span> <span class='ocrx_word' id='word_1_166' title='bbox 2544 548 2571 601; x_wconf 76' lang='lat' dir='ltr'>i’</span> <span class='ocrx_word' id='word_1_167' title='bbox 2602 547 2727 617; x_wconf 88' lang='lat' dir='ltr'>Ipse</span> <span class='ocrx_word' id='word_1_168' title='bbox 2758 555 2937 603; x_wconf 90' lang='lat' dir='ltr'>autem</span> <span class='ocrx_word' id='word_1_169' title='bbox 2969 548 3117 602; x_wconf 91' lang='lat' dir='ltr'>Deus</span> <span class='ocrx_word' id='word_1_170' title='bbox 3147 555 3203 601; x_wconf 88' lang='lat' dir='ltr'>et</span> <span class='ocrx_word' id='word_1_171' title='bbox 3226 547 3385 600; x_wconf 89' lang='lat' dir='ltr'>Pater</span> <span class='ocrx_word' id='word_1_172' title='bbox 3412 553 3617 610; x_wconf 90' lang='lat' dir='ltr'>noster,</span> <span class='ocrx_word' id='word_1_173' title='bbox 3651 553 3709 599; x_wconf 88' lang='lat' dir='ltr'>et</span> 
     </span>
    </p>
   </div>
   <div class='ocr_carea' id='block_1_22' title="bbox 2118 632 3708 708">
    <p class='ocr_par' dir='ltr' id='par_1_22' title="bbox 2118 632 3708 708">
     <span class='ocr_line' id='line_1_22' title="bbox 2118 632 3708 708; baseline -0.001 -20"><span class='ocrx_word' id='word_1_174' title='bbox 2118 655 2139 680; x_wconf 84' lang='lat'><strong>«</strong></span> <span class='ocrx_word' id='word_1_175' title='bbox 2174 633 2439 689; x_wconf 90' lang='lat' dir='ltr'>Dominus</span> <span class='ocrx_word' id='word_1_176' title='bbox 2467 636 2627 689; x_wconf 83' lang='lat' dir='ltr'>Jesus</span> <span class='ocrx_word' id='word_1_177' title='bbox 2648 635 2894 691; x_wconf 83' lang='lat' dir='ltr'>Christus</span> <span class='ocrx_word' id='word_1_178' title='bbox 2915 634 3013 708; x_wconf 84' lang='grc' dir='ltr'>[αι.</span> <span class='ocrx_word' id='word_1_179' title='bbox 3040 634 3195 690; x_wconf 84' lang='lat' dir='ltr'>deest</span> <span class='ocrx_word' id='word_1_180' title='bbox 3215 633 3482 705; x_wconf 88' lang='lat' dir='ltr'>Christus]</span> <span class='ocrx_word' id='word_1_181' title='bbox 3504 632 3708 703; x_wconf 84' lang='lat' dir='ltr'>dirigat</span> 
     </span>
    </p>
   </div>
   <div class='ocr_carea' id='block_1_23' title="bbox 2119 720 3709 778">
    <p class='ocr_par' dir='ltr' id='par_1_23' title="bbox 2119 720 3709 778">
     <span class='ocr_line' id='line_1_23' title="bbox 2119 720 3709 778; baseline -0.001 -3"><span class='ocrx_word' id='word_1_182' title='bbox 2119 743 2141 767; x_wconf 84' lang='lat'><strong>«</strong></span> <span class='ocrx_word' id='word_1_183' title='bbox 2177 721 2319 775; x_wconf 91' lang='lat' dir='ltr'>viam</span> <span class='ocrx_word' id='word_1_184' title='bbox 2347 729 2593 776; x_wconf 90' lang='lat' dir='ltr'>nostram</span> <span class='ocrx_word' id='word_1_185' title='bbox 2622 723 2690 776; x_wconf 89' lang='lat' dir='ltr'>ad</span> <span class='ocrx_word' id='word_1_186' title='bbox 2718 739 2835 778; x_wconf 89' lang='lat' dir='ltr'>vos.</span> <span class='ocrx_word' id='word_1_187' title='bbox 2897 724 3008 778; x_wconf 90' lang='lat' dir='ltr'>Vos</span> <span class='ocrx_word' id='word_1_188' title='bbox 3047 730 3226 777; x_wconf 87' lang='lat' dir='ltr'>autem</span> <span class='ocrx_word' id='word_1_189' title='bbox 3258 721 3519 775; x_wconf 90' lang='lat' dir='ltr'>Dominus</span> <span class='ocrx_word' id='word_1_190' title='bbox 3559 720 3709 774; x_wconf 89' lang='lat' dir='ltr'>mul-</span> 
     </span>
    </p>
   </div>
   <div class='ocr_carea' id='block_1_24' title="bbox 2120 808 3710 879">
    <p class='ocr_par' dir='ltr' id='par_1_24' title="bbox 2120 808 3710 879">
     <span class='ocr_line' id='line_1_24' title="bbox 2120 808 3710 879; baseline -0.001 -15"><span class='ocrx_word' id='word_1_191' title='bbox 2120 832 2142 856; x_wconf 89' lang='grc'>‹‹</span> <span class='ocrx_word' id='word_1_192' title='bbox 2177 810 2402 879; x_wconf 90' lang='lat' dir='ltr'>tiplicet,</span> <span class='ocrx_word' id='word_1_193' title='bbox 2437 818 2490 865; x_wconf 90' lang='lat' dir='ltr'>et</span> <span class='ocrx_word' id='word_1_194' title='bbox 2520 811 2800 866; x_wconf 89' lang='lat' dir='ltr'>abundare</span> <span class='ocrx_word' id='word_1_195' title='bbox 2832 809 2993 866; x_wconf 86' lang='lat' dir='ltr'>faciat</span> <span class='ocrx_word' id='word_1_196' title='bbox 3041 808 3358 865; x_wconf 88' lang='lat' dir='ltr'>charitatem</span> <span class='ocrx_word' id='word_1_197' title='bbox 3384 816 3621 863; x_wconf 87' lang='lat' dir='ltr'>vestram</span> <span class='ocrx_word' id='word_1_198' title='bbox 3650 809 3710 862; x_wconf 92' lang='lat' dir='ltr'>in</span> 
     </span>
    </p>
   </div>
   <div class='ocr_carea' id='block_1_25' title="bbox 2122 895 3709 969">
    <p class='ocr_par' dir='ltr' id='par_1_25' title="bbox 2122 895 3709 969">
     <span class='ocr_line' id='line_1_25' title="bbox 2122 895 3709 969; baseline -0.001 -18"><span class='ocrx_word' id='word_1_199' title='bbox 2122 919 2141 944; x_wconf 79' lang='grc' dir='ltr'>α</span> <span class='ocrx_word' id='word_1_200' title='bbox 2181 897 2435 966; x_wconf 89' lang='lat' dir='ltr'>invicem,</span> <span class='ocrx_word' id='word_1_201' title='bbox 2469 898 2606 953; x_wconf 90' lang='lat' dir='ltr'>etin</span> <span class='ocrx_word' id='word_1_202' title='bbox 2651 914 2861 965; x_wconf 91' lang='lat' dir='ltr'>omnes,</span> <span class='ocrx_word' id='word_1_203' title='bbox 2921 897 3376 969; x_wconf 89' lang='lat' dir='ltr'>quemadmodum</span> <span class='ocrx_word' id='word_1_204' title='bbox 3405 905 3458 951; x_wconf 90' lang='lat' dir='ltr'>et</span> <span class='ocrx_word' id='word_1_205' title='bbox 3512 911 3613 951; x_wconf 89' lang='lat' dir='ltr'>nos</span> <span class='ocrx_word' id='word_1_206' title='bbox 3648 895 3709 949; x_wconf 92' lang='lat' dir='ltr'>in</span> 
     </span>
    </p>
   </div>
   <div class='ocr_carea' id='block_1_26' title="bbox 2123 984 3705 1054">
    <p class='ocr_par' dir='ltr' id='par_1_26' title="bbox 2123 984 3705 1054">
     <span class='ocr_line' id='line_1_26' title="bbox 2123 984 3705 1054; baseline -0.002 -14"><span class='ocrx_word' id='word_1_207' title='bbox 2123 1008 2144 1031; x_wconf 81' lang='grc' dir='ltr'>α</span> <span class='ocrx_word' id='word_1_208' title='bbox 2177 985 2332 1040; x_wconf 86' lang='lat' dir='ltr'>vobis</span> <span class='ocrx_word' id='word_1_209' title='bbox 2364 986 2429 1039; x_wconf 88' lang='lat' dir='ltr'>ad</span> <span class='ocrx_word' id='word_1_210' title='bbox 2462 984 2837 1041; x_wconf 90' lang='lat' dir='ltr'>conﬁrmanda</span> <span class='ocrx_word' id='word_1_211' title='bbox 2875 987 3044 1041; x_wconf 90' lang='lat' dir='ltr'>corda</span> <span class='ocrx_word' id='word_1_212' title='bbox 3073 993 3258 1041; x_wconf 90' lang='lat' dir='ltr'>vestra</span> <span class='ocrx_word' id='word_1_213' title='bbox 3303 985 3420 1038; x_wconf 90' lang='lat' dir='ltr'>sine</span> <span class='ocrx_word' id='word_1_214' title='bbox 3464 984 3705 1054; x_wconf 88' lang='lat' dir='ltr'>querela,</span> 
     </span>
    </p>
   </div>
   <div class='ocr_carea' id='block_1_27' title="bbox 2121 1071 3711 1139">
    <p class='ocr_par' dir='ltr' id='par_1_27' title="bbox 2121 1071 3711 1139">
     <span class='ocr_line' id='line_1_27' title="bbox 2121 1071 3711 1139; baseline -0.001 -13"><span class='ocrx_word' id='word_1_215' title='bbox 2121 1095 2142 1119; x_wconf 80' lang='grc' dir='ltr'>α</span> <span class='ocrx_word' id='word_1_216' title='bbox 2179 1072 2233 1126; x_wconf 91' lang='lat' dir='ltr'>in</span> <span class='ocrx_word' id='word_1_217' title='bbox 2278 1073 2561 1129; x_wconf 89' lang='lat' dir='ltr'>sanctitate</span> <span class='ocrx_word' id='word_1_218' title='bbox 2589 1080 2715 1129; x_wconf 86' lang='lat' dir='ltr'>ante</span> <span class='ocrx_word' id='word_1_219' title='bbox 2762 1075 2937 1129; x_wconf 91' lang='lat' dir='ltr'>Deum</span> <span class='ocrx_word' id='word_1_220' title='bbox 2989 1082 3039 1129; x_wconf 89' lang='lat' dir='ltr'>et</span> <span class='ocrx_word' id='word_1_221' title='bbox 3098 1074 3316 1128; x_wconf 88' lang='lat' dir='ltr'>Patrem</span> <span class='ocrx_word' id='word_1_222' title='bbox 3361 1079 3621 1139; x_wconf 89' lang='lat' dir='ltr'>nostrum,</span> <span class='ocrx_word' id='word_1_223' title='bbox 3653 1071 3711 1133; x_wconf 86' lang='lat' dir='ltr'>in</span> 
     </span>
    </p>
   </div>
   <div class='ocr_carea' id='block_1_28' title="bbox 2125 1159 3713 1217">
    <p class='ocr_par' dir='ltr' id='par_1_28' title="bbox 2125 1159 3713 1217">
     <span class='ocr_line' id='line_1_28' title="bbox 2125 1159 3713 1217; baseline -0.001 -3"><span class='ocrx_word' id='word_1_224' title='bbox 2125 1183 2146 1205; x_wconf 83' lang='grc' dir='ltr'>α</span> <span class='ocrx_word' id='word_1_225' title='bbox 2182 1161 2418 1215; x_wconf 89' lang='lat' dir='ltr'>adventu</span> <span class='ocrx_word' id='word_1_226' title='bbox 2448 1162 2664 1216; x_wconf 90' lang='lat' dir='ltr'>Domini</span> <span class='ocrx_word' id='word_1_227' title='bbox 2701 1162 2877 1217; x_wconf 89' lang='lat' dir='ltr'>nostri</span> <span class='ocrx_word' id='word_1_228' title='bbox 2905 1162 3035 1217; x_wconf 84' lang='lat' dir='ltr'>Jesu</span> <span class='ocrx_word' id='word_1_229' title='bbox 3067 1160 3264 1217; x_wconf 88' lang='lat' dir='ltr'>Christi</span> <span class='ocrx_word' id='word_1_230' title='bbox 3308 1175 3432 1217; x_wconf 89' lang='lat' dir='ltr'>cum</span> <span class='ocrx_word' id='word_1_231' title='bbox 3460 1159 3713 1215; x_wconf 89' lang='lat' dir='ltr'>omnibus</span> 
     </span>
    </p>
   </div>
   <div class='ocr_carea' id='block_1_29' title="bbox 2126 1249 2845 1318">
    <p class='ocr_par' dir='ltr' id='par_1_29' title="bbox 2126 1249 2845 1318">
     <span class='ocr_line' id='line_1_29' title="bbox 2126 1249 2845 1318; baseline 0.004 -16"><span class='ocrx_word' id='word_1_232' title='bbox 2126 1270 2148 1295; x_wconf 81' lang='grc' dir='ltr'>α</span> <span class='ocrx_word' id='word_1_233' title='bbox 2183 1249 2384 1304; x_wconf 87' lang='lat' dir='ltr'>sanctis</span> <span class='ocrx_word' id='word_1_234' title='bbox 2412 1250 2554 1318; x_wconf 86' lang='lat' dir='ltr'>ejus.</span> <span class='ocrx_word' id='word_1_235' title='bbox 2594 1252 2786 1305; x_wconf 78' lang='lat' dir='ltr'>Amen.</span> <span class='ocrx_word' id='word_1_236' title='bbox 2824 1273 2845 1298; x_wconf 77' lang='grc' dir='ltr'>υ</span> 
     </span>
    </p>
   </div>
   <div class='ocr_carea' id='block_1_30' title="bbox 2753 1411 3062 1453">
    <p class='ocr_par' dir='ltr' id='par_1_30' title="bbox 2753 1411 3062 1453">
     <span class='ocr_line' id='line_1_30' title="bbox 2753 1411 3062 1453; baseline -0.003 -1"><span class='ocrx_word' id='word_1_237' title='bbox 2753 1411 3062 1453; x_wconf 75' lang='grc' dir='ltr'>ΕΧΡΟΒΙἸἸΟ.</span> 
     </span>
    </p>
   </div>
   <div class='ocr_carea' id='block_1_31' title="bbox 2190 1528 3719 1601">
    <p class='ocr_par' dir='ltr' id='par_1_31' title="bbox 2190 1528 3719 1601">
     <span class='ocr_line' id='line_1_31' title="bbox 2190 1528 3719 1601; baseline 0.001 -19"><span class='ocrx_word' id='word_1_238' title='bbox 2190 1529 2415 1599; x_wconf 90' lang='lat' dir='ltr'>Propter</span> <span class='ocrx_word' id='word_1_239' title='bbox 2442 1529 2587 1600; x_wconf 89' lang='lat' dir='ltr'>quod</span> <span class='ocrx_word' id='word_1_240' title='bbox 2619 1528 2751 1601; x_wconf 88' lang='lat' dir='ltr'>quia</span> <span class='ocrx_word' id='word_1_241' title='bbox 2780 1529 2972 1584; x_wconf 87' lang='lat' dir='ltr'>eadem</span> <span class='ocrx_word' id='word_1_242' title='bbox 2997 1528 3155 1599; x_wconf 88' lang='lat' dir='ltr'>passi</span> <span class='ocrx_word' id='word_1_243' title='bbox 3184 1528 3339 1593; x_wconf 82' lang='lat' dir='ltr'>estis,</span> <span class='ocrx_word' id='word_1_244' title='bbox 3373 1534 3426 1583; x_wconf 91' lang='lat' dir='ltr'>et</span> <span class='ocrx_word' id='word_1_245' title='bbox 3453 1528 3582 1601; x_wconf 87' lang='lat' dir='ltr'>quia</span> <span class='ocrx_word' id='word_1_246' title='bbox 3611 1544 3719 1585; x_wconf 58' lang='lat' dir='ltr'>nos»</span> 
     </span>
    </p>
   </div>
   <div class='ocr_carea' id='block_1_32' title="bbox 430 1600 3711 1689">
    <p class='ocr_par' dir='ltr' id='par_1_32' title="bbox 430 1600 3711 1689">
     <span class='ocr_line' id='line_1_32' title="bbox 430 1600 3711 1689; baseline 0.001 -34"><span class='ocrx_word' id='word_1_247' title='bbox 430 1600 488 1655; x_wconf 91' lang='lat' dir='ltr'>id</span> <span class='ocrx_word' id='word_1_248' title='bbox 516 1609 599 1656; x_wconf 88' lang='lat' dir='ltr'>est</span> <span class='ocrx_word' id='word_1_249' title='bbox 630 1616 880 1657; x_wconf 89' lang='lat' dir='ltr'>sermone</span> <span class='ocrx_word' id='word_1_250' title='bbox 918 1609 1104 1657; x_wconf 88' lang='lat' dir='ltr'>nostro</span> <span class='ocrx_word' id='word_1_251' title='bbox 1154 1617 1185 1655; x_wconf 90' lang='lat' dir='ltr'>a</span> <span class='ocrx_word' id='word_1_252' title='bbox 1224 1602 1398 1669; x_wconf 89' lang='lat' dir='ltr'>vobis,</span> <span class='ocrx_word' id='word_1_253' title='bbox 1433 1610 1486 1657; x_wconf 94' lang='lat' dir='ltr'>et</span> <span class='ocrx_word' id='word_1_254' title='bbox 1511 1606 1743 1673; x_wconf 84' lang='lat' dir='ltr'>aspectu</span> <span class='ocrx_word' id='word_1_255' title='bbox 1762 1609 1972 1658; x_wconf 91' lang='lat' dir='ltr'>remoto</span> <span class='ocrx_word' id='word_1_256' title='bbox 2005 1617 2016 1656; x_wconf 88' lang='lat'>:</span> <span class='ocrx_word' id='word_1_257' title='bbox 2043 1630 2095 1689; x_wconf 83' lang='lat' dir='ltr'><strong>B</strong></span> <span class='ocrx_word' id='word_1_258' title='bbox 2125 1615 2367 1673; x_wconf 69' lang='grc' dir='ltr'>ἀεδοιαιέ</span> <span class='ocrx_word' id='word_1_259' title='bbox 2400 1632 2587 1671; x_wconf 74' lang='lat' dir='ltr'>sumus</span> <span class='ocrx_word' id='word_1_260' title='bbox 2619 1600 2653 1672; x_wconf 66' lang='grc' dir='ltr'><em>α</em></span> <span class='ocrx_word' id='word_1_261' title='bbox 2684 1617 2849 1682; x_wconf 53' lang='lat' dir='ltr'>vobis,</span> <span class='ocrx_word' id='word_1_262' title='bbox 2884 1623 2937 1671; x_wconf 60' lang='lat' dir='ltr'>et</span> <span class='ocrx_word' id='word_1_263' title='bbox 2963 1616 3090 1688; x_wconf 68' lang='lat' dir='ltr'>quia</span> <span class='ocrx_word' id='word_1_264' title='bbox 3119 1632 3211 1672; x_wconf 64' lang='grc' dir='ltr'>υοε</span> <span class='ocrx_word' id='word_1_265' title='bbox 3256 1618 3390 1671; x_wconf 56' lang='lat' dir='ltr'>estis</span> <span class='ocrx_word' id='word_1_266' title='bbox 3420 1600 3711 1688; x_wconf 59' lang='lat' dir='ltr'>gaudium,</span> 
     </span>
    </p>
   </div>
   <div class='ocr_carea' id='block_1_33' title="bbox 430 1689 2023 1761">
    <p class='ocr_par' dir='ltr' id='par_1_33' title="bbox 430 1689 2023 1761">
     <span class='ocr_line' id='line_1_33' title="bbox 430 1689 2023 1761; baseline 0 -18"><span class='ocrx_word' id='word_1_267' title='bbox 430 1704 548 1743; x_wconf 89' lang='lat' dir='ltr'>non</span> <span class='ocrx_word' id='word_1_268' title='bbox 571 1697 750 1744; x_wconf 90' lang='lat' dir='ltr'>tamen</span> <span class='ocrx_word' id='word_1_269' title='bbox 779 1696 990 1745; x_wconf 90' lang='lat' dir='ltr'>remoto</span> <span class='ocrx_word' id='word_1_270' title='bbox 1049 1689 1214 1745; x_wconf 90' lang='lat' dir='ltr'>corde</span> <span class='ocrx_word' id='word_1_271' title='bbox 1244 1690 1650 1756; x_wconf 78' lang='lat' dir='ltr'>abundantius,</span> <span class='ocrx_word' id='word_1_272' title='bbox 1682 1705 1844 1761; x_wconf 88' lang='lat' dir='ltr'>quam</span> <span class='ocrx_word' id='word_1_273' title='bbox 1871 1689 2023 1760; x_wconf 90' lang='lat' dir='ltr'>prius</span> 
     </span>
    </p>
   </div>
   <div class='ocr_carea' id='block_1_34' title="bbox 429 1776 2024 1847">
    <p class='ocr_par' dir='ltr' id='par_1_34' title="bbox 429 1776 2024 1847">
     <span class='ocr_line' id='line_1_34' title="bbox 429 1776 2024 1847; baseline 0.001 -16"><span class='ocrx_word' id='word_1_274' title='bbox 429 1776 828 1843; x_wconf 80' lang='lat' dir='ltr'>festinavimus</span> <span class='ocrx_word' id='word_1_275' title='bbox 848 1777 1032 1832; x_wconf 89' lang='lat' dir='ltr'>videre</span> <span class='ocrx_word' id='word_1_276' title='bbox 1053 1777 1263 1847; x_wconf 85' lang='lat' dir='ltr'>faciem</span> <span class='ocrx_word' id='word_1_277' title='bbox 1294 1782 1541 1833; x_wconf 87' lang='lat' dir='ltr'>vestram</span> <span class='ocrx_word' id='word_1_278' title='bbox 1571 1794 1701 1834; x_wconf 88' lang='lat' dir='ltr'>cum</span> <span class='ocrx_word' id='word_1_279' title='bbox 1720 1778 1903 1833; x_wconf 89' lang='lat' dir='ltr'>multo</span> <span class='ocrx_word' id='word_1_280' title='bbox 1925 1778 2024 1832; x_wconf 88' lang='lat' dir='ltr'>de-</span> 
     </span>
    </p>
   </div>
   <div class='ocr_carea' id='block_1_35' title="bbox 430 1863 2029 1937">
    <p class='ocr_par' dir='ltr' id='par_1_35' title="bbox 430 1863 2029 1937">
     <span class='ocr_line' id='line_1_35' title="bbox 430 1863 2029 1937; baseline 0.002 -19"><span class='ocrx_word' id='word_1_281' title='bbox 430 1863 656 1919; x_wconf 87' lang='lat' dir='ltr'>siderio.</span> <span class='ocrx_word' id='word_1_282' title='bbox 685 1863 830 1919; x_wconf 89' lang='lat' dir='ltr'>Bene</span> <span class='ocrx_word' id='word_1_283' title='bbox 851 1864 975 1920; x_wconf 92' lang='lat' dir='ltr'>dico</span> <span class='ocrx_word' id='word_1_284' title='bbox 996 1880 1126 1921; x_wconf 89' lang='lat' dir='ltr'>cum</span> <span class='ocrx_word' id='word_1_285' title='bbox 1146 1864 1435 1931; x_wconf 86' lang='lat' dir='ltr'>desiderio,</span> <span class='ocrx_word' id='word_1_286' title='bbox 1461 1868 1728 1937; x_wconf 87' lang='lat' dir='ltr'>quoniam</span> <span class='ocrx_word' id='word_1_287' title='bbox 1749 1867 2029 1921; x_wconf 89' lang='lat' dir='ltr'>voluimus</span> 
     </span>
    </p>
   </div>
   <div class='ocr_carea' id='block_1_36' title="bbox 430 1950 2029 2024">
    <p class='ocr_par' dir='ltr' id='par_1_36' title="bbox 430 1950 2029 2024">
     <span class='ocr_line' id='line_1_36' title="bbox 430 1950 2029 2024; baseline 0.002 -18"><span class='ocrx_word' id='word_1_288' title='bbox 430 1953 624 2007; x_wconf 86' lang='lat' dir='ltr'>venire</span> <span class='ocrx_word' id='word_1_289' title='bbox 670 1950 742 2007; x_wconf 88' lang='lat' dir='ltr'>ad</span> <span class='ocrx_word' id='word_1_290' title='bbox 771 1968 884 2019; x_wconf 90' lang='lat' dir='ltr'>vos,</span> <span class='ocrx_word' id='word_1_291' title='bbox 924 1960 975 2007; x_wconf 92' lang='lat' dir='ltr'>et</span> <span class='ocrx_word' id='word_1_292' title='bbox 1004 1952 1059 2006; x_wconf 90' lang='lat' dir='ltr'>in</span> <span class='ocrx_word' id='word_1_293' title='bbox 1113 1953 1234 2023; x_wconf 91' lang='lat' dir='ltr'>ipso</span> <span class='ocrx_word' id='word_1_294' title='bbox 1265 1952 1458 2008; x_wconf 88' lang='lat' dir='ltr'>itinere</span> <span class='ocrx_word' id='word_1_295' title='bbox 1484 1954 1599 2022; x_wconf 89' lang='lat' dir='ltr'>jam</span> <span class='ocrx_word' id='word_1_296' title='bbox 1655 1967 1895 2009; x_wconf 87' lang='lat' dir='ltr'>eramus.</span> <span class='ocrx_word' id='word_1_297' title='bbox 1920 1954 2029 2024; x_wconf 88' lang='lat' dir='ltr'>Ego</span> 
     </span>
    </p>
   </div>
   <div class='ocr_carea' id='block_1_37' title="bbox 435 2038 2032 2111">
    <p class='ocr_par' dir='ltr' id='par_1_37' title="bbox 435 2038 2032 2111">
     <span class='ocr_line' id='line_1_37' title="bbox 435 2038 2032 2111; baseline 0.002 -17"><span class='ocrx_word' id='word_1_298' title='bbox 435 2038 662 2111; x_wconf 85' lang='lat' dir='ltr'>quidem</span> <span class='ocrx_word' id='word_1_299' title='bbox 682 2040 919 2105; x_wconf 89' lang='lat' dir='ltr'>Paulus,</span> <span class='ocrx_word' id='word_1_300' title='bbox 953 2040 1216 2111; x_wconf 90' lang='lat' dir='ltr'>quidquid</span> <span class='ocrx_word' id='word_1_301' title='bbox 1246 2040 1339 2094; x_wconf 90' lang='lat' dir='ltr'>alii</span> <span class='ocrx_word' id='word_1_302' title='bbox 1366 2040 1747 2110; x_wconf 88' lang='lat' dir='ltr'>formidarent,</span> <span class='ocrx_word' id='word_1_303' title='bbox 1780 2045 1837 2097; x_wconf 90' lang='lat' dir='ltr'>et</span> <span class='ocrx_word' id='word_1_304' title='bbox 1855 2043 2032 2097; x_wconf 87' lang='lat' dir='ltr'>semel</span> 
     </span>
    </p>
   </div>
   <div class='ocr_carea' id='block_1_38' title="bbox 437 2126 2028 2200">
    <p class='ocr_par' dir='ltr' id='par_1_38' title="bbox 437 2126 2028 2200">
     <span class='ocr_line' id='line_1_38' title="bbox 437 2126 2028 2200; baseline 0.001 -18"><span class='ocrx_word' id='word_1_305' title='bbox 437 2131 497 2182; x_wconf 89' lang='lat' dir='ltr'>et</span> <span class='ocrx_word' id='word_1_306' title='bbox 523 2127 736 2184; x_wconf 81' lang='lat' dir='ltr'>iterum</span> <span class='ocrx_word' id='word_1_307' title='bbox 765 2126 954 2182; x_wconf 91' lang='lat' dir='ltr'>venire</span> <span class='ocrx_word' id='word_1_308' title='bbox 985 2127 1167 2195; x_wconf 90' lang='lat' dir='ltr'>volui;</span> <span class='ocrx_word' id='word_1_309' title='bbox 1202 2128 1297 2184; x_wconf 87' lang='lat' dir='ltr'>sed</span> <span class='ocrx_word' id='word_1_310' title='bbox 1320 2130 1564 2185; x_wconf 85' lang='lat' dir='ltr'>Satanas</span> <span class='ocrx_word' id='word_1_311' title='bbox 1592 2130 1888 2200; x_wconf 79' lang='lat' dir='ltr'>impedivit</span> <span class='ocrx_word' id='word_1_312' title='bbox 1907 2145 2028 2185; x_wconf 91' lang='lat' dir='ltr'>nos.</span> 
     </span>
    </p>
   </div>
   <div class='ocr_carea' id='block_1_39' title="bbox 437 2213 2033 2288">
    <p class='ocr_par' dir='ltr' id='par_1_39' title="bbox 437 2213 2033 2288">
     <span class='ocr_line' id='line_1_39' title="bbox 437 2213 2033 2288; baseline 0.002 -20"><span class='ocrx_word' id='word_1_313' title='bbox 437 2213 662 2269; x_wconf 87' lang='lat' dir='ltr'>Satanas</span> <span class='ocrx_word' id='word_1_314' title='bbox 694 2213 839 2281; x_wconf 86' lang='lat' dir='ltr'>ideo,</span> <span class='ocrx_word' id='word_1_315' title='bbox 871 2222 957 2280; x_wconf 92' lang='lat' dir='ltr'>ut,</span> <span class='ocrx_word' id='word_1_316' title='bbox 992 2223 1205 2271; x_wconf 81' lang='lat' dir='ltr'>remota</span> <span class='ocrx_word' id='word_1_317' title='bbox 1248 2216 1621 2272; x_wconf 89' lang='lat' dir='ltr'>consolatione</span> <span class='ocrx_word' id='word_1_318' title='bbox 1649 2216 1915 2288; x_wconf 76' lang='lat' dir='ltr'>magistri,</span> <span class='ocrx_word' id='word_1_319' title='bbox 1948 2216 2033 2271; x_wconf 84' lang='lat' dir='ltr'>fa-</span> 
     </span>
    </p>
   </div>
   <div class='ocr_carea' id='block_1_40' title="bbox 439 2301 2035 2374">
    <p class='ocr_par' dir='ltr' id='par_1_40' title="bbox 439 2301 2035 2374">
     <span class='ocr_line' id='line_1_40' title="bbox 439 2301 2035 2374; baseline 0.002 -17"><span class='ocrx_word' id='word_1_320' title='bbox 439 2301 595 2357; x_wconf 90' lang='lat' dir='ltr'>cilius</span> <span class='ocrx_word' id='word_1_321' title='bbox 616 2317 715 2357; x_wconf 91' lang='lat' dir='ltr'>vos</span> <span class='ocrx_word' id='word_1_322' title='bbox 742 2310 1060 2374; x_wconf 88' lang='lat' dir='ltr'>pervertere</span> <span class='ocrx_word' id='word_1_323' title='bbox 1087 2312 1290 2374; x_wconf 89' lang='lat' dir='ltr'>posset.</span> <span class='ocrx_word' id='word_1_324' title='bbox 1324 2305 1471 2360; x_wconf 90' lang='lat' dir='ltr'>Deus</span> <span class='ocrx_word' id='word_1_325' title='bbox 1511 2305 1635 2361; x_wconf 92' lang='lat' dir='ltr'>ideo</span> <span class='ocrx_word' id='word_1_326' title='bbox 1670 2306 1775 2361; x_wconf 83' lang='lat' dir='ltr'>hoc</span> <span class='ocrx_word' id='word_1_327' title='bbox 1803 2320 2035 2362; x_wconf 55' lang='lat' dir='ltr'>consen.</span> 
     </span>
    </p>
   </div>
   <div class='ocr_carea' id='block_1_41' title="bbox 438 2389 2032 2465">
    <p class='ocr_par' dir='ltr' id='par_1_41' title="bbox 438 2389 2032 2465">
     <span class='ocr_line' id='line_1_41' title="bbox 438 2389 2032 2465; baseline 0.003 -21"><span class='ocrx_word' id='word_1_328' title='bbox 438 2389 526 2457; x_wconf 90' lang='lat' dir='ltr'>sit,</span> <span class='ocrx_word' id='word_1_329' title='bbox 565 2397 624 2444; x_wconf 91' lang='lat' dir='ltr'>ut</span> <span class='ocrx_word' id='word_1_330' title='bbox 654 2405 751 2445; x_wconf 90' lang='lat' dir='ltr'>vos</span> <span class='ocrx_word' id='word_1_331' title='bbox 783 2390 852 2445; x_wconf 89' lang='lat' dir='ltr'>de</span> <span class='ocrx_word' id='word_1_332' title='bbox 881 2391 1177 2446; x_wconf 89' lang='lat' dir='ltr'>tentatione</span> <span class='ocrx_word' id='word_1_333' title='bbox 1208 2399 1465 2462; x_wconf 87' lang='lat' dir='ltr'>superata</span> <span class='ocrx_word' id='word_1_334' title='bbox 1483 2392 1840 2465; x_wconf 85' lang='lat' dir='ltr'>gloriosiores</span> <span class='ocrx_word' id='word_1_335' title='bbox 1860 2393 2032 2449; x_wconf 88' lang='lat' dir='ltr'>habe-</span> 
     </span>
    </p>
   </div>
   <div class='ocr_carea' id='block_1_42' title="bbox 438 2477 2032 2553">
    <p class='ocr_par' dir='ltr' id='par_1_42' title="bbox 438 2477 2032 2553">
     <span class='ocr_line' id='line_1_42' title="bbox 438 2477 2032 2553; baseline 0.003 -21"><span class='ocrx_word' id='word_1_336' title='bbox 438 2485 562 2544; x_wconf 89' lang='lat' dir='ltr'>ret;</span> <span class='ocrx_word' id='word_1_337' title='bbox 594 2477 719 2533; x_wconf 91' lang='lat' dir='ltr'>ideo</span> <span class='ocrx_word' id='word_1_338' title='bbox 779 2478 1005 2534; x_wconf 87' lang='lat' dir='ltr'>Satanas</span> <span class='ocrx_word' id='word_1_339' title='bbox 1053 2479 1354 2550; x_wconf 90' lang='lat' dir='ltr'>impedivit,</span> <span class='ocrx_word' id='word_1_340' title='bbox 1405 2481 1530 2552; x_wconf 89' lang='lat' dir='ltr'>quia</span> <span class='ocrx_word' id='word_1_341' title='bbox 1584 2497 1684 2537; x_wconf 91' lang='lat' dir='ltr'>vos</span> <span class='ocrx_word' id='word_1_342' title='bbox 1738 2482 1867 2536; x_wconf 86' lang='lat' dir='ltr'>estis</span> <span class='ocrx_word' id='word_1_343' title='bbox 1905 2497 2032 2553; x_wconf 81' lang='lat' dir='ltr'>spes</span> 
     </span>
    </p>
   </div>
   <div class='ocr_carea' id='block_1_43' title="bbox 439 2566 2037 2642">
    <p class='ocr_par' dir='ltr' id='par_1_43' title="bbox 439 2566 2037 2642">
     <span class='ocr_line' id='line_1_43' title="bbox 439 2566 2037 2642; baseline 0.003 -21"><span class='ocrx_word' id='word_1_344' title='bbox 439 2573 649 2633; x_wconf 88' lang='lat' dir='ltr'>nostra,</span> <span class='ocrx_word' id='word_1_345' title='bbox 683 2574 786 2622; x_wconf 89' lang='lat' dir='ltr'>etc.</span> <span class='ocrx_word' id='word_1_346' title='bbox 814 2567 913 2622; x_wconf 87' lang='lat' dir='ltr'>Vel</span> <span class='ocrx_word' id='word_1_347' title='bbox 932 2566 1005 2621; x_wconf 91' lang='lat' dir='ltr'>ita</span> <span class='ocrx_word' id='word_1_348' title='bbox 1035 2581 1047 2620; x_wconf 88' lang='lat'>:</span> <span class='ocrx_word' id='word_1_349' title='bbox 1081 2567 1211 2622; x_wconf 91' lang='lat' dir='ltr'>Ideo</span> <span class='ocrx_word' id='word_1_350' title='bbox 1250 2568 1439 2623; x_wconf 90' lang='lat' dir='ltr'>venire</span> <span class='ocrx_word' id='word_1_351' title='bbox 1457 2568 1740 2637; x_wconf 88' lang='lat' dir='ltr'>voluimus,</span> <span class='ocrx_word' id='word_1_352' title='bbox 1766 2569 1894 2641; x_wconf 91' lang='lat' dir='ltr'>quia</span> <span class='ocrx_word' id='word_1_353' title='bbox 1916 2586 2037 2642; x_wconf 67' lang='lat' dir='ltr'>quin</span> 
     </span>
    </p>
   </div>
   <div class='ocr_carea' id='block_1_44' title="bbox 444 2655 2037 2729">
    <p class='ocr_par' dir='ltr' id='par_1_44' title="bbox 444 2655 2037 2729">
     <span class='ocr_line' id='line_1_44' title="bbox 444 2655 2037 2729; baseline 0.002 -19"><span class='ocrx_word' id='word_1_354' title='bbox 444 2659 528 2710; x_wconf 91' lang='lat' dir='ltr'>est</span> <span class='ocrx_word' id='word_1_355' title='bbox 562 2658 760 2711; x_wconf 88' lang='lat' dir='ltr'>nostra</span> <span class='ocrx_word' id='word_1_356' title='bbox 804 2671 928 2727; x_wconf 86' lang='lat' dir='ltr'>spes</span> <span class='ocrx_word' id='word_1_357' title='bbox 958 2655 1214 2711; x_wconf 88' lang='lat' dir='ltr'>habenda</span> <span class='ocrx_word' id='word_1_358' title='bbox 1267 2656 1325 2710; x_wconf 91' lang='lat' dir='ltr'>in</span> <span class='ocrx_word' id='word_1_359' title='bbox 1368 2655 1571 2723; x_wconf 79' lang='lat' dir='ltr'>futuro,</span> <span class='ocrx_word' id='word_1_360' title='bbox 1604 2660 1707 2713; x_wconf 92' lang='lat' dir='ltr'>aut</span> <span class='ocrx_word' id='word_1_361' title='bbox 1767 2658 1912 2729; x_wconf 90' lang='lat' dir='ltr'>quod</span> <span class='ocrx_word' id='word_1_362' title='bbox 1956 2666 2037 2714; x_wconf 90' lang='lat' dir='ltr'>est</span> 
     </span>
    </p>
   </div>
   <div class='ocr_carea' id='block_1_45' title="bbox 442 2741 2038 2817">
    <p class='ocr_par' dir='ltr' id='par_1_45' title="bbox 442 2741 2038 2817">
     <span class='ocr_line' id='line_1_45' title="bbox 442 2741 2038 2817; baseline 0.003 -19"><span class='ocrx_word' id='word_1_363' title='bbox 442 2741 716 2814; x_wconf 86' lang='lat' dir='ltr'>gaudium</span> <span class='ocrx_word' id='word_1_364' title='bbox 744 2751 873 2799; x_wconf 92' lang='lat' dir='ltr'>tunc</span> <span class='ocrx_word' id='word_1_365' title='bbox 900 2742 1096 2799; x_wconf 91' lang='lat' dir='ltr'>iterum</span> <span class='ocrx_word' id='word_1_366' title='bbox 1126 2743 1258 2798; x_wconf 90' lang='lat' dir='ltr'>mihi</span> <span class='ocrx_word' id='word_1_367' title='bbox 1278 2752 1547 2815; x_wconf 91' lang='lat' dir='ltr'>paratum,</span> <span class='ocrx_word' id='word_1_368' title='bbox 1572 2748 1676 2801; x_wconf 87' lang='lat' dir='ltr'>aut</span> <span class='ocrx_word' id='word_1_369' title='bbox 1698 2761 1905 2802; x_wconf 84' lang='lat' dir='ltr'>corona</span> <span class='ocrx_word' id='word_1_370' title='bbox 1922 2747 2038 2817; x_wconf 88' lang='lat' dir='ltr'>glo-</span> 
     </span>
    </p>
   </div>
   <div class='ocr_carea' id='block_1_46' title="bbox 442 2830 2038 2903">
    <p class='ocr_par' dir='ltr' id='par_1_46' title="bbox 442 2830 2038 2903">
     <span class='ocr_line' id='line_1_46' title="bbox 442 2830 2038 2903; baseline 0.001 -17"><span class='ocrx_word' id='word_1_371' title='bbox 442 2832 564 2899; x_wconf 73' lang='lat' dir='ltr'>riae,</span> <span class='ocrx_word' id='word_1_372' title='bbox 596 2830 653 2886; x_wconf 90' lang='lat' dir='ltr'>id</span> <span class='ocrx_word' id='word_1_373' title='bbox 695 2838 779 2886; x_wconf 91' lang='lat' dir='ltr'>est</span> <span class='ocrx_word' id='word_1_374' title='bbox 832 2831 1089 2903; x_wconf 79' lang='lat' dir='ltr'>gaudium</span> <span class='ocrx_word' id='word_1_375' title='bbox 1138 2831 1273 2886; x_wconf 89' lang='lat' dir='ltr'>illud</span> <span class='ocrx_word' id='word_1_376' title='bbox 1300 2847 1410 2887; x_wconf 90' lang='lat' dir='ltr'>non</span> <span class='ocrx_word' id='word_1_377' title='bbox 1468 2832 1571 2888; x_wconf 89' lang='lat' dir='ltr'>erit</span> <span class='ocrx_word' id='word_1_378' title='bbox 1605 2833 1900 2900; x_wconf 88' lang='lat' dir='ltr'>mediocre,</span> <span class='ocrx_word' id='word_1_379' title='bbox 1939 2834 2038 2889; x_wconf 90' lang='lat' dir='ltr'>sed</span> 
     </span>
    </p>
   </div>
   <div class='ocr_carea' id='block_1_47' title="bbox 446 2919 2038 2993">
    <p class='ocr_par' dir='ltr' id='par_1_47' title="bbox 446 2919 2038 2993">
     <span class='ocr_line' id='line_1_47' title="bbox 446 2919 2038 2993; baseline 0.001 -19"><span class='ocrx_word' id='word_1_380' title='bbox 446 2934 653 2976; x_wconf 86' lang='lat' dir='ltr'>corona</span> <span class='ocrx_word' id='word_1_381' title='bbox 682 2920 898 2989; x_wconf 73' lang='lat' dir='ltr'>gloriae,</span> <span class='ocrx_word' id='word_1_382' title='bbox 960 2919 1016 2974; x_wconf 91' lang='lat' dir='ltr'>id</span> <span class='ocrx_word' id='word_1_383' title='bbox 1044 2927 1147 2986; x_wconf 89' lang='lat' dir='ltr'>est,</span> <span class='ocrx_word' id='word_1_384' title='bbox 1191 2935 1393 2976; x_wconf 88' lang='lat' dir='ltr'>corona</span> <span class='ocrx_word' id='word_1_385' title='bbox 1422 2921 1664 2993; x_wconf 89' lang='lat' dir='ltr'>gloriosa</span> <span class='ocrx_word' id='word_1_386' title='bbox 1696 2942 1713 2977; x_wconf 91' lang='lat'><strong><em>:</em></strong></span> <span class='ocrx_word' id='word_1_387' title='bbox 1740 2922 1863 2978; x_wconf 89' lang='lat' dir='ltr'>dico</span> <span class='ocrx_word' id='word_1_388' title='bbox 1892 2922 2038 2993; x_wconf 88' lang='lat' dir='ltr'>quod</span> 
     </span>
    </p>
   </div>
   <div class='ocr_carea' id='block_1_48' title="bbox 2128 1704 3716 1777">
    <p class='ocr_par' dir='ltr' id='par_1_48' title="bbox 2128 1704 3716 1777">
     <span class='ocr_line' id='line_1_48' title="bbox 2128 1704 3716 1777; baseline -0.002 -16"><span class='ocrx_word' id='word_1_389' title='bbox 2128 1709 2183 1760; x_wconf 91' lang='lat' dir='ltr'>et</span> <span class='ocrx_word' id='word_1_390' title='bbox 2213 1719 2418 1761; x_wconf 84' lang='lat' dir='ltr'>corona</span> <span class='ocrx_word' id='word_1_391' title='bbox 2434 1712 2640 1771; x_wconf 90' lang='lat' dir='ltr'>nostra,</span> <span class='ocrx_word' id='word_1_392' title='bbox 2672 1707 2907 1777; x_wconf 84' lang='lat' dir='ltr'>prapter</span> <span class='ocrx_word' id='word_1_393' title='bbox 2938 1704 3042 1760; x_wconf 92' lang='lat' dir='ltr'>hoc</span> <span class='ocrx_word' id='word_1_394' title='bbox 3071 1721 3187 1760; x_wconf 90' lang='lat' dir='ltr'>non</span> <span class='ocrx_word' id='word_1_395' title='bbox 3214 1706 3563 1760; x_wconf 86' lang='lat' dir='ltr'>sustinentes</span> <span class='ocrx_word' id='word_1_396' title='bbox 3594 1721 3716 1758; x_wconf 88' lang='lat' dir='ltr'>am-</span> 
     </span>
    </p>
   </div>
   <div class='ocr_carea' id='block_1_49' title="bbox 2126 1791 3718 1865">
    <p class='ocr_par' dir='ltr' id='par_1_49' title="bbox 2126 1791 3718 1865">
     <span class='ocr_line' id='line_1_49' title="bbox 2126 1791 3718 1865; baseline 0 -18"><span class='ocrx_word' id='word_1_397' title='bbox 2126 1794 2303 1865; x_wconf 86' lang='lat' dir='ltr'>plius,</span> <span class='ocrx_word' id='word_1_398' title='bbox 2337 1792 2665 1847; x_wconf 86' lang='lat' dir='ltr'>sustinentes</span> <span class='ocrx_word' id='word_1_399' title='bbox 2695 1792 2820 1847; x_wconf 90' lang='lat' dir='ltr'>ideo</span> <span class='ocrx_word' id='word_1_400' title='bbox 2860 1791 2935 1846; x_wconf 91' lang='lat' dir='ltr'>ait</span> <span class='ocrx_word' id='word_1_401' title='bbox 2974 1791 3117 1863; x_wconf 90' lang='lat' dir='ltr'>quia,</span> <span class='ocrx_word' id='word_1_402' title='bbox 3153 1792 3328 1848; x_wconf 90' lang='lat' dir='ltr'>donec</span> <span class='ocrx_word' id='word_1_403' title='bbox 3379 1807 3479 1863; x_wconf 88' lang='lat' dir='ltr'>per</span> <span class='ocrx_word' id='word_1_404' title='bbox 3528 1792 3718 1847; x_wconf 90' lang='lat' dir='ltr'>Timo-</span> 
     </span>
    </p>
   </div>
   <div class='ocr_carea' id='block_1_50' title="bbox 2128 1879 3720 1950">
    <p class='ocr_par' dir='ltr' id='par_1_50' title="bbox 2128 1879 3720 1950">
     <span class='ocr_line' id='line_1_50' title="bbox 2128 1879 3720 1950; baseline 0.001 -16"><span class='ocrx_word' id='word_1_405' title='bbox 2128 1881 2313 1935; x_wconf 92' lang='lat' dir='ltr'>theum</span> <span class='ocrx_word' id='word_1_406' title='bbox 2346 1880 2591 1937; x_wconf 69' lang='lat'>294</span> <span class='ocrx_word' id='word_1_407' title='bbox 2621 1879 2931 1935; x_wconf 88' lang='lat' dir='ltr'>consolatus</span> <span class='ocrx_word' id='word_1_408' title='bbox 2972 1895 3067 1935; x_wconf 90' lang='lat' dir='ltr'>eos</span> <span class='ocrx_word' id='word_1_409' title='bbox 3104 1888 3206 1946; x_wconf 87' lang='lat' dir='ltr'>cst,</span> <span class='ocrx_word' id='word_1_410' title='bbox 3240 1886 3293 1934; x_wconf 90' lang='lat' dir='ltr'>et</span> <span class='ocrx_word' id='word_1_411' title='bbox 3332 1895 3432 1950; x_wconf 91' lang='lat' dir='ltr'>per</span> <span class='ocrx_word' id='word_1_412' title='bbox 3468 1879 3720 1935; x_wconf 90' lang='lat' dir='ltr'>eumdem</span> 
     </span>
    </p>
   </div>
   <div class='ocr_carea' id='block_1_51' title="bbox 2131 1966 3719 2040">
    <p class='ocr_par' dir='ltr' id='par_1_51' title="bbox 2131 1966 3719 2040">
     <span class='ocr_line' id='line_1_51' title="bbox 2131 1966 3719 2040; baseline 0 -18"><span class='ocrx_word' id='word_1_413' title='bbox 2131 1968 2405 2040; x_wconf 92' lang='lat' dir='ltr'>quomodo</span> <span class='ocrx_word' id='word_1_414' title='bbox 2435 1968 2490 2021; x_wconf 90' lang='lat' dir='ltr'>in</span> <span class='ocrx_word' id='word_1_415' title='bbox 2517 1966 2624 2023; x_wconf 91' lang='lat' dir='ltr'>ﬁde</span> <span class='ocrx_word' id='word_1_416' title='bbox 2644 1975 2850 2024; x_wconf 88' lang='lat' dir='ltr'>starent</span> <span class='ocrx_word' id='word_1_417' title='bbox 2869 1968 3095 2039; x_wconf 90' lang='lat' dir='ltr'>accepit,</span> <span class='ocrx_word' id='word_1_418' title='bbox 3124 1968 3279 2039; x_wconf 91' lang='lat' dir='ltr'>quasi</span> <span class='ocrx_word' id='word_1_419' title='bbox 3309 1983 3476 2037; x_wconf 83' lang='lat' dir='ltr'>grave</span> <span class='ocrx_word' id='word_1_420' title='bbox 3504 1968 3719 2038; x_wconf 90' lang='lat' dir='ltr'>pondus</span> 
     </span>
    </p>
   </div>
   <div class='ocr_carea' id='block_1_52' title="bbox 2130 2055 3718 2112">
    <p class='ocr_par' dir='ltr' id='par_1_52' title="bbox 2130 2055 3718 2112">
     <span class='ocr_line' id='line_1_52' title="bbox 2130 2055 3718 2112; baseline -0.001 -2"><span class='ocrx_word' id='word_1_421' title='bbox 2130 2056 2325 2110; x_wconf 91' lang='lat' dir='ltr'>timens</span> <span class='ocrx_word' id='word_1_422' title='bbox 2357 2071 2545 2112; x_wconf 89' lang='lat' dir='ltr'>casum</span> <span class='ocrx_word' id='word_1_423' title='bbox 2574 2070 2762 2111; x_wconf 90' lang='lat' dir='ltr'>eorum</span> <span class='ocrx_word' id='word_1_424' title='bbox 2785 2055 3053 2111; x_wconf 88' lang='lat' dir='ltr'>sustinuit.</span> <span class='ocrx_word' id='word_1_425' title='bbox 3094 2057 3218 2112; x_wconf 91' lang='lat' dir='ltr'>Non</span> <span class='ocrx_word' id='word_1_426' title='bbox 3248 2055 3574 2111; x_wconf 87' lang='lat' dir='ltr'>sustinentes</span> <span class='ocrx_word' id='word_1_427' title='bbox 3604 2072 3718 2109; x_wconf 88' lang='lat' dir='ltr'>am-</span> 
     </span>
    </p>
   </div>
   <div class='ocr_carea' id='block_1_53' title="bbox 2131 2143 3731 2215">
    <p class='ocr_par' dir='ltr' id='par_1_53' title="bbox 2131 2143 3731 2215">
     <span class='ocr_line' id='line_1_53' title="bbox 2131 2143 3731 2215; baseline 0.001 -17"><span class='ocrx_word' id='word_1_428' title='bbox 2131 2143 2293 2214; x_wconf 92' lang='lat' dir='ltr'>plius,</span> <span class='ocrx_word' id='word_1_429' title='bbox 2323 2145 2547 2215; x_wconf 82' lang='lat' dir='ltr'>placuit</span> <span class='ocrx_word' id='word_1_430' title='bbox 2602 2144 2760 2199; x_wconf 76' lang='lat' dir='ltr'>nobis</span> <span class='ocrx_word' id='word_1_431' title='bbox 2787 2186 2800 2210; x_wconf 93' lang='lat'>,</span> <span class='ocrx_word' id='word_1_432' title='bbox 2839 2143 2971 2199; x_wconf 92' lang='lat' dir='ltr'>mihi</span> <span class='ocrx_word' id='word_1_433' title='bbox 3020 2150 3075 2199; x_wconf 93' lang='lat' dir='ltr'>et</span> <span class='ocrx_word' id='word_1_434' title='bbox 3124 2143 3345 2199; x_wconf 89' lang='lat' dir='ltr'>Silvano</span> <span class='ocrx_word' id='word_1_435' title='bbox 3371 2186 3385 2209; x_wconf 95' lang='lat'>,</span> <span class='ocrx_word' id='word_1_436' title='bbox 3433 2159 3731 2200; x_wconf 84' lang='lat' dir='ltr'>remanere</span> 
     </span>
    </p>
   </div>
   <div class='ocr_carea' id='block_1_54' title="bbox 2132 2230 3723 2297">
    <p class='ocr_par' dir='ltr' id='par_1_54' title="bbox 2132 2230 3723 2297">
     <span class='ocr_line' id='line_1_54' title="bbox 2132 2230 3723 2297; baseline -0.001 -10"><span class='ocrx_word' id='word_1_437' title='bbox 2132 2232 2389 2297; x_wconf 82' lang='lat' dir='ltr'>Athenis,</span> <span class='ocrx_word' id='word_1_438' title='bbox 2410 2232 2563 2296; x_wconf 88' lang='lat' dir='ltr'>solis,</span> <span class='ocrx_word' id='word_1_439' title='bbox 2597 2231 2653 2285; x_wconf 91' lang='lat' dir='ltr'>id</span> <span class='ocrx_word' id='word_1_440' title='bbox 2672 2238 2754 2286; x_wconf 88' lang='lat' dir='ltr'>est</span> <span class='ocrx_word' id='word_1_441' title='bbox 2777 2230 2853 2286; x_wconf 90' lang='lat' dir='ltr'>ita</span> <span class='ocrx_word' id='word_1_442' title='bbox 2872 2239 2929 2286; x_wconf 91' lang='lat' dir='ltr'>ut</span> <span class='ocrx_word' id='word_1_443' title='bbox 2951 2230 3054 2287; x_wconf 90' lang='lat' dir='ltr'>soli</span> <span class='ocrx_word' id='word_1_444' title='bbox 3098 2246 3345 2286; x_wconf 87' lang='lat' dir='ltr'>essemus</span> <span class='ocrx_word' id='word_1_445' title='bbox 3365 2247 3394 2285; x_wconf 90' lang='lat' dir='ltr'>a</span> <span class='ocrx_word' id='word_1_446' title='bbox 3414 2231 3605 2287; x_wconf 89' lang='lat' dir='ltr'>solatio</span> <span class='ocrx_word' id='word_1_447' title='bbox 3626 2230 3723 2285; x_wconf 85' lang='lat' dir='ltr'>Ti-</span> 
     </span>
    </p>
   </div>
   <div class='ocr_carea' id='block_1_55' title="bbox 2133 2317 3725 2393">
    <p class='ocr_par' dir='ltr' id='par_1_55' title="bbox 2133 2317 3725 2393">
     <span class='ocr_line' id='line_1_55' title="bbox 2133 2317 3725 2393; baseline -0.001 -18"><span class='ocrx_word' id='word_1_448' title='bbox 2133 2319 2340 2375; x_wconf 88' lang='lat' dir='ltr'>mothei</span> <span class='ocrx_word' id='word_1_449' title='bbox 2372 2319 2465 2391; x_wconf 88' lang='lat' dir='ltr'>qui</span> <span class='ocrx_word' id='word_1_450' title='bbox 2494 2320 2844 2375; x_wconf 88' lang='lat' dir='ltr'>necessarius</span> <span class='ocrx_word' id='word_1_451' title='bbox 2873 2328 2992 2375; x_wconf 90' lang='lat' dir='ltr'>erat</span> <span class='ocrx_word' id='word_1_452' title='bbox 3018 2320 3197 2375; x_wconf 91' lang='lat' dir='ltr'>nobis.</span> <span class='ocrx_word' id='word_1_453' title='bbox 3231 2319 3331 2376; x_wconf 86' lang='lat' dir='ltr'>Hic</span> <span class='ocrx_word' id='word_1_454' title='bbox 3359 2317 3625 2393; x_wconf 86' lang='lat' dir='ltr'>signiﬁcat</span> <span class='ocrx_word' id='word_1_455' title='bbox 3653 2319 3725 2375; x_wconf 89' lang='lat' dir='ltr'>ab</span> 
     </span>
    </p>
   </div>
   <div class='ocr_carea' id='block_1_56' title="bbox 2134 2407 3725 2478">
    <p class='ocr_par' dir='ltr' id='par_1_56' title="bbox 2134 2407 3725 2478">
     <span class='ocr_line' id='line_1_56' title="bbox 2134 2407 3725 2478; baseline 0 -15"><span class='ocrx_word' id='word_1_456' title='bbox 2134 2408 2359 2463; x_wconf 81' lang='lat' dir='ltr'>Athenis</span> <span class='ocrx_word' id='word_1_457' title='bbox 2408 2408 2548 2463; x_wconf 90' lang='lat' dir='ltr'>hanc</span> <span class='ocrx_word' id='word_1_458' title='bbox 2585 2423 2644 2463; x_wconf 91' lang='lat' dir='ltr'>se</span> <span class='ocrx_word' id='word_1_459' title='bbox 2684 2407 2946 2463; x_wconf 86' lang='lat' dir='ltr'>direxisse</span> <span class='ocrx_word' id='word_1_460' title='bbox 2980 2407 3301 2478; x_wconf 90' lang='lat' dir='ltr'>Epistolam.</span> <span class='ocrx_word' id='word_1_461' title='bbox 3345 2407 3725 2464; x_wconf 84' lang='lat' dir='ltr'>Remansimus</span> 
     </span>
    </p>
   </div>
   <div class='ocr_carea' id='block_1_57' title="bbox 2134 2496 3721 2567">
    <p class='ocr_par' dir='ltr' id='par_1_57' title="bbox 2134 2496 3721 2567">
     <span class='ocr_line' id='line_1_57' title="bbox 2134 2496 3721 2567; baseline 0 -16"><span class='ocrx_word' id='word_1_462' title='bbox 2134 2496 2383 2561; x_wconf 82' lang='lat' dir='ltr'>Athenis,</span> <span class='ocrx_word' id='word_1_463' title='bbox 2406 2501 2462 2552; x_wconf 89' lang='lat' dir='ltr'>et</span> <span class='ocrx_word' id='word_1_464' title='bbox 2486 2497 2746 2552; x_wconf 86' lang='lat' dir='ltr'>misimus</span> <span class='ocrx_word' id='word_1_465' title='bbox 2786 2497 3135 2553; x_wconf 84' lang='lat' dir='ltr'>Timotheum</span> <span class='ocrx_word' id='word_1_466' title='bbox 3167 2499 3410 2567; x_wconf 78' lang='lat' dir='ltr'>fratrem</span> <span class='ocrx_word' id='word_1_467' title='bbox 3436 2501 3721 2561; x_wconf 85' lang='lat' dir='ltr'>nostrum,</span> 
     </span>
    </p>
   </div>
   <div class='ocr_carea' id='block_1_58' title="bbox 2137 2584 3723 2656">
    <p class='ocr_par' dir='ltr' id='par_1_58' title="bbox 2137 2584 3723 2656">
     <span class='ocr_line' id='line_1_58' title="bbox 2137 2584 3723 2656; baseline 0 -16"><span class='ocrx_word' id='word_1_468' title='bbox 2137 2587 2534 2641; x_wconf 87' lang='lat' dir='ltr'>etministrum</span> <span class='ocrx_word' id='word_1_469' title='bbox 2558 2586 2657 2640; x_wconf 88' lang='lat' dir='ltr'>Dei</span> <span class='ocrx_word' id='word_1_470' title='bbox 2678 2587 2743 2640; x_wconf 91' lang='lat' dir='ltr'>in</span> <span class='ocrx_word' id='word_1_471' title='bbox 2762 2585 3122 2656; x_wconf 90' lang='lat' dir='ltr'>Evangelium</span> <span class='ocrx_word' id='word_1_472' title='bbox 3139 2584 3367 2641; x_wconf 84' lang='lat' dir='ltr'>Christi.</span> <span class='ocrx_word' id='word_1_473' title='bbox 3388 2584 3723 2640; x_wconf 90' lang='lat' dir='ltr'>Commendo</span> 
     </span>
    </p>
   </div>
   <div class='ocr_carea' id='block_1_59' title="bbox 2136 2672 3726 2743">
    <p class='ocr_par' dir='ltr' id='par_1_59' title="bbox 2136 2672 3726 2743">
     <span class='ocr_line' id='line_1_59' title="bbox 2136 2672 3726 2743; baseline -0.001 -15"><span class='ocrx_word' id='word_1_474' title='bbox 2136 2688 2259 2728; x_wconf 88' lang='lat' dir='ltr'>eum</span> <span class='ocrx_word' id='word_1_475' title='bbox 2298 2672 2472 2738; x_wconf 90' lang='lat' dir='ltr'>vobis,</span> <span class='ocrx_word' id='word_1_476' title='bbox 2510 2672 2690 2743; x_wconf 90' lang='lat' dir='ltr'>ipsum</span> <span class='ocrx_word' id='word_1_477' title='bbox 2719 2672 2921 2728; x_wconf 83' lang='lat' dir='ltr'>audite.</span> <span class='ocrx_word' id='word_1_478' title='bbox 2944 2673 3215 2740; x_wconf 80' lang='lat' dir='ltr'>Misimus,</span> <span class='ocrx_word' id='word_1_479' title='bbox 3237 2673 3477 2743; x_wconf 91' lang='lat' dir='ltr'>inquam,</span> <span class='ocrx_word' id='word_1_480' title='bbox 3501 2673 3573 2727; x_wconf 89' lang='lat' dir='ltr'>ad</span> <span class='ocrx_word' id='word_1_481' title='bbox 3590 2688 3726 2727; x_wconf 88' lang='lat' dir='ltr'>con—</span> 
     </span>
    </p>
   </div>
   <div class='ocr_carea' id='block_1_60' title="bbox 2136 2759 3726 2831">
    <p class='ocr_par' dir='ltr' id='par_1_60' title="bbox 2136 2759 3726 2831">
     <span class='ocr_line' id='line_1_60' title="bbox 2136 2759 3726 2831; baseline 0 -16"><span class='ocrx_word' id='word_1_482' title='bbox 2136 2760 2445 2830; x_wconf 82' lang='lat' dir='ltr'>ﬁrmandos</span> <span class='ocrx_word' id='word_1_483' title='bbox 2460 2777 2569 2828; x_wconf 90' lang='lat' dir='ltr'>vos,</span> <span class='ocrx_word' id='word_1_484' title='bbox 2601 2768 2659 2815; x_wconf 90' lang='lat' dir='ltr'>ut</span> <span class='ocrx_word' id='word_1_485' title='bbox 2686 2760 2743 2814; x_wconf 92' lang='lat' dir='ltr'>in</span> <span class='ocrx_word' id='word_1_486' title='bbox 2780 2760 2972 2816; x_wconf 90' lang='lat' dir='ltr'>melius</span> <span class='ocrx_word' id='word_1_487' title='bbox 2992 2759 3352 2831; x_wconf 86' lang='lat' dir='ltr'>proﬁceretis.</span> <span class='ocrx_word' id='word_1_488' title='bbox 3383 2759 3726 2816; x_wconf 88' lang='lat' dir='ltr'>Conﬁrman-</span> 
     </span>
    </p>
   </div>
   <div class='ocr_carea' id='block_1_61' title="bbox 2138 2847 3724 2921">
    <p class='ocr_par' dir='ltr' id='par_1_61' title="bbox 2138 2847 3724 2921">
     <span class='ocr_line' id='line_1_61' title="bbox 2138 2847 3724 2921; baseline 0 -18"><span class='ocrx_word' id='word_1_489' title='bbox 2138 2849 2238 2904; x_wconf 90' lang='lat' dir='ltr'>dos</span> <span class='ocrx_word' id='word_1_490' title='bbox 2269 2853 2325 2905; x_wconf 88' lang='lat' dir='ltr'>et</span> <span class='ocrx_word' id='word_1_491' title='bbox 2356 2849 2741 2905; x_wconf 73' lang='lat' dir='ltr'>exhortandos</span> <span class='ocrx_word' id='word_1_492' title='bbox 2761 2847 2885 2905; x_wconf 91' lang='lat' dir='ltr'>dico</span> <span class='ocrx_word' id='word_1_493' title='bbox 2904 2866 3007 2921; x_wconf 90' lang='lat' dir='ltr'>pro</span> <span class='ocrx_word' id='word_1_494' title='bbox 3022 2850 3129 2919; x_wconf 81' lang='lat' dir='ltr'>ﬁde</span> <span class='ocrx_word' id='word_1_495' title='bbox 3146 2854 3331 2905; x_wconf 88' lang='lat' dir='ltr'>vestra</span> <span class='ocrx_word' id='word_1_496' title='bbox 3347 2848 3724 2918; x_wconf 89' lang='lat' dir='ltr'>custodienda,</span> 
     </span>
    </p>
   </div>
   <div class='ocr_carea' id='block_1_62' title="bbox 2141 2936 3729 3005">
    <p class='ocr_par' dir='ltr' id='par_1_62' title="bbox 2141 2936 3729 3005">
     <span class='ocr_line' id='line_1_62' title="bbox 2141 2936 3729 3005; baseline 0.001 -14"><span class='ocrx_word' id='word_1_497' title='bbox 2141 2954 2209 2991; x_wconf 91' lang='lat' dir='ltr'>ne</span> <span class='ocrx_word' id='word_1_498' title='bbox 2241 2945 2380 2992; x_wconf 82' lang='lat' dir='ltr'>erret</span> <span class='ocrx_word' id='word_1_499' title='bbox 2398 2938 2484 2993; x_wconf 90' lang='lat' dir='ltr'>vel</span> <span class='ocrx_word' id='word_1_500' title='bbox 2501 2936 2734 2992; x_wconf 86' lang='lat' dir='ltr'>deficiat.</span> <span class='ocrx_word' id='word_1_501' title='bbox 2762 2936 3182 3005; x_wconf 83' lang='lat' dir='ltr'>Conﬁrmandos</span> <span class='ocrx_word' id='word_1_502' title='bbox 3201 2937 3326 2992; x_wconf 90' lang='lat' dir='ltr'>dico</span> <span class='ocrx_word' id='word_1_503' title='bbox 3346 2941 3413 2991; x_wconf 89' lang='lat' dir='ltr'>ut</span> <span class='ocrx_word' id='word_1_504' title='bbox 3430 2952 3592 2992; x_wconf 88' lang='lat' dir='ltr'>nemo</span> <span class='ocrx_word' id='word_1_505' title='bbox 3614 2952 3729 2992; x_wconf 88' lang='lat' dir='ltr'>ves-</span> 
     </span>
    </p>
   </div>
   <div class='ocr_carea' id='block_1_63' title="bbox 448 2983 2034 3096">
    <p class='ocr_par' dir='ltr' id='par_1_63' title="bbox 448 3008 2034 3078">
     <span class='ocr_line' id='line_1_63' title="bbox 448 3008 2034 3078; baseline 0.003 -16"><span class='ocrx_word' id='word_1_506' title='bbox 448 3014 533 3062; x_wconf 91' lang='lat' dir='ltr'>est</span> <span class='ocrx_word' id='word_1_507' title='bbox 560 3008 830 3078; x_wconf 87' lang='lat' dir='ltr'>gaudium</span> <span class='ocrx_word' id='word_1_508' title='bbox 860 3014 914 3064; x_wconf 91' lang='lat' dir='ltr'>et</span> <span class='ocrx_word' id='word_1_509' title='bbox 970 3023 1177 3065; x_wconf 84' lang='lat' dir='ltr'>corona</span> <span class='ocrx_word' id='word_1_510' title='bbox 1206 3023 1332 3064; x_wconf 89' lang='lat' dir='ltr'>mea</span> <span class='ocrx_word' id='word_1_511' title='bbox 1353 3010 1380 3063; x_wconf 82' lang='lat'><strong>?</strong></span> <span class='ocrx_word' id='word_1_512' title='bbox 1413 3009 1522 3064; x_wconf 90' lang='lat' dir='ltr'>Sed</span> <span class='ocrx_word' id='word_1_513' title='bbox 1549 3026 1740 3067; x_wconf 86' lang='lat' dir='ltr'>nonne</span> <span class='ocrx_word' id='word_1_514' title='bbox 1766 3026 1858 3067; x_wconf 89' lang='lat' dir='ltr'>vos</span> <span class='ocrx_word' id='word_1_515' title='bbox 1900 3013 2034 3067; x_wconf 84' lang='lat' dir='ltr'>estis</span> 
     </span>
    </p>
   </div>
   <div class='ocr_carea' id='block_1_64' title="bbox 2139 2983 3729 3096">
    <p class='ocr_par' dir='ltr' id='par_1_64' title="bbox 2142 2983 3729 3096">
     <span class='ocr_line' id='line_1_64' title="bbox 2142 2983 3702 3005; baseline 0.001 -15"><span class='ocrx_word' id='word_1_516' title='bbox 2142 2983 2209 2991; x_wconf 65' lang='grc' dir='ltr'>..ν</span> <span class='ocrx_word' id='word_1_517' title='bbox 2243 2983 2379 2992; x_wconf 64' lang='grc' dir='ltr'>νην-</span> <span class='ocrx_word' id='word_1_518' title='bbox 2411 2983 2484 2993; x_wconf 67' lang='lat'>.-.</span> <span class='ocrx_word' id='word_1_519' title='bbox 2504 2983 2734 2992; x_wconf 52' lang='grc' dir='ltr'>νην--.</span> <span class='ocrx_word' id='word_1_520' title='bbox 2765 2983 2930 3005; x_wconf 64' lang='lat'>--.-,..</span> <span class='ocrx_word' id='word_1_521' title='bbox 2952 2983 3179 2993; x_wconf 66' lang='lat'>..-...-_.--</span> <span class='ocrx_word' id='word_1_522' title='bbox 3204 2983 3322 2992; x_wconf 61' lang='grc' dir='ltr'>..-ν</span> <span class='ocrx_word' id='word_1_523' title='bbox 3350 2983 3408 2991; x_wconf 88' lang='grc'>..-</span> <span class='ocrx_word' id='word_1_524' title='bbox 3433 2983 3587 2992; x_wconf 63' lang='grc' dir='ltr'>.--πη</span> <span class='ocrx_word' id='word_1_525' title='bbox 3617 2983 3702 2992; x_wconf 63' lang='grc' dir='ltr'>η-</span> 
     </span>
     <span class='ocr_line' id='line_1_65' title="bbox 2142 3026 3729 3096; baseline -0.001 -16"><span class='ocrx_word' id='word_1_526' title='bbox 2142 3030 2295 3089; x_wconf 87' lang='lat' dir='ltr'>trum</span> <span class='ocrx_word' id='word_1_527' title='bbox 2323 3029 2616 3081; x_wconf 87' lang='lat' dir='ltr'>moveatur</span> <span class='ocrx_word' id='word_1_528' title='bbox 2654 3026 2716 3079; x_wconf 89' lang='lat' dir='ltr'>in</span> <span class='ocrx_word' id='word_1_529' title='bbox 2759 3026 3216 3081; x_wconf 86' lang='lat' dir='ltr'>tribulationibus</span> <span class='ocrx_word' id='word_1_530' title='bbox 3234 3026 3377 3090; x_wconf 88' lang='lat' dir='ltr'>istis,</span> <span class='ocrx_word' id='word_1_531' title='bbox 3404 3039 3540 3096; x_wconf 91' lang='lat' dir='ltr'>quas</span> <span class='ocrx_word' id='word_1_532' title='bbox 3556 3032 3609 3079; x_wconf 90' lang='lat' dir='ltr'>et</span> <span class='ocrx_word' id='word_1_533' title='bbox 3628 3040 3729 3080; x_wconf 85' lang='lat' dir='ltr'>vos</span> 
     </span>
    </p>
   </div>
   <div class='ocr_carea' id='block_1_65' title="bbox 446 3095 2037 3167">
    <p class='ocr_par' dir='ltr' id='par_1_65' title="bbox 446 3095 2037 3167">
     <span class='ocr_line' id='line_1_66' title="bbox 446 3095 2037 3167; baseline 0.003 -18"><span class='ocrx_word' id='word_1_534' title='bbox 446 3110 549 3165; x_wconf 89' lang='lat' dir='ltr'>per</span> <span class='ocrx_word' id='word_1_535' title='bbox 575 3095 863 3166; x_wconf 87' lang='lat' dir='ltr'>puritatem</span> <span class='ocrx_word' id='word_1_536' title='bbox 892 3097 1018 3152; x_wconf 68' lang='lat' dir='ltr'>vitae</span> <span class='ocrx_word' id='word_1_537' title='bbox 1038 3096 1199 3167; x_wconf 92' lang='lat' dir='ltr'>positi</span> <span class='ocrx_word' id='word_1_538' title='bbox 1229 3113 1372 3153; x_wconf 89' lang='lat' dir='ltr'>nunc</span> <span class='ocrx_word' id='word_1_539' title='bbox 1401 3106 1527 3153; x_wconf 88' lang='lat' dir='ltr'>ante</span> <span class='ocrx_word' id='word_1_540' title='bbox 1582 3099 1874 3154; x_wconf 90' lang='lat' dir='ltr'>Dominum</span> <span class='ocrx_word' id='word_1_541' title='bbox 1903 3115 2037 3155; x_wconf 85' lang='lat' dir='ltr'>nos-</span> 
     </span>
    </p>
   </div>
   <div class='ocr_carea' id='block_1_66' title="bbox 449 3184 2039 3258">
    <p class='ocr_par' dir='ltr' id='par_1_66' title="bbox 449 3184 2039 3258">
     <span class='ocr_line' id='line_1_67' title="bbox 449 3184 2039 3258; baseline 0.004 -21"><span class='ocrx_word' id='word_1_542' title='bbox 449 3190 593 3237; x_wconf 90' lang='lat' dir='ltr'>trum</span> <span class='ocrx_word' id='word_1_543' title='bbox 614 3184 803 3239; x_wconf 87' lang='lat' dir='ltr'>Jesum</span> <span class='ocrx_word' id='word_1_544' title='bbox 821 3184 849 3238; x_wconf 85' lang='lat'><strong>?</strong></span> <span class='ocrx_word' id='word_1_545' title='bbox 879 3187 1031 3240; x_wconf 85' lang='lat' dir='ltr'>Estis</span> <span class='ocrx_word' id='word_1_546' title='bbox 1060 3184 1185 3240; x_wconf 91' lang='lat' dir='ltr'>dico</span> <span class='ocrx_word' id='word_1_547' title='bbox 1242 3200 1449 3242; x_wconf 88' lang='lat' dir='ltr'>corona</span> <span class='ocrx_word' id='word_1_548' title='bbox 1477 3194 1786 3258; x_wconf 70' lang='lat' dir='ltr'>praeparata</span> <span class='ocrx_word' id='word_1_549' title='bbox 1815 3187 1950 3243; x_wconf 90' lang='lat' dir='ltr'>mihi</span> <span class='ocrx_word' id='word_1_550' title='bbox 1976 3189 2039 3244; x_wconf 86' lang='lat' dir='ltr'>in</span> 
     </span>
    </p>
   </div>
   <div class='ocr_carea' id='block_1_67' title="bbox 450 3271 2039 3346">
    <p class='ocr_par' dir='ltr' id='par_1_67' title="bbox 450 3271 2039 3346">
     <span class='ocr_line' id='line_1_68' title="bbox 450 3271 2039 3346; baseline 0.004 -20"><span class='ocrx_word' id='word_1_551' title='bbox 450 3271 700 3327; x_wconf 85' lang='lat' dir='ltr'>adventu</span> <span class='ocrx_word' id='word_1_552' title='bbox 728 3274 869 3343; x_wconf 88' lang='lat' dir='ltr'>ejus.</span> <span class='ocrx_word' id='word_1_553' title='bbox 893 3272 1037 3329; x_wconf 83' lang='lat' dir='ltr'>Vere</span> <span class='ocrx_word' id='word_1_554' title='bbox 1070 3280 1199 3329; x_wconf 89' lang='lat' dir='ltr'>tunc</span> <span class='ocrx_word' id='word_1_555' title='bbox 1224 3272 1378 3329; x_wconf 89' lang='lat' dir='ltr'>eritis</span> <span class='ocrx_word' id='word_1_556' title='bbox 1406 3274 1668 3346; x_wconf 80' lang='lat' dir='ltr'>gaudium</span> <span class='ocrx_word' id='word_1_557' title='bbox 1694 3276 1827 3330; x_wconf 90' lang='lat' dir='ltr'>mihi</span> <span class='ocrx_word' id='word_1_558' title='bbox 1858 3283 1912 3331; x_wconf 92' lang='lat' dir='ltr'>et</span> <span class='ocrx_word' id='word_1_559' title='bbox 1940 3292 2039 3332; x_wconf 94' lang='lat' dir='ltr'>co-</span> 
     </span>
    </p>
   </div>
   <div class='ocr_carea' id='block_1_68' title="bbox 451 3359 2042 3435">
    <p class='ocr_par' dir='ltr' id='par_1_68' title="bbox 451 3359 2042 3435">
     <span class='ocr_line' id='line_1_69' title="bbox 451 3359 2042 3435; baseline 0.004 -22"><span class='ocrx_word' id='word_1_560' title='bbox 451 3373 604 3429; x_wconf 86' lang='lat' dir='ltr'>rona,</span> <span class='ocrx_word' id='word_1_561' title='bbox 639 3359 764 3431; x_wconf 91' lang='lat' dir='ltr'>quia</span> <span class='ocrx_word' id='word_1_562' title='bbox 797 3360 957 3416; x_wconf 89' lang='lat' dir='ltr'>etiam</span> <span class='ocrx_word' id='word_1_563' title='bbox 981 3362 1110 3430; x_wconf 89' lang='lat' dir='ltr'>jam,</span> <span class='ocrx_word' id='word_1_564' title='bbox 1144 3362 1237 3417; x_wconf 91' lang='lat' dir='ltr'>ubi</span> <span class='ocrx_word' id='word_1_565' title='bbox 1267 3378 1430 3419; x_wconf 89' lang='lat' dir='ltr'>carne</span> <span class='ocrx_word' id='word_1_566' title='bbox 1476 3380 1719 3435; x_wconf 86' lang='lat' dir='ltr'>pressus,</span> <span class='ocrx_word' id='word_1_567' title='bbox 1752 3365 1931 3421; x_wconf 84' lang='lat' dir='ltr'>minus</span> <span class='ocrx_word' id='word_1_568' title='bbox 1959 3364 2042 3420; x_wconf 85' lang='lat' dir='ltr'>in-</span> 
     </span>
    </p>
   </div>
   <div class='ocr_carea' id='block_1_69' title="bbox 448 3446 1787 3523">
    <p class='ocr_par' dir='ltr' id='par_1_69' title="bbox 448 3446 1787 3523">
     <span class='ocr_line' id='line_1_70' title="bbox 448 3446 1787 3523; baseline 0.004 -21"><span class='ocrx_word' id='word_1_569' title='bbox 448 3446 655 3523; x_wconf 84' lang='lat' dir='ltr'>telligo,</span> <span class='ocrx_word' id='word_1_570' title='bbox 703 3450 838 3506; x_wconf 85' lang='lat' dir='ltr'>estis</span> <span class='ocrx_word' id='word_1_571' title='bbox 866 3466 960 3506; x_wconf 89' lang='lat' dir='ltr'>vos</span> <span class='ocrx_word' id='word_1_572' title='bbox 990 3451 1170 3521; x_wconf 87' lang='lat' dir='ltr'>gloria</span> <span class='ocrx_word' id='word_1_573' title='bbox 1189 3456 1387 3507; x_wconf 90' lang='lat' dir='ltr'>nostra</span> <span class='ocrx_word' id='word_1_574' title='bbox 1416 3456 1472 3508; x_wconf 91' lang='lat' dir='ltr'>et</span> <span class='ocrx_word' id='word_1_575' title='bbox 1501 3453 1787 3523; x_wconf 87' lang='lat' dir='ltr'>gaudium.</span> 
     </span>
    </p>
   </div>
   <div class='ocr_carea' id='block_1_70' title="bbox 1126 3599 1472 3657">
    <p class='ocr_par' dir='ltr' id='par_1_70' title="bbox 1126 3599 1472 3657">
     <span class='ocr_line' id='line_1_71' title="bbox 1126 3599 1472 3657; baseline 0 -2"><span class='ocrx_word' id='word_1_576' title='bbox 1126 3599 1350 3657; x_wconf 83' lang='lat' dir='ltr'>CAPUT</span> <span class='ocrx_word' id='word_1_577' title='bbox 1380 3602 1472 3656; x_wconf 87' lang='lat' dir='ltr'>III.</span> 
     </span>
    </p>
   </div>
   <div class='ocr_carea' id='block_1_71' title="bbox 530 3731 2045 3805">
    <p class='ocr_par' dir='ltr' id='par_1_71' title="bbox 530 3731 2045 3805">
     <span class='ocr_line' id='line_1_72' title="bbox 530 3731 2045 3805; baseline 0.003 -20"><span class='ocrx_word' id='word_1_578' title='bbox 530 3754 553 3785; x_wconf 73' lang='grc' dir='ltr'><strong>α</strong></span> <span class='ocrx_word' id='word_1_579' title='bbox 586 3734 815 3802; x_wconf 89' lang='lat' dir='ltr'>Propter</span> <span class='ocrx_word' id='word_1_580' title='bbox 843 3731 991 3802; x_wconf 91' lang='lat' dir='ltr'>quod</span> <span class='ocrx_word' id='word_1_581' title='bbox 1018 3746 1129 3786; x_wconf 90' lang='lat' dir='ltr'>non</span> <span class='ocrx_word' id='word_1_582' title='bbox 1159 3732 1488 3787; x_wconf 88' lang='lat' dir='ltr'>sustinentes</span> <span class='ocrx_word' id='word_1_583' title='bbox 1536 3733 1786 3804; x_wconf 78' lang='lat' dir='ltr'>atnplius,</span> <span class='ocrx_word' id='word_1_584' title='bbox 1847 3734 2045 3805; x_wconf 90' lang='lat' dir='ltr'>placuit</span> 
     </span>
    </p>
   </div>
   <div class='ocr_carea' id='block_1_72' title="bbox 460 3819 2045 3893">
    <p class='ocr_par' dir='ltr' id='par_1_72' title="bbox 460 3819 2045 3893">
     <span class='ocr_line' id='line_1_73' title="bbox 460 3819 2045 3893; baseline 0.006 -25"><span class='ocrx_word' id='word_1_585' title='bbox 460 3844 483 3868; x_wconf 73' lang='grc' dir='ltr'>α</span> <span class='ocrx_word' id='word_1_586' title='bbox 516 3819 673 3875; x_wconf 90' lang='lat' dir='ltr'>nobis</span> <span class='ocrx_word' id='word_1_587' title='bbox 703 3832 992 3873; x_wconf 89' lang='lat' dir='ltr'>remanere</span> <span class='ocrx_word' id='word_1_588' title='bbox 1021 3820 1267 3886; x_wconf 84' lang='lat' dir='ltr'>Athenis,</span> <span class='ocrx_word' id='word_1_589' title='bbox 1303 3820 1433 3875; x_wconf 91' lang='lat' dir='ltr'>solis</span> <span class='ocrx_word' id='word_1_590' title='bbox 1466 3820 1587 3891; x_wconf 88' lang='lat' dir='ltr'>[al.,</span> <span class='ocrx_word' id='word_1_591' title='bbox 1624 3820 1826 3893; x_wconf 89' lang='lat' dir='ltr'>solos];</span> <span class='ocrx_word' id='word_1_592' title='bbox 1862 3830 1914 3877; x_wconf 91' lang='lat' dir='ltr'>et</span> <span class='ocrx_word' id='word_1_593' title='bbox 1943 3823 2045 3878; x_wconf 89' lang='lat' dir='ltr'>mi-</span> 
     </span>
    </p>
   </div>
   <div class='ocr_carea' id='block_1_73' title="bbox 459 3905 2044 3973">
    <p class='ocr_par' dir='ltr' id='par_1_73' title="bbox 459 3905 2044 3973">
     <span class='ocr_line' id='line_1_74' title="bbox 459 3905 2044 3973; baseline 0.004 -15"><span class='ocrx_word' id='word_1_594' title='bbox 459 3928 481 3958; x_wconf 75' lang='grc' dir='ltr'><strong><em>α</em></strong></span> <span class='ocrx_word' id='word_1_595' title='bbox 519 3907 688 3961; x_wconf 90' lang='lat' dir='ltr'>simus</span> <span class='ocrx_word' id='word_1_596' title='bbox 716 3905 1055 3960; x_wconf 89' lang='lat' dir='ltr'>Timotheum</span> <span class='ocrx_word' id='word_1_597' title='bbox 1084 3907 1306 3961; x_wconf 86' lang='lat' dir='ltr'>fratrem</span> <span class='ocrx_word' id='word_1_598' title='bbox 1364 3916 1631 3973; x_wconf 93' lang='lat' dir='ltr'>nostrum,</span> <span class='ocrx_word' id='word_1_599' title='bbox 1662 3916 1714 3963; x_wconf 90' lang='lat' dir='ltr'>et</span> <span class='ocrx_word' id='word_1_600' title='bbox 1742 3910 2044 3965; x_wconf 90' lang='lat' dir='ltr'>ministrum</span> 
     </span>
    </p>
   </div>
   <div class='ocr_carea' id='block_1_74' title="bbox 458 3992 2046 4065">
    <p class='ocr_par' dir='ltr' id='par_1_74' title="bbox 458 3992 2046 4065">
     <span class='ocr_line' id='line_1_75' title="bbox 458 3992 2046 4065; baseline 0.008 -23"><span class='ocrx_word' id='word_1_601' title='bbox 458 4017 482 4042; x_wconf 74' lang='grc' dir='ltr'>«ι</span> <span class='ocrx_word' id='word_1_602' title='bbox 518 3994 618 4049; x_wconf 92' lang='lat' dir='ltr'>Dei</span> <span class='ocrx_word' id='word_1_603' title='bbox 648 3993 702 4047; x_wconf 92' lang='lat' dir='ltr'>in</span> <span class='ocrx_word' id='word_1_604' title='bbox 730 3992 1086 4065; x_wconf 85' lang='lat' dir='ltr'>Evangelium</span> <span class='ocrx_word' id='word_1_605' title='bbox 1120 3994 1340 4064; x_wconf 89' lang='lat' dir='ltr'>Christi,</span> <span class='ocrx_word' id='word_1_606' title='bbox 1400 3995 1469 4050; x_wconf 89' lang='lat' dir='ltr'>ad</span> <span class='ocrx_word' id='word_1_607' title='bbox 1518 3995 1917 4054; x_wconf 89' lang='lat' dir='ltr'>conﬁrmandos</span> <span class='ocrx_word' id='word_1_608' title='bbox 1948 4016 2046 4054; x_wconf 90' lang='lat' dir='ltr'>vos</span> 
     </span>
    </p>
   </div>
   <div class='ocr_carea' id='block_1_75' title="bbox 459 4080 2048 4151">
    <p class='ocr_par' dir='ltr' id='par_1_75' title="bbox 459 4080 2048 4151">
     <span class='ocr_line' id='line_1_76' title="bbox 459 4080 2048 4151; baseline 0.006 -19"><span class='ocrx_word' id='word_1_609' title='bbox 459 4103 482 4132; x_wconf 76' lang='grc' dir='ltr'><strong><em>ι</em></strong></span> <span class='ocrx_word' id='word_1_610' title='bbox 518 4088 571 4137; x_wconf 90' lang='lat' dir='ltr'>et</span> <span class='ocrx_word' id='word_1_611' title='bbox 600 4081 962 4136; x_wconf 87' lang='lat' dir='ltr'>exhortandos</span> <span class='ocrx_word' id='word_1_612' title='bbox 992 4097 1090 4151; x_wconf 93' lang='lat' dir='ltr'>pro</span> <span class='ocrx_word' id='word_1_613' title='bbox 1122 4080 1225 4137; x_wconf 89' lang='lat' dir='ltr'>ﬁde</span> <span class='ocrx_word' id='word_1_614' title='bbox 1256 4091 1460 4149; x_wconf 89' lang='lat' dir='ltr'>vestra,</span> <span class='ocrx_word' id='word_1_615' title='bbox 1494 4091 1554 4138; x_wconf 92' lang='lat' dir='ltr'>ut</span> <span class='ocrx_word' id='word_1_616' title='bbox 1583 4100 1742 4140; x_wconf 89' lang='lat' dir='ltr'>nemo</span> <span class='ocrx_word' id='word_1_617' title='bbox 1764 4094 2048 4142; x_wconf 87' lang='lat' dir='ltr'>moveatur</span> 
     </span>
    </p>
   </div>
   <div class='ocr_carea' id='block_1_76' title="bbox 460 4168 2047 4246">
    <p class='ocr_par' dir='ltr' id='par_1_76' title="bbox 460 4168 2047 4246">
     <span class='ocr_line' id='line_1_77' title="bbox 460 4168 2047 4246; baseline 0.005 -24"><span class='ocrx_word' id='word_1_618' title='bbox 460 4191 482 4216; x_wconf 75' lang='grc' dir='ltr'>α</span> <span class='ocrx_word' id='word_1_619' title='bbox 517 4169 573 4223; x_wconf 91' lang='lat' dir='ltr'>in</span> <span class='ocrx_word' id='word_1_620' title='bbox 602 4168 1039 4224; x_wconf 87' lang='lat' dir='ltr'>tribulationibus</span> <span class='ocrx_word' id='word_1_621' title='bbox 1098 4170 1236 4224; x_wconf 91' lang='lat' dir='ltr'>istis.</span> <span class='ocrx_word' id='word_1_622' title='bbox 1268 4171 1379 4241; x_wconf 92' lang='lat' dir='ltr'>Ipsi</span> <span class='ocrx_word' id='word_1_623' title='bbox 1423 4171 1568 4226; x_wconf 89' lang='lat' dir='ltr'>enim</span> <span class='ocrx_word' id='word_1_624' title='bbox 1624 4173 1771 4228; x_wconf 90' lang='lat' dir='ltr'>scitis</span> <span class='ocrx_word' id='word_1_625' title='bbox 1818 4176 1963 4246; x_wconf 91' lang='lat' dir='ltr'>quod</span> <span class='ocrx_word' id='word_1_626' title='bbox 1992 4176 2047 4229; x_wconf 91' lang='lat' dir='ltr'>in</span> 
     </span>
    </p>
   </div>
   <div class='ocr_carea' id='block_1_77' title="bbox 460 4255 2042 4331">
    <p class='ocr_par' dir='ltr' id='par_1_77' title="bbox 460 4255 2042 4331">
     <span class='ocr_line' id='line_1_78' title="bbox 460 4255 2042 4331; baseline 0.006 -23"><span class='ocrx_word' id='word_1_627' title='bbox 460 4277 482 4308; x_wconf 77' lang='grc' dir='ltr'>ι</span> <span class='ocrx_word' id='word_1_628' title='bbox 519 4258 623 4311; x_wconf 92' lang='lat' dir='ltr'>hoc</span> <span class='ocrx_word' id='word_1_629' title='bbox 651 4255 813 4326; x_wconf 86' lang='lat' dir='ltr'>positi</span> <span class='ocrx_word' id='word_1_630' title='bbox 845 4273 1049 4312; x_wconf 91' lang='lat' dir='ltr'>sumus.</span> <span class='ocrx_word' id='word_1_631' title='bbox 1084 4259 1225 4313; x_wconf 90' lang='lat' dir='ltr'>Nam</span> <span class='ocrx_word' id='word_1_632' title='bbox 1247 4267 1300 4314; x_wconf 93' lang='lat' dir='ltr'>et</span> <span class='ocrx_word' id='word_1_633' title='bbox 1328 4275 1452 4315; x_wconf 86' lang='lat' dir='ltr'>cum</span> <span class='ocrx_word' id='word_1_634' title='bbox 1482 4261 1626 4331; x_wconf 92' lang='lat' dir='ltr'>apud</span> <span class='ocrx_word' id='word_1_635' title='bbox 1656 4277 1753 4317; x_wconf 93' lang='lat' dir='ltr'>vos</span> <span class='ocrx_word' id='word_1_636' title='bbox 1776 4278 2042 4329; x_wconf 90' lang='lat' dir='ltr'>essemus,</span> 
     </span>
    </p>
   </div>
   <div class='ocr_carea' id='block_1_78' title="bbox 2138 3112 3729 3184">
    <p class='ocr_par' dir='ltr' id='par_1_78' title="bbox 2138 3112 3729 3184">
     <span class='ocr_line' id='line_1_79' title="bbox 2138 3112 3729 3184; baseline -0.001 -17"><span class='ocrx_word' id='word_1_637' title='bbox 2138 3112 2383 3184; x_wconf 90' lang='lat' dir='ltr'>patimini</span> <span class='ocrx_word' id='word_1_638' title='bbox 2404 3120 2455 3167; x_wconf 88' lang='lat' dir='ltr'>et</span> <span class='ocrx_word' id='word_1_639' title='bbox 2479 3127 2581 3168; x_wconf 91' lang='lat' dir='ltr'>nos</span> <span class='ocrx_word' id='word_1_640' title='bbox 2599 3112 2854 3183; x_wconf 87' lang='lat' dir='ltr'>patimur.</span> <span class='ocrx_word' id='word_1_641' title='bbox 2880 3112 2984 3169; x_wconf 90' lang='lat' dir='ltr'>Ubi</span> <span class='ocrx_word' id='word_1_642' title='bbox 2999 3112 3100 3167; x_wconf 89' lang='lat' dir='ltr'>ait:</span> <span class='ocrx_word' id='word_1_643' title='bbox 3122 3114 3290 3169; x_wconf 88' lang='lat' dir='ltr'>Nemo</span> <span class='ocrx_word' id='word_1_644' title='bbox 3313 3117 3618 3179; x_wconf 85' lang='lat' dir='ltr'>moveatur,</span> <span class='ocrx_word' id='word_1_645' title='bbox 3637 3112 3729 3166; x_wconf 91' lang='lat' dir='ltr'>in-</span> 
     </span>
    </p>
   </div>
   <div class='ocr_carea' id='block_1_79' title="bbox 2140 3201 3730 3267">
    <p class='ocr_par' dir='ltr' id='par_1_79' title="bbox 2140 3201 3730 3267">
     <span class='ocr_line' id='line_1_80' title="bbox 2140 3201 3730 3267; baseline -0.001 -11"><span class='ocrx_word' id='word_1_646' title='bbox 2140 3201 2254 3256; x_wconf 90' lang='lat' dir='ltr'>nuit</span> <span class='ocrx_word' id='word_1_647' title='bbox 2297 3216 2392 3256; x_wconf 92' lang='lat' dir='ltr'>eos</span> <span class='ocrx_word' id='word_1_648' title='bbox 2420 3201 2663 3256; x_wconf 90' lang='lat' dir='ltr'>nondum</span> <span class='ocrx_word' id='word_1_649' title='bbox 2712 3207 2907 3267; x_wconf 86' lang='lat' dir='ltr'>motos,</span> <span class='ocrx_word' id='word_1_650' title='bbox 2940 3208 2993 3255; x_wconf 91' lang='lat' dir='ltr'>et</span> <span class='ocrx_word' id='word_1_651' title='bbox 3035 3217 3095 3255; x_wconf 91' lang='lat' dir='ltr'>se</span> <span class='ocrx_word' id='word_1_652' title='bbox 3124 3201 3268 3256; x_wconf 89' lang='lat' dir='ltr'>nolle</span> <span class='ocrx_word' id='word_1_653' title='bbox 3297 3201 3490 3256; x_wconf 89' lang='lat' dir='ltr'>saltem</span> <span class='ocrx_word' id='word_1_654' title='bbox 3509 3216 3730 3255; x_wconf 87' lang='lat' dir='ltr'>unuma</span> 
     </span>
    </p>
   </div>
   <div class='ocr_carea' id='block_1_80' title="bbox 2141 3288 3731 3360">
    <p class='ocr_par' dir='ltr' id='par_1_80' title="bbox 2141 3288 3731 3360">
     <span class='ocr_line' id='line_1_81' title="bbox 2141 3288 3731 3360; baseline 0.001 -17"><span class='ocrx_word' id='word_1_655' title='bbox 2141 3288 2247 3344; x_wconf 89' lang='lat' dir='ltr'>ﬁde</span> <span class='ocrx_word' id='word_1_656' title='bbox 2263 3288 2492 3345; x_wconf 89' lang='lat' dir='ltr'>moveri.</span> <span class='ocrx_word' id='word_1_657' title='bbox 2513 3288 2630 3345; x_wconf 90' lang='lat' dir='ltr'>Nec</span> <span class='ocrx_word' id='word_1_658' title='bbox 2653 3288 2862 3344; x_wconf 89' lang='lat' dir='ltr'>debetis</span> <span class='ocrx_word' id='word_1_659' title='bbox 2882 3288 3089 3344; x_wconf 86' lang='lat' dir='ltr'>moveri</span> <span class='ocrx_word' id='word_1_660' title='bbox 3117 3306 3131 3355; x_wconf 91' lang='lat'><strong>;</strong></span> <span class='ocrx_word' id='word_1_661' title='bbox 3153 3290 3263 3360; x_wconf 84' lang='lat' dir='ltr'>ipsi</span> <span class='ocrx_word' id='word_1_662' title='bbox 3283 3290 3435 3344; x_wconf 87' lang='lat' dir='ltr'>enim</span> <span class='ocrx_word' id='word_1_663' title='bbox 3460 3289 3598 3344; x_wconf 86' lang='lat' dir='ltr'>bene</span> <span class='ocrx_word' id='word_1_664' title='bbox 3615 3289 3731 3345; x_wconf 88' lang='lat' dir='ltr'>sci-</span> 
     </span>
    </p>
   </div>
   <div class='ocr_carea' id='block_1_81' title="bbox 2144 3377 3735 3450">
    <p class='ocr_par' dir='ltr' id='par_1_81' title="bbox 2144 3377 3735 3450">
     <span class='ocr_line' id='line_1_82' title="bbox 2144 3377 3735 3450; baseline 0.001 -18"><span class='ocrx_word' id='word_1_665' title='bbox 2144 3380 2218 3433; x_wconf 89' lang='lat' dir='ltr'>tis</span> <span class='ocrx_word' id='word_1_666' title='bbox 2250 3378 2394 3450; x_wconf 89' lang='lat' dir='ltr'>quod</span> <span class='ocrx_word' id='word_1_667' title='bbox 2424 3392 2524 3432; x_wconf 91' lang='lat' dir='ltr'>nos</span> <span class='ocrx_word' id='word_1_668' title='bbox 2546 3385 2598 3432; x_wconf 93' lang='lat' dir='ltr'>et</span> <span class='ocrx_word' id='word_1_669' title='bbox 2628 3391 2726 3433; x_wconf 92' lang='lat' dir='ltr'>vos</span> <span class='ocrx_word' id='word_1_670' title='bbox 2749 3378 2924 3449; x_wconf 82' lang='lat' dir='ltr'>positi</span> <span class='ocrx_word' id='word_1_671' title='bbox 2955 3392 3152 3432; x_wconf 87' lang='lat' dir='ltr'>sumus</span> <span class='ocrx_word' id='word_1_672' title='bbox 3180 3379 3247 3433; x_wconf 88' lang='lat' dir='ltr'>in</span> <span class='ocrx_word' id='word_1_673' title='bbox 3268 3377 3367 3433; x_wconf 89' lang='lat' dir='ltr'>hoc</span> <span class='ocrx_word' id='word_1_674' title='bbox 3396 3386 3453 3432; x_wconf 90' lang='lat' dir='ltr'>ut</span> <span class='ocrx_word' id='word_1_675' title='bbox 3497 3377 3735 3433; x_wconf 81' lang='lat' dir='ltr'>adversa</span> 
     </span>
    </p>
   </div>
   <div class='ocr_carea' id='block_1_82' title="bbox 2143 3464 3727 3537">
    <p class='ocr_par' dir='ltr' id='par_1_82' title="bbox 2143 3464 3727 3537">
     <span class='ocr_line' id='line_1_83' title="bbox 2143 3464 3727 3537; baseline 0 -17"><span class='ocrx_word' id='word_1_676' title='bbox 2143 3466 2432 3537; x_wconf 89' lang='lat' dir='ltr'>patiamur.</span> <span class='ocrx_word' id='word_1_677' title='bbox 2460 3464 2620 3520; x_wconf 88' lang='lat' dir='ltr'>Scitis</span> <span class='ocrx_word' id='word_1_678' title='bbox 2651 3464 2854 3537; x_wconf 91' lang='lat' dir='ltr'>utique.</span> <span class='ocrx_word' id='word_1_679' title='bbox 2878 3465 3020 3521; x_wconf 86' lang='lat' dir='ltr'>Nam</span> <span class='ocrx_word' id='word_1_680' title='bbox 3032 3480 3160 3521; x_wconf 86' lang='lat' dir='ltr'>cum</span> <span class='ocrx_word' id='word_1_681' title='bbox 3182 3465 3330 3537; x_wconf 88' lang='lat' dir='ltr'>apud</span> <span class='ocrx_word' id='word_1_682' title='bbox 3350 3482 3439 3523; x_wconf 88' lang='lat' dir='ltr'>vos</span> <span class='ocrx_word' id='word_1_683' title='bbox 3460 3481 3727 3531; x_wconf 85' lang='lat' dir='ltr'>essemus,</span> 
     </span>
    </p>
   </div>
   <div class='ocr_carea' id='block_1_83' title="bbox 2142 3553 3728 3625">
    <p class='ocr_par' dir='ltr' id='par_1_83' title="bbox 2142 3553 3728 3625">
     <span class='ocr_line' id='line_1_84' title="bbox 2142 3553 3728 3625; baseline -0.001 -16"><span class='ocrx_word' id='word_1_684' title='bbox 2142 3554 2586 3625; x_wconf 65' lang='lat' dir='ltr'>pradicabamus</span> <span class='ocrx_word' id='word_1_685' title='bbox 2607 3554 2753 3608; x_wconf 87' lang='lat' dir='ltr'>vobis</span> <span class='ocrx_word' id='word_1_686' title='bbox 2769 3568 2871 3609; x_wconf 91' lang='lat' dir='ltr'>nos</span> <span class='ocrx_word' id='word_1_687' title='bbox 2890 3568 3008 3608; x_wconf 89' lang='lat' dir='ltr'>esse</span> <span class='ocrx_word' id='word_1_688' title='bbox 3028 3567 3287 3624; x_wconf 88' lang='lat' dir='ltr'>passuros</span> <span class='ocrx_word' id='word_1_689' title='bbox 3312 3553 3728 3620; x_wconf 83' lang='lat' dir='ltr'>tribulationes,</span> 
     </span>
    </p>
   </div>
   <div class='ocr_carea' id='block_1_84' title="bbox 2145 3640 3735 3711">
    <p class='ocr_par' dir='ltr' id='par_1_84' title="bbox 2145 3640 3735 3711">
     <span class='ocr_line' id='line_1_85' title="bbox 2145 3640 3735 3711; baseline 0 -16"><span class='ocrx_word' id='word_1_690' title='bbox 2145 3643 2295 3697; x_wconf 88' lang='lat' dir='ltr'>sicut</span> <span class='ocrx_word' id='word_1_691' title='bbox 2316 3641 2503 3711; x_wconf 89' lang='lat' dir='ltr'>utique</span> <span class='ocrx_word' id='word_1_692' title='bbox 2532 3655 2635 3711; x_wconf 93' lang='lat' dir='ltr'>pro</span> <span class='ocrx_word' id='word_1_693' title='bbox 2663 3640 2807 3696; x_wconf 92' lang='lat' dir='ltr'>dicto</span> <span class='ocrx_word' id='word_1_694' title='bbox 2826 3655 2951 3695; x_wconf 90' lang='lat' dir='ltr'>meo</span> <span class='ocrx_word' id='word_1_695' title='bbox 2979 3643 3198 3711; x_wconf 78' lang='lat' dir='ltr'>factum</span> <span class='ocrx_word' id='word_1_696' title='bbox 3229 3645 3332 3705; x_wconf 89' lang='lat' dir='ltr'>est,</span> <span class='ocrx_word' id='word_1_697' title='bbox 3365 3645 3421 3696; x_wconf 93' lang='lat' dir='ltr'>et</span> <span class='ocrx_word' id='word_1_698' title='bbox 3463 3655 3563 3695; x_wconf 92' lang='lat' dir='ltr'>vos</span> <span class='ocrx_word' id='word_1_699' title='bbox 3593 3640 3735 3695; x_wconf 90' lang='lat' dir='ltr'>bene</span> 
     </span>
    </p>
   </div>
   <div class='ocr_carea' id='block_1_85' title="bbox 2146 3727 3734 3801">
    <p class='ocr_par' dir='ltr' id='par_1_85' title="bbox 2146 3727 3734 3801">
     <span class='ocr_line' id='line_1_86' title="bbox 2146 3727 3734 3801; baseline -0.002 -17"><span class='ocrx_word' id='word_1_700' title='bbox 2146 3729 2305 3784; x_wconf 87' lang='lat' dir='ltr'>scitis</span> <span class='ocrx_word' id='word_1_701' title='bbox 2361 3744 2484 3783; x_wconf 89' lang='lat' dir='ltr'>esse</span> <span class='ocrx_word' id='word_1_702' title='bbox 2523 3727 2745 3784; x_wconf 85' lang='lat' dir='ltr'>factum.</span> <span class='ocrx_word' id='word_1_703' title='bbox 2788 3730 3121 3801; x_wconf 86' lang='lat' dir='ltr'>Propterea,</span> <span class='ocrx_word' id='word_1_704' title='bbox 3154 3728 3208 3783; x_wconf 93' lang='lat' dir='ltr'>id</span> <span class='ocrx_word' id='word_1_705' title='bbox 3239 3734 3322 3783; x_wconf 90' lang='lat' dir='ltr'>est</span> <span class='ocrx_word' id='word_1_706' title='bbox 3360 3728 3504 3799; x_wconf 91' lang='lat' dir='ltr'>quia,</span> <span class='ocrx_word' id='word_1_707' title='bbox 3537 3741 3734 3798; x_wconf 90' lang='lat' dir='ltr'>passus</span> 
     </span>
    </p>
   </div>
   <div class='ocr_carea' id='block_1_86' title="bbox 2148 3815 3734 3887">
    <p class='ocr_par' dir='ltr' id='par_1_86' title="bbox 2148 3815 3734 3887">
     <span class='ocr_line' id='line_1_87' title="bbox 2148 3815 3734 3887; baseline 0 -17"><span class='ocrx_word' id='word_1_708' title='bbox 2148 3832 2265 3870; x_wconf 88' lang='lat' dir='ltr'>sum</span> <span class='ocrx_word' id='word_1_709' title='bbox 2295 3815 2687 3881; x_wconf 91' lang='lat' dir='ltr'>tribulationes,</span> <span class='ocrx_word' id='word_1_710' title='bbox 2721 3831 2790 3870; x_wconf 90' lang='lat' dir='ltr'>ne</span> <span class='ocrx_word' id='word_1_711' title='bbox 2820 3816 3094 3871; x_wconf 92' lang='lat' dir='ltr'>tribulatio</span> <span class='ocrx_word' id='word_1_712' title='bbox 3121 3815 3365 3887; x_wconf 85' lang='lat' dir='ltr'>magistri</span> <span class='ocrx_word' id='word_1_713' title='bbox 3396 3830 3558 3873; x_wconf 89' lang='lat' dir='ltr'>causa</span> <span class='ocrx_word' id='word_1_714' title='bbox 3587 3822 3734 3871; x_wconf 88' lang='lat' dir='ltr'>esset</span> 
     </span>
    </p>
   </div>
   <div class='ocr_carea' id='block_1_87' title="bbox 2147 3903 3735 3977">
    <p class='ocr_par' dir='ltr' id='par_1_87' title="bbox 2147 3903 3735 3977">
     <span class='ocr_line' id='line_1_88' title="bbox 2147 3903 3735 3977; baseline 0.001 -19"><span class='ocrx_word' id='word_1_715' title='bbox 2147 3903 2391 3959; x_wconf 89' lang='lat' dir='ltr'>defectus</span> <span class='ocrx_word' id='word_1_716' title='bbox 2419 3904 2606 3971; x_wconf 90' lang='lat' dir='ltr'>vestri,</span> <span class='ocrx_word' id='word_1_717' title='bbox 2628 3919 2721 3975; x_wconf 87' lang='lat' dir='ltr'>ego</span> <span class='ocrx_word' id='word_1_718' title='bbox 2749 3921 2866 3961; x_wconf 89' lang='lat' dir='ltr'>non</span> <span class='ocrx_word' id='word_1_719' title='bbox 2886 3906 3131 3977; x_wconf 86' lang='lat' dir='ltr'>amplius</span> <span class='ocrx_word' id='word_1_720' title='bbox 3161 3906 3467 3962; x_wconf 85' lang='lat' dir='ltr'>sustinens.</span> <span class='ocrx_word' id='word_1_721' title='bbox 3500 3905 3614 3959; x_wconf 86' lang='lat' dir='ltr'>nisi</span> <span class='ocrx_word' id='word_1_722' title='bbox 3660 3904 3735 3959; x_wconf 89' lang='lat' dir='ltr'>ad</span> 
     </span>
    </p>
   </div>
   <div class='ocr_carea' id='block_1_88' title="bbox 2147 3986 3736 4063">
    <p class='ocr_par' dir='ltr' id='par_1_88' title="bbox 2147 3986 3736 4063">
     <span class='ocr_line' id='line_1_89' title="bbox 2147 3986 3736 4063; baseline -0.001 -16"><span class='ocrx_word' id='word_1_723' title='bbox 2147 3986 2587 4063; x_wconf 86' lang='lat' dir='ltr'>cognoscendum</span> <span class='ocrx_word' id='word_1_724' title='bbox 2610 3993 2778 4061; x_wconf 84' lang='lat' dir='ltr'>ﬁdem</span> <span class='ocrx_word' id='word_1_725' title='bbox 2806 3998 3069 4058; x_wconf 86' lang='lat' dir='ltr'>vestram,</span> <span class='ocrx_word' id='word_1_726' title='bbox 3101 4000 3159 4046; x_wconf 93' lang='lat' dir='ltr'>ut</span> <span class='ocrx_word' id='word_1_727' title='bbox 3178 4009 3275 4063; x_wconf 91' lang='lat' dir='ltr'>per</span> <span class='ocrx_word' id='word_1_728' title='bbox 3302 3994 3541 4063; x_wconf 84' lang='lat' dir='ltr'>legatum</span> <span class='ocrx_word' id='word_1_729' title='bbox 3572 3990 3736 4047; x_wconf 81' lang='lat' dir='ltr'>ﬁdem</span> 
     </span>
    </p>
   </div>
   <div class='ocr_carea' id='block_1_89' title="bbox 2149 4080 3737 4152">
    <p class='ocr_par' dir='ltr' id='par_1_89' title="bbox 2149 4080 3737 4152">
     <span class='ocr_line' id='line_1_90' title="bbox 2149 4080 3737 4152; baseline -0.001 -17"><span class='ocrx_word' id='word_1_730' title='bbox 2149 4089 2384 4135; x_wconf 87' lang='lat' dir='ltr'>vestram</span> <span class='ocrx_word' id='word_1_731' title='bbox 2407 4096 2817 4152; x_wconf 85' lang='lat' dir='ltr'>cognoscerem.</span> <span class='ocrx_word' id='word_1_732' title='bbox 2840 4081 2957 4135; x_wconf 86' lang='lat' dir='ltr'>Nisi</span> <span class='ocrx_word' id='word_1_733' title='bbox 2977 4081 3120 4146; x_wconf 89' lang='lat' dir='ltr'>ideo,</span> <span class='ocrx_word' id='word_1_734' title='bbox 3144 4097 3215 4136; x_wconf 88' lang='lat' dir='ltr'>ne</span> <span class='ocrx_word' id='word_1_735' title='bbox 3244 4084 3392 4151; x_wconf 86' lang='lat' dir='ltr'>forte</span> <span class='ocrx_word' id='word_1_736' title='bbox 3424 4080 3737 4137; x_wconf 89' lang='lat' dir='ltr'>tentaverit</span> 
     </span>
    </p>
   </div>
   <div class='ocr_carea' id='block_1_90' title="bbox 2147 4167 3729 4241">
    <p class='ocr_par' dir='ltr' id='par_1_90' title="bbox 2147 4167 3729 4241">
     <span class='ocr_line' id='line_1_91' title="bbox 2147 4167 3729 4241; baseline -0.002 -16"><span class='ocrx_word' id='word_1_737' title='bbox 2147 4186 2239 4225; x_wconf 88' lang='lat' dir='ltr'>vos</span> <span class='ocrx_word' id='word_1_738' title='bbox 2260 4171 2307 4223; x_wconf 88' lang='lat' dir='ltr'>is</span> <span class='ocrx_word' id='word_1_739' title='bbox 2336 4170 2432 4241; x_wconf 92' lang='lat' dir='ltr'>qui</span> <span class='ocrx_word' id='word_1_740' title='bbox 2464 4172 2667 4233; x_wconf 88' lang='lat' dir='ltr'>tentat,</span> <span class='ocrx_word' id='word_1_741' title='bbox 2701 4168 2757 4224; x_wconf 91' lang='lat' dir='ltr'>id</span> <span class='ocrx_word' id='word_1_742' title='bbox 2786 4176 2886 4234; x_wconf 89' lang='lat' dir='ltr'>est,</span> <span class='ocrx_word' id='word_1_743' title='bbox 2908 4169 3063 4237; x_wconf 89' lang='lat' dir='ltr'>cujus</span> <span class='ocrx_word' id='word_1_744' title='bbox 3094 4167 3329 4223; x_wconf 77' lang='lat' dir='ltr'>ofﬁcium</span> <span class='ocrx_word' id='word_1_745' title='bbox 3364 4176 3445 4223; x_wconf 92' lang='lat' dir='ltr'>est</span> <span class='ocrx_word' id='word_1_746' title='bbox 3484 4176 3729 4223; x_wconf 88' lang='lat' dir='ltr'>tentare:</span> 
     </span>
    </p>
   </div>
   <div class='ocr_carea' id='block_1_91' title="bbox 2151 4256 3736 4325">
    <p class='ocr_par' dir='ltr' id='par_1_91' title="bbox 2151 4256 3736 4325">
     <span class='ocr_line' id='line_1_92' title="bbox 2151 4256 3736 4325; baseline -0.001 -14"><span class='ocrx_word' id='word_1_747' title='bbox 2151 4261 2205 4311; x_wconf 88' lang='lat' dir='ltr'>et</span> <span class='ocrx_word' id='word_1_748' title='bbox 2227 4272 2295 4310; x_wconf 88' lang='lat' dir='ltr'>ne</span> <span class='ocrx_word' id='word_1_749' title='bbox 2326 4258 2403 4312; x_wconf 90' lang='lat' dir='ltr'>sic</span> <span class='ocrx_word' id='word_1_750' title='bbox 2438 4257 2592 4312; x_wconf 83' lang='lat' dir='ltr'>labor</span> <span class='ocrx_word' id='word_1_751' title='bbox 2620 4261 2814 4312; x_wconf 88' lang='lat' dir='ltr'>noster</span> <span class='ocrx_word' id='word_1_752' title='bbox 2840 4258 2944 4325; x_wconf 84' lang='lat' dir='ltr'>ﬁat</span> <span class='ocrx_word' id='word_1_753' title='bbox 2965 4258 3160 4311; x_wconf 88' lang='lat' dir='ltr'>inanis</span> <span class='ocrx_word' id='word_1_754' title='bbox 3183 4257 3358 4323; x_wconf 89' lang='lat' dir='ltr'>vobis,</span> <span class='ocrx_word' id='word_1_755' title='bbox 3386 4256 3736 4311; x_wconf 87' lang='lat' dir='ltr'>succumben-</span> 
     </span>
    </p>
   </div>
   <div class='ocr_carea' id='block_1_92' title="bbox 460 4331 3737 4418">
    <p class='ocr_par' dir='ltr' id='par_1_92' title="bbox 460 4331 3737 4418">
     <span class='ocr_line' id='line_1_93' title="bbox 460 4331 3737 4418; baseline 0.003 -27"><span class='ocrx_word' id='word_1_756' title='bbox 460 4368 481 4391; x_wconf 78' lang='grc' dir='ltr'>α</span> <span class='ocrx_word' id='word_1_757' title='bbox 518 4344 946 4414; x_wconf 86' lang='lat' dir='ltr'>praedicebamus</span> <span class='ocrx_word' id='word_1_758' title='bbox 986 4346 1141 4401; x_wconf 89' lang='lat' dir='ltr'>vobis</span> <span class='ocrx_word' id='word_1_759' title='bbox 1197 4364 1456 4417; x_wconf 89' lang='lat' dir='ltr'>passuros</span> <span class='ocrx_word' id='word_1_760' title='bbox 1496 4365 1597 4405; x_wconf 92' lang='lat' dir='ltr'>nos</span> <span class='ocrx_word' id='word_1_761' title='bbox 1644 4350 2043 4418; x_wconf 89' lang='lat' dir='ltr'>tribulationes,</span> <span class='ocrx_word' id='word_1_762' title='bbox 2069 4331 2121 4390; x_wconf 83' lang='lat' dir='ltr'>D</span> <span class='ocrx_word' id='word_1_763' title='bbox 2150 4344 2293 4399; x_wconf 92' lang='lat' dir='ltr'>tibus</span> <span class='ocrx_word' id='word_1_764' title='bbox 2314 4344 2611 4399; x_wconf 91' lang='lat' dir='ltr'>tentationi.</span> <span class='ocrx_word' id='word_1_765' title='bbox 2634 4344 2778 4399; x_wconf 88' lang='lat' dir='ltr'>Olim</span> <span class='ocrx_word' id='word_1_766' title='bbox 2805 4344 2929 4397; x_wconf 91' lang='lat' dir='ltr'>misi</span> <span class='ocrx_word' id='word_1_767' title='bbox 2961 4362 2976 4398; x_wconf 90' lang='lat'><strong>:</strong></span> <span class='ocrx_word' id='word_1_768' title='bbox 3007 4360 3162 4399; x_wconf 90' lang='lat' dir='ltr'>nunc</span> <span class='ocrx_word' id='word_1_769' title='bbox 3184 4349 3377 4399; x_wconf 87' lang='lat' dir='ltr'>autem</span> <span class='ocrx_word' id='word_1_770' title='bbox 3404 4343 3737 4401; x_wconf 87' lang='lat' dir='ltr'>Timotheoa</span> 
     </span>
    </p>
   </div>
   <div class='ocr_carea' id='block_1_93' title="bbox 460 4430 2050 4509">
    <p class='ocr_par' dir='ltr' id='par_1_93' title="bbox 460 4430 2050 4509">
     <span class='ocr_line' id='line_1_94' title="bbox 460 4430 2050 4509; baseline 0.006 -24"><span class='ocrx_word' id='word_1_771' title='bbox 460 4450 481 4477; x_wconf 74' lang='grc' dir='ltr'><strong><em>α</em></strong></span> <span class='ocrx_word' id='word_1_772' title='bbox 518 4431 656 4487; x_wconf 91' lang='lat' dir='ltr'>sicut</span> <span class='ocrx_word' id='word_1_773' title='bbox 685 4439 737 4487; x_wconf 90' lang='lat' dir='ltr'>et</span> <span class='ocrx_word' id='word_1_774' title='bbox 783 4430 981 4487; x_wconf 90' lang='lat' dir='ltr'>factum</span> <span class='ocrx_word' id='word_1_775' title='bbox 1025 4440 1109 4489; x_wconf 90' lang='lat' dir='ltr'>est</span> <span class='ocrx_word' id='word_1_776' title='bbox 1147 4442 1199 4488; x_wconf 89' lang='lat' dir='ltr'>et</span> <span class='ocrx_word' id='word_1_777' title='bbox 1259 4436 1427 4491; x_wconf 91' lang='lat' dir='ltr'>scitis.</span> <span class='ocrx_word' id='word_1_778' title='bbox 1490 4438 1781 4507; x_wconf 88' lang='lat' dir='ltr'>Pr0pterea</span> <span class='ocrx_word' id='word_1_779' title='bbox 1836 4447 1888 4493; x_wconf 90' lang='lat' dir='ltr'>et</span> <span class='ocrx_word' id='word_1_780' title='bbox 1945 4454 2050 4509; x_wconf 85' lang='lat' dir='ltr'>ego</span> 
     </span>
    </p>
   </div>
   <div class='ocr_carea' id='block_1_94' title="bbox 464 4519 2050 4596">
    <p class='ocr_par' dir='ltr' id='par_1_94' title="bbox 464 4519 2050 4596">
     <span class='ocr_line' id='line_1_95' title="bbox 464 4519 2050 4596; baseline 0.005 -24"><span class='ocrx_word' id='word_1_781' title='bbox 464 4519 750 4590; x_wconf 83' lang='lat' dir='ltr'>«amplius</span> <span class='ocrx_word' id='word_1_782' title='bbox 788 4535 897 4574; x_wconf 92' lang='lat' dir='ltr'>non</span> <span class='ocrx_word' id='word_1_783' title='bbox 958 4521 1257 4589; x_wconf 81' lang='lat' dir='ltr'>sustinens,</span> <span class='ocrx_word' id='word_1_784' title='bbox 1309 4524 1431 4577; x_wconf 91' lang='lat' dir='ltr'>misi</span> <span class='ocrx_word' id='word_1_785' title='bbox 1483 4525 1551 4578; x_wconf 90' lang='lat' dir='ltr'>ad</span> <span class='ocrx_word' id='word_1_786' title='bbox 1611 4527 2050 4596; x_wconf 86' lang='lat' dir='ltr'>cognoscendam</span> 
     </span>
    </p>
   </div>
   <div class='ocr_carea' id='block_1_95' title="bbox 464 4604 2051 4683">
    <p class='ocr_par' dir='ltr' id='par_1_95' title="bbox 464 4604 2051 4683">
     <span class='ocr_line' id='line_1_96' title="bbox 464 4604 2051 4683; baseline 0.004 -22"><span class='ocrx_word' id='word_1_787' title='bbox 464 4628 486 4655; x_wconf 79' lang='grc' dir='ltr'><strong><em>α</em></strong></span> <span class='ocrx_word' id='word_1_788' title='bbox 522 4604 687 4662; x_wconf 87' lang='lat' dir='ltr'>ﬁdem</span> <span class='ocrx_word' id='word_1_789' title='bbox 723 4614 992 4678; x_wconf 85' lang='lat' dir='ltr'>vestram,</span> <span class='ocrx_word' id='word_1_790' title='bbox 1057 4625 1126 4663; x_wconf 93' lang='lat' dir='ltr'>ne</span> <span class='ocrx_word' id='word_1_791' title='bbox 1193 4608 1332 4665; x_wconf 86' lang='lat' dir='ltr'>forte</span> <span class='ocrx_word' id='word_1_792' title='bbox 1387 4612 1675 4665; x_wconf 82' lang='lat' dir='ltr'>tentaverit</span> <span class='ocrx_word' id='word_1_793' title='bbox 1702 4627 1816 4666; x_wconf 89' lang='lat' dir='ltr'>vos</span> <span class='ocrx_word' id='word_1_794' title='bbox 1863 4612 1913 4666; x_wconf 91' lang='lat' dir='ltr'>is</span> <span class='ocrx_word' id='word_1_795' title='bbox 1959 4615 2051 4683; x_wconf 92' lang='lat' dir='ltr'>qui</span> 
     </span>
    </p>
   </div>
   <div class='ocr_carea' id='block_1_96' title="bbox 465 4694 2050 4762">
    <p class='ocr_par' dir='ltr' id='par_1_96' title="bbox 465 4694 2050 4762">
     <span class='ocr_line' id='line_1_97' title="bbox 465 4694 2050 4762; baseline 0.005 -15"><span class='ocrx_word' id='word_1_796' title='bbox 465 4715 487 4747; x_wconf 73' lang='grc' dir='ltr'>ι</span> <span class='ocrx_word' id='word_1_797' title='bbox 523 4702 713 4762; x_wconf 89' lang='lat' dir='ltr'>tentat,</span> <span class='ocrx_word' id='word_1_798' title='bbox 746 4704 800 4751; x_wconf 87' lang='lat' dir='ltr'>et</span> <span class='ocrx_word' id='word_1_799' title='bbox 855 4694 1035 4750; x_wconf 91' lang='lat' dir='ltr'>inanis</span> <span class='ocrx_word' id='word_1_800' title='bbox 1093 4694 1183 4749; x_wconf 84' lang='lat' dir='ltr'>fiat</span> <span class='ocrx_word' id='word_1_801' title='bbox 1237 4696 1395 4751; x_wconf 93' lang='lat' dir='ltr'>labor</span> <span class='ocrx_word' id='word_1_802' title='bbox 1440 4704 1642 4753; x_wconf 91' lang='lat' dir='ltr'>noster.</span> <span class='ocrx_word' id='word_1_803' title='bbox 1674 4700 1831 4753; x_wconf 90' lang='lat' dir='ltr'>Nunc</span> <span class='ocrx_word' id='word_1_804' title='bbox 1870 4708 2050 4755; x_wconf 90' lang='lat' dir='ltr'>autem</span> 
     </span>
    </p>
   </div>
   <div class='ocr_carea' id='block_1_97' title="bbox 467 4782 2052 4851">
    <p class='ocr_par' dir='ltr' id='par_1_97' title="bbox 467 4782 2052 4851">
     <span class='ocr_line' id='line_1_98' title="bbox 467 4782 2052 4851; baseline 0.004 -14"><span class='ocrx_word' id='word_1_805' title='bbox 467 4806 488 4829; x_wconf 74' lang='grc' dir='ltr'><strong><em>α</em></strong></span> <span class='ocrx_word' id='word_1_806' title='bbox 526 4784 780 4839; x_wconf 88' lang='lat' dir='ltr'>veniente</span> <span class='ocrx_word' id='word_1_807' title='bbox 807 4782 1092 4839; x_wconf 90' lang='lat' dir='ltr'>Timotheo</span> <span class='ocrx_word' id='word_1_808' title='bbox 1117 4783 1185 4839; x_wconf 91' lang='lat' dir='ltr'>ad</span> <span class='ocrx_word' id='word_1_809' title='bbox 1215 4799 1315 4838; x_wconf 91' lang='lat' dir='ltr'>nos</span> <span class='ocrx_word' id='word_1_810' title='bbox 1345 4799 1379 4839; x_wconf 91' lang='lat' dir='ltr'>a</span> <span class='ocrx_word' id='word_1_811' title='bbox 1407 4784 1581 4851; x_wconf 89' lang='lat' dir='ltr'>vobis,</span> <span class='ocrx_word' id='word_1_812' title='bbox 1616 4793 1669 4840; x_wconf 91' lang='lat' dir='ltr'>et</span> <span class='ocrx_word' id='word_1_813' title='bbox 1698 4788 2052 4844; x_wconf 87' lang='lat' dir='ltr'>annuntiante</span> 
     </span>
    </p>
   </div>
   <div class='ocr_carea' id='block_1_98' title="bbox 468 4869 2051 4946">
    <p class='ocr_par' dir='ltr' id='par_1_98' title="bbox 468 4869 2051 4946">
     <span class='ocr_line' id='line_1_99' title="bbox 468 4869 2051 4946; baseline 0.008 -27"><span class='ocrx_word' id='word_1_814' title='bbox 468 4890 491 4919; x_wconf 72' lang='grc' dir='ltr'><strong>α</strong></span> <span class='ocrx_word' id='word_1_815' title='bbox 523 4870 682 4925; x_wconf 89' lang='lat' dir='ltr'>nobis</span> <span class='ocrx_word' id='word_1_816' title='bbox 711 4869 872 4925; x_wconf 88' lang='lat' dir='ltr'>ﬁdem</span> <span class='ocrx_word' id='word_1_817' title='bbox 903 4878 955 4925; x_wconf 89' lang='lat' dir='ltr'>et</span> <span class='ocrx_word' id='word_1_818' title='bbox 998 4870 1317 4927; x_wconf 89' lang='lat' dir='ltr'>charitatem</span> <span class='ocrx_word' id='word_1_819' title='bbox 1375 4880 1639 4942; x_wconf 90' lang='lat' dir='ltr'>vestram,</span> <span class='ocrx_word' id='word_1_820' title='bbox 1673 4882 1727 4929; x_wconf 93' lang='lat' dir='ltr'>et</span> <span class='ocrx_word' id='word_1_821' title='bbox 1776 4873 1902 4946; x_wconf 92' lang='lat' dir='ltr'>quia</span> <span class='ocrx_word' id='word_1_822' title='bbox 1930 4892 2051 4931; x_wconf 88' lang='lat' dir='ltr'>me-</span> 
     </span>
    </p>
   </div>
   <div class='ocr_carea' id='block_1_99' title="bbox 466 4957 2051 5032">
    <p class='ocr_par' dir='ltr' id='par_1_99' title="bbox 466 4957 2051 5032">
     <span class='ocr_line' id='line_1_100' title="bbox 466 4957 2051 5032; baseline 0.006 -22"><span class='ocrx_word' id='word_1_823' title='bbox 466 4979 488 5003; x_wconf 79' lang='grc' dir='ltr'>ι</span> <span class='ocrx_word' id='word_1_824' title='bbox 524 4957 753 5011; x_wconf 90' lang='lat' dir='ltr'>moriam</span> <span class='ocrx_word' id='word_1_825' title='bbox 808 4958 983 5012; x_wconf 89' lang='lat' dir='ltr'>nostri</span> <span class='ocrx_word' id='word_1_826' title='bbox 1041 4958 1253 5013; x_wconf 89' lang='lat' dir='ltr'>habetis</span> <span class='ocrx_word' id='word_1_827' title='bbox 1292 4959 1492 5013; x_wconf 90' lang='lat' dir='ltr'>bonam</span> <span class='ocrx_word' id='word_1_828' title='bbox 1550 4977 1785 5032; x_wconf 89' lang='lat' dir='ltr'>semper,</span> <span class='ocrx_word' id='word_1_829' title='bbox 1827 4963 2051 5019; x_wconf 88' lang='lat' dir='ltr'>deside-</span> 
     </span>
    </p>
   </div>
   <div class='ocr_carea' id='block_1_100' title="bbox 467 5045 2053 5120">
    <p class='ocr_par' dir='ltr' id='par_1_100' title="bbox 467 5045 2053 5120">
     <span class='ocr_line' id='line_1_101' title="bbox 467 5045 2053 5120; baseline 0.008 -25"><span class='ocrx_word' id='word_1_830' title='bbox 467 5065 490 5093; x_wconf 71' lang='grc' dir='ltr'><strong>α</strong></span> <span class='ocrx_word' id='word_1_831' title='bbox 528 5050 712 5098; x_wconf 87' lang='lat' dir='ltr'>rantes</span> <span class='ocrx_word' id='word_1_832' title='bbox 759 5059 861 5099; x_wconf 91' lang='lat' dir='ltr'>nos</span> <span class='ocrx_word' id='word_1_833' title='bbox 917 5045 1137 5111; x_wconf 91' lang='lat' dir='ltr'>videre,</span> <span class='ocrx_word' id='word_1_834' title='bbox 1180 5046 1320 5101; x_wconf 91' lang='lat' dir='ltr'>sicut</span> <span class='ocrx_word' id='word_1_835' title='bbox 1358 5062 1458 5101; x_wconf 92' lang='lat' dir='ltr'>nos</span> <span class='ocrx_word' id='word_1_836' title='bbox 1517 5064 1730 5120; x_wconf 87' lang='lat' dir='ltr'>quoque</span> <span class='ocrx_word' id='word_1_837' title='bbox 1759 5067 1894 5117; x_wconf 89' lang='lat' dir='ltr'>vos;</span> <span class='ocrx_word' id='word_1_838' title='bbox 1929 5052 2053 5107; x_wconf 92' lang='lat' dir='ltr'>ideo</span> 
     </span>
    </p>
   </div>
   <div class='ocr_carea' id='block_1_101' title="bbox 473 5130 2051 5199">
    <p class='ocr_par' dir='ltr' id='par_1_101' title="bbox 473 5130 2051 5199">
     <span class='ocr_line' id='line_1_102' title="bbox 473 5130 2051 5199; baseline 0.01 -20"><span class='ocrx_word' id='word_1_839' title='bbox 473 5151 496 5179; x_wconf 73' lang='grc' dir='ltr'>ι</span> <span class='ocrx_word' id='word_1_840' title='bbox 532 5130 794 5185; x_wconf 87' lang='lat' dir='ltr'>consolati</span> <span class='ocrx_word' id='word_1_841' title='bbox 825 5147 1033 5199; x_wconf 91' lang='lat' dir='ltr'>sumus,</span> <span class='ocrx_word' id='word_1_842' title='bbox 1068 5132 1285 5199; x_wconf 83' lang='lat' dir='ltr'>fratres,</span> <span class='ocrx_word' id='word_1_843' title='bbox 1318 5134 1374 5188; x_wconf 91' lang='lat' dir='ltr'>in</span> <span class='ocrx_word' id='word_1_844' title='bbox 1407 5136 1562 5189; x_wconf 90' lang='lat' dir='ltr'>vobis</span> <span class='ocrx_word' id='word_1_845' title='bbox 1587 5136 1641 5190; x_wconf 93' lang='lat' dir='ltr'>in</span> <span class='ocrx_word' id='word_1_846' title='bbox 1668 5139 1814 5192; x_wconf 91' lang='lat' dir='ltr'>omni</span> <span class='ocrx_word' id='word_1_847' title='bbox 1853 5155 2051 5195; x_wconf 90' lang='lat' dir='ltr'>neces-</span> 
     </span>
    </p>
   </div>
   <div class='ocr_carea' id='block_1_102' title="bbox 468 5218 2048 5293">
    <p class='ocr_par' dir='ltr' id='par_1_102' title="bbox 468 5218 2048 5293">
     <span class='ocr_line' id='line_1_103' title="bbox 468 5218 2048 5293; baseline 0.01 -27"><span class='ocrx_word' id='word_1_848' title='bbox 468 5242 489 5266; x_wconf 78' lang='grc' dir='ltr'>α</span> <span class='ocrx_word' id='word_1_849' title='bbox 528 5218 686 5273; x_wconf 90' lang='lat' dir='ltr'>sitate</span> <span class='ocrx_word' id='word_1_850' title='bbox 716 5226 767 5272; x_wconf 91' lang='lat' dir='ltr'>et</span> <span class='ocrx_word' id='word_1_851' title='bbox 797 5219 1136 5276; x_wconf 89' lang='lat' dir='ltr'>tribulatione</span> <span class='ocrx_word' id='word_1_852' title='bbox 1180 5230 1365 5277; x_wconf 90' lang='lat' dir='ltr'>nostra</span> <span class='ocrx_word' id='word_1_853' title='bbox 1422 5240 1522 5293; x_wconf 89' lang='lat' dir='ltr'>per</span> <span class='ocrx_word' id='word_1_854' title='bbox 1568 5224 1729 5280; x_wconf 89' lang='lat' dir='ltr'>fidem</span> <span class='ocrx_word' id='word_1_855' title='bbox 1790 5236 2048 5292; x_wconf 88' lang='lat' dir='ltr'>vestram,</span> 
     </span>
    </p>
   </div>
   <div class='ocr_carea' id='block_1_103' title="bbox 470 5306 2048 5377">
    <p class='ocr_par' dir='ltr' id='par_1_103' title="bbox 470 5306 2048 5377">
     <span class='ocr_line' id='line_1_104' title="bbox 470 5306 2048 5377; baseline 0.006 -19"><span class='ocrx_word' id='word_1_856' title='bbox 470 5328 491 5353; x_wconf 75' lang='grc' dir='ltr'>ιι</span> <span class='ocrx_word' id='word_1_857' title='bbox 528 5306 783 5377; x_wconf 88' lang='lat' dir='ltr'>quoniam</span> <span class='ocrx_word' id='word_1_858' title='bbox 813 5322 953 5362; x_wconf 89' lang='lat' dir='ltr'>nunc</span> <span class='ocrx_word' id='word_1_859' title='bbox 1008 5308 1257 5375; x_wconf 87' lang='lat' dir='ltr'>vivimus,</span> <span class='ocrx_word' id='word_1_860' title='bbox 1294 5310 1340 5364; x_wconf 90' lang='lat' dir='ltr'>si</span> <span class='ocrx_word' id='word_1_861' title='bbox 1379 5326 1478 5365; x_wconf 92' lang='lat' dir='ltr'>vos</span> <span class='ocrx_word' id='word_1_862' title='bbox 1534 5312 1687 5366; x_wconf 89' lang='lat' dir='ltr'>statis</span> <span class='ocrx_word' id='word_1_863' title='bbox 1712 5312 1768 5366; x_wconf 90' lang='lat' dir='ltr'>in</span> <span class='ocrx_word' id='word_1_864' title='bbox 1798 5314 2048 5369; x_wconf 91' lang='lat' dir='ltr'>Domino.</span> 
     </span>
    </p>
   </div>
   <div class='ocr_carea' id='block_1_104' title="bbox 470 5392 2053 5469">
    <p class='ocr_par' dir='ltr' id='par_1_104' title="bbox 470 5392 2053 5469">
     <span class='ocr_line' id='line_1_105' title="bbox 470 5392 2053 5469; baseline 0.01 -28"><span class='ocrx_word' id='word_1_865' title='bbox 470 5415 491 5441; x_wconf 84' lang='grc'><em>‹‹</em></span> <span class='ocrx_word' id='word_1_866' title='bbox 528 5392 706 5462; x_wconf 88' lang='lat' dir='ltr'>Quam</span> <span class='ocrx_word' id='word_1_867' title='bbox 762 5394 907 5450; x_wconf 92' lang='lat' dir='ltr'>enim</span> <span class='ocrx_word' id='word_1_868' title='bbox 963 5396 1263 5467; x_wconf 88' lang='lat' dir='ltr'>gratiarum</span> <span class='ocrx_word' id='word_1_869' title='bbox 1294 5399 1560 5454; x_wconf 90' lang='lat' dir='ltr'>actionem</span> <span class='ocrx_word' id='word_1_870' title='bbox 1608 5401 1882 5469; x_wconf 88' lang='lat' dir='ltr'>possimus</span> <span class='ocrx_word' id='word_1_871' title='bbox 1939 5403 2053 5457; x_wconf 93' lang='lat' dir='ltr'>Deo</span> 
     </span>
    </p>
   </div>
   <div class='ocr_carea' id='block_1_105' title="bbox 470 5482 2052 5564">
    <p class='ocr_par' dir='ltr' id='par_1_105' title="bbox 470 5482 2052 5564">
     <span class='ocr_line' id='line_1_106' title="bbox 470 5482 2052 5564; baseline 0.007 -27"><span class='ocrx_word' id='word_1_872' title='bbox 470 5503 492 5529; x_wconf 78' lang='grc' dir='ltr'>α</span> <span class='ocrx_word' id='word_1_873' title='bbox 529 5482 830 5541; x_wconf 86' lang='lat' dir='ltr'>retribuere</span> <span class='ocrx_word' id='word_1_874' title='bbox 868 5499 966 5556; x_wconf 87' lang='lat' dir='ltr'>pro</span> <span class='ocrx_word' id='word_1_875' title='bbox 1017 5485 1172 5542; x_wconf 91' lang='lat' dir='ltr'>vobis</span> <span class='ocrx_word' id='word_1_876' title='bbox 1207 5485 1264 5542; x_wconf 90' lang='lat' dir='ltr'>in</span> <span class='ocrx_word' id='word_1_877' title='bbox 1292 5487 1439 5543; x_wconf 89' lang='lat' dir='ltr'>omni</span> <span class='ocrx_word' id='word_1_878' title='bbox 1468 5486 1670 5559; x_wconf 84' lang='lat' dir='ltr'>gaudio</span> <span class='ocrx_word' id='word_1_879' title='bbox 1706 5504 1812 5561; x_wconf 91' lang='lat' dir='ltr'>quo</span> <span class='ocrx_word' id='word_1_880' title='bbox 1841 5491 2052 5564; x_wconf 87' lang='lat' dir='ltr'>gaude-</span> 
     </span>
    </p>
   </div>
   <div class='ocr_carea' id='block_1_106' title="bbox 2149 4432 3737 4500">
    <p class='ocr_par' dir='ltr' id='par_1_106' title="bbox 2149 4432 3737 4500">
     <span class='ocr_line' id='line_1_107' title="bbox 2149 4432 3737 4500; baseline 0 -13"><span class='ocrx_word' id='word_1_881' title='bbox 2149 4432 2299 4487; x_wconf 86' lang='lat' dir='ltr'>vobis</span> <span class='ocrx_word' id='word_1_882' title='bbox 2316 4434 2572 4487; x_wconf 88' lang='lat' dir='ltr'>veniente</span> <span class='ocrx_word' id='word_1_883' title='bbox 2605 4432 2675 4487; x_wconf 89' lang='lat' dir='ltr'>ad</span> <span class='ocrx_word' id='word_1_884' title='bbox 2704 4447 2826 4497; x_wconf 87' lang='lat' dir='ltr'>nos,</span> <span class='ocrx_word' id='word_1_885' title='bbox 2874 4435 2932 4486; x_wconf 89' lang='lat' dir='ltr'>et</span> <span class='ocrx_word' id='word_1_886' title='bbox 2970 4447 3036 4486; x_wconf 90' lang='lat' dir='ltr'>eo</span> <span class='ocrx_word' id='word_1_887' title='bbox 3066 4434 3461 4487; x_wconf 86' lang='lat' dir='ltr'>annuntiante</span> <span class='ocrx_word' id='word_1_888' title='bbox 3491 4432 3649 4487; x_wconf 87' lang='lat' dir='ltr'>nobis</span> <span class='ocrx_word' id='word_1_889' title='bbox 3670 4433 3737 4500; x_wconf 86' lang='lat' dir='ltr'>ﬁ-</span> 
     </span>
    </p>
   </div>
   <div class='ocr_carea' id='block_1_107' title="bbox 2151 4518 3733 4589">
    <p class='ocr_par' dir='ltr' id='par_1_107' title="bbox 2151 4518 3733 4589">
     <span class='ocr_line' id='line_1_108' title="bbox 2151 4518 3733 4589; baseline 0.001 -15"><span class='ocrx_word' id='word_1_890' title='bbox 2151 4520 2277 4575; x_wconf 87' lang='lat' dir='ltr'>dem</span> <span class='ocrx_word' id='word_1_891' title='bbox 2308 4534 2471 4589; x_wconf 91' lang='lat' dir='ltr'>quam</span> <span class='ocrx_word' id='word_1_892' title='bbox 2499 4518 2726 4573; x_wconf 88' lang='lat' dir='ltr'>ﬁrmiter</span> <span class='ocrx_word' id='word_1_893' title='bbox 2749 4519 2965 4584; x_wconf 88' lang='lat' dir='ltr'>tenetis,</span> <span class='ocrx_word' id='word_1_894' title='bbox 2997 4523 3055 4575; x_wconf 89' lang='lat' dir='ltr'>et</span> <span class='ocrx_word' id='word_1_895' title='bbox 3084 4521 3429 4576; x_wconf 87' lang='lat' dir='ltr'>charitatem</span> <span class='ocrx_word' id='word_1_896' title='bbox 3468 4525 3733 4584; x_wconf 85' lang='lat' dir='ltr'>vestram,</span> 
     </span>
    </p>
   </div>
   <div class='ocr_carea' id='block_1_108' title="bbox 2152 4588 3739 4679">
    <p class='ocr_par' dir='ltr' id='par_1_108' title="bbox 2152 4588 3739 4679">
     <span class='ocr_line' id='line_1_109' title="bbox 2152 4588 3739 4679; baseline 0.001 -19"><span class='ocrx_word' id='word_1_897' title='bbox 2152 4624 2252 4678; x_wconf 89' lang='lat' dir='ltr'>qua</span> <span class='ocrx_word' id='word_1_898' title='bbox 2275 4588 2468 4661; x_wconf 87' lang='lat' dir='ltr'>omnes</span> <span class='ocrx_word' id='word_1_899' title='bbox 2502 4622 2602 4662; x_wconf 92' lang='lat' dir='ltr'>nos</span> <span class='ocrx_word' id='word_1_900' title='bbox 2625 4606 2856 4679; x_wconf 90' lang='lat' dir='ltr'>diligere</span> <span class='ocrx_word' id='word_1_901' title='bbox 2883 4588 3128 4679; x_wconf 71' lang='lat' dir='ltr'>probatis</span> <span class='ocrx_word' id='word_1_902' title='bbox 3151 4623 3164 4662; x_wconf 90' lang='lat'><strong>:</strong></span> <span class='ocrx_word' id='word_1_903' title='bbox 3184 4608 3538 4663; x_wconf 90' lang='lat' dir='ltr'>annuntiante</span> <span class='ocrx_word' id='word_1_904' title='bbox 3579 4609 3739 4663; x_wconf 87' lang='lat' dir='ltr'>etiam</span> 
     </span>
    </p>
   </div>
   <div class='ocr_carea' id='block_1_109' title="bbox 2150 4694 3735 4766">
    <p class='ocr_par' dir='ltr' id='par_1_109' title="bbox 2150 4694 3735 4766">
     <span class='ocr_line' id='line_1_110' title="bbox 2150 4694 3735 4766; baseline 0.001 -17"><span class='ocrx_word' id='word_1_905' title='bbox 2150 4696 2301 4766; x_wconf 88' lang='lat' dir='ltr'>quia,</span> <span class='ocrx_word' id='word_1_906' title='bbox 2331 4694 2387 4749; x_wconf 93' lang='lat' dir='ltr'>id</span> <span class='ocrx_word' id='word_1_907' title='bbox 2408 4702 2489 4749; x_wconf 88' lang='lat' dir='ltr'>est</span> <span class='ocrx_word' id='word_1_908' title='bbox 2519 4695 2683 4765; x_wconf 88' lang='lat' dir='ltr'>quod,</span> <span class='ocrx_word' id='word_1_909' title='bbox 2709 4695 2923 4750; x_wconf 86' lang='lat' dir='ltr'>habetis</span> <span class='ocrx_word' id='word_1_910' title='bbox 2953 4696 3285 4751; x_wconf 89' lang='lat' dir='ltr'>memoriam</span> <span class='ocrx_word' id='word_1_911' title='bbox 3307 4697 3489 4751; x_wconf 89' lang='lat' dir='ltr'>nostri</span> <span class='ocrx_word' id='word_1_912' title='bbox 3511 4696 3735 4763; x_wconf 89' lang='lat' dir='ltr'>bonam,</span> 
     </span>
    </p>
   </div>
   <div class='ocr_carea' id='block_1_110' title="bbox 2151 4772 3738 4854">
    <p class='ocr_par' dir='ltr' id='par_1_110' title="bbox 2151 4772 3738 4854">
     <span class='ocr_line' id='line_1_111' title="bbox 2151 4772 3738 4854; baseline 0.002 -19"><span class='ocrx_word' id='word_1_913' title='bbox 2151 4782 2289 4836; x_wconf 90' lang='lat' dir='ltr'>sicut</span> <span class='ocrx_word' id='word_1_914' title='bbox 2316 4783 2524 4838; x_wconf 91' lang='lat' dir='ltr'>debetis</span> <span class='ocrx_word' id='word_1_915' title='bbox 2558 4800 2571 4837; x_wconf 90' lang='lat'><strong>:</strong></span> <span class='ocrx_word' id='word_1_916' title='bbox 2599 4783 2985 4839; x_wconf 88' lang='lat' dir='ltr'>desiderantes</span> <span class='ocrx_word' id='word_1_917' title='bbox 3004 4800 3222 4854; x_wconf 90' lang='lat' dir='ltr'>semper</span> <span class='ocrx_word' id='word_1_918' title='bbox 3242 4784 3423 4839; x_wconf 87' lang='lat' dir='ltr'>videre</span> <span class='ocrx_word' id='word_1_919' title='bbox 3440 4772 3571 4849; x_wconf 68' lang='lat' dir='ltr'>nos,</span> <span class='ocrx_word' id='word_1_920' title='bbox 3587 4786 3738 4840; x_wconf 87' lang='lat' dir='ltr'>sicut</span> 
     </span>
    </p>
   </div>
   <div class='ocr_carea' id='block_1_111' title="bbox 2149 4871 3740 4943">
    <p class='ocr_par' dir='ltr' id='par_1_111' title="bbox 2149 4871 3740 4943">
     <span class='ocr_line' id='line_1_112' title="bbox 2149 4871 3740 4943; baseline 0.001 -19"><span class='ocrx_word' id='word_1_921' title='bbox 2149 4887 2250 4927; x_wconf 89' lang='lat' dir='ltr'>nos</span> <span class='ocrx_word' id='word_1_922' title='bbox 2270 4887 2499 4943; x_wconf 86' lang='lat' dir='ltr'>quoque,</span> <span class='ocrx_word' id='word_1_923' title='bbox 2528 4871 2905 4926; x_wconf 89' lang='lat' dir='ltr'>desideramus</span> <span class='ocrx_word' id='word_1_924' title='bbox 2926 4871 3110 4927; x_wconf 89' lang='lat' dir='ltr'>videre</span> <span class='ocrx_word' id='word_1_925' title='bbox 3129 4889 3220 4928; x_wconf 88' lang='lat' dir='ltr'>vos</span> <span class='ocrx_word' id='word_1_926' title='bbox 3244 4891 3262 4926; x_wconf 89' lang='lat'><strong><em>:</em></strong></span> <span class='ocrx_word' id='word_1_927' title='bbox 3283 4871 3375 4925; x_wconf 93' lang='lat' dir='ltr'>illo</span> <span class='ocrx_word' id='word_1_928' title='bbox 3402 4872 3508 4926; x_wconf 90' lang='lat' dir='ltr'>hoc</span> <span class='ocrx_word' id='word_1_929' title='bbox 3528 4887 3740 4926; x_wconf 91' lang='lat' dir='ltr'>annun-</span> 
     </span>
    </p>
   </div>
   <div class='ocr_carea' id='block_1_112' title="bbox 2151 4958 3736 5031">
    <p class='ocr_par' dir='ltr' id='par_1_112' title="bbox 2151 4958 3736 5031">
     <span class='ocr_line' id='line_1_113' title="bbox 2151 4958 3736 5031; baseline 0 -18"><span class='ocrx_word' id='word_1_930' title='bbox 2151 4958 2335 5023; x_wconf 91' lang='lat' dir='ltr'>tiante,</span> <span class='ocrx_word' id='word_1_931' title='bbox 2368 4960 2647 5014; x_wconf 84' lang='lat' dir='ltr'>consolati</span> <span class='ocrx_word' id='word_1_932' title='bbox 2688 4975 2903 5024; x_wconf 87' lang='lat' dir='ltr'>sumus,</span> <span class='ocrx_word' id='word_1_933' title='bbox 2938 4963 3168 5031; x_wconf 82' lang='lat' dir='ltr'>fratres,</span> <span class='ocrx_word' id='word_1_934' title='bbox 3194 4962 3256 5015; x_wconf 84' lang='lat' dir='ltr'>in</span> <span class='ocrx_word' id='word_1_935' title='bbox 3286 4959 3463 5015; x_wconf 84' lang='lat' dir='ltr'>vobis.</span> <span class='ocrx_word' id='word_1_936' title='bbox 3506 4961 3651 5026; x_wconf 89' lang='lat' dir='ltr'>Ideo,</span> <span class='ocrx_word' id='word_1_937' title='bbox 3681 4961 3736 5014; x_wconf 92' lang='lat' dir='ltr'>id</span> 
     </span>
    </p>
   </div>
   <div class='ocr_carea' id='block_1_113' title="bbox 2151 5047 3811 5117">
    <p class='ocr_par' dir='ltr' id='par_1_113' title="bbox 2151 5047 3811 5117">
     <span class='ocr_line' id='line_1_114' title="bbox 2151 5047 3811 5117; baseline 0.001 -16"><span class='ocrx_word' id='word_1_938' title='bbox 2151 5057 2231 5102; x_wconf 90' lang='lat' dir='ltr'>est</span> <span class='ocrx_word' id='word_1_939' title='bbox 2260 5062 2359 5117; x_wconf 87' lang='lat' dir='ltr'>pro</span> <span class='ocrx_word' id='word_1_940' title='bbox 2416 5063 2480 5102; x_wconf 90' lang='lat' dir='ltr'>eo</span> <span class='ocrx_word' id='word_1_941' title='bbox 2538 5047 2681 5116; x_wconf 88' lang='lat' dir='ltr'>quod</span> <span class='ocrx_word' id='word_1_942' title='bbox 2734 5047 2814 5102; x_wconf 90' lang='lat' dir='ltr'>sic</span> <span class='ocrx_word' id='word_1_943' title='bbox 2860 5048 3212 5102; x_wconf 89' lang='lat' dir='ltr'>annuntiante</span> <span class='ocrx_word' id='word_1_944' title='bbox 3243 5048 3310 5101; x_wconf 90' lang='lat' dir='ltr'>de</span> <span class='ocrx_word' id='word_1_945' title='bbox 3339 5047 3515 5113; x_wconf 89' lang='lat' dir='ltr'>vobis,</span> <span class='ocrx_word' id='word_1_946' title='bbox 3548 5056 3601 5102; x_wconf 90' lang='lat' dir='ltr'>et</span> <span class='ocrx_word' id='word_1_947' title='bbox 3632 5064 3741 5102; x_wconf 92' lang='lat' dir='ltr'>non</span> <span class='ocrx_word' id='word_1_948' title='bbox 3806 5098 3811 5103; x_wconf 81' lang='lat'>.</span> 
     </span>
    </p>
   </div>
   <div class='ocr_carea' id='block_1_114' title="bbox 2152 5135 3741 5213">
    <p class='ocr_par' dir='ltr' id='par_1_114' title="bbox 2152 5135 3741 5213">
     <span class='ocr_line' id='line_1_115' title="bbox 2152 5135 3741 5213; baseline 0.001 -23"><span class='ocrx_word' id='word_1_949' title='bbox 2152 5138 2372 5213; x_wconf 86' lang='lat' dir='ltr'>propter</span> <span class='ocrx_word' id='word_1_950' title='bbox 2401 5135 2581 5200; x_wconf 90' lang='lat' dir='ltr'>aliud;</span> <span class='ocrx_word' id='word_1_951' title='bbox 2618 5144 2804 5206; x_wconf 88' lang='lat' dir='ltr'>posset</span> <span class='ocrx_word' id='word_1_952' title='bbox 2833 5135 2974 5189; x_wconf 90' lang='lat' dir='ltr'>enim</span> <span class='ocrx_word' id='word_1_953' title='bbox 3031 5137 3136 5190; x_wconf 93' lang='lat' dir='ltr'>hoc</span> <span class='ocrx_word' id='word_1_954' title='bbox 3189 5135 3295 5206; x_wconf 91' lang='lat' dir='ltr'>ipsi</span> <span class='ocrx_word' id='word_1_955' title='bbox 3324 5135 3653 5203; x_wconf 90' lang='lat' dir='ltr'>annuntiari,</span> <span class='ocrx_word' id='word_1_956' title='bbox 3688 5144 3741 5191; x_wconf 84' lang='lat' dir='ltr'>et</span> 
     </span>
    </p>
   </div>
   <div class='ocr_carea' id='block_1_115' title="bbox 2152 5223 3741 5295">
    <p class='ocr_par' dir='ltr' id='par_1_115' title="bbox 2152 5223 3741 5295">
     <span class='ocr_line' id='line_1_116' title="bbox 2152 5223 3741 5295; baseline -0.001 -16"><span class='ocrx_word' id='word_1_957' title='bbox 2152 5241 2250 5295; x_wconf 93' lang='lat' dir='ltr'>pro</span> <span class='ocrx_word' id='word_1_958' title='bbox 2299 5224 2407 5279; x_wconf 92' lang='lat' dir='ltr'>alio</span> <span class='ocrx_word' id='word_1_959' title='bbox 2449 5223 2767 5279; x_wconf 89' lang='lat' dir='ltr'>consolari:</span> <span class='ocrx_word' id='word_1_960' title='bbox 2803 5224 3068 5277; x_wconf 88' lang='lat' dir='ltr'>consolati</span> <span class='ocrx_word' id='word_1_961' title='bbox 3121 5240 3307 5277; x_wconf 90' lang='lat' dir='ltr'>sumus</span> <span class='ocrx_word' id='word_1_962' title='bbox 3352 5223 3405 5277; x_wconf 92' lang='lat' dir='ltr'>in</span> <span class='ocrx_word' id='word_1_963' title='bbox 3457 5223 3611 5277; x_wconf 83' lang='lat' dir='ltr'>vobis</span> <span class='ocrx_word' id='word_1_964' title='bbox 3640 5239 3741 5294; x_wconf 85' lang='lat' dir='ltr'>per</span> 
     </span>
    </p>
   </div>
   <div class='ocr_carea' id='block_1_116' title="bbox 2153 5310 3740 5381">
    <p class='ocr_par' dir='ltr' id='par_1_116' title="bbox 2153 5310 3740 5381">
     <span class='ocr_line' id='line_1_117' title="bbox 2153 5310 3740 5381; baseline -0.002 -13"><span class='ocrx_word' id='word_1_965' title='bbox 2153 5314 2340 5381; x_wconf 83' lang='lat' dir='ltr'>ﬁdem,</span> <span class='ocrx_word' id='word_1_966' title='bbox 2374 5312 2429 5366; x_wconf 93' lang='lat' dir='ltr'>id</span> <span class='ocrx_word' id='word_1_967' title='bbox 2461 5320 2541 5366; x_wconf 89' lang='lat' dir='ltr'>est</span> <span class='ocrx_word' id='word_1_968' title='bbox 2580 5318 2807 5381; x_wconf 88' lang='lat' dir='ltr'>pr0pter</span> <span class='ocrx_word' id='word_1_969' title='bbox 2852 5311 3013 5365; x_wconf 83' lang='lat' dir='ltr'>fidem</span> <span class='ocrx_word' id='word_1_970' title='bbox 3044 5316 3290 5367; x_wconf 87' lang='lat' dir='ltr'>vestram</span> <span class='ocrx_word' id='word_1_971' title='bbox 3328 5310 3555 5365; x_wconf 88' lang='lat' dir='ltr'>ﬁrmiter</span> <span class='ocrx_word' id='word_1_972' title='bbox 3586 5319 3740 5365; x_wconf 90' lang='lat' dir='ltr'>stan-</span> 
     </span>
    </p>
   </div>
   <div class='ocr_carea' id='block_1_117' title="bbox 2152 5399 3742 5471">
    <p class='ocr_par' dir='ltr' id='par_1_117' title="bbox 2152 5399 3742 5471">
     <span class='ocr_line' id='line_1_118' title="bbox 2152 5399 3742 5471; baseline -0.001 -16"><span class='ocrx_word' id='word_1_973' title='bbox 2152 5408 2282 5456; x_wconf 92' lang='lat' dir='ltr'>tem.</span> <span class='ocrx_word' id='word_1_974' title='bbox 2317 5400 2445 5468; x_wconf 87' lang='lat' dir='ltr'>Vel,</span> <span class='ocrx_word' id='word_1_975' title='bbox 2478 5416 2575 5471; x_wconf 89' lang='lat' dir='ltr'>per</span> <span class='ocrx_word' id='word_1_976' title='bbox 2623 5399 2784 5454; x_wconf 89' lang='lat' dir='ltr'>ﬁdem</span> <span class='ocrx_word' id='word_1_977' title='bbox 2837 5406 3075 5453; x_wconf 91' lang='lat' dir='ltr'>vestram</span> <span class='ocrx_word' id='word_1_978' title='bbox 3110 5400 3236 5467; x_wconf 90' lang='lat' dir='ltr'>juro</span> <span class='ocrx_word' id='word_1_979' title='bbox 3282 5415 3371 5453; x_wconf 91' lang='lat' dir='ltr'>me</span> <span class='ocrx_word' id='word_1_980' title='bbox 3401 5399 3742 5454; x_wconf 88' lang='lat' dir='ltr'>consolatum</span> 
     </span>
    </p>
   </div>
   <div class='ocr_carea' id='block_1_118' title="bbox 2153 5487 3745 5561">
    <p class='ocr_par' dir='ltr' id='par_1_118' title="bbox 2153 5487 3745 5561">
     <span class='ocr_line' id='line_1_119' title="bbox 2153 5487 3745 5561; baseline -0.002 -16"><span class='ocrx_word' id='word_1_981' title='bbox 2153 5504 2296 5556; x_wconf 84' lang='lat' dir='ltr'>esse,</span> <span class='ocrx_word' id='word_1_982' title='bbox 2329 5503 2492 5561; x_wconf 88' lang='lat' dir='ltr'>quam</span> <span class='ocrx_word' id='word_1_983' title='bbox 2521 5488 2755 5561; x_wconf 88' lang='lat' dir='ltr'>diligens</span> <span class='ocrx_word' id='word_1_984' title='bbox 2801 5501 2911 5543; x_wconf 88' lang='lat' dir='ltr'>non</span> <span class='ocrx_word' id='word_1_985' title='bbox 2955 5487 3277 5557; x_wconf 89' lang='lat' dir='ltr'>pejerarem.</span> <span class='ocrx_word' id='word_1_986' title='bbox 3308 5487 3590 5544; x_wconf 88' lang='lat' dir='ltr'>Consolati</span> <span class='ocrx_word' id='word_1_987' title='bbox 3621 5487 3745 5545; x_wconf 86' lang='lat' dir='ltr'>dico</span> 
     </span>
    </p>
   </div>
  </div>
