  <div class='ocr_page' id='page_1' title='image "/cluster/home/n/w/nwhite01/storage/ocr_20150623/153/hvd.32044054760111/208.png"; bbox 0 0 3966 6050; ppageno 0'>
   <div class='ocr_carea' id='block_1_1' title="bbox 308 136 413 191">
    <p class='ocr_par' dir='ltr' id='par_1_1' title="bbox 308 136 413 191">
     <span class='ocr_line' id='line_1_1' title="bbox 308 136 413 191; baseline 0.01 -1"><span class='ocrx_word' id='word_1_1' title='bbox 308 136 413 191; x_wconf 71' lang='grc'><strong>405</strong></span> 
     </span>
    </p>
   </div>
   <div class='ocr_carea' id='block_1_2' title="bbox 877 108 3001 199">
    <p class='ocr_par' dir='ltr' id='par_1_2' title="bbox 877 108 3001 199">
     <span class='ocr_line' id='line_1_2' title="bbox 877 108 3001 199; baseline 0.002 -6"><span class='ocrx_word' id='word_1_2' title='bbox 877 137 1255 195; x_wconf 86' lang='lat' dir='ltr'><strong>EXPOSITIO</strong></span> <span class='ocrx_word' id='word_1_3' title='bbox 1294 140 1366 195; x_wconf 88' lang='lat' dir='ltr'><strong>IN</strong></span> <span class='ocrx_word' id='word_1_4' title='bbox 1402 138 1783 196; x_wconf 84' lang='lat' dir='ltr'><strong>EPISTOLAS</strong></span> <span class='ocrx_word' id='word_1_5' title='bbox 1822 140 2046 197; x_wconf 83' lang='lat' dir='ltr'><strong>PAULI.</strong></span> <span class='ocrx_word' id='word_1_6' title='bbox 2079 108 2164 182; x_wconf 11' lang='grc' dir='ltr'><strong><em>-ν</em></strong></span> <span class='ocrx_word' id='word_1_7' title='bbox 2212 140 2283 196; x_wconf 87' lang='lat' dir='ltr'><strong>lN</strong></span> <span class='ocrx_word' id='word_1_8' title='bbox 2313 141 2529 197; x_wconf 88' lang='lat' dir='ltr'><strong>EPIST.</strong></span> <span class='ocrx_word' id='word_1_9' title='bbox 2573 144 2595 197; x_wconf 90' lang='grc' dir='ltr'>Ι</span> <span class='ocrx_word' id='word_1_10' title='bbox 2632 144 2726 198; x_wconf 80' lang='grc' dir='ltr'><strong>ΑΙ)</strong></span> <span class='ocrx_word' id='word_1_11' title='bbox 2761 143 3001 199; x_wconf 88' lang='lat' dir='ltr'><strong>THESS.</strong></span> 
     </span>
    </p>
   </div>
   <div class='ocr_carea' id='block_1_3' title="bbox 3502 145 3603 199">
    <p class='ocr_par' dir='ltr' id='par_1_3' title="bbox 3502 145 3603 199">
     <span class='ocr_line' id='line_1_3' title="bbox 3502 145 3603 199; baseline -0.01 0"><span class='ocrx_word' id='word_1_12' title='bbox 3502 145 3603 199; x_wconf 73' lang='grc'><strong>406</strong></span> 
     </span>
    </p>
   </div>
   <div class='ocr_carea' id='block_1_4' title="bbox 309 260 3602 336">
    <p class='ocr_par' dir='ltr' id='par_1_4' title="bbox 309 260 3602 336">
     <span class='ocr_line' id='line_1_4' title="bbox 309 260 3602 336; baseline 0.003 -24"><span class='ocrx_word' id='word_1_13' title='bbox 309 260 372 312; x_wconf 92' lang='lat' dir='ltr'><strong>In</strong></span> <span class='ocrx_word' id='word_1_14' title='bbox 405 260 558 314; x_wconf 88' lang='lat' dir='ltr'><strong>omni</strong></span> <span class='ocrx_word' id='word_1_15' title='bbox 605 262 961 329; x_wconf 78' lang='lat' dir='ltr'><strong>necessitate,</strong></span> <span class='ocrx_word' id='word_1_16' title='bbox 1011 262 1067 316; x_wconf 92' lang='lat' dir='ltr'>id</span> <span class='ocrx_word' id='word_1_17' title='bbox 1115 272 1196 317; x_wconf 86' lang='lat' dir='ltr'><strong>est</strong></span> <span class='ocrx_word' id='word_1_18' title='bbox 1241 263 1466 333; x_wconf 89' lang='lat' dir='ltr'><strong>penuria</strong></span> <span class='ocrx_word' id='word_1_19' title='bbox 1501 279 1512 316; x_wconf 91' lang='lat'><strong>:</strong></span> <span class='ocrx_word' id='word_1_20' title='bbox 1549 272 1602 318; x_wconf 92' lang='lat' dir='ltr'><strong>et</strong></span> <span class='ocrx_word' id='word_1_21' title='bbox 1648 264 1704 317; x_wconf 90' lang='lat' dir='ltr'><strong>in</strong></span> <span class='ocrx_word' id='word_1_22' title='bbox 1753 264 1976 325; x_wconf 84' lang='lat' dir='ltr'><strong>omniA</strong></span> <span class='ocrx_word' id='word_1_23' title='bbox 2010 288 2030 311; x_wconf 84' lang='lat'><strong>«</strong></span> <span class='ocrx_word' id='word_1_24' title='bbox 2072 263 2288 334; x_wconf 79' lang='lat' dir='ltr'><strong>placere</strong></span> <span class='ocrx_word' id='word_1_25' title='bbox 2318 265 2453 330; x_wconf 90' lang='lat' dir='ltr'><strong>Deo,</strong></span> <span class='ocrx_word' id='word_1_26' title='bbox 2479 265 2558 320; x_wconf 90' lang='lat' dir='ltr'><strong>sic</strong></span> <span class='ocrx_word' id='word_1_27' title='bbox 2587 272 2638 320; x_wconf 90' lang='lat' dir='ltr'><strong>et</strong></span> <span class='ocrx_word' id='word_1_28' title='bbox 2669 266 2957 321; x_wconf 88' lang='lat' dir='ltr'><strong>ambuletis</strong></span> <span class='ocrx_word' id='word_1_29' title='bbox 3005 273 3062 319; x_wconf 92' lang='lat' dir='ltr'><strong>ut</strong></span> <span class='ocrx_word' id='word_1_30' title='bbox 3091 265 3374 321; x_wconf 88' lang='lat' dir='ltr'><strong>abundetis</strong></span> <span class='ocrx_word' id='word_1_31' title='bbox 3403 265 3602 336; x_wconf 87' lang='lat' dir='ltr'><strong>magis.</strong></span> 
     </span>
    </p>
   </div>
   <div class='ocr_carea' id='block_1_5' title="bbox 309 349 1904 422">
    <p class='ocr_par' dir='ltr' id='par_1_5' title="bbox 309 349 1904 422">
     <span class='ocr_line' id='line_1_5' title="bbox 309 349 1904 422; baseline 0.004 -21"><span class='ocrx_word' id='word_1_32' title='bbox 309 349 676 402; x_wconf 76' lang='lat' dir='ltr'><strong>tribulatione</strong></span> <span class='ocrx_word' id='word_1_33' title='bbox 698 354 912 413; x_wconf 87' lang='lat' dir='ltr'><strong>nostra,</strong></span> <span class='ocrx_word' id='word_1_34' title='bbox 947 367 1107 421; x_wconf 89' lang='lat' dir='ltr'><strong>quam</strong></span> <span class='ocrx_word' id='word_1_35' title='bbox 1146 366 1175 404; x_wconf 89' lang='lat' dir='ltr'><strong>a</strong></span> <span class='ocrx_word' id='word_1_36' title='bbox 1205 352 1648 421; x_wconf 78' lang='lat' dir='ltr'><strong>persecutoribus</strong></span> <span class='ocrx_word' id='word_1_37' title='bbox 1678 353 1859 422; x_wconf 91' lang='lat' dir='ltr'><strong>patior</strong></span> <span class='ocrx_word' id='word_1_38' title='bbox 1891 371 1904 407; x_wconf 92' lang='lat'>:</span> 
     </span>
    </p>
   </div>
   <div class='ocr_carea' id='block_1_6' title="bbox 303 435 1907 511">
    <p class='ocr_par' dir='ltr' id='par_1_6' title="bbox 303 435 1907 511">
     <span class='ocr_line' id='line_1_6' title="bbox 303 435 1907 511; baseline 0.005 -24"><span class='ocrx_word' id='word_1_39' title='bbox 303 435 429 505; x_wconf 88' lang='lat' dir='ltr'><strong>quia</strong></span> <span class='ocrx_word' id='word_1_40' title='bbox 447 450 548 489; x_wconf 90' lang='lat' dir='ltr'><strong>nec</strong></span> <span class='ocrx_word' id='word_1_41' title='bbox 577 436 739 490; x_wconf 87' lang='lat' dir='ltr'><strong>etiam</strong></span> <span class='ocrx_word' id='word_1_42' title='bbox 770 436 985 492; x_wconf 78' lang='lat' dir='ltr'><strong>aﬁlictio</strong></span> <span class='ocrx_word' id='word_1_43' title='bbox 1030 455 1150 493; x_wconf 88' lang='lat' dir='ltr'><strong>mea</strong></span> <span class='ocrx_word' id='word_1_44' title='bbox 1180 446 1356 508; x_wconf 91' lang='lat' dir='ltr'><strong>potest</strong></span> <span class='ocrx_word' id='word_1_45' title='bbox 1408 440 1666 511; x_wconf 85' lang='lat' dir='ltr'>gaudium</span> <span class='ocrx_word' id='word_1_46' title='bbox 1697 449 1907 510; x_wconf 89' lang='lat' dir='ltr'><strong>pertur-</strong></span> 
     </span>
    </p>
   </div>
   <div class='ocr_carea' id='block_1_7' title="bbox 305 522 1907 594">
    <p class='ocr_par' dir='ltr' id='par_1_7' title="bbox 305 522 1907 594">
     <span class='ocr_line' id='line_1_7' title="bbox 305 522 1907 594; baseline 0.005 -19"><span class='ocrx_word' id='word_1_47' title='bbox 305 522 439 577; x_wconf 88' lang='lat' dir='ltr'><strong>bare</strong></span> <span class='ocrx_word' id='word_1_48' title='bbox 469 524 613 594; x_wconf 87' lang='lat' dir='ltr'><strong>quod</strong></span> <span class='ocrx_word' id='word_1_49' title='bbox 644 524 821 579; x_wconf 82' lang='lat' dir='ltr'><strong>habeo</strong></span> <span class='ocrx_word' id='word_1_50' title='bbox 850 525 919 580; x_wconf 91' lang='lat' dir='ltr'><strong>de</strong></span> <span class='ocrx_word' id='word_1_51' title='bbox 946 534 1130 581; x_wconf 90' lang='lat' dir='ltr'><strong>vestra</strong></span> <span class='ocrx_word' id='word_1_52' title='bbox 1176 525 1446 583; x_wconf 89' lang='lat' dir='ltr'><strong>firmitate.</strong></span> <span class='ocrx_word' id='word_1_53' title='bbox 1496 528 1624 583; x_wconf 90' lang='lat' dir='ltr'><strong>Ideo</strong></span> <span class='ocrx_word' id='word_1_54' title='bbox 1654 529 1777 584; x_wconf 92' lang='lat' dir='ltr'><strong>dico</strong></span> <span class='ocrx_word' id='word_1_55' title='bbox 1806 545 1907 583; x_wconf 88' lang='lat' dir='ltr'><strong>nos</strong></span> 
     </span>
    </p>
   </div>
   <div class='ocr_carea' id='block_1_8' title="bbox 302 612 1907 684">
    <p class='ocr_par' dir='ltr' id='par_1_8' title="bbox 302 612 1907 684">
     <span class='ocr_line' id='line_1_8' title="bbox 302 612 1907 684; baseline 0.005 -20"><span class='ocrx_word' id='word_1_56' title='bbox 302 612 615 666; x_wconf 91' lang='lat' dir='ltr'><strong>consolatos</strong></span> <span class='ocrx_word' id='word_1_57' title='bbox 648 629 660 665; x_wconf 90' lang='lat'>:</span> <span class='ocrx_word' id='word_1_58' title='bbox 694 615 960 684; x_wconf 87' lang='lat' dir='ltr'><strong>quo-niam</strong></span> <span class='ocrx_word' id='word_1_59' title='bbox 980 631 1135 669; x_wconf 88' lang='lat' dir='ltr'><strong>nunc</strong></span> <span class='ocrx_word' id='word_1_60' title='bbox 1168 616 1327 669; x_wconf 91' lang='lat' dir='ltr'><strong>etiam</strong></span> <span class='ocrx_word' id='word_1_61' title='bbox 1357 616 1413 669; x_wconf 91' lang='lat' dir='ltr'><strong>in</strong></span> <span class='ocrx_word' id='word_1_62' title='bbox 1461 616 1802 671; x_wconf 82' lang='lat' dir='ltr'><strong>tribulatione</strong></span> <span class='ocrx_word' id='word_1_63' title='bbox 1855 627 1907 672; x_wconf 92' lang='lat' dir='ltr'><strong>et</strong></span> 
     </span>
    </p>
   </div>
   <div class='ocr_carea' id='block_1_9' title="bbox 303 700 1904 773">
    <p class='ocr_par' dir='ltr' id='par_1_9' title="bbox 303 700 1904 773">
     <span class='ocr_line' id='line_1_9' title="bbox 303 700 1904 773; baseline 0.004 -22"><span class='ocrx_word' id='word_1_64' title='bbox 303 700 529 768; x_wconf 88' lang='lat' dir='ltr'><strong>penuria</strong></span> <span class='ocrx_word' id='word_1_65' title='bbox 558 702 813 769; x_wconf 85' lang='lat' dir='ltr'><strong>vivimus,</strong></span> <span class='ocrx_word' id='word_1_66' title='bbox 843 701 896 754; x_wconf 89' lang='lat' dir='ltr'><strong>id</strong></span> <span class='ocrx_word' id='word_1_67' title='bbox 928 710 1010 756; x_wconf 91' lang='lat' dir='ltr'><strong>est</strong></span> <span class='ocrx_word' id='word_1_68' title='bbox 1041 702 1094 755; x_wconf 93' lang='lat' dir='ltr'><strong>in</strong></span> <span class='ocrx_word' id='word_1_69' title='bbox 1126 704 1324 773; x_wconf 89' lang='lat' dir='ltr'><strong>gaudio</strong></span> <span class='ocrx_word' id='word_1_70' title='bbox 1355 720 1455 758; x_wconf 91' lang='lat' dir='ltr'><strong>nos</strong></span> <span class='ocrx_word' id='word_1_71' title='bbox 1504 703 1689 759; x_wconf 86' lang='lat' dir='ltr'><strong>vivere</strong></span> <span class='ocrx_word' id='word_1_72' title='bbox 1719 705 1904 758; x_wconf 87' lang='lat' dir='ltr'><strong>credi-</strong></span> 
     </span>
    </p>
   </div>
   <div class='ocr_carea' id='block_1_10' title="bbox 302 790 1904 862">
    <p class='ocr_par' dir='ltr' id='par_1_10' title="bbox 302 790 1904 862">
     <span class='ocr_line' id='line_1_10' title="bbox 302 790 1904 862; baseline 0.004 -22"><span class='ocrx_word' id='word_1_73' title='bbox 302 803 425 840; x_wconf 90' lang='lat' dir='ltr'>mus</span> <span class='ocrx_word' id='word_1_74' title='bbox 459 801 470 839; x_wconf 93' lang='lat'>:</span> <span class='ocrx_word' id='word_1_75' title='bbox 502 790 550 842; x_wconf 90' lang='lat' dir='ltr'><strong>si</strong></span> <span class='ocrx_word' id='word_1_76' title='bbox 580 803 670 843; x_wconf 88' lang='lat' dir='ltr'><strong>vos</strong></span> <span class='ocrx_word' id='word_1_77' title='bbox 700 790 868 844; x_wconf 87' lang='lat' dir='ltr'><strong>statis</strong></span> <span class='ocrx_word' id='word_1_78' title='bbox 886 791 960 853; x_wconf 17' lang='lat' dir='ltr'><strong>Ain</strong></span> <span class='ocrx_word' id='word_1_79' title='bbox 991 791 1221 845; x_wconf 90' lang='lat' dir='ltr'><strong>Domino</strong></span> <span class='ocrx_word' id='word_1_80' title='bbox 1244 834 1256 855; x_wconf 92' lang='lat'><strong>,</strong></span> <span class='ocrx_word' id='word_1_81' title='bbox 1292 791 1439 862; x_wconf 90' lang='lat' dir='ltr'><strong>quod</strong></span> <span class='ocrx_word' id='word_1_82' title='bbox 1484 791 1669 861; x_wconf 87' lang='lat' dir='ltr'>utique</span> <span class='ocrx_word' id='word_1_83' title='bbox 1718 808 1904 847; x_wconf 89' lang='lat' dir='ltr'><strong>verum</strong></span> 
     </span>
    </p>
   </div>
   <div class='ocr_carea' id='block_1_11' title="bbox 300 874 1585 948">
    <p class='ocr_par' dir='ltr' id='par_1_11' title="bbox 300 874 1585 948">
     <span class='ocr_line' id='line_1_11' title="bbox 300 874 1585 948; baseline 0.004 -21"><span class='ocrx_word' id='word_1_84' title='bbox 300 883 401 939; x_wconf 90' lang='lat' dir='ltr'><strong>est,</strong></span> <span class='ocrx_word' id='word_1_85' title='bbox 437 874 560 945; x_wconf 89' lang='lat' dir='ltr'>quia</span> <span class='ocrx_word' id='word_1_86' title='bbox 590 876 763 930; x_wconf 84' lang='lat' dir='ltr'><strong>statis.</strong></span> <span class='ocrx_word' id='word_1_87' title='bbox 798 878 933 931; x_wconf 88' lang='lat' dir='ltr'><strong>Illud</strong></span> <span class='ocrx_word' id='word_1_88' title='bbox 963 879 1011 932; x_wconf 96' lang='lat' dir='ltr'><strong>si</strong></span> <span class='ocrx_word' id='word_1_89' title='bbox 1042 879 1456 948; x_wconf 90' lang='lat' dir='ltr'><strong>approbativum</strong></span> <span class='ocrx_word' id='word_1_90' title='bbox 1486 888 1585 933; x_wconf 89' lang='lat' dir='ltr'><strong>est.</strong></span> 
     </span>
    </p>
   </div>
   <div class='ocr_carea' id='block_1_12' title="bbox 376 962 1903 1038">
    <p class='ocr_par' dir='ltr' id='par_1_12' title="bbox 376 962 1903 1038">
     <span class='ocr_line' id='line_1_12' title="bbox 376 962 1903 1038; baseline 0.005 -23"><span class='ocrx_word' id='word_1_91' title='bbox 376 962 566 1016; x_wconf 84' lang='lat' dir='ltr'><strong>Merito</strong></span> <span class='ocrx_word' id='word_1_92' title='bbox 588 962 712 1018; x_wconf 91' lang='lat' dir='ltr'><strong>ideo</strong></span> <span class='ocrx_word' id='word_1_93' title='bbox 732 963 963 1020; x_wconf 88' lang='lat' dir='ltr'><strong>vivimus</strong></span> <span class='ocrx_word' id='word_1_94' title='bbox 996 981 1006 1019; x_wconf 93' lang='lat'><strong>:</strong></span> <span class='ocrx_word' id='word_1_95' title='bbox 1043 967 1165 1037; x_wconf 89' lang='lat' dir='ltr'>quia</span> <span class='ocrx_word' id='word_1_96' title='bbox 1186 984 1355 1038; x_wconf 80' lang='lat' dir='ltr'><strong>quam</strong></span> <span class='ocrx_word' id='word_1_97' title='bbox 1375 967 1657 1023; x_wconf 79' lang='lat' dir='ltr'><strong>actionem</strong></span> <span class='ocrx_word' id='word_1_98' title='bbox 1680 969 1903 1036; x_wconf 85' lang='lat' dir='ltr'><strong>gratia-</strong></span> 
     </span>
    </p>
   </div>
   <div class='ocr_carea' id='block_1_13' title="bbox 304 1054 1903 1133">
    <p class='ocr_par' dir='ltr' id='par_1_13' title="bbox 304 1054 1903 1133">
     <span class='ocr_line' id='line_1_13' title="bbox 304 1054 1903 1133; baseline 0.007 -30"><span class='ocrx_word' id='word_1_99' title='bbox 304 1068 435 1104; x_wconf 86' lang='lat' dir='ltr'><strong>rum</strong></span> <span class='ocrx_word' id='word_1_100' title='bbox 471 1068 767 1121; x_wconf 75' lang='lat' dir='ltr'><strong>possumus</strong></span> <span class='ocrx_word' id='word_1_101' title='bbox 798 1054 1111 1133; x_wconf 78' lang='lat' dir='ltr'><strong>retribuere</strong></span> <span class='ocrx_word' id='word_1_102' title='bbox 1141 1056 1248 1109; x_wconf 92' lang='lat' dir='ltr'><strong>Deo</strong></span> <span class='ocrx_word' id='word_1_103' title='bbox 1275 1071 1376 1125; x_wconf 83' lang='lat' dir='ltr'><strong>pro</strong></span> <span class='ocrx_word' id='word_1_104' title='bbox 1416 1057 1560 1111; x_wconf 84' lang='lat' dir='ltr'><strong>vobis</strong></span> <span class='ocrx_word' id='word_1_105' title='bbox 1590 1076 1607 1110; x_wconf 90' lang='lat'><strong><em>:</em></strong></span> <span class='ocrx_word' id='word_1_106' title='bbox 1630 1057 1685 1110; x_wconf 92' lang='lat' dir='ltr'><strong>in</strong></span> <span class='ocrx_word' id='word_1_107' title='bbox 1715 1055 1820 1112; x_wconf 84' lang='lat' dir='ltr'><strong>fide</strong></span> <span class='ocrx_word' id='word_1_108' title='bbox 1850 1067 1903 1114; x_wconf 92' lang='lat' dir='ltr'><strong>et</strong></span> 
     </span>
    </p>
   </div>
   <div class='ocr_carea' id='block_1_14' title="bbox 304 1138 1903 1215">
    <p class='ocr_par' dir='ltr' id='par_1_14' title="bbox 304 1138 1903 1215">
     <span class='ocr_line' id='line_1_14' title="bbox 304 1138 1903 1215; baseline 0.006 -23"><span class='ocrx_word' id='word_1_109' title='bbox 304 1138 565 1192; x_wconf 88' lang='lat' dir='ltr'><strong>charitate</strong></span> <span class='ocrx_word' id='word_1_110' title='bbox 633 1140 996 1195; x_wconf 88' lang='lat' dir='ltr'><strong>manentibus.</strong></span> <span class='ocrx_word' id='word_1_111' title='bbox 1061 1144 1361 1197; x_wconf 83' lang='lat' dir='ltr'><strong>Possumus</strong></span> <span class='ocrx_word' id='word_1_112' title='bbox 1407 1143 1529 1199; x_wconf 88' lang='lat' dir='ltr'><strong>dico</strong></span> <span class='ocrx_word' id='word_1_113' title='bbox 1592 1160 1692 1198; x_wconf 92' lang='lat' dir='ltr'><strong>nos</strong></span> <span class='ocrx_word' id='word_1_114' title='bbox 1740 1148 1903 1215; x_wconf 85' lang='lat' dir='ltr'><strong>positi</strong></span> 
     </span>
    </p>
   </div>
   <div class='ocr_carea' id='block_1_15' title="bbox 303 1225 1901 1301">
    <p class='ocr_par' dir='ltr' id='par_1_15' title="bbox 303 1225 1901 1301">
     <span class='ocr_line' id='line_1_15' title="bbox 303 1225 1901 1301; baseline 0.007 -23"><span class='ocrx_word' id='word_1_115' title='bbox 303 1225 363 1279; x_wconf 83' lang='lat' dir='ltr'><strong>in</strong></span> <span class='ocrx_word' id='word_1_116' title='bbox 384 1226 542 1279; x_wconf 86' lang='lat' dir='ltr'><strong>omni</strong></span> <span class='ocrx_word' id='word_1_117' title='bbox 559 1228 779 1297; x_wconf 84' lang='lat' dir='ltr'><strong>gaudio,</strong></span> <span class='ocrx_word' id='word_1_118' title='bbox 796 1244 899 1299; x_wconf 89' lang='lat' dir='ltr'><strong>quo</strong></span> <span class='ocrx_word' id='word_1_119' title='bbox 909 1228 1216 1299; x_wconf 84' lang='lat' dir='ltr'>gaudemus</span> <span class='ocrx_word' id='word_1_120' title='bbox 1235 1235 1465 1301; x_wconf 80' lang='lat' dir='ltr'><strong>propter</strong></span> <span class='ocrx_word' id='word_1_121' title='bbox 1480 1248 1591 1297; x_wconf 89' lang='lat' dir='ltr'><strong>vos,</strong></span> <span class='ocrx_word' id='word_1_122' title='bbox 1608 1232 1901 1289; x_wconf 87' lang='lat' dir='ltr'><strong>existentes</strong></span> 
     </span>
    </p>
   </div>
   <div class='ocr_carea' id='block_1_16' title="bbox 306 1315 1899 1390">
    <p class='ocr_par' dir='ltr' id='par_1_16' title="bbox 306 1315 1899 1390">
     <span class='ocr_line' id='line_1_16' title="bbox 306 1315 1899 1390; baseline 0.006 -24"><span class='ocrx_word' id='word_1_123' title='bbox 306 1317 443 1367; x_wconf 90' lang='lat' dir='ltr'><strong>ante</strong></span> <span class='ocrx_word' id='word_1_124' title='bbox 475 1315 653 1369; x_wconf 89' lang='lat' dir='ltr'><strong>Deum</strong></span> <span class='ocrx_word' id='word_1_125' title='bbox 700 1319 980 1371; x_wconf 84' lang='lat' dir='ltr'><strong>nostrum.</strong></span> <span class='ocrx_word' id='word_1_126' title='bbox 1028 1317 1141 1381; x_wconf 85' lang='lat' dir='ltr'><strong>Vel,</strong></span> <span class='ocrx_word' id='word_1_127' title='bbox 1192 1318 1495 1390; x_wconf 83' lang='lat' dir='ltr'>gaudemus</span> <span class='ocrx_word' id='word_1_128' title='bbox 1542 1328 1665 1375; x_wconf 83' lang='lat' dir='ltr'><strong>ante</strong></span> <span class='ocrx_word' id='word_1_129' title='bbox 1726 1322 1899 1377; x_wconf 91' lang='lat' dir='ltr'><strong>Deum</strong></span> 
     </span>
    </p>
   </div>
   <div class='ocr_carea' id='block_1_17' title="bbox 303 1405 1898 1479">
    <p class='ocr_par' dir='ltr' id='par_1_17' title="bbox 303 1405 1898 1479">
     <span class='ocr_line' id='line_1_17' title="bbox 303 1405 1898 1479; baseline 0.008 -26"><span class='ocrx_word' id='word_1_130' title='bbox 303 1409 547 1455; x_wconf 89' lang='lat' dir='ltr'><strong>nostrum</strong></span> <span class='ocrx_word' id='word_1_131' title='bbox 614 1411 835 1473; x_wconf 82' lang='lat' dir='ltr'><strong>propter</strong></span> <span class='ocrx_word' id='word_1_132' title='bbox 882 1419 1025 1459; x_wconf 92' lang='lat' dir='ltr'><strong>vos:</strong></span> <span class='ocrx_word' id='word_1_133' title='bbox 1078 1405 1255 1475; x_wconf 90' lang='lat' dir='ltr'><strong>placet</strong></span> <span class='ocrx_word' id='word_1_134' title='bbox 1313 1407 1454 1460; x_wconf 91' lang='lat' dir='ltr'><strong>enim</strong></span> <span class='ocrx_word' id='word_1_135' title='bbox 1502 1407 1559 1459; x_wconf 91' lang='lat' dir='ltr'><strong>in</strong></span> <span class='ocrx_word' id='word_1_136' title='bbox 1605 1418 1898 1479; x_wconf 91' lang='lat' dir='ltr'><strong>conspectu</strong></span> 
     </span>
    </p>
   </div>
   <div class='ocr_carea' id='block_1_18' title="bbox 300 1488 1899 1569">
    <p class='ocr_par' dir='ltr' id='par_1_18' title="bbox 300 1488 1899 1569">
     <span class='ocr_line' id='line_1_18' title="bbox 300 1488 1899 1569; baseline 0.007 -27"><span class='ocrx_word' id='word_1_137' title='bbox 300 1488 435 1553; x_wconf 90' lang='lat' dir='ltr'>Dei,</span> <span class='ocrx_word' id='word_1_138' title='bbox 480 1491 625 1560; x_wconf 91' lang='lat' dir='ltr'><strong>quod</strong></span> <span class='ocrx_word' id='word_1_139' title='bbox 674 1491 872 1546; x_wconf 90' lang='lat' dir='ltr'><strong>oblitus</strong></span> <span class='ocrx_word' id='word_1_140' title='bbox 937 1508 1073 1547; x_wconf 81' lang='lat' dir='ltr'><strong>meae</strong></span> <span class='ocrx_word' id='word_1_141' title='bbox 1131 1494 1510 1561; x_wconf 84' lang='lat' dir='ltr'><strong>tribulationis,</strong></span> <span class='ocrx_word' id='word_1_142' title='bbox 1580 1499 1899 1569; x_wconf 84' lang='lat' dir='ltr'><strong>congaudeo</strong></span> 
     </span>
    </p>
   </div>
   <div class='ocr_carea' id='block_1_19' title="bbox 298 1576 1969 1670">
    <p class='ocr_par' dir='ltr' id='par_1_19' title="bbox 298 1576 1969 1670">
     <span class='ocr_line' id='line_1_19' title="bbox 298 1576 1969 1670; baseline 0.008 -42"><span class='ocrx_word' id='word_1_143' title='bbox 298 1576 456 1631; x_wconf 88' lang='lat' dir='ltr'><strong>bonis</strong></span> <span class='ocrx_word' id='word_1_144' title='bbox 488 1578 702 1632; x_wconf 86' lang='lat' dir='ltr'><strong>vestris.</strong></span> <span class='ocrx_word' id='word_1_145' title='bbox 736 1579 1058 1635; x_wconf 84' lang='lat' dir='ltr'><strong>Retribuere</strong></span> <span class='ocrx_word' id='word_1_146' title='bbox 1098 1581 1220 1635; x_wconf 89' lang='lat' dir='ltr'><strong>ideo</strong></span> <span class='ocrx_word' id='word_1_147' title='bbox 1263 1581 1411 1647; x_wconf 91' lang='lat' dir='ltr'><strong>dicit,</strong></span> <span class='ocrx_word' id='word_1_148' title='bbox 1448 1584 1574 1653; x_wconf 85' lang='lat' dir='ltr'>quia</span> <span class='ocrx_word' id='word_1_149' title='bbox 1603 1584 1745 1639; x_wconf 87' lang='lat' dir='ltr'><strong>bona</strong></span> <span class='ocrx_word' id='word_1_150' title='bbox 1777 1603 1897 1656; x_wconf 78' lang='lat' dir='ltr'><strong>quae</strong></span> <span class='ocrx_word' id='word_1_151' title='bbox 1917 1612 1969 1670; x_wconf 81' lang='grc' dir='ltr'>Β</span> 
     </span>
    </p>
   </div>
   <div class='ocr_carea' id='block_1_20' title="bbox 300 1666 1897 1735">
    <p class='ocr_par' dir='ltr' id='par_1_20' title="bbox 300 1666 1897 1735">
     <span class='ocr_line' id='line_1_20' title="bbox 300 1666 1897 1735; baseline 0.008 -18"><span class='ocrx_word' id='word_1_152' title='bbox 300 1666 447 1719; x_wconf 91' lang='lat' dir='ltr'><strong>Deus</strong></span> <span class='ocrx_word' id='word_1_153' title='bbox 469 1666 653 1720; x_wconf 90' lang='lat' dir='ltr'><strong>tribuit</strong></span> <span class='ocrx_word' id='word_1_154' title='bbox 682 1668 945 1722; x_wconf 88' lang='lat' dir='ltr'><strong>Ecclesiis</strong></span> <span class='ocrx_word' id='word_1_155' title='bbox 978 1669 1147 1735; x_wconf 89' lang='lat' dir='ltr'><strong>Pauli,</strong></span> <span class='ocrx_word' id='word_1_156' title='bbox 1193 1671 1393 1725; x_wconf 81' lang='lat' dir='ltr'>Paulus</span> <span class='ocrx_word' id='word_1_157' title='bbox 1424 1682 1747 1728; x_wconf 89' lang='lat' dir='ltr'><strong>annumerat</strong></span> <span class='ocrx_word' id='word_1_158' title='bbox 1779 1675 1897 1729; x_wconf 91' lang='lat' dir='ltr'><strong>col-</strong></span> 
     </span>
    </p>
   </div>
   <div class='ocr_carea' id='block_1_21' title="bbox 300 1752 1897 1834">
    <p class='ocr_par' dir='ltr' id='par_1_21' title="bbox 300 1752 1897 1834">
     <span class='ocr_line' id='line_1_21' title="bbox 300 1752 1897 1834; baseline 0.008 -30"><span class='ocrx_word' id='word_1_159' title='bbox 300 1752 406 1806; x_wconf 90' lang='lat' dir='ltr'><strong>lata</strong></span> <span class='ocrx_word' id='word_1_160' title='bbox 436 1770 559 1809; x_wconf 92' lang='lat' dir='ltr'><strong>esse</strong></span> <span class='ocrx_word' id='word_1_161' title='bbox 592 1755 712 1808; x_wconf 90' lang='lat' dir='ltr'><strong>sibi.</strong></span> <span class='ocrx_word' id='word_1_162' title='bbox 750 1756 1064 1811; x_wconf 86' lang='lat' dir='ltr'>Gaudemus</span> <span class='ocrx_word' id='word_1_163' title='bbox 1096 1773 1205 1812; x_wconf 90' lang='lat' dir='ltr'><strong>non</strong></span> <span class='ocrx_word' id='word_1_164' title='bbox 1246 1760 1418 1813; x_wconf 91' lang='lat' dir='ltr'><strong>solum</strong></span> <span class='ocrx_word' id='word_1_165' title='bbox 1464 1762 1669 1832; x_wconf 80' lang='lat' dir='ltr'><strong>gratias</strong></span> <span class='ocrx_word' id='word_1_166' title='bbox 1722 1778 1897 1834; x_wconf 86' lang='lat' dir='ltr'><strong>agen-</strong></span> 
     </span>
    </p>
   </div>
   <div class='ocr_carea' id='block_1_22' title="bbox 302 1842 1894 1919">
    <p class='ocr_par' dir='ltr' id='par_1_22' title="bbox 302 1842 1894 1919">
     <span class='ocr_line' id='line_1_22' title="bbox 302 1842 1894 1919; baseline 0.008 -26"><span class='ocrx_word' id='word_1_167' title='bbox 302 1848 383 1894; x_wconf 90' lang='lat' dir='ltr'><strong>tes</strong></span> <span class='ocrx_word' id='word_1_168' title='bbox 417 1858 430 1895; x_wconf 96' lang='lat'>:</span> <span class='ocrx_word' id='word_1_169' title='bbox 464 1842 563 1896; x_wconf 88' lang='lat' dir='ltr'><strong>sed</strong></span> <span class='ocrx_word' id='word_1_170' title='bbox 596 1844 761 1897; x_wconf 89' lang='lat' dir='ltr'><strong>etiam</strong></span> <span class='ocrx_word' id='word_1_171' title='bbox 792 1848 1021 1900; x_wconf 83' lang='lat' dir='ltr'><strong>orantes</strong></span> <span class='ocrx_word' id='word_1_172' title='bbox 1058 1851 1222 1901; x_wconf 88' lang='lat' dir='ltr'><strong>nocte</strong></span> <span class='ocrx_word' id='word_1_173' title='bbox 1251 1852 1309 1901; x_wconf 91' lang='lat' dir='ltr'><strong>et</strong></span> <span class='ocrx_word' id='word_1_174' title='bbox 1353 1849 1443 1904; x_wconf 87' lang='lat' dir='ltr'><strong>die</strong></span> <span class='ocrx_word' id='word_1_175' title='bbox 1490 1850 1894 1919; x_wconf 75' lang='lat' dir='ltr'><strong>abundantius,</strong></span> 
     </span>
    </p>
   </div>
   <div class='ocr_carea' id='block_1_23' title="bbox 298 1931 1897 2005">
    <p class='ocr_par' dir='ltr' id='par_1_23' title="bbox 298 1931 1897 2005">
     <span class='ocr_line' id='line_1_23' title="bbox 298 1931 1897 2005; baseline 0.006 -23"><span class='ocrx_word' id='word_1_176' title='bbox 298 1945 464 1998; x_wconf 91' lang='lat' dir='ltr'><strong>quam</strong></span> <span class='ocrx_word' id='word_1_177' title='bbox 530 1931 683 2000; x_wconf 90' lang='lat' dir='ltr'><strong>prius</strong></span> <span class='ocrx_word' id='word_1_178' title='bbox 743 1932 982 1986; x_wconf 89' lang='lat' dir='ltr'><strong>nondum</strong></span> <span class='ocrx_word' id='word_1_179' title='bbox 1050 1934 1234 1988; x_wconf 88' lang='lat' dir='ltr'><strong>audita</strong></span> <span class='ocrx_word' id='word_1_180' title='bbox 1296 1936 1626 2005; x_wconf 86' lang='lat' dir='ltr'><strong>perfectione</strong></span> <span class='ocrx_word' id='word_1_181' title='bbox 1675 1946 1897 1993; x_wconf 91' lang='lat' dir='ltr'><strong>vestra:</strong></span> 
     </span>
    </p>
   </div>
   <div class='ocr_carea' id='block_1_24' title="bbox 298 2019 1898 2095">
    <p class='ocr_par' dir='ltr' id='par_1_24' title="bbox 298 2019 1898 2095">
     <span class='ocr_line' id='line_1_24' title="bbox 298 2019 1898 2095; baseline 0.008 -26"><span class='ocrx_word' id='word_1_182' title='bbox 298 2025 519 2072; x_wconf 87' lang='lat' dir='ltr'><strong>orantes</strong></span> <span class='ocrx_word' id='word_1_183' title='bbox 548 2019 673 2085; x_wconf 92' lang='lat' dir='ltr'><strong>hoc,</strong></span> <span class='ocrx_word' id='word_1_184' title='bbox 708 2024 775 2074; x_wconf 91' lang='lat' dir='ltr'><strong>ut</strong></span> <span class='ocrx_word' id='word_1_185' title='bbox 807 2020 1097 2075; x_wconf 87' lang='lat' dir='ltr'><strong>videamus</strong></span> <span class='ocrx_word' id='word_1_186' title='bbox 1124 2024 1331 2092; x_wconf 80' lang='lat' dir='ltr'><strong>faciem</strong></span> <span class='ocrx_word' id='word_1_187' title='bbox 1350 2029 1597 2079; x_wconf 86' lang='lat' dir='ltr'><strong>vestram</strong></span> <span class='ocrx_word' id='word_1_188' title='bbox 1628 2046 1645 2081; x_wconf 90' lang='lat'><strong><em>:</em></strong></span> <span class='ocrx_word' id='word_1_189' title='bbox 1667 2031 1723 2081; x_wconf 90' lang='lat' dir='ltr'><strong>et</strong></span> <span class='ocrx_word' id='word_1_190' title='bbox 1750 2042 1898 2095; x_wconf 73' lang='lat' dir='ltr'><strong>prae-</strong></span> 
     </span>
    </p>
   </div>
   <div class='ocr_carea' id='block_1_25' title="bbox 296 2109 1901 2182">
    <p class='ocr_par' dir='ltr' id='par_1_25' title="bbox 296 2109 1901 2182">
     <span class='ocr_line' id='line_1_25' title="bbox 296 2109 1901 2182; baseline 0.007 -25"><span class='ocrx_word' id='word_1_191' title='bbox 296 2112 481 2159; x_wconf 89' lang='lat' dir='ltr'><strong>sentes</strong></span> <span class='ocrx_word' id='word_1_192' title='bbox 511 2120 577 2160; x_wconf 88' lang='lat' dir='ltr'><strong>ea</strong></span> <span class='ocrx_word' id='word_1_193' title='bbox 606 2110 985 2179; x_wconf 80' lang='lat' dir='ltr'><strong>compleamus</strong></span> <span class='ocrx_word' id='word_1_194' title='bbox 1013 2109 1069 2162; x_wconf 91' lang='lat' dir='ltr'><strong>in</strong></span> <span class='ocrx_word' id='word_1_195' title='bbox 1096 2111 1252 2164; x_wconf 86' lang='lat' dir='ltr'><strong>vobis</strong></span> <span class='ocrx_word' id='word_1_196' title='bbox 1310 2128 1430 2182; x_wconf 74' lang='lat' dir='ltr'><strong>quae</strong></span> <span class='ocrx_word' id='word_1_197' title='bbox 1467 2114 1648 2169; x_wconf 90' lang='lat' dir='ltr'><strong>adhuc</strong></span> <span class='ocrx_word' id='word_1_198' title='bbox 1696 2115 1901 2170; x_wconf 83' lang='lat' dir='ltr'><strong>desunt</strong></span> 
     </span>
    </p>
   </div>
   <div class='ocr_carea' id='block_1_26' title="bbox 295 2192 1897 2268">
    <p class='ocr_par' dir='ltr' id='par_1_26' title="bbox 295 2192 1897 2268">
     <span class='ocr_line' id='line_1_26' title="bbox 295 2192 1897 2268; baseline 0.007 -23"><span class='ocrx_word' id='word_1_199' title='bbox 295 2192 429 2258; x_wconf 81' lang='lat' dir='ltr'><strong>ﬁdei</strong></span> <span class='ocrx_word' id='word_1_200' title='bbox 462 2200 682 2248; x_wconf 69' lang='lat' dir='ltr'><strong>vestrae.</strong></span> <span class='ocrx_word' id='word_1_201' title='bbox 710 2195 911 2249; x_wconf 85' lang='lat' dir='ltr'>Paulus</span> <span class='ocrx_word' id='word_1_202' title='bbox 931 2213 1054 2250; x_wconf 92' lang='lat' dir='ltr'><strong>cum</strong></span> <span class='ocrx_word' id='word_1_203' title='bbox 1077 2198 1312 2266; x_wconf 90' lang='lat' dir='ltr'><strong>primum</strong></span> <span class='ocrx_word' id='word_1_204' title='bbox 1336 2199 1549 2253; x_wconf 87' lang='lat' dir='ltr'><strong>tradidit</strong></span> <span class='ocrx_word' id='word_1_205' title='bbox 1578 2200 1682 2255; x_wconf 85' lang='lat' dir='ltr'><strong>illis</strong></span> <span class='ocrx_word' id='word_1_206' title='bbox 1712 2200 1897 2268; x_wconf 89' lang='lat' dir='ltr'><strong>fidem,</strong></span> 
     </span>
    </p>
   </div>
   <div class='ocr_carea' id='block_1_27' title="bbox 295 2280 1899 2359">
    <p class='ocr_par' dir='ltr' id='par_1_27' title="bbox 295 2280 1899 2359">
     <span class='ocr_line' id='line_1_27' title="bbox 295 2280 1899 2359; baseline 0.007 -26"><span class='ocrx_word' id='word_1_207' title='bbox 295 2280 423 2349; x_wconf 85' lang='lat' dir='ltr'>quia</span> <span class='ocrx_word' id='word_1_208' title='bbox 453 2281 631 2336; x_wconf 89' lang='lat' dir='ltr'><strong>adhuc</strong></span> <span class='ocrx_word' id='word_1_209' title='bbox 664 2282 939 2352; x_wconf 88' lang='lat' dir='ltr'><strong>simplices</strong></span> <span class='ocrx_word' id='word_1_210' title='bbox 988 2293 1159 2351; x_wconf 90' lang='lat' dir='ltr'><strong>erant,</strong></span> <span class='ocrx_word' id='word_1_211' title='bbox 1194 2302 1302 2341; x_wconf 89' lang='lat' dir='ltr'><strong>non</strong></span> <span class='ocrx_word' id='word_1_212' title='bbox 1350 2287 1677 2343; x_wconf 62' lang='lat' dir='ltr'><strong>sufficientes</strong></span> <span class='ocrx_word' id='word_1_213' title='bbox 1706 2304 1899 2359; x_wconf 90' lang='lat' dir='ltr'><strong>capere</strong></span> 
     </span>
    </p>
   </div>
   <div class='ocr_carea' id='block_1_28' title="bbox 293 2369 1900 2445">
    <p class='ocr_par' dir='ltr' id='par_1_28' title="bbox 293 2369 1900 2445">
     <span class='ocr_line' id='line_1_28' title="bbox 293 2369 1900 2445; baseline 0.007 -25"><span class='ocrx_word' id='word_1_214' title='bbox 293 2369 553 2438; x_wconf 76' lang='lat' dir='ltr'><strong>mysteria</strong></span> <span class='ocrx_word' id='word_1_215' title='bbox 599 2370 718 2435; x_wconf 91' lang='lat' dir='ltr'>Dei,</span> <span class='ocrx_word' id='word_1_216' title='bbox 773 2373 1074 2426; x_wconf 90' lang='lat' dir='ltr'><strong>secundum</strong></span> <span class='ocrx_word' id='word_1_217' title='bbox 1131 2390 1196 2428; x_wconf 88' lang='lat' dir='ltr'><strong>ea</strong></span> <span class='ocrx_word' id='word_1_218' title='bbox 1245 2390 1366 2445; x_wconf 62' lang='lat' dir='ltr'><strong>qua:</strong></span> <span class='ocrx_word' id='word_1_219' title='bbox 1413 2375 1538 2430; x_wconf 86' lang='lat' dir='ltr'><strong>fidei</strong></span> <span class='ocrx_word' id='word_1_220' title='bbox 1585 2379 1900 2433; x_wconf 88' lang='lat' dir='ltr'><strong>necessaria</strong></span> 
     </span>
    </p>
   </div>
   <div class='ocr_carea' id='block_1_29' title="bbox 290 2458 1894 2533">
    <p class='ocr_par' dir='ltr' id='par_1_29' title="bbox 290 2458 1894 2533">
     <span class='ocr_line' id='line_1_29' title="bbox 290 2458 1894 2533; baseline 0.004 -22"><span class='ocrx_word' id='word_1_221' title='bbox 290 2464 470 2523; x_wconf 87' lang='lat' dir='ltr'><strong>erant,</strong></span> <span class='ocrx_word' id='word_1_222' title='bbox 505 2473 602 2511; x_wconf 91' lang='lat' dir='ltr'><strong>eos</strong></span> <span class='ocrx_word' id='word_1_223' title='bbox 643 2458 883 2513; x_wconf 89' lang='lat' dir='ltr'><strong>initiavit</strong></span> <span class='ocrx_word' id='word_1_224' title='bbox 916 2477 929 2512; x_wconf 88' lang='lat'><strong>:</strong></span> <span class='ocrx_word' id='word_1_225' title='bbox 964 2461 1061 2515; x_wconf 90' lang='lat' dir='ltr'><strong>sed</strong></span> <span class='ocrx_word' id='word_1_226' title='bbox 1112 2461 1235 2532; x_wconf 88' lang='lat' dir='ltr'>quia</span> <span class='ocrx_word' id='word_1_227' title='bbox 1278 2463 1445 2518; x_wconf 89' lang='lat' dir='ltr'><strong>modo</strong></span> <span class='ocrx_word' id='word_1_228' title='bbox 1492 2463 1720 2533; x_wconf 86' lang='lat' dir='ltr'><strong>perfecti</strong></span> <span class='ocrx_word' id='word_1_229' title='bbox 1750 2473 1894 2532; x_wconf 91' lang='lat' dir='ltr'><strong>sunt,</strong></span> 
     </span>
    </p>
   </div>
   <div class='ocr_carea' id='block_1_30' title="bbox 292 2544 1899 2622">
    <p class='ocr_par' dir='ltr' id='par_1_30' title="bbox 292 2544 1899 2622">
     <span class='ocr_line' id='line_1_30' title="bbox 292 2544 1899 2622; baseline 0.007 -25"><span class='ocrx_word' id='word_1_230' title='bbox 292 2544 342 2598; x_wconf 89' lang='lat' dir='ltr'><strong>si</strong></span> <span class='ocrx_word' id='word_1_231' title='bbox 386 2546 553 2600; x_wconf 93' lang='lat' dir='ltr'><strong>modo</strong></span> <span class='ocrx_word' id='word_1_232' title='bbox 613 2554 756 2601; x_wconf 89' lang='lat' dir='ltr'><strong>esset</strong></span> <span class='ocrx_word' id='word_1_233' title='bbox 808 2547 953 2617; x_wconf 89' lang='lat' dir='ltr'><strong>apud</strong></span> <span class='ocrx_word' id='word_1_234' title='bbox 1008 2564 1122 2615; x_wconf 92' lang='lat' dir='ltr'><strong>eos,</strong></span> <span class='ocrx_word' id='word_1_235' title='bbox 1184 2550 1420 2619; x_wconf 88' lang='lat' dir='ltr'><strong>aperiret</strong></span> <span class='ocrx_word' id='word_1_236' title='bbox 1495 2552 1799 2622; x_wconf 88' lang='lat' dir='ltr'><strong>Scripturas</strong></span> <span class='ocrx_word' id='word_1_237' title='bbox 1847 2562 1899 2608; x_wconf 91' lang='lat' dir='ltr'><strong>et</strong></span> 
     </span>
    </p>
   </div>
   <div class='ocr_carea' id='block_1_31' title="bbox 288 2633 1901 2709">
    <p class='ocr_par' dir='ltr' id='par_1_31' title="bbox 288 2633 1901 2709">
     <span class='ocr_line' id='line_1_31' title="bbox 288 2633 1901 2709; baseline 0.005 -24"><span class='ocrx_word' id='word_1_238' title='bbox 288 2633 555 2703; x_wconf 85' lang='lat' dir='ltr'><strong>mysteria</strong></span> <span class='ocrx_word' id='word_1_239' title='bbox 599 2634 742 2688; x_wconf 89' lang='lat' dir='ltr'>Dei:</span> <span class='ocrx_word' id='word_1_240' title='bbox 796 2651 917 2705; x_wconf 70' lang='lat' dir='ltr'><strong>qua:</strong></span> <span class='ocrx_word' id='word_1_241' title='bbox 968 2635 1106 2690; x_wconf 90' lang='lat' dir='ltr'><strong>sicut</strong></span> <span class='ocrx_word' id='word_1_242' title='bbox 1161 2637 1315 2706; x_wconf 92' lang='lat' dir='ltr'><strong>prius</strong></span> <span class='ocrx_word' id='word_1_243' title='bbox 1384 2640 1661 2709; x_wconf 82' lang='lat' dir='ltr'><strong>superﬂua</strong></span> <span class='ocrx_word' id='word_1_244' title='bbox 1716 2648 1901 2695; x_wconf 85' lang='lat' dir='ltr'><strong>essent</strong></span> 
     </span>
    </p>
   </div>
   <div class='ocr_carea' id='block_1_32' title="bbox 289 2721 1897 2798">
    <p class='ocr_par' dir='ltr' id='par_1_32' title="bbox 289 2721 1897 2798">
     <span class='ocr_line' id='line_1_32' title="bbox 289 2721 1897 2798; baseline 0.004 -22"><span class='ocrx_word' id='word_1_245' title='bbox 289 2738 485 2776; x_wconf 86' lang='lat' dir='ltr'><strong>eorum</strong></span> <span class='ocrx_word' id='word_1_246' title='bbox 512 2721 862 2791; x_wconf 86' lang='lat' dir='ltr'><strong>simplicitati,</strong></span> <span class='ocrx_word' id='word_1_247' title='bbox 911 2723 989 2777; x_wconf 93' lang='lat' dir='ltr'><strong>sic</strong></span> <span class='ocrx_word' id='word_1_248' title='bbox 1047 2725 1210 2778; x_wconf 91' lang='lat' dir='ltr'><strong>modo</strong></span> <span class='ocrx_word' id='word_1_249' title='bbox 1252 2726 1478 2780; x_wconf 89' lang='lat' dir='ltr'><strong>deerant</strong></span> <span class='ocrx_word' id='word_1_250' title='bbox 1524 2742 1710 2781; x_wconf 91' lang='lat' dir='ltr'><strong>eorum</strong></span> <span class='ocrx_word' id='word_1_251' title='bbox 1768 2745 1897 2798; x_wconf 89' lang='lat' dir='ltr'><strong>per-</strong></span> 
     </span>
    </p>
   </div>
   <div class='ocr_carea' id='block_1_33' title="bbox 292 2808 1898 2887">
    <p class='ocr_par' dir='ltr' id='par_1_33' title="bbox 292 2808 1898 2887">
     <span class='ocr_line' id='line_1_33' title="bbox 292 2808 1898 2887; baseline 0.006 -25"><span class='ocrx_word' id='word_1_252' title='bbox 292 2809 539 2864; x_wconf 82' lang='lat' dir='ltr'><strong>fectioni.</strong></span> <span class='ocrx_word' id='word_1_253' title='bbox 574 2808 804 2864; x_wconf 89' lang='lat' dir='ltr'><strong>Oramus</strong></span> <span class='ocrx_word' id='word_1_254' title='bbox 842 2809 1028 2865; x_wconf 88' lang='lat' dir='ltr'><strong>videre</strong></span> <span class='ocrx_word' id='word_1_255' title='bbox 1077 2810 1270 2867; x_wconf 86' lang='lat' dir='ltr'><strong>faciem</strong></span> <span class='ocrx_word' id='word_1_256' title='bbox 1312 2821 1548 2868; x_wconf 87' lang='lat' dir='ltr'><strong>vestram</strong></span> <span class='ocrx_word' id='word_1_257' title='bbox 1584 2831 1595 2869; x_wconf 90' lang='lat'>:</span> <span class='ocrx_word' id='word_1_258' title='bbox 1629 2816 1747 2887; x_wconf 88' lang='lat' dir='ltr'><strong>ipse</strong></span> <span class='ocrx_word' id='word_1_259' title='bbox 1796 2833 1898 2872; x_wconf 90' lang='lat' dir='ltr'><strong>au-</strong></span> 
     </span>
    </p>
   </div>
   <div class='ocr_carea' id='block_1_34' title="bbox 290 2898 1897 2968">
    <p class='ocr_par' dir='ltr' id='par_1_34' title="bbox 290 2898 1897 2968">
     <span class='ocr_line' id='line_1_34' title="bbox 290 2898 1897 2968; baseline 0.005 -17"><span class='ocrx_word' id='word_1_260' title='bbox 290 2901 407 2952; x_wconf 86' lang='lat' dir='ltr'><strong>tem</strong></span> <span class='ocrx_word' id='word_1_261' title='bbox 431 2898 576 2951; x_wconf 86' lang='lat' dir='ltr'><strong>Deus</strong></span> <span class='ocrx_word' id='word_1_262' title='bbox 599 2902 655 2952; x_wconf 88' lang='lat' dir='ltr'><strong>et</strong></span> <span class='ocrx_word' id='word_1_263' title='bbox 677 2902 845 2968; x_wconf 84' lang='lat' dir='ltr'><strong>pater</strong></span> <span class='ocrx_word' id='word_1_264' title='bbox 859 2903 1070 2965; x_wconf 83' lang='lat' dir='ltr'><strong>noster,</strong></span> <span class='ocrx_word' id='word_1_265' title='bbox 1102 2904 1159 2954; x_wconf 89' lang='lat' dir='ltr'><strong>et</strong></span> <span class='ocrx_word' id='word_1_266' title='bbox 1186 2902 1455 2956; x_wconf 89' lang='lat' dir='ltr'><strong>Dominus</strong></span> <span class='ocrx_word' id='word_1_267' title='bbox 1481 2903 1735 2958; x_wconf 85' lang='lat' dir='ltr'><strong>Christus</strong></span> <span class='ocrx_word' id='word_1_268' title='bbox 1758 2905 1897 2959; x_wconf 85' lang='lat' dir='ltr'><strong>diri-</strong></span> 
     </span>
    </p>
   </div>
   <div class='ocr_carea' id='block_1_35' title="bbox 288 2986 1893 3055">
    <p class='ocr_par' dir='ltr' id='par_1_35' title="bbox 288 2986 1893 3055">
     <span class='ocr_line' id='line_1_35' title="bbox 288 2986 1893 3055; baseline 0.005 -17"><span class='ocrx_word' id='word_1_269' title='bbox 288 2989 389 3055; x_wconf 88' lang='lat' dir='ltr'><strong>gat</strong></span> <span class='ocrx_word' id='word_1_270' title='bbox 410 2986 562 3040; x_wconf 88' lang='lat' dir='ltr'><strong>viam</strong></span> <span class='ocrx_word' id='word_1_271' title='bbox 583 2990 859 3051; x_wconf 83' lang='lat' dir='ltr'><strong>nostram,</strong></span> <span class='ocrx_word' id='word_1_272' title='bbox 888 2986 942 3041; x_wconf 91' lang='lat' dir='ltr'><strong>id</strong></span> <span class='ocrx_word' id='word_1_273' title='bbox 961 2994 1041 3040; x_wconf 90' lang='lat' dir='ltr'><strong>est</strong></span> <span class='ocrx_word' id='word_1_274' title='bbox 1067 2986 1223 3042; x_wconf 85' lang='lat' dir='ltr'><strong>faciat</strong></span> <span class='ocrx_word' id='word_1_275' title='bbox 1238 2988 1505 3045; x_wconf 91' lang='lat' dir='ltr'><strong>directum</strong></span> <span class='ocrx_word' id='word_1_276' title='bbox 1530 2990 1632 3045; x_wconf 91' lang='lat' dir='ltr'><strong>iter</strong></span> <span class='ocrx_word' id='word_1_277' title='bbox 1653 3000 1893 3046; x_wconf 90' lang='lat' dir='ltr'><strong>nostrum</strong></span> 
     </span>
    </p>
   </div>
   <div class='ocr_carea' id='block_1_36' title="bbox 293 3072 1895 3145">
    <p class='ocr_par' dir='ltr' id='par_1_36' title="bbox 293 3072 1895 3145">
     <span class='ocr_line' id='line_1_36' title="bbox 293 3072 1895 3145; baseline 0.005 -19"><span class='ocrx_word' id='word_1_278' title='bbox 293 3073 367 3126; x_wconf 88' lang='lat' dir='ltr'><strong>ad</strong></span> <span class='ocrx_word' id='word_1_279' title='bbox 389 3088 507 3128; x_wconf 87' lang='lat' dir='ltr'><strong>vos.</strong></span> <span class='ocrx_word' id='word_1_280' title='bbox 532 3072 656 3127; x_wconf 89' lang='lat' dir='ltr'><strong>Sive</strong></span> <span class='ocrx_word' id='word_1_281' title='bbox 682 3082 859 3128; x_wconf 90' lang='lat' dir='ltr'><strong>autem</strong></span> <span class='ocrx_word' id='word_1_282' title='bbox 872 3075 1105 3143; x_wconf 89' lang='lat' dir='ltr'><strong>veniam,</strong></span> <span class='ocrx_word' id='word_1_283' title='bbox 1121 3075 1236 3130; x_wconf 90' lang='lat' dir='ltr'><strong>sive</strong></span> <span class='ocrx_word' id='word_1_284' title='bbox 1258 3092 1362 3130; x_wconf 90' lang='lat' dir='ltr'><strong>non</strong></span> <span class='ocrx_word' id='word_1_285' title='bbox 1378 3077 1610 3145; x_wconf 89' lang='lat' dir='ltr'><strong>veniam,</strong></span> <span class='ocrx_word' id='word_1_286' title='bbox 1627 3080 1895 3134; x_wconf 86' lang='lat' dir='ltr'><strong>Dominus</strong></span> 
     </span>
    </p>
   </div>
   <div class='ocr_carea' id='block_1_37' title="bbox 289 3163 1893 3235">
    <p class='ocr_par' dir='ltr' id='par_1_37' title="bbox 289 3163 1893 3235">
     <span class='ocr_line' id='line_1_37' title="bbox 289 3163 1893 3235; baseline 0.004 -21"><span class='ocrx_word' id='word_1_287' title='bbox 289 3163 974 3232; x_wconf 85' lang='lat' dir='ltr'><strong>sempermultiplicetvos</strong></span> <span class='ocrx_word' id='word_1_288' title='bbox 1004 3163 1301 3218; x_wconf 88' lang='lat' dir='ltr'><strong>secundum</strong></span> <span class='ocrx_word' id='word_1_289' title='bbox 1334 3175 1688 3235; x_wconf 81' lang='lat' dir='ltr'><strong>augmentum</strong></span> <span class='ocrx_word' id='word_1_290' title='bbox 1716 3184 1893 3221; x_wconf 90' lang='lat' dir='ltr'><strong>mem-</strong></span> 
     </span>
    </p>
   </div>
   <div class='ocr_carea' id='block_1_38' title="bbox 286 3249 1895 3319">
    <p class='ocr_par' dir='ltr' id='par_1_38' title="bbox 286 3249 1895 3319">
     <span class='ocr_line' id='line_1_38' title="bbox 286 3249 1895 3319; baseline 0.006 -18"><span class='ocrx_word' id='word_1_291' title='bbox 286 3250 512 3303; x_wconf 83' lang='lat' dir='ltr'><strong>brorum</strong></span> <span class='ocrx_word' id='word_1_292' title='bbox 528 3266 541 3301; x_wconf 91' lang='lat'>:</span> <span class='ocrx_word' id='word_1_293' title='bbox 557 3252 611 3302; x_wconf 90' lang='lat' dir='ltr'><strong>et</strong></span> <span class='ocrx_word' id='word_1_294' title='bbox 626 3249 1108 3319; x_wconf 79' lang='lat' dir='ltr'><strong>faciatabundare</strong></span> <span class='ocrx_word' id='word_1_295' title='bbox 1123 3251 1466 3307; x_wconf 85' lang='lat' dir='ltr'><strong>charitatem</strong></span> <span class='ocrx_word' id='word_1_296' title='bbox 1478 3256 1800 3309; x_wconf 77' lang='lat' dir='ltr'><strong>vestrumin</strong></span> <span class='ocrx_word' id='word_1_297' title='bbox 1814 3257 1895 3310; x_wconf 86' lang='lat' dir='ltr'><strong>in-</strong></span> 
     </span>
    </p>
   </div>
   <div class='ocr_carea' id='block_1_39' title="bbox 286 3337 1893 3411">
    <p class='ocr_par' dir='ltr' id='par_1_39' title="bbox 286 3337 1893 3411">
     <span class='ocr_line' id='line_1_39' title="bbox 286 3337 1893 3411; baseline 0.004 -20"><span class='ocrx_word' id='word_1_298' title='bbox 286 3339 467 3392; x_wconf 82' lang='lat' dir='ltr'><strong>vicem</strong></span> <span class='ocrx_word' id='word_1_299' title='bbox 481 3355 498 3390; x_wconf 92' lang='lat'><strong><em>:</em></strong></span> <span class='ocrx_word' id='word_1_300' title='bbox 515 3337 660 3406; x_wconf 89' lang='lat' dir='ltr'><strong>quod</strong></span> <span class='ocrx_word' id='word_1_301' title='bbox 674 3352 865 3391; x_wconf 89' lang='lat' dir='ltr'><strong>omnes</strong></span> <span class='ocrx_word' id='word_1_302' title='bbox 877 3337 1115 3392; x_wconf 78' lang='lat' dir='ltr'><strong>vicissim</strong></span> <span class='ocrx_word' id='word_1_303' title='bbox 1126 3339 1361 3411; x_wconf 86' lang='lat' dir='ltr'><strong>diligatis</strong></span> <span class='ocrx_word' id='word_1_304' title='bbox 1375 3356 1472 3395; x_wconf 91' lang='lat' dir='ltr'><strong>vos</strong></span> <span class='ocrx_word' id='word_1_305' title='bbox 1486 3341 1539 3394; x_wconf 91' lang='lat' dir='ltr'><strong>in</strong></span> <span class='ocrx_word' id='word_1_306' title='bbox 1551 3342 1793 3397; x_wconf 86' lang='lat' dir='ltr'><strong>Ecclesia</strong></span> <span class='ocrx_word' id='word_1_307' title='bbox 1810 3361 1822 3396; x_wconf 93' lang='lat'>:</span> <span class='ocrx_word' id='word_1_308' title='bbox 1838 3348 1893 3397; x_wconf 87' lang='lat' dir='ltr'><strong>et</strong></span> 
     </span>
    </p>
   </div>
   <div class='ocr_carea' id='block_1_40' title="bbox 291 3424 1895 3493">
    <p class='ocr_par' dir='ltr' id='par_1_40' title="bbox 291 3424 1895 3493">
     <span class='ocr_line' id='line_1_40' title="bbox 291 3424 1895 3493; baseline 0.004 -16"><span class='ocrx_word' id='word_1_309' title='bbox 291 3424 357 3477; x_wconf 85' lang='lat' dir='ltr'><strong>in</strong></span> <span class='ocrx_word' id='word_1_310' title='bbox 376 3440 591 3489; x_wconf 86' lang='lat' dir='ltr'><strong>omnes,</strong></span> <span class='ocrx_word' id='word_1_311' title='bbox 621 3424 676 3477; x_wconf 90' lang='lat' dir='ltr'><strong>id</strong></span> <span class='ocrx_word' id='word_1_312' title='bbox 698 3433 779 3479; x_wconf 89' lang='lat' dir='ltr'><strong>est</strong></span> <span class='ocrx_word' id='word_1_313' title='bbox 809 3425 971 3479; x_wconf 91' lang='lat' dir='ltr'><strong>etiam</strong></span> <span class='ocrx_word' id='word_1_314' title='bbox 1002 3427 1071 3480; x_wconf 90' lang='lat' dir='ltr'><strong>ad</strong></span> <span class='ocrx_word' id='word_1_315' title='bbox 1100 3425 1367 3493; x_wconf 80' lang='lat' dir='ltr'><strong>infideles,</strong></span> <span class='ocrx_word' id='word_1_316' title='bbox 1399 3436 1637 3483; x_wconf 87' lang='lat' dir='ltr'><strong>transeat</strong></span> <span class='ocrx_word' id='word_1_317' title='bbox 1659 3430 1895 3485; x_wconf 90' lang='lat' dir='ltr'><strong>charitas</strong></span> 
     </span>
    </p>
   </div>
   <div class='ocr_carea' id='block_1_41' title="bbox 288 3511 1895 3587">
    <p class='ocr_par' dir='ltr' id='par_1_41' title="bbox 288 3511 1895 3587">
     <span class='ocr_line' id='line_1_41' title="bbox 288 3511 1895 3587; baseline 0.005 -21"><span class='ocrx_word' id='word_1_318' title='bbox 288 3520 493 3566; x_wconf 86' lang='lat' dir='ltr'><strong>vestra.</strong></span> <span class='ocrx_word' id='word_1_319' title='bbox 513 3511 749 3567; x_wconf 76' lang='lat'><strong>295</strong></span> <span class='ocrx_word' id='word_1_320' title='bbox 781 3513 966 3569; x_wconf 85' lang='lat' dir='ltr'><strong>Faciat</strong></span> <span class='ocrx_word' id='word_1_321' title='bbox 994 3515 1275 3570; x_wconf 88' lang='lat' dir='ltr'><strong>abundare</strong></span> <span class='ocrx_word' id='word_1_322' title='bbox 1295 3558 1308 3581; x_wconf 92' lang='lat'><strong>,</strong></span> <span class='ocrx_word' id='word_1_323' title='bbox 1335 3516 1800 3587; x_wconf 87' lang='lat' dir='ltr'><strong>quemadmodum</strong></span> <span class='ocrx_word' id='word_1_324' title='bbox 1839 3523 1895 3574; x_wconf 92' lang='lat' dir='ltr'><strong>et</strong></span> 
     </span>
    </p>
   </div>
   <div class='ocr_carea' id='block_1_42' title="bbox 286 3599 1895 3670">
    <p class='ocr_par' dir='ltr' id='par_1_42' title="bbox 286 3599 1895 3670">
     <span class='ocr_line' id='line_1_42' title="bbox 286 3599 1895 3670; baseline 0.004 -16"><span class='ocrx_word' id='word_1_325' title='bbox 286 3614 391 3654; x_wconf 83' lang='lat' dir='ltr'><strong>nos</strong></span> <span class='ocrx_word' id='word_1_326' title='bbox 413 3599 754 3654; x_wconf 88' lang='lat' dir='ltr'><strong>abundamus</strong></span> <span class='ocrx_word' id='word_1_327' title='bbox 779 3601 1039 3656; x_wconf 89' lang='lat' dir='ltr'><strong>charitate</strong></span> <span class='ocrx_word' id='word_1_328' title='bbox 1059 3604 1121 3656; x_wconf 86' lang='lat' dir='ltr'><strong>in</strong></span> <span class='ocrx_word' id='word_1_329' title='bbox 1147 3603 1315 3657; x_wconf 86' lang='lat' dir='ltr'><strong>vobis.</strong></span> <span class='ocrx_word' id='word_1_330' title='bbox 1336 3604 1633 3659; x_wconf 84' lang='lat' dir='ltr'><strong>Abundare</strong></span> <span class='ocrx_word' id='word_1_331' title='bbox 1645 3605 1788 3670; x_wconf 89' lang='lat' dir='ltr'><strong>dico,</strong></span> <span class='ocrx_word' id='word_1_332' title='bbox 1824 3607 1895 3661; x_wconf 92' lang='lat' dir='ltr'><strong>ad</strong></span> 
     </span>
    </p>
   </div>
   <div class='ocr_carea' id='block_1_43' title="bbox 285 3687 1894 3754">
    <p class='ocr_par' dir='ltr' id='par_1_43' title="bbox 285 3687 1894 3754">
     <span class='ocr_line' id='line_1_43' title="bbox 285 3687 1894 3754; baseline 0.002 -12"><span class='ocrx_word' id='word_1_333' title='bbox 285 3687 682 3754; x_wconf 82' lang='lat' dir='ltr'><strong>conﬁrmanda</strong></span> <span class='ocrx_word' id='word_1_334' title='bbox 709 3689 879 3743; x_wconf 88' lang='lat' dir='ltr'><strong>corda</strong></span> <span class='ocrx_word' id='word_1_335' title='bbox 902 3694 1087 3745; x_wconf 88' lang='lat' dir='ltr'><strong>vestra</strong></span> <span class='ocrx_word' id='word_1_336' title='bbox 1109 3698 1165 3743; x_wconf 92' lang='lat' dir='ltr'><strong>ut</strong></span> <span class='ocrx_word' id='word_1_337' title='bbox 1187 3690 1439 3744; x_wconf 89' lang='lat' dir='ltr'><strong>voluntas</strong></span> <span class='ocrx_word' id='word_1_338' title='bbox 1455 3699 1639 3745; x_wconf 87' lang='lat' dir='ltr'><strong>vestra</strong></span> <span class='ocrx_word' id='word_1_339' title='bbox 1664 3692 1718 3745; x_wconf 91' lang='lat' dir='ltr'><strong>in</strong></span> <span class='ocrx_word' id='word_1_340' title='bbox 1747 3693 1894 3747; x_wconf 90' lang='lat' dir='ltr'><strong>omni</strong></span> 
     </span>
    </p>
   </div>
   <div class='ocr_carea' id='block_1_44' title="bbox 291 3773 1891 3850">
    <p class='ocr_par' dir='ltr' id='par_1_44' title="bbox 291 3773 1891 3850">
     <span class='ocr_line' id='line_1_44' title="bbox 291 3773 1891 3850; baseline 0.005 -23"><span class='ocrx_word' id='word_1_341' title='bbox 291 3775 438 3828; x_wconf 90' lang='lat' dir='ltr'><strong>bono</strong></span> <span class='ocrx_word' id='word_1_342' title='bbox 456 3774 526 3828; x_wconf 87' lang='lat' dir='ltr'><strong>sit</strong></span> <span class='ocrx_word' id='word_1_343' title='bbox 545 3773 881 3830; x_wconf 88' lang='lat' dir='ltr'><strong>confirmata.</strong></span> <span class='ocrx_word' id='word_1_344' title='bbox 913 3776 1309 3846; x_wconf 84' lang='lat' dir='ltr'><strong>Conﬁrmanda</strong></span> <span class='ocrx_word' id='word_1_345' title='bbox 1329 3778 1471 3843; x_wconf 91' lang='lat' dir='ltr'><strong>dico,</strong></span> <span class='ocrx_word' id='word_1_346' title='bbox 1504 3779 1625 3834; x_wconf 83' lang='lat' dir='ltr'><strong>sine</strong></span> <span class='ocrx_word' id='word_1_347' title='bbox 1645 3782 1891 3850; x_wconf 87' lang='lat' dir='ltr'><strong>querela,</strong></span> 
     </span>
    </p>
   </div>
   <div class='ocr_carea' id='block_1_45' title="bbox 285 3862 1889 3932">
    <p class='ocr_par' dir='ltr' id='par_1_45' title="bbox 285 3862 1889 3932">
     <span class='ocr_line' id='line_1_45' title="bbox 285 3862 1889 3932; baseline 0.005 -17"><span class='ocrx_word' id='word_1_348' title='bbox 285 3870 345 3916; x_wconf 91' lang='lat' dir='ltr'><strong>ut</strong></span> <span class='ocrx_word' id='word_1_349' title='bbox 362 3862 511 3915; x_wconf 88' lang='lat' dir='ltr'><strong>nulla</strong></span> <span class='ocrx_word' id='word_1_350' title='bbox 533 3862 604 3915; x_wconf 89' lang='lat' dir='ltr'><strong>sit</strong></span> <span class='ocrx_word' id='word_1_351' title='bbox 621 3862 693 3915; x_wconf 91' lang='lat' dir='ltr'><strong>ibi</strong></span> <span class='ocrx_word' id='word_1_352' title='bbox 716 3863 993 3931; x_wconf 89' lang='lat' dir='ltr'><strong>injuslitia,</strong></span> <span class='ocrx_word' id='word_1_353' title='bbox 1013 3872 1066 3919; x_wconf 93' lang='lat' dir='ltr'><strong>et</strong></span> <span class='ocrx_word' id='word_1_354' title='bbox 1087 3864 1459 3921; x_wconf 87' lang='lat' dir='ltr'><strong>confirmanda</strong></span> <span class='ocrx_word' id='word_1_355' title='bbox 1476 3868 1538 3922; x_wconf 90' lang='lat' dir='ltr'><strong>in</strong></span> <span class='ocrx_word' id='word_1_356' title='bbox 1559 3868 1889 3932; x_wconf 89' lang='lat' dir='ltr'><strong>sanctitate,</strong></span> 
     </span>
    </p>
   </div>
   <div class='ocr_carea' id='block_1_46' title="bbox 283 3949 1892 4010">
    <p class='ocr_par' dir='ltr' id='par_1_46' title="bbox 283 3949 1892 4010">
     <span class='ocr_line' id='line_1_46' title="bbox 283 3949 1892 4010; baseline 0.004 -7"><span class='ocrx_word' id='word_1_357' title='bbox 283 3950 428 4003; x_wconf 87' lang='lat' dir='ltr'><strong>utin</strong></span> <span class='ocrx_word' id='word_1_358' title='bbox 462 3949 619 4003; x_wconf 89' lang='lat' dir='ltr'><strong>bonis</strong></span> <span class='ocrx_word' id='word_1_359' title='bbox 678 3951 868 4005; x_wconf 90' lang='lat' dir='ltr'><strong>sanciti</strong></span> <span class='ocrx_word' id='word_1_360' title='bbox 927 3952 1043 4006; x_wconf 87' lang='lat' dir='ltr'>sitis</span> <span class='ocrx_word' id='word_1_361' title='bbox 1097 3960 1149 4007; x_wconf 90' lang='lat' dir='ltr'><strong>et</strong></span> <span class='ocrx_word' id='word_1_362' title='bbox 1210 3951 1538 4008; x_wconf 87' lang='lat' dir='ltr'><strong>confirmati.</strong></span> <span class='ocrx_word' id='word_1_363' title='bbox 1573 3956 1892 4010; x_wconf 84' lang='lat' dir='ltr'><strong>Sanctitate</strong></span> 
     </span>
    </p>
   </div>
   <div class='ocr_carea' id='block_1_47' title="bbox 282 4037 1892 4109">
    <p class='ocr_par' dir='ltr' id='par_1_47' title="bbox 282 4037 1892 4109">
     <span class='ocr_line' id='line_1_47' title="bbox 282 4037 1892 4109; baseline 0.004 -19"><span class='ocrx_word' id='word_1_364' title='bbox 282 4037 431 4105; x_wconf 90' lang='lat' dir='ltr'><strong>dico,</strong></span> <span class='ocrx_word' id='word_1_365' title='bbox 466 4037 643 4090; x_wconf 90' lang='lat' dir='ltr'><strong>habita</strong></span> <span class='ocrx_word' id='word_1_366' title='bbox 659 4042 794 4092; x_wconf 90' lang='lat' dir='ltr'><strong>ante</strong></span> <span class='ocrx_word' id='word_1_367' title='bbox 818 4040 995 4094; x_wconf 89' lang='lat' dir='ltr'><strong>Deum</strong></span> <span class='ocrx_word' id='word_1_368' title='bbox 1014 4045 1071 4095; x_wconf 88' lang='lat' dir='ltr'><strong>et</strong></span> <span class='ocrx_word' id='word_1_369' title='bbox 1094 4043 1327 4095; x_wconf 86' lang='lat' dir='ltr'><strong>Patrem</strong></span> <span class='ocrx_word' id='word_1_370' title='bbox 1348 4045 1628 4109; x_wconf 88' lang='lat' dir='ltr'><strong>nostrum,</strong></span> <span class='ocrx_word' id='word_1_371' title='bbox 1662 4043 1715 4095; x_wconf 91' lang='lat' dir='ltr'><strong>id</strong></span> <span class='ocrx_word' id='word_1_372' title='bbox 1738 4052 1819 4097; x_wconf 88' lang='lat' dir='ltr'><strong>est</strong></span> <span class='ocrx_word' id='word_1_373' title='bbox 1839 4043 1892 4096; x_wconf 91' lang='lat' dir='ltr'><strong>in</strong></span> 
     </span>
    </p>
   </div>
   <div class='ocr_carea' id='block_1_48' title="bbox 280 4124 1894 4194">
    <p class='ocr_par' dir='ltr' id='par_1_48' title="bbox 280 4124 1894 4194">
     <span class='ocr_line' id='line_1_48' title="bbox 280 4124 1894 4194; baseline 0.004 -17"><span class='ocrx_word' id='word_1_374' title='bbox 280 4124 624 4194; x_wconf 90' lang='lat' dir='ltr'><strong>beneplacito</strong></span> <span class='ocrx_word' id='word_1_375' title='bbox 654 4126 753 4179; x_wconf 90' lang='lat' dir='ltr'>Dei</span> <span class='ocrx_word' id='word_1_376' title='bbox 806 4127 995 4180; x_wconf 87' lang='lat' dir='ltr'><strong>Patris.</strong></span> <span class='ocrx_word' id='word_1_377' title='bbox 1035 4127 1212 4183; x_wconf 88' lang='lat' dir='ltr'><strong>Corda</strong></span> <span class='ocrx_word' id='word_1_378' title='bbox 1263 4129 1385 4183; x_wconf 88' lang='lat' dir='ltr'><strong>dico</strong></span> <span class='ocrx_word' id='word_1_379' title='bbox 1417 4130 1495 4183; x_wconf 90' lang='lat' dir='ltr'><strong>sic</strong></span> <span class='ocrx_word' id='word_1_380' title='bbox 1526 4128 1894 4184; x_wconf 84' lang='lat' dir='ltr'><strong>confirmanda</strong></span> 
     </span>
    </p>
   </div>
   <div class='ocr_carea' id='block_1_49' title="bbox 278 4213 1894 4281">
    <p class='ocr_par' dir='ltr' id='par_1_49' title="bbox 278 4213 1894 4281">
     <span class='ocr_line' id='line_1_49' title="bbox 278 4213 1894 4281; baseline 0.004 -15"><span class='ocrx_word' id='word_1_381' title='bbox 278 4214 348 4267; x_wconf 87' lang='lat' dir='ltr'><strong>in</strong></span> <span class='ocrx_word' id='word_1_382' title='bbox 373 4214 640 4281; x_wconf 85' lang='lat' dir='ltr'><strong>adventu,</strong></span> <span class='ocrx_word' id='word_1_383' title='bbox 674 4213 728 4266; x_wconf 91' lang='lat' dir='ltr'><strong>id</strong></span> <span class='ocrx_word' id='word_1_384' title='bbox 745 4222 827 4267; x_wconf 87' lang='lat' dir='ltr'><strong>est</strong></span> <span class='ocrx_word' id='word_1_385' title='bbox 848 4214 901 4267; x_wconf 92' lang='lat' dir='ltr'><strong>in</strong></span> <span class='ocrx_word' id='word_1_386' title='bbox 930 4216 1362 4270; x_wconf 88' lang='lat' dir='ltr'><strong>consideratione</strong></span> <span class='ocrx_word' id='word_1_387' title='bbox 1383 4214 1647 4271; x_wconf 88' lang='lat' dir='ltr'><strong>adventus</strong></span> <span class='ocrx_word' id='word_1_388' title='bbox 1668 4219 1894 4272; x_wconf 85' lang='lat' dir='ltr'><strong>Domini</strong></span> 
     </span>
    </p>
   </div>
   <div class='ocr_carea' id='block_1_50' title="bbox 282 4299 1965 4375">
    <p class='ocr_par' dir='ltr' id='par_1_50' title="bbox 282 4299 1965 4375">
     <span class='ocr_line' id='line_1_50' title="bbox 282 4299 1965 4375; baseline 0.002 -21"><span class='ocrx_word' id='word_1_389' title='bbox 282 4303 471 4354; x_wconf 82' lang='lat' dir='ltr'><strong>nostri</strong></span> <span class='ocrx_word' id='word_1_390' title='bbox 498 4303 630 4355; x_wconf 84' lang='lat' dir='ltr'><strong>Jesu</strong></span> <span class='ocrx_word' id='word_1_391' title='bbox 664 4300 895 4355; x_wconf 86' lang='lat' dir='ltr'><strong>Christi.</strong></span> <span class='ocrx_word' id='word_1_392' title='bbox 930 4301 1035 4369; x_wconf 85' lang='lat' dir='ltr'><strong>Qui</strong></span> <span class='ocrx_word' id='word_1_393' title='bbox 1064 4304 1207 4357; x_wconf 89' lang='lat' dir='ltr'><strong>enim</strong></span> <span class='ocrx_word' id='word_1_394' title='bbox 1248 4304 1387 4358; x_wconf 88' lang='lat' dir='ltr'><strong>bene</strong></span> <span class='ocrx_word' id='word_1_395' title='bbox 1437 4320 1653 4375; x_wconf 90' lang='lat' dir='ltr'><strong>semper</strong></span> <span class='ocrx_word' id='word_1_396' title='bbox 1685 4299 1965 4359; x_wconf 91' lang='lat' dir='ltr'><strong>memorD</strong></span> 
     </span>
    </p>
   </div>
   <div class='ocr_carea' id='block_1_51' title="bbox 284 4382 1895 4462">
    <p class='ocr_par' dir='ltr' id='par_1_51' title="bbox 284 4382 1895 4462">
     <span class='ocr_line' id='line_1_51' title="bbox 284 4382 1895 4462; baseline 0.003 -20"><span class='ocrx_word' id='word_1_397' title='bbox 284 4389 389 4442; x_wconf 87' lang='lat' dir='ltr'><strong>erit</strong></span> <span class='ocrx_word' id='word_1_398' title='bbox 418 4388 687 4443; x_wconf 88' lang='lat' dir='ltr'><strong>adventus</strong></span> <span class='ocrx_word' id='word_1_399' title='bbox 718 4388 918 4443; x_wconf 85' lang='lat' dir='ltr'><strong>Christi</strong></span> <span class='ocrx_word' id='word_1_400' title='bbox 951 4390 1021 4444; x_wconf 89' lang='lat' dir='ltr'><strong>ad</strong></span> <span class='ocrx_word' id='word_1_401' title='bbox 1046 4382 1331 4459; x_wconf 86' lang='lat' dir='ltr'><strong>judicium,</strong></span> <span class='ocrx_word' id='word_1_402' title='bbox 1378 4392 1589 4446; x_wconf 91' lang='lat' dir='ltr'><strong>timebit</strong></span> <span class='ocrx_word' id='word_1_403' title='bbox 1620 4393 1895 4462; x_wconf 88' lang='lat' dir='ltr'><strong>peccando</strong></span> 
     </span>
    </p>
   </div>
   <div class='ocr_carea' id='block_1_52' title="bbox 282 4477 1893 4547">
    <p class='ocr_par' dir='ltr' id='par_1_52' title="bbox 282 4477 1893 4547">
     <span class='ocr_line' id='line_1_52' title="bbox 282 4477 1893 4547; baseline 0.003 -18"><span class='ocrx_word' id='word_1_404' title='bbox 282 4491 583 4547; x_wconf 85' lang='lat' dir='ltr'><strong>provocare</strong></span> <span class='ocrx_word' id='word_1_405' title='bbox 604 4492 747 4531; x_wconf 91' lang='lat' dir='ltr'><strong>eum.</strong></span> <span class='ocrx_word' id='word_1_406' title='bbox 776 4478 873 4533; x_wconf 83' lang='lat' dir='ltr'><strong>Vel</strong></span> <span class='ocrx_word' id='word_1_407' title='bbox 893 4477 968 4531; x_wconf 90' lang='lat' dir='ltr'><strong>ita</strong></span> <span class='ocrx_word' id='word_1_408' title='bbox 1004 4493 1016 4531; x_wconf 91' lang='lat'>:</span> <span class='ocrx_word' id='word_1_409' title='bbox 1041 4477 1440 4546; x_wconf 83' lang='lat' dir='ltr'><strong>Conﬁrmanda</strong></span> <span class='ocrx_word' id='word_1_410' title='bbox 1460 4481 1524 4534; x_wconf 87' lang='lat' dir='ltr'><strong>in</strong></span> <span class='ocrx_word' id='word_1_411' title='bbox 1545 4482 1816 4547; x_wconf 87' lang='lat' dir='ltr'><strong>adventu,</strong></span> <span class='ocrx_word' id='word_1_412' title='bbox 1840 4480 1893 4534; x_wconf 94' lang='lat' dir='ltr'><strong>id</strong></span> 
     </span>
    </p>
   </div>
   <div class='ocr_carea' id='block_1_53' title="bbox 281 4564 1891 4634">
    <p class='ocr_par' dir='ltr' id='par_1_53' title="bbox 281 4564 1891 4634">
     <span class='ocr_line' id='line_1_53' title="bbox 281 4564 1891 4634; baseline 0.004 -16"><span class='ocrx_word' id='word_1_413' title='bbox 281 4572 368 4618; x_wconf 89' lang='lat' dir='ltr'><strong>est</strong></span> <span class='ocrx_word' id='word_1_414' title='bbox 396 4580 570 4634; x_wconf 90' lang='lat' dir='ltr'><strong>usque</strong></span> <span class='ocrx_word' id='word_1_415' title='bbox 600 4564 653 4617; x_wconf 90' lang='lat' dir='ltr'><strong>in</strong></span> <span class='ocrx_word' id='word_1_416' title='bbox 696 4564 992 4619; x_wconf 88' lang='lat' dir='ltr'><strong>adventum</strong></span> <span class='ocrx_word' id='word_1_417' title='bbox 1025 4566 1245 4620; x_wconf 90' lang='lat' dir='ltr'><strong>Domini</strong></span> <span class='ocrx_word' id='word_1_418' title='bbox 1294 4567 1467 4621; x_wconf 89' lang='lat' dir='ltr'><strong>nostri</strong></span> <span class='ocrx_word' id='word_1_419' title='bbox 1514 4570 1645 4623; x_wconf 84' lang='lat' dir='ltr'><strong>Jesu</strong></span> <span class='ocrx_word' id='word_1_420' title='bbox 1673 4569 1891 4624; x_wconf 88' lang='lat' dir='ltr'><strong>Christi.</strong></span> 
     </span>
    </p>
   </div>
   <div class='ocr_carea' id='block_1_54' title="bbox 284 4651 1893 4727">
    <p class='ocr_par' dir='ltr' id='par_1_54' title="bbox 284 4651 1893 4727">
     <span class='ocr_line' id='line_1_54' title="bbox 284 4651 1893 4727; baseline 0.004 -23"><span class='ocrx_word' id='word_1_421' title='bbox 284 4651 501 4706; x_wconf 81' lang='lat' dir='ltr'><strong>Christi</strong></span> <span class='ocrx_word' id='word_1_422' title='bbox 529 4652 651 4707; x_wconf 86' lang='lat' dir='ltr'><strong>dico</strong></span> <span class='ocrx_word' id='word_1_423' title='bbox 680 4653 889 4707; x_wconf 89' lang='lat' dir='ltr'><strong>venturi</strong></span> <span class='ocrx_word' id='word_1_424' title='bbox 936 4670 1067 4709; x_wconf 89' lang='lat' dir='ltr'><strong>cum</strong></span> <span class='ocrx_word' id='word_1_425' title='bbox 1098 4657 1352 4710; x_wconf 86' lang='lat' dir='ltr'><strong>omnibus</strong></span> <span class='ocrx_word' id='word_1_426' title='bbox 1381 4658 1598 4711; x_wconf 85' lang='lat' dir='ltr'><strong>sanctis</strong></span> <span class='ocrx_word' id='word_1_427' title='bbox 1627 4658 1764 4724; x_wconf 90' lang='lat' dir='ltr'><strong>suis,</strong></span> <span class='ocrx_word' id='word_1_428' title='bbox 1803 4659 1893 4727; x_wconf 87' lang='lat' dir='ltr'><strong>qui</strong></span> 
     </span>
    </p>
   </div>
   <div class='ocr_carea' id='block_1_55' title="bbox 281 4739 1895 4813">
    <p class='ocr_par' dir='ltr' id='par_1_55' title="bbox 281 4739 1895 4813">
     <span class='ocr_line' id='line_1_55' title="bbox 281 4739 1895 4813; baseline 0.004 -19"><span class='ocrx_word' id='word_1_429' title='bbox 281 4756 409 4794; x_wconf 89' lang='lat' dir='ltr'><strong>cum</strong></span> <span class='ocrx_word' id='word_1_430' title='bbox 431 4755 497 4794; x_wconf 93' lang='lat' dir='ltr'><strong>eo</strong></span> <span class='ocrx_word' id='word_1_431' title='bbox 520 4739 809 4808; x_wconf 88' lang='lat' dir='ltr'><strong>judicaturi</strong></span> <span class='ocrx_word' id='word_1_432' title='bbox 840 4749 965 4795; x_wconf 90' lang='lat' dir='ltr'><strong>sunt</strong></span> <span class='ocrx_word' id='word_1_433' title='bbox 997 4742 1280 4796; x_wconf 89' lang='lat' dir='ltr'><strong>mundum.</strong></span> <span class='ocrx_word' id='word_1_434' title='bbox 1337 4744 1453 4810; x_wconf 86' lang='lat' dir='ltr'><strong>Vel,</strong></span> <span class='ocrx_word' id='word_1_435' title='bbox 1505 4746 1895 4813; x_wconf 82' lang='lat' dir='ltr'><strong>conﬁrmanda</strong></span> 
     </span>
    </p>
   </div>
   <div class='ocr_carea' id='block_1_56' title="bbox 281 4828 1893 4900">
    <p class='ocr_par' dir='ltr' id='par_1_56' title="bbox 281 4828 1893 4900">
     <span class='ocr_line' id='line_1_56' title="bbox 281 4828 1893 4900; baseline 0.004 -18"><span class='ocrx_word' id='word_1_436' title='bbox 281 4844 413 4882; x_wconf 89' lang='lat' dir='ltr'><strong>cum</strong></span> <span class='ocrx_word' id='word_1_437' title='bbox 444 4828 701 4883; x_wconf 85' lang='lat' dir='ltr'><strong>omnibus</strong></span> <span class='ocrx_word' id='word_1_438' title='bbox 744 4831 958 4884; x_wconf 85' lang='lat' dir='ltr'><strong>sanctis</strong></span> <span class='ocrx_word' id='word_1_439' title='bbox 998 4833 1140 4900; x_wconf 86' lang='lat' dir='ltr'><strong>ejus,</strong></span> <span class='ocrx_word' id='word_1_440' title='bbox 1175 4838 1231 4883; x_wconf 92' lang='lat' dir='ltr'><strong>ut</strong></span> <span class='ocrx_word' id='word_1_441' title='bbox 1276 4830 1353 4885; x_wconf 90' lang='lat' dir='ltr'><strong>sic</strong></span> <span class='ocrx_word' id='word_1_442' title='bbox 1401 4831 1681 4886; x_wconf 89' lang='lat' dir='ltr'><strong>confirmet</strong></span> <span class='ocrx_word' id='word_1_443' title='bbox 1713 4841 1764 4887; x_wconf 91' lang='lat' dir='ltr'><strong>et</strong></span> <span class='ocrx_word' id='word_1_444' title='bbox 1794 4849 1893 4888; x_wconf 91' lang='lat' dir='ltr'><strong>vos</strong></span> 
     </span>
    </p>
   </div>
   <div class='ocr_carea' id='block_1_57' title="bbox 288 4915 1889 4988">
    <p class='ocr_par' dir='ltr' id='par_1_57' title="bbox 288 4915 1889 4988">
     <span class='ocr_line' id='line_1_57' title="bbox 288 4915 1889 4988; baseline 0.006 -20"><span class='ocrx_word' id='word_1_445' title='bbox 288 4915 751 4985; x_wconf 87' lang='lat' dir='ltr'><strong>quemadmodum</strong></span> <span class='ocrx_word' id='word_1_446' title='bbox 823 4915 1161 4971; x_wconf 88' lang='lat' dir='ltr'><strong>confirmavit</strong></span> <span class='ocrx_word' id='word_1_447' title='bbox 1209 4925 1425 4973; x_wconf 89' lang='lat' dir='ltr'><strong>sanctos</strong></span> <span class='ocrx_word' id='word_1_448' title='bbox 1482 4935 1631 4974; x_wconf 91' lang='lat' dir='ltr'><strong>suos.</strong></span> <span class='ocrx_word' id='word_1_449' title='bbox 1691 4922 1889 4988; x_wconf 85' lang='lat' dir='ltr'><strong>Amen,</strong></span> 
     </span>
    </p>
   </div>
   <div class='ocr_carea' id='block_1_58' title="bbox 295 5001 1466 5069">
    <p class='ocr_par' dir='ltr' id='par_1_58' title="bbox 295 5001 1466 5069">
     <span class='ocr_line' id='line_1_58' title="bbox 295 5001 1466 5069; baseline 0.004 -14"><span class='ocrx_word' id='word_1_450' title='bbox 295 5001 353 5056; x_wconf 93' lang='lat' dir='ltr'><strong>id</strong></span> <span class='ocrx_word' id='word_1_451' title='bbox 383 5010 468 5057; x_wconf 89' lang='lat' dir='ltr'><strong>est</strong></span> <span class='ocrx_word' id='word_1_452' title='bbox 496 5003 565 5057; x_wconf 90' lang='lat' dir='ltr'>ita</span> <span class='ocrx_word' id='word_1_453' title='bbox 593 5004 700 5069; x_wconf 88' lang='lat' dir='ltr'><strong>fiat,</strong></span> <span class='ocrx_word' id='word_1_454' title='bbox 732 5011 788 5059; x_wconf 88' lang='lat' dir='ltr'><strong>ut</strong></span> <span class='ocrx_word' id='word_1_455' title='bbox 815 5020 912 5060; x_wconf 90' lang='lat' dir='ltr'><strong>vos</strong></span> <span class='ocrx_word' id='word_1_456' title='bbox 944 5004 1024 5059; x_wconf 92' lang='lat' dir='ltr'><strong>sic</strong></span> <span class='ocrx_word' id='word_1_457' title='bbox 1056 5003 1466 5060; x_wconf 89' lang='lat' dir='ltr'><strong>confirmemini.</strong></span> 
     </span>
    </p>
   </div>
   <div class='ocr_carea' id='block_1_59' title="bbox 943 5144 1287 5200">
    <p class='ocr_par' dir='ltr' id='par_1_59' title="bbox 943 5144 1287 5200">
     <span class='ocr_line' id='line_1_59' title="bbox 943 5144 1287 5200; baseline 0.015 -5"><span class='ocrx_word' id='word_1_458' title='bbox 943 5144 1169 5200; x_wconf 75' lang='lat' dir='ltr'><strong>CAPUT</strong></span> <span class='ocrx_word' id='word_1_459' title='bbox 1197 5144 1287 5200; x_wconf 85' lang='lat' dir='ltr'><strong>IV.</strong></span> 
     </span>
    </p>
   </div>
   <div class='ocr_carea' id='block_1_60' title="bbox 358 5267 1894 5343">
    <p class='ocr_par' dir='ltr' id='par_1_60' title="bbox 358 5267 1894 5343">
     <span class='ocr_line' id='line_1_60' title="bbox 358 5267 1894 5343; baseline 0.006 -24"><span class='ocrx_word' id='word_1_460' title='bbox 358 5288 379 5312; x_wconf 83' lang='lat' dir='ltr'><strong><em>u</em></strong></span> <span class='ocrx_word' id='word_1_461' title='bbox 418 5267 499 5320; x_wconf 90' lang='lat' dir='ltr'><strong>De</strong></span> <span class='ocrx_word' id='word_1_462' title='bbox 530 5274 726 5321; x_wconf 76' lang='lat' dir='ltr'><strong>caetero</strong></span> <span class='ocrx_word' id='word_1_463' title='bbox 757 5282 909 5339; x_wconf 88' lang='lat' dir='ltr'><strong>ergo,</strong></span> <span class='ocrx_word' id='word_1_464' title='bbox 943 5267 1159 5334; x_wconf 85' lang='lat' dir='ltr'><strong>fratres,</strong></span> <span class='ocrx_word' id='word_1_465' title='bbox 1194 5286 1454 5343; x_wconf 86' lang='lat' dir='ltr'><strong>rogamus</strong></span> <span class='ocrx_word' id='word_1_466' title='bbox 1504 5287 1601 5326; x_wconf 91' lang='lat' dir='ltr'><strong>vos</strong></span> <span class='ocrx_word' id='word_1_467' title='bbox 1631 5280 1684 5326; x_wconf 90' lang='lat' dir='ltr'><strong>et</strong></span> <span class='ocrx_word' id='word_1_468' title='bbox 1727 5273 1894 5328; x_wconf 88' lang='lat' dir='ltr'><strong>obsc-</strong></span> 
     </span>
    </p>
   </div>
   <div class='ocr_carea' id='block_1_61' title="bbox 307 5354 1894 5429">
    <p class='ocr_par' dir='ltr' id='par_1_61' title="bbox 307 5354 1894 5429">
     <span class='ocr_line' id='line_1_61' title="bbox 307 5354 1894 5429; baseline 0.009 -26"><span class='ocrx_word' id='word_1_469' title='bbox 307 5376 331 5403; x_wconf 75' lang='grc' dir='ltr'><strong><em>ι</em></strong></span> <span class='ocrx_word' id='word_1_470' title='bbox 365 5369 587 5409; x_wconf 90' lang='lat' dir='ltr'><strong>cramus</strong></span> <span class='ocrx_word' id='word_1_471' title='bbox 618 5354 672 5408; x_wconf 89' lang='lat' dir='ltr'><strong>in</strong></span> <span class='ocrx_word' id='word_1_472' title='bbox 698 5356 931 5410; x_wconf 90' lang='lat' dir='ltr'><strong>Domino</strong></span> <span class='ocrx_word' id='word_1_473' title='bbox 960 5357 1110 5423; x_wconf 85' lang='lat' dir='ltr'><strong>Jesu,</strong></span> <span class='ocrx_word' id='word_1_474' title='bbox 1142 5366 1199 5412; x_wconf 91' lang='lat' dir='ltr'><strong>ut</strong></span> <span class='ocrx_word' id='word_1_475' title='bbox 1245 5360 1705 5429; x_wconf 90' lang='lat' dir='ltr'><strong>quemadmodum</strong></span> <span class='ocrx_word' id='word_1_476' title='bbox 1732 5377 1894 5417; x_wconf 90' lang='lat' dir='ltr'><strong>acce-</strong></span> 
     </span>
    </p>
   </div>
   <div class='ocr_carea' id='block_1_62' title="bbox 291 5442 1896 5517">
    <p class='ocr_par' dir='ltr' id='par_1_62' title="bbox 291 5442 1896 5517">
     <span class='ocr_line' id='line_1_62' title="bbox 291 5442 1896 5517; baseline 0.01 -26"><span class='ocrx_word' id='word_1_477' title='bbox 291 5463 313 5491; x_wconf 78' lang='grc' dir='ltr'>ι</span> <span class='ocrx_word' id='word_1_478' title='bbox 357 5442 514 5513; x_wconf 88' lang='lat' dir='ltr'><strong>pistis</strong></span> <span class='ocrx_word' id='word_1_479' title='bbox 544 5457 577 5497; x_wconf 89' lang='lat' dir='ltr'><strong>a</strong></span> <span class='ocrx_word' id='word_1_480' title='bbox 605 5442 764 5499; x_wconf 91' lang='lat' dir='ltr'><strong>nobis</strong></span> <span class='ocrx_word' id='word_1_481' title='bbox 811 5445 1084 5517; x_wconf 90' lang='lat' dir='ltr'><strong>quomodo</strong></span> <span class='ocrx_word' id='word_1_482' title='bbox 1127 5454 1372 5517; x_wconf 87' lang='lat' dir='ltr'><strong>Oporteat</strong></span> <span class='ocrx_word' id='word_1_483' title='bbox 1402 5463 1499 5503; x_wconf 88' lang='lat' dir='ltr'><strong>vos</strong></span> <span class='ocrx_word' id='word_1_484' title='bbox 1533 5449 1814 5505; x_wconf 87' lang='lat' dir='ltr'><strong>ambulare</strong></span> <span class='ocrx_word' id='word_1_485' title='bbox 1845 5459 1896 5507; x_wconf 87' lang='lat' dir='ltr'><strong>et</strong></span> 
     </span>
    </p>
   </div>
   <div class='ocr_carea' id='block_1_63' title="bbox 2012 352 3606 424">
    <p class='ocr_par' dir='ltr' id='par_1_63' title="bbox 2012 352 3606 424">
     <span class='ocr_line' id='line_1_63' title="bbox 2012 352 3606 424; baseline 0.001 -19"><span class='ocrx_word' id='word_1_486' title='bbox 2012 374 2033 400; x_wconf 74' lang='grc' dir='ltr'>ι</span> <span class='ocrx_word' id='word_1_487' title='bbox 2069 352 2228 406; x_wconf 90' lang='lat' dir='ltr'><strong>Scitis</strong></span> <span class='ocrx_word' id='word_1_488' title='bbox 2260 352 2401 406; x_wconf 90' lang='lat' dir='ltr'><strong>enim</strong></span> <span class='ocrx_word' id='word_1_489' title='bbox 2442 370 2562 424; x_wconf 77' lang='lat' dir='ltr'><strong>quae</strong></span> <span class='ocrx_word' id='word_1_490' title='bbox 2591 362 2863 423; x_wconf 70' lang='lat' dir='ltr'><strong>praecepta</strong></span> <span class='ocrx_word' id='word_1_491' title='bbox 2913 354 3158 409; x_wconf 88' lang='lat' dir='ltr'><strong>dederim</strong></span> <span class='ocrx_word' id='word_1_492' title='bbox 3191 354 3345 408; x_wconf 89' lang='lat' dir='ltr'><strong>vobis</strong></span> <span class='ocrx_word' id='word_1_493' title='bbox 3372 369 3470 423; x_wconf 90' lang='lat' dir='ltr'><strong>per</strong></span> <span class='ocrx_word' id='word_1_494' title='bbox 3497 354 3606 407; x_wconf 93' lang='lat' dir='ltr'><strong>Do-</strong></span> 
     </span>
    </p>
   </div>
   <div class='ocr_carea' id='block_1_64' title="bbox 2010 440 3604 496">
    <p class='ocr_par' dir='ltr' id='par_1_64' title="bbox 2010 440 3604 496">
     <span class='ocr_line' id='line_1_64' title="bbox 2010 440 3604 496; baseline 0.002 -4"><span class='ocrx_word' id='word_1_495' title='bbox 2010 462 2031 486; x_wconf 89' lang='lat'><strong>«</strong></span> <span class='ocrx_word' id='word_1_496' title='bbox 2069 440 2273 493; x_wconf 91' lang='lat' dir='ltr'><strong>minum</strong></span> <span class='ocrx_word' id='word_1_497' title='bbox 2302 441 2508 495; x_wconf 82' lang='lat' dir='ltr'><strong>Jesum.</strong></span> <span class='ocrx_word' id='word_1_498' title='bbox 2551 442 2678 496; x_wconf 72' lang='lat' dir='ltr'><strong>Haec</strong></span> <span class='ocrx_word' id='word_1_499' title='bbox 2709 449 2791 495; x_wconf 90' lang='lat' dir='ltr'><strong>est</strong></span> <span class='ocrx_word' id='word_1_500' title='bbox 2844 442 2984 495; x_wconf 90' lang='lat' dir='ltr'><strong>enim</strong></span> <span class='ocrx_word' id='word_1_501' title='bbox 3033 441 3279 495; x_wconf 86' lang='lat' dir='ltr'><strong>voluntas</strong></span> <span class='ocrx_word' id='word_1_502' title='bbox 3324 441 3423 495; x_wconf 88' lang='lat' dir='ltr'><strong>Dei</strong></span> <span class='ocrx_word' id='word_1_503' title='bbox 3472 455 3604 495; x_wconf 86' lang='lat' dir='ltr'><strong>san-</strong></span> 
     </span>
    </p>
   </div>
   <div class='ocr_carea' id='block_1_65' title="bbox 2010 526 3604 600">
    <p class='ocr_par' dir='ltr' id='par_1_65' title="bbox 2010 526 3604 600">
     <span class='ocr_line' id='line_1_65' title="bbox 2010 526 3604 600; baseline 0 -19"><span class='ocrx_word' id='word_1_504' title='bbox 2010 549 2030 573; x_wconf 89' lang='grc'><strong>‹‹</strong></span> <span class='ocrx_word' id='word_1_505' title='bbox 2069 526 2322 582; x_wconf 88' lang='lat' dir='ltr'><strong>ctificatio</strong></span> <span class='ocrx_word' id='word_1_506' title='bbox 2355 537 2540 583; x_wconf 90' lang='lat' dir='ltr'><strong>vestra</strong></span> <span class='ocrx_word' id='word_1_507' title='bbox 2573 531 2752 597; x_wconf 80' lang='lat' dir='ltr'><strong>(Rom.</strong></span> <span class='ocrx_word' id='word_1_508' title='bbox 2796 544 2892 595; x_wconf 85' lang='lat' dir='ltr'><strong>xu,</strong></span> <span class='ocrx_word' id='word_1_509' title='bbox 2924 533 2998 594; x_wconf 76' lang='lat'><strong>2;</strong></span> <span class='ocrx_word' id='word_1_510' title='bbox 3046 530 3243 600; x_wconf 88' lang='lat' dir='ltr'><strong>Ephes.</strong></span> <span class='ocrx_word' id='word_1_511' title='bbox 3292 544 3368 593; x_wconf 86' lang='lat' dir='ltr'><strong>vt,</strong></span> <span class='ocrx_word' id='word_1_512' title='bbox 3404 530 3512 596; x_wconf 80' lang='lat' dir='ltr'><strong>t7),</strong></span> <span class='ocrx_word' id='word_1_513' title='bbox 3547 535 3604 581; x_wconf 92' lang='lat' dir='ltr'><strong>ut</strong></span> 
     </span>
    </p>
   </div>
   <div class='ocr_carea' id='block_1_66' title="bbox 2011 614 3606 687">
    <p class='ocr_par' dir='ltr' id='par_1_66' title="bbox 2011 614 3606 687">
     <span class='ocr_line' id='line_1_66' title="bbox 2011 614 3606 687; baseline 0.001 -20"><span class='ocrx_word' id='word_1_514' title='bbox 2011 637 2032 659; x_wconf 78' lang='grc' dir='ltr'>α</span> <span class='ocrx_word' id='word_1_515' title='bbox 2068 614 2387 669; x_wconf 88' lang='lat' dir='ltr'><strong>abstineatis</strong></span> <span class='ocrx_word' id='word_1_516' title='bbox 2416 632 2513 670; x_wconf 90' lang='lat' dir='ltr'><strong>vos</strong></span> <span class='ocrx_word' id='word_1_517' title='bbox 2545 631 2576 669; x_wconf 92' lang='lat' dir='ltr'>a</span> <span class='ocrx_word' id='word_1_518' title='bbox 2606 615 2982 683; x_wconf 88' lang='lat' dir='ltr'><strong>fornicatione,</strong></span> <span class='ocrx_word' id='word_1_519' title='bbox 3006 624 3058 669; x_wconf 91' lang='lat' dir='ltr'><strong>ut</strong></span> <span class='ocrx_word' id='word_1_520' title='bbox 3086 615 3606 687; x_wconf 87' lang='lat' dir='ltr'><strong>sciatunusquisque</strong></span> 
     </span>
    </p>
   </div>
   <div class='ocr_carea' id='block_1_67' title="bbox 2010 701 3605 773">
    <p class='ocr_par' dir='ltr' id='par_1_67' title="bbox 2010 701 3605 773">
     <span class='ocr_line' id='line_1_67' title="bbox 2010 701 3605 773; baseline 0.002 -20"><span class='ocrx_word' id='word_1_521' title='bbox 2010 722 2031 751; x_wconf 72' lang='grc' dir='ltr'><strong>α</strong></span> <span class='ocrx_word' id='word_1_522' title='bbox 2068 710 2308 756; x_wconf 87' lang='lat' dir='ltr'><strong>vestrum</strong></span> <span class='ocrx_word' id='word_1_523' title='bbox 2341 718 2438 757; x_wconf 88' lang='lat' dir='ltr'><strong>vas</strong></span> <span class='ocrx_word' id='word_1_524' title='bbox 2469 719 2627 757; x_wconf 92' lang='lat' dir='ltr'><strong>suum</strong></span> <span class='ocrx_word' id='word_1_525' title='bbox 2672 704 2958 773; x_wconf 88' lang='lat' dir='ltr'><strong>possidere</strong></span> <span class='ocrx_word' id='word_1_526' title='bbox 2989 703 3043 758; x_wconf 89' lang='lat' dir='ltr'>iu</span> <span class='ocrx_word' id='word_1_527' title='bbox 3093 701 3519 759; x_wconf 85' lang='lat' dir='ltr'><strong>sanctificatione</strong></span> <span class='ocrx_word' id='word_1_528' title='bbox 3550 710 3605 757; x_wconf 93' lang='lat' dir='ltr'><strong>et</strong></span> 
     </span>
    </p>
   </div>
   <div class='ocr_carea' id='block_1_68' title="bbox 2008 790 3601 863">
    <p class='ocr_par' dir='ltr' id='par_1_68' title="bbox 2008 790 3601 863">
     <span class='ocr_line' id='line_1_68' title="bbox 2008 790 3601 863; baseline 0.001 -20"><span class='ocrx_word' id='word_1_529' title='bbox 2008 813 2029 836; x_wconf 75' lang='grc' dir='ltr'><strong>α</strong></span> <span class='ocrx_word' id='word_1_530' title='bbox 2068 790 2291 857; x_wconf 85' lang='lat' dir='ltr'><strong>honore,</strong></span> <span class='ocrx_word' id='word_1_531' title='bbox 2327 805 2433 844; x_wconf 90' lang='lat' dir='ltr'><strong>non</strong></span> <span class='ocrx_word' id='word_1_532' title='bbox 2464 790 2517 843; x_wconf 91' lang='lat' dir='ltr'><strong>in</strong></span> <span class='ocrx_word' id='word_1_533' title='bbox 2546 792 2799 860; x_wconf 89' lang='lat' dir='ltr'><strong>passione</strong></span> <span class='ocrx_word' id='word_1_534' title='bbox 2831 791 3108 857; x_wconf 89' lang='lat' dir='ltr'><strong>desiderii,</strong></span> <span class='ocrx_word' id='word_1_535' title='bbox 3162 792 3299 847; x_wconf 90' lang='lat' dir='ltr'><strong>sicut</strong></span> <span class='ocrx_word' id='word_1_536' title='bbox 3329 799 3381 845; x_wconf 88' lang='lat' dir='ltr'><strong>et</strong></span> <span class='ocrx_word' id='word_1_537' title='bbox 3410 798 3601 863; x_wconf 82' lang='lat' dir='ltr'><strong>gentes</strong></span> 
     </span>
    </p>
   </div>
   <div class='ocr_carea' id='block_1_69' title="bbox 2008 877 3598 951">
    <p class='ocr_par' dir='ltr' id='par_1_69' title="bbox 2008 877 3598 951">
     <span class='ocr_line' id='line_1_69' title="bbox 2008 877 3598 951; baseline 0.003 -25"><span class='ocrx_word' id='word_1_538' title='bbox 2008 898 2029 926; x_wconf 75' lang='grc' dir='ltr'>ι</span> <span class='ocrx_word' id='word_1_539' title='bbox 2066 894 2186 947; x_wconf 78' lang='lat' dir='ltr'><strong>quae</strong></span> <span class='ocrx_word' id='word_1_540' title='bbox 2217 877 2470 948; x_wconf 89' lang='lat' dir='ltr'><strong>ignorant</strong></span> <span class='ocrx_word' id='word_1_541' title='bbox 2512 879 2705 932; x_wconf 90' lang='lat' dir='ltr'><strong>Deum.</strong></span> <span class='ocrx_word' id='word_1_542' title='bbox 2739 880 2809 932; x_wconf 87' lang='lat' dir='ltr'><strong>Et</strong></span> <span class='ocrx_word' id='word_1_543' title='bbox 2855 896 2923 933; x_wconf 90' lang='lat' dir='ltr'><strong>ne</strong></span> <span class='ocrx_word' id='word_1_544' title='bbox 2964 880 3085 949; x_wconf 87' lang='lat' dir='ltr'>quis</span> <span class='ocrx_word' id='word_1_545' title='bbox 3133 879 3598 951; x_wconf 85' lang='lat' dir='ltr'><strong>supergrediatur,</strong></span> 
     </span>
    </p>
   </div>
   <div class='ocr_carea' id='block_1_70' title="bbox 2006 964 3598 1038">
    <p class='ocr_par' dir='ltr' id='par_1_70' title="bbox 2006 964 3598 1038">
     <span class='ocr_line' id='line_1_70' title="bbox 2006 964 3598 1038; baseline 0.002 -20"><span class='ocrx_word' id='word_1_546' title='bbox 2006 980 2241 1034; x_wconf 88' lang='lat' dir='ltr'><strong>«neque</strong></span> <span class='ocrx_word' id='word_1_547' title='bbox 2288 964 2675 1019; x_wconf 88' lang='lat' dir='ltr'><strong>circumveniat</strong></span> <span class='ocrx_word' id='word_1_548' title='bbox 2742 965 2795 1019; x_wconf 94' lang='lat' dir='ltr'><strong>in</strong></span> <span class='ocrx_word' id='word_1_549' title='bbox 2848 967 3067 1038; x_wconf 89' lang='lat' dir='ltr'><strong>negotio</strong></span> <span class='ocrx_word' id='word_1_550' title='bbox 3138 966 3363 1021; x_wconf 86' lang='lat' dir='ltr'><strong>fratrem</strong></span> <span class='ocrx_word' id='word_1_551' title='bbox 3421 983 3598 1032; x_wconf 91' lang='lat' dir='ltr'><strong>suum,</strong></span> 
     </span>
    </p>
   </div>
   <div class='ocr_carea' id='block_1_71' title="bbox 2006 1052 3598 1122">
    <p class='ocr_par' dir='ltr' id='par_1_71' title="bbox 2006 1052 3598 1122">
     <span class='ocr_line' id='line_1_71' title="bbox 2006 1052 3598 1122; baseline 0.001 -17"><span class='ocrx_word' id='word_1_552' title='bbox 2006 1052 2320 1122; x_wconf 84' lang='lat' dir='ltr'><strong>«quoniam</strong></span> <span class='ocrx_word' id='word_1_553' title='bbox 2378 1052 2571 1107; x_wconf 86' lang='lat' dir='ltr'><strong>vindex</strong></span> <span class='ocrx_word' id='word_1_554' title='bbox 2630 1062 2712 1108; x_wconf 89' lang='lat' dir='ltr'><strong>est</strong></span> <span class='ocrx_word' id='word_1_555' title='bbox 2768 1054 3029 1108; x_wconf 91' lang='lat' dir='ltr'><strong>Dominus</strong></span> <span class='ocrx_word' id='word_1_556' title='bbox 3060 1055 3128 1108; x_wconf 91' lang='lat' dir='ltr'><strong>de</strong></span> <span class='ocrx_word' id='word_1_557' title='bbox 3176 1054 3260 1107; x_wconf 89' lang='lat' dir='ltr'><strong>his</strong></span> <span class='ocrx_word' id='word_1_558' title='bbox 3328 1054 3598 1120; x_wconf 92' lang='lat' dir='ltr'><strong>omnibus,</strong></span> 
     </span>
    </p>
   </div>
   <div class='ocr_carea' id='block_1_72' title="bbox 2006 1139 3599 1209">
    <p class='ocr_par' dir='ltr' id='par_1_72' title="bbox 2006 1139 3599 1209">
     <span class='ocr_line' id='line_1_72' title="bbox 2006 1139 3599 1209; baseline 0.004 -19"><span class='ocrx_word' id='word_1_559' title='bbox 2006 1160 2027 1189; x_wconf 71' lang='grc' dir='ltr'><strong><em>α</em></strong></span> <span class='ocrx_word' id='word_1_560' title='bbox 2063 1139 2200 1193; x_wconf 91' lang='lat' dir='ltr'><strong>sicut</strong></span> <span class='ocrx_word' id='word_1_561' title='bbox 2231 1139 2584 1209; x_wconf 76' lang='lat' dir='ltr'><strong>przediximus</strong></span> <span class='ocrx_word' id='word_1_562' title='bbox 2614 1140 2788 1206; x_wconf 89' lang='lat' dir='ltr'><strong>vobis,</strong></span> <span class='ocrx_word' id='word_1_563' title='bbox 2824 1149 2877 1195; x_wconf 89' lang='lat' dir='ltr'><strong>et</strong></span> <span class='ocrx_word' id='word_1_564' title='bbox 2924 1140 3189 1195; x_wconf 79' lang='lat' dir='ltr'><strong>testificati</strong></span> <span class='ocrx_word' id='word_1_565' title='bbox 3237 1157 3442 1195; x_wconf 91' lang='lat' dir='ltr'><strong>sumus.</strong></span> <span class='ocrx_word' id='word_1_566' title='bbox 3477 1142 3599 1196; x_wconf 89' lang='lat' dir='ltr'><strong>Non</strong></span> 
     </span>
    </p>
   </div>
   <div class='ocr_carea' id='block_1_73' title="bbox 2005 1227 3602 1293">
    <p class='ocr_par' dir='ltr' id='par_1_73' title="bbox 2005 1227 3602 1293">
     <span class='ocr_line' id='line_1_73' title="bbox 2005 1227 3602 1293; baseline 0.003 -16"><span class='ocrx_word' id='word_1_567' title='bbox 2005 1249 2027 1277; x_wconf 71' lang='grc' dir='ltr'>ι</span> <span class='ocrx_word' id='word_1_568' title='bbox 2062 1227 2204 1283; x_wconf 90' lang='lat' dir='ltr'><strong>enim</strong></span> <span class='ocrx_word' id='word_1_569' title='bbox 2238 1228 2450 1283; x_wconf 89' lang='lat' dir='ltr'><strong>vocavit</strong></span> <span class='ocrx_word' id='word_1_570' title='bbox 2494 1244 2594 1282; x_wconf 93' lang='lat' dir='ltr'><strong>nos</strong></span> <span class='ocrx_word' id='word_1_571' title='bbox 2650 1230 2797 1283; x_wconf 91' lang='lat' dir='ltr'><strong>Deus</strong></span> <span class='ocrx_word' id='word_1_572' title='bbox 2854 1228 2909 1283; x_wconf 90' lang='lat' dir='ltr'><strong>in</strong></span> <span class='ocrx_word' id='word_1_573' title='bbox 2957 1229 3367 1293; x_wconf 90' lang='lat' dir='ltr'><strong>immunditiam,</strong></span> <span class='ocrx_word' id='word_1_574' title='bbox 3421 1230 3519 1283; x_wconf 91' lang='lat' dir='ltr'><strong>sed</strong></span> <span class='ocrx_word' id='word_1_575' title='bbox 3546 1228 3602 1282; x_wconf 90' lang='lat' dir='ltr'><strong>in</strong></span> 
     </span>
    </p>
   </div>
   <div class='ocr_carea' id='block_1_74' title="bbox 2003 1314 3601 1387">
    <p class='ocr_par' dir='ltr' id='par_1_74' title="bbox 2003 1314 3601 1387">
     <span class='ocr_line' id='line_1_74' title="bbox 2003 1314 3601 1387; baseline 0.001 -18"><span class='ocrx_word' id='word_1_576' title='bbox 2003 1338 2025 1361; x_wconf 74' lang='grc' dir='ltr'><strong><em>α</em></strong></span> <span class='ocrx_word' id='word_1_577' title='bbox 2062 1314 2565 1371; x_wconf 87' lang='lat' dir='ltr'><strong>sanctificationem.</strong></span> <span class='ocrx_word' id='word_1_578' title='bbox 2651 1318 2834 1387; x_wconf 89' lang='lat' dir='ltr'><strong>Itaque</strong></span> <span class='ocrx_word' id='word_1_579' title='bbox 2913 1317 3003 1387; x_wconf 85' lang='lat' dir='ltr'><strong>qui</strong></span> <span class='ocrx_word' id='word_1_580' title='bbox 3059 1318 3174 1371; x_wconf 58' lang='lat' dir='ltr'><strong>haec</strong></span> <span class='ocrx_word' id='word_1_581' title='bbox 3211 1316 3436 1387; x_wconf 90' lang='lat' dir='ltr'><strong>spernit,</strong></span> <span class='ocrx_word' id='word_1_582' title='bbox 3491 1331 3601 1371; x_wconf 91' lang='lat' dir='ltr'><strong>non</strong></span> 
     </span>
    </p>
   </div>
   <div class='ocr_carea' id='block_1_75' title="bbox 2002 1402 3599 1475">
    <p class='ocr_par' dir='ltr' id='par_1_75' title="bbox 2002 1402 3599 1475">
     <span class='ocr_line' id='line_1_75' title="bbox 2002 1402 3599 1475; baseline 0.003 -23"><span class='ocrx_word' id='word_1_583' title='bbox 2002 1424 2024 1452; x_wconf 70' lang='grc' dir='ltr'><strong><em>ι</em></strong></span> <span class='ocrx_word' id='word_1_584' title='bbox 2056 1403 2333 1458; x_wconf 90' lang='lat' dir='ltr'><strong>hominem</strong></span> <span class='ocrx_word' id='word_1_585' title='bbox 2363 1404 2590 1473; x_wconf 89' lang='lat' dir='ltr'><strong>spernit,</strong></span> <span class='ocrx_word' id='word_1_586' title='bbox 2626 1402 2724 1458; x_wconf 91' lang='lat' dir='ltr'><strong>sed</strong></span> <span class='ocrx_word' id='word_1_587' title='bbox 2757 1405 2951 1468; x_wconf 90' lang='lat' dir='ltr'><strong>Deum,</strong></span> <span class='ocrx_word' id='word_1_588' title='bbox 2986 1404 3075 1475; x_wconf 90' lang='lat' dir='ltr'>qui</span> <span class='ocrx_word' id='word_1_589' title='bbox 3105 1404 3263 1458; x_wconf 90' lang='lat' dir='ltr'><strong>etiam</strong></span> <span class='ocrx_word' id='word_1_590' title='bbox 3297 1404 3448 1457; x_wconf 89' lang='lat' dir='ltr'><strong>dedit</strong></span> <span class='ocrx_word' id='word_1_591' title='bbox 3478 1403 3599 1474; x_wconf 85' lang='lat' dir='ltr'><strong>Spi-</strong></span> 
     </span>
    </p>
   </div>
   <div class='ocr_carea' id='block_1_76' title="bbox 2003 1491 3599 1546">
    <p class='ocr_par' dir='ltr' id='par_1_76' title="bbox 2003 1491 3599 1546">
     <span class='ocr_line' id='line_1_76' title="bbox 2003 1491 3599 1546; baseline 0 -1"><span class='ocrx_word' id='word_1_592' title='bbox 2003 1491 2218 1545; x_wconf 82' lang='lat' dir='ltr'><strong>«ritum</strong></span> <span class='ocrx_word' id='word_1_593' title='bbox 2249 1508 2404 1545; x_wconf 92' lang='lat' dir='ltr'><strong>suum</strong></span> <span class='ocrx_word' id='word_1_594' title='bbox 2457 1500 2699 1546; x_wconf 90' lang='lat' dir='ltr'><strong>sanctum</strong></span> <span class='ocrx_word' id='word_1_595' title='bbox 2745 1492 2798 1544; x_wconf 91' lang='lat' dir='ltr'><strong>in</strong></span> <span class='ocrx_word' id='word_1_596' title='bbox 2844 1492 3022 1546; x_wconf 87' lang='lat' dir='ltr'><strong>nobis.</strong></span> <span class='ocrx_word' id='word_1_597' title='bbox 3072 1493 3152 1546; x_wconf 92' lang='lat' dir='ltr'><strong>De</strong></span> <span class='ocrx_word' id='word_1_598' title='bbox 3193 1492 3448 1545; x_wconf 89' lang='lat' dir='ltr'><strong>charitate</strong></span> <span class='ocrx_word' id='word_1_599' title='bbox 3498 1506 3599 1545; x_wconf 90' lang='lat' dir='ltr'><strong>au-</strong></span> 
     </span>
    </p>
   </div>
   <div class='ocr_carea' id='block_1_77' title="bbox 2003 1578 3600 1635">
    <p class='ocr_par' dir='ltr' id='par_1_77' title="bbox 2003 1578 3600 1635">
     <span class='ocr_line' id='line_1_77' title="bbox 2003 1578 3600 1635; baseline 0.001 -4"><span class='ocrx_word' id='word_1_600' title='bbox 2003 1600 2025 1624; x_wconf 74' lang='lat' dir='ltr'><strong>u</strong></span> <span class='ocrx_word' id='word_1_601' title='bbox 2060 1586 2171 1632; x_wconf 89' lang='lat' dir='ltr'><strong>tem</strong></span> <span class='ocrx_word' id='word_1_602' title='bbox 2202 1578 2549 1633; x_wconf 88' lang='lat' dir='ltr'><strong>fraternitatis</strong></span> <span class='ocrx_word' id='word_1_603' title='bbox 2598 1596 2705 1633; x_wconf 89' lang='lat' dir='ltr'><strong>non</strong></span> <span class='ocrx_word' id='word_1_604' title='bbox 2757 1595 2984 1635; x_wconf 88' lang='lat' dir='ltr'><strong>necesse</strong></span> <span class='ocrx_word' id='word_1_605' title='bbox 3032 1580 3318 1634; x_wconf 89' lang='lat' dir='ltr'><strong>habuimus</strong></span> <span class='ocrx_word' id='word_1_606' title='bbox 3361 1579 3600 1634; x_wconf 81' lang='lat' dir='ltr'><strong>scribere</strong></span> 
     </span>
    </p>
   </div>
   <div class='ocr_carea' id='block_1_78' title="bbox 2004 1666 3601 1737">
    <p class='ocr_par' dir='ltr' id='par_1_78' title="bbox 2004 1666 3601 1737">
     <span class='ocr_line' id='line_1_78' title="bbox 2004 1666 3601 1737; baseline 0.003 -20"><span class='ocrx_word' id='word_1_607' title='bbox 2004 1688 2025 1717; x_wconf 73' lang='grc' dir='ltr'><strong>α</strong></span> <span class='ocrx_word' id='word_1_608' title='bbox 2061 1666 2235 1721; x_wconf 92' lang='lat' dir='ltr'><strong>vobis.</strong></span> <span class='ocrx_word' id='word_1_609' title='bbox 2278 1666 2384 1736; x_wconf 92' lang='lat' dir='ltr'><strong>lpsi</strong></span> <span class='ocrx_word' id='word_1_610' title='bbox 2428 1667 2573 1720; x_wconf 91' lang='lat' dir='ltr'><strong>enim</strong></span> <span class='ocrx_word' id='word_1_611' title='bbox 2617 1682 2715 1721; x_wconf 88' lang='lat' dir='ltr'><strong>vos</strong></span> <span class='ocrx_word' id='word_1_612' title='bbox 2745 1669 2911 1722; x_wconf 91' lang='lat' dir='ltr'><strong>aDeo</strong></span> <span class='ocrx_word' id='word_1_613' title='bbox 2950 1667 3215 1721; x_wconf 87' lang='lat' dir='ltr'><strong>didicistis</strong></span> <span class='ocrx_word' id='word_1_614' title='bbox 3248 1675 3305 1721; x_wconf 89' lang='lat' dir='ltr'><strong>ut</strong></span> <span class='ocrx_word' id='word_1_615' title='bbox 3362 1666 3601 1737; x_wconf 83' lang='lat' dir='ltr'><strong>diligatis</strong></span> 
     </span>
    </p>
   </div>
   <div class='ocr_carea' id='block_1_79' title="bbox 2005 1754 3599 1823">
    <p class='ocr_par' dir='ltr' id='par_1_79' title="bbox 2005 1754 3599 1823">
     <span class='ocr_line' id='line_1_79' title="bbox 2005 1754 3599 1823; baseline 0.003 -20"><span class='ocrx_word' id='word_1_616' title='bbox 2005 1776 2025 1803; x_wconf 76' lang='grc' dir='ltr'><strong>α</strong></span> <span class='ocrx_word' id='word_1_617' title='bbox 2062 1754 2295 1809; x_wconf 89' lang='lat' dir='ltr'><strong>invicem</strong></span> <span class='ocrx_word' id='word_1_618' title='bbox 2329 1756 2510 1821; x_wconf 81' lang='lat' dir='ltr'><strong>(Joan.</strong></span> <span class='ocrx_word' id='word_1_619' title='bbox 2562 1770 2685 1820; x_wconf 68' lang='grc' dir='ltr'>χιιι,</span> <span class='ocrx_word' id='word_1_620' title='bbox 2734 1756 2845 1823; x_wconf 77' lang='grc'><strong>34).</strong></span> <span class='ocrx_word' id='word_1_621' title='bbox 2897 1754 3111 1809; x_wconf 89' lang='lat' dir='ltr'><strong>Etenim</strong></span> <span class='ocrx_word' id='word_1_622' title='bbox 3164 1755 3295 1809; x_wconf 90' lang='lat' dir='ltr'><strong>illud</strong></span> <span class='ocrx_word' id='word_1_623' title='bbox 3338 1754 3513 1809; x_wconf 89' lang='lat' dir='ltr'><strong>facitis</strong></span> <span class='ocrx_word' id='word_1_624' title='bbox 3543 1754 3599 1808; x_wconf 90' lang='lat' dir='ltr'><strong>in</strong></span> 
     </span>
    </p>
   </div>
   <div class='ocr_carea' id='block_1_80' title="bbox 2004 1841 3599 1913">
    <p class='ocr_par' dir='ltr' id='par_1_80' title="bbox 2004 1841 3599 1913">
     <span class='ocr_line' id='line_1_80' title="bbox 2004 1841 3599 1913; baseline 0.001 -20"><span class='ocrx_word' id='word_1_625' title='bbox 2004 1864 2026 1893; x_wconf 72' lang='grc' dir='ltr'><strong>α</strong></span> <span class='ocrx_word' id='word_1_626' title='bbox 2061 1858 2255 1897; x_wconf 90' lang='lat' dir='ltr'><strong>omnes</strong></span> <span class='ocrx_word' id='word_1_627' title='bbox 2286 1841 2500 1909; x_wconf 89' lang='lat' dir='ltr'><strong>fratres,</strong></span> <span class='ocrx_word' id='word_1_628' title='bbox 2555 1841 2608 1894; x_wconf 90' lang='lat' dir='ltr'><strong>in</strong></span> <span class='ocrx_word' id='word_1_629' title='bbox 2640 1842 2895 1897; x_wconf 90' lang='lat' dir='ltr'><strong>universa</strong></span> <span class='ocrx_word' id='word_1_630' title='bbox 2941 1842 3278 1897; x_wconf 85' lang='lat' dir='ltr'><strong>Macedonia.</strong></span> <span class='ocrx_word' id='word_1_631' title='bbox 3324 1843 3599 1913; x_wconf 82' lang='lat' dir='ltr'><strong>Rogamus</strong></span> 
     </span>
    </p>
   </div>
   <div class='ocr_carea' id='block_1_81' title="bbox 2002 1928 3598 2001">
    <p class='ocr_par' dir='ltr' id='par_1_81' title="bbox 2002 1928 3598 2001">
     <span class='ocr_line' id='line_1_81' title="bbox 2002 1928 3598 2001; baseline 0.003 -23"><span class='ocrx_word' id='word_1_632' title='bbox 2002 1953 2023 1978; x_wconf 80' lang='grc' dir='ltr'>α</span> <span class='ocrx_word' id='word_1_633' title='bbox 2060 1937 2237 1985; x_wconf 85' lang='lat' dir='ltr'><strong>autem</strong></span> <span class='ocrx_word' id='word_1_634' title='bbox 2269 1945 2384 1993; x_wconf 92' lang='lat' dir='ltr'><strong>vos,</strong></span> <span class='ocrx_word' id='word_1_635' title='bbox 2444 1928 2651 1993; x_wconf 90' lang='lat' dir='ltr'><strong>fratres,</strong></span> <span class='ocrx_word' id='word_1_636' title='bbox 2702 1938 2757 1984; x_wconf 92' lang='lat' dir='ltr'><strong>ut</strong></span> <span class='ocrx_word' id='word_1_637' title='bbox 2801 1930 3088 1984; x_wconf 90' lang='lat' dir='ltr'><strong>abundetis</strong></span> <span class='ocrx_word' id='word_1_638' title='bbox 3132 1930 3327 2001; x_wconf 86' lang='lat' dir='ltr'><strong>magis,</strong></span> <span class='ocrx_word' id='word_1_639' title='bbox 3363 1938 3412 1983; x_wconf 90' lang='lat' dir='ltr'><strong>et</strong></span> <span class='ocrx_word' id='word_1_640' title='bbox 3459 1945 3598 1999; x_wconf 90' lang='lat' dir='ltr'><strong>ope-</strong></span> 
     </span>
    </p>
   </div>
   <div class='ocr_carea' id='block_1_82' title="bbox 2004 2016 3596 2089">
    <p class='ocr_par' dir='ltr' id='par_1_82' title="bbox 2004 2016 3596 2089">
     <span class='ocr_line' id='line_1_82' title="bbox 2004 2016 3596 2089; baseline 0.001 -21"><span class='ocrx_word' id='word_1_641' title='bbox 2004 2039 2025 2068; x_wconf 73' lang='grc' dir='ltr'><strong>α</strong></span> <span class='ocrx_word' id='word_1_642' title='bbox 2062 2035 2176 2071; x_wconf 91' lang='lat' dir='ltr'><strong>ram</strong></span> <span class='ocrx_word' id='word_1_643' title='bbox 2226 2017 2364 2072; x_wconf 91' lang='lat' dir='ltr'><strong>detis</strong></span> <span class='ocrx_word' id='word_1_644' title='bbox 2412 2025 2468 2071; x_wconf 91' lang='lat' dir='ltr'><strong>ut</strong></span> <span class='ocrx_word' id='word_1_645' title='bbox 2516 2017 2682 2088; x_wconf 89' lang='lat' dir='ltr'>quieti</span> <span class='ocrx_word' id='word_1_646' title='bbox 2743 2017 2879 2084; x_wconf 91' lang='lat' dir='ltr'><strong>sitis,</strong></span> <span class='ocrx_word' id='word_1_647' title='bbox 2931 2025 2983 2072; x_wconf 92' lang='lat' dir='ltr'><strong>et</strong></span> <span class='ocrx_word' id='word_1_648' title='bbox 3031 2026 3272 2071; x_wconf 88' lang='lat' dir='ltr'><strong>vestrum</strong></span> <span class='ocrx_word' id='word_1_649' title='bbox 3320 2016 3596 2089; x_wconf 88' lang='lat' dir='ltr'><strong>negotium</strong></span> 
     </span>
    </p>
   </div>
   <div class='ocr_carea' id='block_1_83' title="bbox 2003 2104 3598 2175">
    <p class='ocr_par' dir='ltr' id='par_1_83' title="bbox 2003 2104 3598 2175">
     <span class='ocr_line' id='line_1_83' title="bbox 2003 2104 3598 2175; baseline -0.002 -15"><span class='ocrx_word' id='word_1_650' title='bbox 2003 2129 2023 2153; x_wconf 79' lang='grc' dir='ltr'><strong>«ι</strong></span> <span class='ocrx_word' id='word_1_651' title='bbox 2061 2105 2277 2175; x_wconf 85' lang='lat' dir='ltr'><strong>agatis;</strong></span> <span class='ocrx_word' id='word_1_652' title='bbox 2310 2112 2362 2159; x_wconf 89' lang='lat' dir='ltr'><strong>et</strong></span> <span class='ocrx_word' id='word_1_653' title='bbox 2388 2104 2690 2174; x_wconf 88' lang='lat' dir='ltr'><strong>cperemini</strong></span> <span class='ocrx_word' id='word_1_654' title='bbox 2738 2104 2991 2159; x_wconf 91' lang='lat' dir='ltr'><strong>manibus</strong></span> <span class='ocrx_word' id='word_1_655' title='bbox 3020 2106 3236 2169; x_wconf 90' lang='lat' dir='ltr'><strong>vestris,</strong></span> <span class='ocrx_word' id='word_1_656' title='bbox 3290 2104 3429 2159; x_wconf 89' lang='lat' dir='ltr'><strong>sicut</strong></span> <span class='ocrx_word' id='word_1_657' title='bbox 3455 2120 3598 2174; x_wconf 75' lang='lat' dir='ltr'><strong>pra:-</strong></span> 
     </span>
    </p>
   </div>
   <div class='ocr_carea' id='block_1_84' title="bbox 2005 2191 3600 2263">
    <p class='ocr_par' dir='ltr' id='par_1_84' title="bbox 2005 2191 3600 2263">
     <span class='ocr_line' id='line_1_84' title="bbox 2005 2191 3600 2263; baseline 0 -19"><span class='ocrx_word' id='word_1_658' title='bbox 2005 2215 2027 2244; x_wconf 74' lang='grc' dir='ltr'><strong>α</strong></span> <span class='ocrx_word' id='word_1_659' title='bbox 2070 2194 2307 2263; x_wconf 85' lang='lat' dir='ltr'><strong>cepimus</strong></span> <span class='ocrx_word' id='word_1_660' title='bbox 2340 2192 2514 2260; x_wconf 87' lang='lat' dir='ltr'><strong>vobis,</strong></span> <span class='ocrx_word' id='word_1_661' title='bbox 2549 2201 2599 2246; x_wconf 91' lang='lat' dir='ltr'><strong>et</strong></span> <span class='ocrx_word' id='word_1_662' title='bbox 2629 2200 2684 2245; x_wconf 92' lang='lat' dir='ltr'><strong>ut</strong></span> <span class='ocrx_word' id='word_1_663' title='bbox 2715 2193 2942 2248; x_wconf 87' lang='lat' dir='ltr'><strong>honeste</strong></span> <span class='ocrx_word' id='word_1_664' title='bbox 2970 2192 3257 2247; x_wconf 87' lang='lat' dir='ltr'><strong>ambuletis</strong></span> <span class='ocrx_word' id='word_1_665' title='bbox 3287 2192 3353 2246; x_wconf 88' lang='lat' dir='ltr'><strong>ad</strong></span> <span class='ocrx_word' id='word_1_666' title='bbox 3385 2207 3479 2246; x_wconf 91' lang='lat' dir='ltr'><strong>eos</strong></span> <span class='ocrx_word' id='word_1_667' title='bbox 3507 2191 3600 2263; x_wconf 88' lang='lat' dir='ltr'>qui</span> 
     </span>
    </p>
   </div>
   <div class='ocr_carea' id='block_1_85' title="bbox 2002 2279 3598 2350">
    <p class='ocr_par' dir='ltr' id='par_1_85' title="bbox 2002 2279 3598 2350">
     <span class='ocr_line' id='line_1_85' title="bbox 2002 2279 3598 2350; baseline -0.001 -16"><span class='ocrx_word' id='word_1_668' title='bbox 2002 2306 2023 2329; x_wconf 79' lang='grc' dir='ltr'>ι</span> <span class='ocrx_word' id='word_1_669' title='bbox 2058 2281 2192 2337; x_wconf 89' lang='lat' dir='ltr'><strong>foris</strong></span> <span class='ocrx_word' id='word_1_670' title='bbox 2214 2287 2359 2346; x_wconf 89' lang='lat' dir='ltr'><strong>sunt,</strong></span> <span class='ocrx_word' id='word_1_671' title='bbox 2392 2287 2445 2335; x_wconf 91' lang='lat' dir='ltr'><strong>et</strong></span> <span class='ocrx_word' id='word_1_672' title='bbox 2474 2280 2674 2334; x_wconf 91' lang='lat' dir='ltr'><strong>nullius</strong></span> <span class='ocrx_word' id='word_1_673' title='bbox 2706 2280 2910 2350; x_wconf 90' lang='lat' dir='ltr'><strong>aliquid</strong></span> <span class='ocrx_word' id='word_1_674' title='bbox 2961 2280 3299 2335; x_wconf 87' lang='lat' dir='ltr'><strong>desideretis.</strong></span> <span class='ocrx_word' id='word_1_675' title='bbox 3332 2279 3598 2334; x_wconf 85' lang='lat' dir='ltr'><strong>Nolumus</strong></span> 
     </span>
    </p>
   </div>
   <div class='ocr_carea' id='block_1_86' title="bbox 2004 2366 3600 2439">
    <p class='ocr_par' dir='ltr' id='par_1_86' title="bbox 2004 2366 3600 2439">
     <span class='ocr_line' id='line_1_86' title="bbox 2004 2366 3600 2439; baseline 0.001 -19"><span class='ocrx_word' id='word_1_676' title='bbox 2004 2390 2026 2420; x_wconf 71' lang='grc' dir='ltr'><strong><em>ι</em></strong></span> <span class='ocrx_word' id='word_1_677' title='bbox 2061 2376 2240 2423; x_wconf 91' lang='lat' dir='ltr'><strong>autem</strong></span> <span class='ocrx_word' id='word_1_678' title='bbox 2271 2383 2367 2423; x_wconf 87' lang='lat' dir='ltr'><strong>vos</strong></span> <span class='ocrx_word' id='word_1_679' title='bbox 2396 2367 2671 2439; x_wconf 85' lang='lat' dir='ltr'><strong>ignorare,</strong></span> <span class='ocrx_word' id='word_1_680' title='bbox 2728 2366 2938 2433; x_wconf 88' lang='lat' dir='ltr'><strong>fratres,</strong></span> <span class='ocrx_word' id='word_1_681' title='bbox 2973 2368 3041 2421; x_wconf 92' lang='lat' dir='ltr'><strong>de</strong></span> <span class='ocrx_word' id='word_1_682' title='bbox 3086 2367 3500 2436; x_wconf 84' lang='lat' dir='ltr'><strong>dormientibus,</strong></span> <span class='ocrx_word' id='word_1_683' title='bbox 3544 2374 3600 2421; x_wconf 91' lang='lat' dir='ltr'><strong>ut</strong></span> 
     </span>
    </p>
   </div>
   <div class='ocr_carea' id='block_1_87' title="bbox 2004 2455 3597 2525">
    <p class='ocr_par' dir='ltr' id='par_1_87' title="bbox 2004 2455 3597 2525">
     <span class='ocr_line' id='line_1_87' title="bbox 2004 2455 3597 2525; baseline 0.001 -18"><span class='ocrx_word' id='word_1_684' title='bbox 2004 2478 2026 2507; x_wconf 70' lang='grc' dir='ltr'><strong><em>ι</em></strong></span> <span class='ocrx_word' id='word_1_685' title='bbox 2061 2472 2167 2511; x_wconf 88' lang='lat' dir='ltr'><strong>non</strong></span> <span class='ocrx_word' id='word_1_686' title='bbox 2200 2455 2615 2520; x_wconf 80' lang='lat' dir='ltr'><strong>contristemiui,</strong></span> <span class='ocrx_word' id='word_1_687' title='bbox 2647 2456 2785 2509; x_wconf 90' lang='lat' dir='ltr'><strong>sicut</strong></span> <span class='ocrx_word' id='word_1_688' title='bbox 2825 2463 2877 2509; x_wconf 91' lang='lat' dir='ltr'><strong>et</strong></span> <span class='ocrx_word' id='word_1_689' title='bbox 2907 2456 3088 2510; x_wconf 85' lang='lat' dir='ltr'><strong>caeteri</strong></span> <span class='ocrx_word' id='word_1_690' title='bbox 3137 2455 3228 2525; x_wconf 92' lang='lat' dir='ltr'>qui</span> <span class='ocrx_word' id='word_1_691' title='bbox 3278 2471 3431 2525; x_wconf 91' lang='lat' dir='ltr'><strong>spem</strong></span> <span class='ocrx_word' id='word_1_692' title='bbox 3488 2470 3597 2509; x_wconf 89' lang='lat' dir='ltr'><strong>non</strong></span> 
     </span>
    </p>
   </div>
   <div class='ocr_carea' id='block_1_88' title="bbox 2004 2543 3599 2614">
    <p class='ocr_par' dir='ltr' id='par_1_88' title="bbox 2004 2543 3599 2614">
     <span class='ocr_line' id='line_1_88' title="bbox 2004 2543 3599 2614; baseline 0.001 -20"><span class='ocrx_word' id='word_1_693' title='bbox 2004 2565 2025 2594; x_wconf 75' lang='grc' dir='ltr'>ι</span> <span class='ocrx_word' id='word_1_694' title='bbox 2062 2544 2282 2598; x_wconf 87' lang='lat' dir='ltr'><strong>habent.</strong></span> <span class='ocrx_word' id='word_1_695' title='bbox 2318 2543 2373 2597; x_wconf 92' lang='lat' dir='ltr'><strong>Si</strong></span> <span class='ocrx_word' id='word_1_696' title='bbox 2405 2543 2548 2597; x_wconf 91' lang='lat' dir='ltr'><strong>enim</strong></span> <span class='ocrx_word' id='word_1_697' title='bbox 2578 2543 2852 2597; x_wconf 89' lang='lat' dir='ltr'><strong>credimus</strong></span> <span class='ocrx_word' id='word_1_698' title='bbox 2882 2543 3023 2614; x_wconf 89' lang='lat' dir='ltr'><strong>quod</strong></span> <span class='ocrx_word' id='word_1_699' title='bbox 3053 2544 3210 2597; x_wconf 86' lang='lat' dir='ltr'><strong>Jesus</strong></span> <span class='ocrx_word' id='word_1_700' title='bbox 3240 2549 3485 2597; x_wconf 91' lang='lat' dir='ltr'><strong>mortuus</strong></span> <span class='ocrx_word' id='word_1_701' title='bbox 3516 2549 3599 2597; x_wconf 90' lang='lat' dir='ltr'><strong>est</strong></span> 
     </span>
    </p>
   </div>
   <div class='ocr_carea' id='block_1_89' title="bbox 2005 2630 3600 2701">
    <p class='ocr_par' dir='ltr' id='par_1_89' title="bbox 2005 2630 3600 2701">
     <span class='ocr_line' id='line_1_89' title="bbox 2005 2630 3600 2701; baseline 0.001 -21"><span class='ocrx_word' id='word_1_702' title='bbox 2005 2654 2025 2680; x_wconf 76' lang='grc' dir='ltr'>ι</span> <span class='ocrx_word' id='word_1_703' title='bbox 2061 2639 2113 2686; x_wconf 91' lang='lat' dir='ltr'><strong>et</strong></span> <span class='ocrx_word' id='word_1_704' title='bbox 2137 2631 2453 2698; x_wconf 86' lang='lat' dir='ltr'><strong>resurrexit,</strong></span> <span class='ocrx_word' id='word_1_705' title='bbox 2492 2631 2566 2684; x_wconf 90' lang='lat' dir='ltr'><strong>ita</strong></span> <span class='ocrx_word' id='word_1_706' title='bbox 2596 2639 2648 2686; x_wconf 90' lang='lat' dir='ltr'><strong>et</strong></span> <span class='ocrx_word' id='word_1_707' title='bbox 2695 2632 2841 2685; x_wconf 92' lang='lat' dir='ltr'><strong>Deus</strong></span> <span class='ocrx_word' id='word_1_708' title='bbox 2895 2646 2989 2685; x_wconf 93' lang='lat' dir='ltr'><strong>eos</strong></span> <span class='ocrx_word' id='word_1_709' title='bbox 3018 2630 3109 2701; x_wconf 90' lang='lat' dir='ltr'><strong>qui</strong></span> <span class='ocrx_word' id='word_1_710' title='bbox 3136 2630 3475 2685; x_wconf 87' lang='lat' dir='ltr'><strong>dormierunt</strong></span> <span class='ocrx_word' id='word_1_711' title='bbox 3502 2644 3600 2700; x_wconf 90' lang='lat' dir='ltr'><strong>per</strong></span> 
     </span>
    </p>
   </div>
   <div class='ocr_carea' id='block_1_90' title="bbox 2003 2716 3597 2773">
    <p class='ocr_par' dir='ltr' id='par_1_90' title="bbox 2003 2716 3597 2773">
     <span class='ocr_line' id='line_1_90' title="bbox 2003 2716 3597 2773; baseline -0.001 0"><span class='ocrx_word' id='word_1_712' title='bbox 2003 2742 2023 2765; x_wconf 79' lang='grc' dir='ltr'><strong>ιι</strong></span> <span class='ocrx_word' id='word_1_713' title='bbox 2057 2719 2239 2773; x_wconf 86' lang='lat' dir='ltr'><strong>Jesum</strong></span> <span class='ocrx_word' id='word_1_714' title='bbox 2274 2718 2508 2772; x_wconf 90' lang='lat' dir='ltr'><strong>adducet</strong></span> <span class='ocrx_word' id='word_1_715' title='bbox 2536 2734 2656 2773; x_wconf 90' lang='lat' dir='ltr'><strong>cum</strong></span> <span class='ocrx_word' id='word_1_716' title='bbox 2712 2734 2797 2772; x_wconf 91' lang='lat' dir='ltr'><strong>eo.</strong></span> <span class='ocrx_word' id='word_1_717' title='bbox 2829 2718 2944 2773; x_wconf 87' lang='lat' dir='ltr'><strong>Hoc</strong></span> <span class='ocrx_word' id='word_1_718' title='bbox 2973 2718 3118 2772; x_wconf 90' lang='lat' dir='ltr'><strong>enim</strong></span> <span class='ocrx_word' id='word_1_719' title='bbox 3163 2718 3318 2773; x_wconf 90' lang='lat' dir='ltr'><strong>vobis</strong></span> <span class='ocrx_word' id='word_1_720' title='bbox 3366 2716 3597 2771; x_wconf 89' lang='lat' dir='ltr'><strong>dicimus</strong></span> 
     </span>
    </p>
   </div>
   <div class='ocr_carea' id='block_1_91' title="bbox 2002 2804 3597 2876">
    <p class='ocr_par' dir='ltr' id='par_1_91' title="bbox 2002 2804 3597 2876">
     <span class='ocr_line' id='line_1_91' title="bbox 2002 2804 3597 2876; baseline 0.001 -20"><span class='ocrx_word' id='word_1_721' title='bbox 2002 2828 2023 2856; x_wconf 76' lang='grc' dir='ltr'><strong><em>ι</em></strong></span> <span class='ocrx_word' id='word_1_722' title='bbox 2061 2806 2114 2860; x_wconf 92' lang='lat' dir='ltr'><strong>in</strong></span> <span class='ocrx_word' id='word_1_723' title='bbox 2146 2806 2314 2861; x_wconf 90' lang='lat' dir='ltr'><strong>verbo</strong></span> <span class='ocrx_word' id='word_1_724' title='bbox 2344 2805 2582 2873; x_wconf 89' lang='lat' dir='ltr'><strong>Domini,</strong></span> <span class='ocrx_word' id='word_1_725' title='bbox 2607 2805 2734 2876; x_wconf 91' lang='lat' dir='ltr'><strong>quia</strong></span> <span class='ocrx_word' id='word_1_726' title='bbox 2751 2820 2851 2859; x_wconf 92' lang='lat' dir='ltr'><strong>nos</strong></span> <span class='ocrx_word' id='word_1_727' title='bbox 2873 2806 2963 2876; x_wconf 89' lang='lat' dir='ltr'><strong>qui</strong></span> <span class='ocrx_word' id='word_1_728' title='bbox 2994 2806 3242 2872; x_wconf 88' lang='lat' dir='ltr'><strong>vivimus,</strong></span> <span class='ocrx_word' id='word_1_729' title='bbox 3275 2804 3367 2875; x_wconf 89' lang='lat' dir='ltr'><strong>qui</strong></span> <span class='ocrx_word' id='word_1_730' title='bbox 3397 2804 3597 2859; x_wconf 91' lang='lat' dir='ltr'><strong>residui</strong></span> 
     </span>
    </p>
   </div>
   <div class='ocr_carea' id='block_1_92' title="bbox 2003 2893 3597 2964">
    <p class='ocr_par' dir='ltr' id='par_1_92' title="bbox 2003 2893 3597 2964">
     <span class='ocr_line' id='line_1_92' title="bbox 2003 2893 3597 2964; baseline 0.002 -21"><span class='ocrx_word' id='word_1_731' title='bbox 2003 2916 2023 2943; x_wconf 86' lang='grc'><strong>«</strong></span> <span class='ocrx_word' id='word_1_732' title='bbox 2059 2910 2263 2959; x_wconf 91' lang='lat' dir='ltr'><strong>sumus,</strong></span> <span class='ocrx_word' id='word_1_733' title='bbox 2296 2894 2351 2947; x_wconf 90' lang='lat' dir='ltr'><strong>in</strong></span> <span class='ocrx_word' id='word_1_734' title='bbox 2381 2894 2615 2947; x_wconf 89' lang='lat' dir='ltr'><strong>adventu</strong></span> <span class='ocrx_word' id='word_1_735' title='bbox 2660 2893 2879 2947; x_wconf 91' lang='lat' dir='ltr'><strong>Domini</strong></span> <span class='ocrx_word' id='word_1_736' title='bbox 2927 2909 3032 2948; x_wconf 92' lang='lat' dir='ltr'><strong>non</strong></span> <span class='ocrx_word' id='word_1_737' title='bbox 3080 2893 3473 2964; x_wconf 71' lang='lat' dir='ltr'><strong>praeveniemus</strong></span> <span class='ocrx_word' id='word_1_738' title='bbox 3502 2906 3597 2946; x_wconf 91' lang='lat' dir='ltr'><strong>eos</strong></span> 
     </span>
    </p>
   </div>
   <div class='ocr_carea' id='block_1_93' title="bbox 1920 2955 3594 3053">
    <p class='ocr_par' dir='ltr' id='par_1_93' title="bbox 1920 2955 3594 3053">
     <span class='ocr_line' id='line_1_93' title="bbox 1920 2955 3594 3053; baseline 0 -21"><span class='ocrx_word' id='word_1_739' title='bbox 1920 2955 1965 3016; x_wconf 76' lang='grc' dir='ltr'><strong>Ο</strong></span> <span class='ocrx_word' id='word_1_740' title='bbox 2002 3003 2024 3032; x_wconf 70' lang='grc' dir='ltr'>ε</span> <span class='ocrx_word' id='word_1_741' title='bbox 2062 2982 2153 3053; x_wconf 89' lang='lat' dir='ltr'><strong>qui</strong></span> <span class='ocrx_word' id='word_1_742' title='bbox 2188 2981 2549 3036; x_wconf 88' lang='lat' dir='ltr'><strong>dormierunt.</strong></span> <span class='ocrx_word' id='word_1_743' title='bbox 2588 2980 2856 3047; x_wconf 88' lang='lat' dir='ltr'><strong>Quoniam</strong></span> <span class='ocrx_word' id='word_1_744' title='bbox 2885 2981 3002 3051; x_wconf 90' lang='lat' dir='ltr'><strong>ipse</strong></span> <span class='ocrx_word' id='word_1_745' title='bbox 3049 2980 3313 3036; x_wconf 90' lang='lat' dir='ltr'><strong>Dominus</strong></span> <span class='ocrx_word' id='word_1_746' title='bbox 3360 2980 3413 3032; x_wconf 92' lang='lat' dir='ltr'><strong>in</strong></span> <span class='ocrx_word' id='word_1_747' title='bbox 3437 2980 3594 3048; x_wconf 89' lang='lat' dir='ltr'><strong>jussu</strong></span> 
     </span>
    </p>
   </div>
   <div class='ocr_carea' id='block_1_94' title="bbox 1998 3066 3595 3141">
    <p class='ocr_par' dir='ltr' id='par_1_94' title="bbox 1998 3066 3595 3141">
     <span class='ocr_line' id='line_1_94' title="bbox 1998 3066 3595 3141; baseline -0.003 -17"><span class='ocrx_word' id='word_1_748' title='bbox 1998 3093 2018 3117; x_wconf 76' lang='grc' dir='ltr'>α</span> <span class='ocrx_word' id='word_1_749' title='bbox 2057 3079 2109 3124; x_wconf 91' lang='lat' dir='ltr'><strong>ct</strong></span> <span class='ocrx_word' id='word_1_750' title='bbox 2138 3070 2195 3123; x_wconf 88' lang='lat' dir='ltr'><strong>in</strong></span> <span class='ocrx_word' id='word_1_751' title='bbox 2224 3084 2359 3124; x_wconf 87' lang='lat' dir='ltr'><strong>voce</strong></span> <span class='ocrx_word' id='word_1_752' title='bbox 2385 3069 2724 3141; x_wconf 87' lang='lat' dir='ltr'><strong>archangeli,</strong></span> <span class='ocrx_word' id='word_1_753' title='bbox 2759 3077 2811 3123; x_wconf 92' lang='lat' dir='ltr'><strong>et</strong></span> <span class='ocrx_word' id='word_1_754' title='bbox 2833 3070 2888 3123; x_wconf 89' lang='lat' dir='ltr'><strong>in</strong></span> <span class='ocrx_word' id='word_1_755' title='bbox 2918 3070 3041 3123; x_wconf 88' lang='lat' dir='ltr'><strong>tuba</strong></span> <span class='ocrx_word' id='word_1_756' title='bbox 3073 3068 3170 3123; x_wconf 91' lang='lat' dir='ltr'><strong>Dei</strong></span> <span class='ocrx_word' id='word_1_757' title='bbox 3202 3067 3497 3123; x_wconf 89' lang='lat' dir='ltr'><strong>descendet</strong></span> <span class='ocrx_word' id='word_1_758' title='bbox 3527 3066 3595 3120; x_wconf 92' lang='lat' dir='ltr'><strong>de</strong></span> 
     </span>
    </p>
   </div>
   <div class='ocr_carea' id='block_1_95' title="bbox 1998 3156 3595 3226">
    <p class='ocr_par' dir='ltr' id='par_1_95' title="bbox 1998 3156 3595 3226">
     <span class='ocr_line' id='line_1_95' title="bbox 1998 3156 3595 3226; baseline -0.004 -14"><span class='ocrx_word' id='word_1_759' title='bbox 1998 3180 2019 3205; x_wconf 77' lang='grc' dir='ltr'>α</span> <span class='ocrx_word' id='word_1_760' title='bbox 2058 3157 2218 3223; x_wconf 67' lang='lat' dir='ltr'><strong>caelo,</strong></span> <span class='ocrx_word' id='word_1_761' title='bbox 2254 3164 2305 3210; x_wconf 90' lang='lat' dir='ltr'><strong>et</strong></span> <span class='ocrx_word' id='word_1_762' title='bbox 2337 3156 2537 3210; x_wconf 89' lang='lat' dir='ltr'><strong>mortui</strong></span> <span class='ocrx_word' id='word_1_763' title='bbox 2597 3157 2687 3226; x_wconf 90' lang='lat' dir='ltr'>qui</span> <span class='ocrx_word' id='word_1_764' title='bbox 2744 3156 2799 3210; x_wconf 91' lang='lat' dir='ltr'><strong>in</strong></span> <span class='ocrx_word' id='word_1_765' title='bbox 2857 3157 3066 3211; x_wconf 89' lang='lat' dir='ltr'><strong>Christo</strong></span> <span class='ocrx_word' id='word_1_766' title='bbox 3111 3164 3253 3221; x_wconf 90' lang='lat' dir='ltr'><strong>sunt,</strong></span> <span class='ocrx_word' id='word_1_767' title='bbox 3306 3164 3595 3225; x_wconf 88' lang='lat' dir='ltr'><strong>resurgcnt</strong></span> 
     </span>
    </p>
   </div>
   <div class='ocr_carea' id='block_1_96' title="bbox 1998 3242 3593 3315">
    <p class='ocr_par' dir='ltr' id='par_1_96' title="bbox 1998 3242 3593 3315">
     <span class='ocr_line' id='line_1_96' title="bbox 1998 3242 3593 3315; baseline 0.001 -22"><span class='ocrx_word' id='word_1_768' title='bbox 1998 3268 2019 3293; x_wconf 84' lang='lat' dir='ltr'><strong>tt</strong></span> <span class='ocrx_word' id='word_1_769' title='bbox 2057 3244 2236 3315; x_wconf 86' lang='lat' dir='ltr'><strong>primi.</strong></span> <span class='ocrx_word' id='word_1_770' title='bbox 2269 3243 2475 3298; x_wconf 88' lang='lat' dir='ltr'><strong>Deinde</strong></span> <span class='ocrx_word' id='word_1_771' title='bbox 2504 3260 2602 3299; x_wconf 88' lang='lat' dir='ltr'><strong>nos</strong></span> <span class='ocrx_word' id='word_1_772' title='bbox 2635 3244 2727 3315; x_wconf 91' lang='lat' dir='ltr'>qui</span> <span class='ocrx_word' id='word_1_773' title='bbox 2773 3244 3023 3311; x_wconf 87' lang='lat' dir='ltr'><strong>vivimus,</strong></span> <span class='ocrx_word' id='word_1_774' title='bbox 3075 3244 3167 3315; x_wconf 92' lang='lat' dir='ltr'><strong>qui</strong></span> <span class='ocrx_word' id='word_1_775' title='bbox 3216 3242 3593 3314; x_wconf 90' lang='lat' dir='ltr'><strong>relinquimur,</strong></span> 
     </span>
    </p>
   </div>
   <div class='ocr_carea' id='block_1_97' title="bbox 1998 3328 3593 3400">
    <p class='ocr_par' dir='ltr' id='par_1_97' title="bbox 1998 3328 3593 3400">
     <span class='ocr_line' id='line_1_97' title="bbox 1998 3328 3593 3400; baseline -0.003 -13"><span class='ocrx_word' id='word_1_776' title='bbox 1998 3356 2019 3380; x_wconf 78' lang='grc' dir='ltr'>α</span> <span class='ocrx_word' id='word_1_777' title='bbox 2053 3332 2211 3387; x_wconf 90' lang='lat' dir='ltr'><strong>simul</strong></span> <span class='ocrx_word' id='word_1_778' title='bbox 2277 3331 2551 3400; x_wconf 88' lang='lat' dir='ltr'><strong>rapiemur</strong></span> <span class='ocrx_word' id='word_1_779' title='bbox 2602 3347 2727 3386; x_wconf 89' lang='lat' dir='ltr'><strong>cum</strong></span> <span class='ocrx_word' id='word_1_780' title='bbox 2794 3331 2900 3385; x_wconf 91' lang='lat' dir='ltr'><strong>illis</strong></span> <span class='ocrx_word' id='word_1_781' title='bbox 2958 3332 3012 3385; x_wconf 90' lang='lat' dir='ltr'><strong>in</strong></span> <span class='ocrx_word' id='word_1_782' title='bbox 3087 3331 3322 3385; x_wconf 90' lang='lat' dir='ltr'><strong>nubibus</strong></span> <span class='ocrx_word' id='word_1_783' title='bbox 3380 3328 3593 3384; x_wconf 88' lang='lat' dir='ltr'><strong>obviam</strong></span> 
     </span>
    </p>
   </div>
   <div class='ocr_carea' id='block_1_98' title="bbox 1998 3417 3594 3489">
    <p class='ocr_par' dir='ltr' id='par_1_98' title="bbox 1998 3417 3594 3489">
     <span class='ocr_line' id='line_1_98' title="bbox 1998 3417 3594 3489; baseline -0.003 -16"><span class='ocrx_word' id='word_1_784' title='bbox 1998 3444 2020 3467; x_wconf 76' lang='grc' dir='ltr'>ι</span> <span class='ocrx_word' id='word_1_785' title='bbox 2055 3418 2267 3473; x_wconf 89' lang='lat' dir='ltr'><strong>Christo</strong></span> <span class='ocrx_word' id='word_1_786' title='bbox 2299 3417 2420 3488; x_wconf 89' lang='lat' dir='ltr'><strong>[al.,</strong></span> <span class='ocrx_word' id='word_1_787' title='bbox 2454 3418 2706 3489; x_wconf 91' lang='lat' dir='ltr'><strong>Domino]</strong></span> <span class='ocrx_word' id='word_1_788' title='bbox 2737 3420 2793 3473; x_wconf 91' lang='lat' dir='ltr'><strong>in</strong></span> <span class='ocrx_word' id='word_1_789' title='bbox 2839 3435 2981 3484; x_wconf 90' lang='lat' dir='ltr'><strong>aera,</strong></span> <span class='ocrx_word' id='word_1_790' title='bbox 3016 3427 3068 3473; x_wconf 89' lang='lat' dir='ltr'><strong>et</strong></span> <span class='ocrx_word' id='word_1_791' title='bbox 3100 3418 3177 3473; x_wconf 89' lang='lat' dir='ltr'><strong>sic</strong></span> <span class='ocrx_word' id='word_1_792' title='bbox 3223 3433 3441 3486; x_wconf 90' lang='lat' dir='ltr'><strong>semper</strong></span> <span class='ocrx_word' id='word_1_793' title='bbox 3470 3432 3594 3471; x_wconf 93' lang='lat' dir='ltr'><strong>cum</strong></span> 
     </span>
    </p>
   </div>
   <div class='ocr_carea' id='block_1_99' title="bbox 1998 3503 3593 3578">
    <p class='ocr_par' dir='ltr' id='par_1_99' title="bbox 1998 3503 3593 3578">
     <span class='ocr_line' id='line_1_99' title="bbox 1998 3503 3593 3578; baseline -0.004 -17"><span class='ocrx_word' id='word_1_794' title='bbox 1998 3530 2019 3554; x_wconf 79' lang='grc' dir='ltr'><strong>«ι</strong></span> <span class='ocrx_word' id='word_1_795' title='bbox 2057 3506 2287 3561; x_wconf 91' lang='lat' dir='ltr'><strong>Domino</strong></span> <span class='ocrx_word' id='word_1_796' title='bbox 2336 3506 2555 3560; x_wconf 89' lang='lat' dir='ltr'><strong>erimus.</strong></span> <span class='ocrx_word' id='word_1_797' title='bbox 2625 3507 2812 3578; x_wconf 86' lang='lat' dir='ltr'><strong>Itaque</strong></span> <span class='ocrx_word' id='word_1_798' title='bbox 2851 3505 3210 3563; x_wconf 86' lang='lat' dir='ltr'><strong>consolamini</strong></span> <span class='ocrx_word' id='word_1_799' title='bbox 3258 3504 3491 3559; x_wconf 88' lang='lat' dir='ltr'><strong>invicem</strong></span> <span class='ocrx_word' id='word_1_800' title='bbox 3538 3503 3593 3556; x_wconf 91' lang='lat' dir='ltr'><strong>in</strong></span> 
     </span>
    </p>
   </div>
   <div class='ocr_carea' id='block_1_100' title="bbox 2000 3593 2469 3650">
    <p class='ocr_par' dir='ltr' id='par_1_100' title="bbox 2000 3593 2469 3650">
     <span class='ocr_line' id='line_1_100' title="bbox 2000 3593 2469 3650; baseline -0.004 0"><span class='ocrx_word' id='word_1_801' title='bbox 2000 3618 2020 3642; x_wconf 81' lang='grc' dir='ltr'>α</span> <span class='ocrx_word' id='word_1_802' title='bbox 2051 3594 2232 3650; x_wconf 85' lang='lat' dir='ltr'><strong>verbis</strong></span> <span class='ocrx_word' id='word_1_803' title='bbox 2271 3593 2409 3648; x_wconf 90' lang='lat' dir='ltr'><strong>istis.</strong></span> <span class='ocrx_word' id='word_1_804' title='bbox 2449 3618 2469 3641; x_wconf 76' lang='grc' dir='ltr'><strong>ν</strong></span> 
     </span>
    </p>
   </div>
   <div class='ocr_carea' id='block_1_101' title="bbox 2612 3752 2930 3792">
    <p class='ocr_par' dir='ltr' id='par_1_101' title="bbox 2612 3752 2930 3792">
     <span class='ocr_line' id='line_1_101' title="bbox 2612 3752 2930 3792; baseline 0.003 -1"><span class='ocrx_word' id='word_1_805' title='bbox 2612 3752 2930 3792; x_wconf 70' lang='lat' dir='ltr'><strong>EXPOSITIO.</strong></span> 
     </span>
    </p>
   </div>
   <div class='ocr_carea' id='block_1_102' title="bbox 2066 3875 3594 3949">
    <p class='ocr_par' dir='ltr' id='par_1_102' title="bbox 2066 3875 3594 3949">
     <span class='ocr_line' id='line_1_102' title="bbox 2066 3875 3594 3949; baseline 0.005 -19"><span class='ocrx_word' id='word_1_806' title='bbox 2066 3877 2359 3949; x_wconf 88' lang='lat' dir='ltr'><strong>Hucusque</strong></span> <span class='ocrx_word' id='word_1_807' title='bbox 2407 3885 2619 3947; x_wconf 88' lang='lat' dir='ltr'><strong>partem</strong></span> <span class='ocrx_word' id='word_1_808' title='bbox 2660 3875 3022 3947; x_wconf 89' lang='lat' dir='ltr'><strong>perfectorum</strong></span> <span class='ocrx_word' id='word_1_809' title='bbox 3055 3878 3401 3947; x_wconf 87' lang='lat' dir='ltr'><strong>collaudavit,</strong></span> <span class='ocrx_word' id='word_1_810' title='bbox 3446 3890 3499 3937; x_wconf 90' lang='lat' dir='ltr'><strong>et</strong></span> <span class='ocrx_word' id='word_1_811' title='bbox 3526 3884 3594 3938; x_wconf 87' lang='lat' dir='ltr'><strong>ad</strong></span> 
     </span>
    </p>
   </div>
   <div class='ocr_carea' id='block_1_103' title="bbox 1992 3964 3594 4035">
    <p class='ocr_par' dir='ltr' id='par_1_103' title="bbox 1992 3964 3594 4035">
     <span class='ocr_line' id='line_1_103' title="bbox 1992 3964 3594 4035; baseline 0.004 -16"><span class='ocrx_word' id='word_1_812' title='bbox 1992 3965 2385 4020; x_wconf 88' lang='lat' dir='ltr'><strong>incrementum</strong></span> <span class='ocrx_word' id='word_1_813' title='bbox 2414 3964 2762 4035; x_wconf 88' lang='lat' dir='ltr'><strong>perfectionis</strong></span> <span class='ocrx_word' id='word_1_814' title='bbox 2809 3965 3127 4020; x_wconf 87' lang='lat' dir='ltr'><strong>adhortatus</strong></span> <span class='ocrx_word' id='word_1_815' title='bbox 3157 3976 3258 4022; x_wconf 90' lang='lat' dir='ltr'><strong>est.</strong></span> <span class='ocrx_word' id='word_1_816' title='bbox 3306 3970 3464 4025; x_wconf 90' lang='lat' dir='ltr'><strong>Nunc</strong></span> <span class='ocrx_word' id='word_1_817' title='bbox 3511 3970 3594 4025; x_wconf 88' lang='lat' dir='ltr'><strong>in-</strong></span> 
     </span>
    </p>
   </div>
   <div class='ocr_carea' id='block_1_104' title="bbox 1995 4052 3594 4122">
    <p class='ocr_par' dir='ltr' id='par_1_104' title="bbox 1995 4052 3594 4122">
     <span class='ocr_line' id='line_1_104' title="bbox 1995 4052 3594 4122; baseline 0.003 -15"><span class='ocrx_word' id='word_1_818' title='bbox 1995 4052 2123 4121; x_wconf 92' lang='lat' dir='ltr'><strong>cipit</strong></span> <span class='ocrx_word' id='word_1_819' title='bbox 2172 4054 2437 4107; x_wconf 90' lang='lat' dir='ltr'><strong>instruere</strong></span> <span class='ocrx_word' id='word_1_820' title='bbox 2488 4060 2698 4122; x_wconf 88' lang='lat' dir='ltr'><strong>partem</strong></span> <span class='ocrx_word' id='word_1_821' title='bbox 2753 4052 2919 4117; x_wconf 89' lang='lat' dir='ltr'><strong>illam,</strong></span> <span class='ocrx_word' id='word_1_822' title='bbox 2972 4070 3091 4122; x_wconf 66' lang='lat' dir='ltr'><strong>quae</strong></span> <span class='ocrx_word' id='word_1_823' title='bbox 3140 4054 3420 4109; x_wconf 91' lang='lat' dir='ltr'><strong>videbatur</strong></span> <span class='ocrx_word' id='word_1_824' title='bbox 3467 4073 3594 4113; x_wconf 89' lang='lat' dir='ltr'><strong>cor-</strong></span> 
     </span>
    </p>
   </div>
   <div class='ocr_carea' id='block_1_105' title="bbox 1994 4140 3593 4210">
    <p class='ocr_par' dir='ltr' id='par_1_105' title="bbox 1994 4140 3593 4210">
     <span class='ocr_line' id='line_1_105' title="bbox 1994 4140 3593 4210; baseline 0.004 -17"><span class='ocrx_word' id='word_1_825' title='bbox 1994 4140 2171 4210; x_wconf 91' lang='lat' dir='ltr'><strong>rumpi</strong></span> <span class='ocrx_word' id='word_1_826' title='bbox 2209 4140 2590 4208; x_wconf 86' lang='lat' dir='ltr'><strong>fornicatione,</strong></span> <span class='ocrx_word' id='word_1_827' title='bbox 2641 4140 2968 4206; x_wconf 86' lang='lat' dir='ltr'><strong>curiositate,</strong></span> <span class='ocrx_word' id='word_1_828' title='bbox 3019 4141 3148 4205; x_wconf 90' lang='lat' dir='ltr'><strong>otio,</strong></span> <span class='ocrx_word' id='word_1_829' title='bbox 3203 4149 3255 4196; x_wconf 89' lang='lat' dir='ltr'><strong>et</strong></span> <span class='ocrx_word' id='word_1_830' title='bbox 3301 4143 3370 4197; x_wconf 92' lang='lat' dir='ltr'><strong>de</strong></span> <span class='ocrx_word' id='word_1_831' title='bbox 3401 4161 3593 4199; x_wconf 90' lang='lat' dir='ltr'><strong>resur-</strong></span> 
     </span>
    </p>
   </div>
   <div class='ocr_carea' id='block_1_106' title="bbox 1995 4227 3591 4301">
    <p class='ocr_par' dir='ltr' id='par_1_106' title="bbox 1995 4227 3591 4301">
     <span class='ocr_line' id='line_1_106' title="bbox 1995 4227 3591 4301; baseline 0.005 -21"><span class='ocrx_word' id='word_1_832' title='bbox 1995 4228 2234 4282; x_wconf 86' lang='lat' dir='ltr'><strong>rectione</strong></span> <span class='ocrx_word' id='word_1_833' title='bbox 2264 4227 2581 4291; x_wconf 88' lang='lat' dir='ltr'><strong>dubitando,</strong></span> <span class='ocrx_word' id='word_1_834' title='bbox 2614 4227 2803 4282; x_wconf 89' lang='lat' dir='ltr'><strong>dicens</strong></span> <span class='ocrx_word' id='word_1_835' title='bbox 2838 4246 2851 4281; x_wconf 93' lang='lat'>:</span> <span class='ocrx_word' id='word_1_836' title='bbox 2891 4228 2995 4282; x_wconf 91' lang='lat' dir='ltr'><strong>Vos</strong></span> <span class='ocrx_word' id='word_1_837' title='bbox 3016 4228 3284 4297; x_wconf 89' lang='lat' dir='ltr'><strong>perfectos</strong></span> <span class='ocrx_word' id='word_1_838' title='bbox 3306 4231 3385 4287; x_wconf 92' lang='lat' dir='ltr'>sic</span> <span class='ocrx_word' id='word_1_839' title='bbox 3407 4230 3591 4301; x_wconf 88' lang='lat' dir='ltr'><strong>laudo,</strong></span> 
     </span>
    </p>
   </div>
   <div class='ocr_carea' id='block_1_107' title="bbox 1996 4315 3590 4389">
    <p class='ocr_par' dir='ltr' id='par_1_107' title="bbox 1996 4315 3590 4389">
     <span class='ocr_line' id='line_1_107' title="bbox 1996 4315 3590 4389; baseline 0.005 -20"><span class='ocrx_word' id='word_1_840' title='bbox 1996 4322 2047 4369; x_wconf 88' lang='lat' dir='ltr'><strong>et</strong></span> <span class='ocrx_word' id='word_1_841' title='bbox 2078 4315 2147 4369; x_wconf 88' lang='lat' dir='ltr'><strong>ad</strong></span> <span class='ocrx_word' id='word_1_842' title='bbox 2177 4315 2568 4370; x_wconf 90' lang='lat' dir='ltr'><strong>incrementum</strong></span> <span class='ocrx_word' id='word_1_843' title='bbox 2597 4315 2783 4368; x_wconf 89' lang='lat' dir='ltr'><strong>invito.</strong></span> <span class='ocrx_word' id='word_1_844' title='bbox 2819 4316 2894 4369; x_wconf 89' lang='lat' dir='ltr'><strong>De</strong></span> <span class='ocrx_word' id='word_1_845' title='bbox 2925 4320 3128 4371; x_wconf 64' lang='lat' dir='ltr'><strong>caetero</strong></span> <span class='ocrx_word' id='word_1_846' title='bbox 3176 4333 3321 4389; x_wconf 89' lang='lat' dir='ltr'><strong>ergo,</strong></span> <span class='ocrx_word' id='word_1_847' title='bbox 3354 4323 3590 4389; x_wconf 86' lang='lat' dir='ltr'><strong>fratres,</strong></span> 
     </span>
    </p>
   </div>
   <div class='ocr_carea' id='block_1_108' title="bbox 1994 4401 3589 4478">
    <p class='ocr_par' dir='ltr' id='par_1_108' title="bbox 1994 4401 3589 4478">
     <span class='ocr_line' id='line_1_108' title="bbox 1994 4401 3589 4478; baseline 0.004 -22"><span class='ocrx_word' id='word_1_848' title='bbox 1994 4403 2048 4456; x_wconf 92' lang='lat' dir='ltr'><strong>id</strong></span> <span class='ocrx_word' id='word_1_849' title='bbox 2078 4410 2161 4456; x_wconf 91' lang='lat' dir='ltr'><strong>est</strong></span> <span class='ocrx_word' id='word_1_850' title='bbox 2189 4402 2257 4456; x_wconf 90' lang='lat' dir='ltr'><strong>ad</strong></span> <span class='ocrx_word' id='word_1_851' title='bbox 2286 4401 2505 4456; x_wconf 88' lang='lat' dir='ltr'><strong>alteram</strong></span> <span class='ocrx_word' id='word_1_852' title='bbox 2536 4410 2741 4472; x_wconf 91' lang='lat' dir='ltr'><strong>partem</strong></span> <span class='ocrx_word' id='word_1_853' title='bbox 2784 4418 2974 4472; x_wconf 86' lang='lat' dir='ltr'><strong>agens,</strong></span> <span class='ocrx_word' id='word_1_854' title='bbox 3004 4420 3262 4475; x_wconf 88' lang='lat' dir='ltr'><strong>rogamus</strong></span> <span class='ocrx_word' id='word_1_855' title='bbox 3312 4424 3401 4462; x_wconf 87' lang='lat' dir='ltr'><strong>vos</strong></span> <span class='ocrx_word' id='word_1_856' title='bbox 3432 4408 3589 4478; x_wconf 89' lang='lat' dir='ltr'>quasi</span> 
     </span>
    </p>
   </div>
   <div class='ocr_carea' id='block_1_109' title="bbox 1994 4490 3590 4565">
    <p class='ocr_par' dir='ltr' id='par_1_109' title="bbox 1994 4490 3590 4565">
     <span class='ocr_line' id='line_1_109' title="bbox 1994 4490 3590 4565; baseline 0.003 -20"><span class='ocrx_word' id='word_1_857' title='bbox 1994 4506 2111 4545; x_wconf 87' lang='lat' dir='ltr'><strong>rem</strong></span> <span class='ocrx_word' id='word_1_858' title='bbox 2140 4490 2398 4553; x_wconf 91' lang='lat' dir='ltr'><strong>debitam,</strong></span> <span class='ocrx_word' id='word_1_859' title='bbox 2431 4495 2485 4545; x_wconf 89' lang='lat' dir='ltr'><strong>et</strong></span> <span class='ocrx_word' id='word_1_860' title='bbox 2524 4491 2876 4546; x_wconf 84' lang='lat' dir='ltr'><strong>obsecramus</strong></span> <span class='ocrx_word' id='word_1_861' title='bbox 2930 4491 3113 4546; x_wconf 88' lang='lat' dir='ltr'><strong>mitius</strong></span> <span class='ocrx_word' id='word_1_862' title='bbox 3163 4503 3408 4565; x_wconf 86' lang='lat' dir='ltr'><strong>agentes,</strong></span> <span class='ocrx_word' id='word_1_863' title='bbox 3462 4495 3590 4550; x_wconf 89' lang='lat' dir='ltr'><strong>dum</strong></span> 
     </span>
    </p>
   </div>
   <div class='ocr_carea' id='block_1_110' title="bbox 1992 4578 3591 4649">
    <p class='ocr_par' dir='ltr' id='par_1_110' title="bbox 1992 4578 3591 4649">
     <span class='ocr_line' id='line_1_110' title="bbox 1992 4578 3591 4649; baseline 0.004 -18"><span class='ocrx_word' id='word_1_864' title='bbox 1992 4593 2281 4649; x_wconf 87' lang='lat' dir='ltr'><strong>precamur</strong></span> <span class='ocrx_word' id='word_1_865' title='bbox 2342 4579 2486 4648; x_wconf 89' lang='lat' dir='ltr'><strong>quod</strong></span> <span class='ocrx_word' id='word_1_866' title='bbox 2536 4578 2801 4648; x_wconf 90' lang='lat' dir='ltr'><strong>imperare</strong></span> <span class='ocrx_word' id='word_1_867' title='bbox 2850 4579 3021 4634; x_wconf 90' lang='lat' dir='ltr'><strong>licet:</strong></span> <span class='ocrx_word' id='word_1_868' title='bbox 3061 4581 3431 4648; x_wconf 86' lang='lat' dir='ltr'><strong>obsecramus,</strong></span> <span class='ocrx_word' id='word_1_869' title='bbox 3502 4584 3591 4637; x_wconf 89' lang='lat' dir='ltr'><strong>in-</strong></span> 
     </span>
    </p>
   </div>
   <div class='ocr_carea' id='block_1_111' title="bbox 1995 4666 3588 4739">
    <p class='ocr_par' dir='ltr' id='par_1_111' title="bbox 1995 4666 3588 4739">
     <span class='ocr_line' id='line_1_111' title="bbox 1995 4666 3588 4739; baseline 0.004 -19"><span class='ocrx_word' id='word_1_870' title='bbox 1995 4681 2178 4737; x_wconf 88' lang='lat' dir='ltr'><strong>quam,</strong></span> <span class='ocrx_word' id='word_1_871' title='bbox 2211 4668 2273 4720; x_wconf 89' lang='lat' dir='ltr'><strong>in</strong></span> <span class='ocrx_word' id='word_1_872' title='bbox 2301 4667 2535 4721; x_wconf 85' lang='lat' dir='ltr'><strong>Domino</strong></span> <span class='ocrx_word' id='word_1_873' title='bbox 2571 4668 2722 4731; x_wconf 75' lang='lat' dir='ltr'><strong>Iesu,</strong></span> <span class='ocrx_word' id='word_1_874' title='bbox 2770 4666 2815 4720; x_wconf 92' lang='lat' dir='ltr'><strong>si</strong></span> <span class='ocrx_word' id='word_1_875' title='bbox 2866 4667 2934 4721; x_wconf 90' lang='lat' dir='ltr'><strong>de</strong></span> <span class='ocrx_word' id='word_1_876' title='bbox 2981 4667 3075 4722; x_wconf 91' lang='lat' dir='ltr'><strong>illo</strong></span> <span class='ocrx_word' id='word_1_877' title='bbox 3121 4669 3363 4739; x_wconf 89' lang='lat' dir='ltr'><strong>gaudere</strong></span> <span class='ocrx_word' id='word_1_878' title='bbox 3406 4670 3588 4738; x_wconf 89' lang='lat' dir='ltr'><strong>vultis,</strong></span> 
     </span>
    </p>
   </div>
   <div class='ocr_carea' id='block_1_112' title="bbox 1994 4752 3592 4829">
    <p class='ocr_par' dir='ltr' id='par_1_112' title="bbox 1994 4752 3592 4829">
     <span class='ocr_line' id='line_1_112' title="bbox 1994 4752 3592 4829; baseline 0.004 -21"><span class='ocrx_word' id='word_1_879' title='bbox 1994 4759 2058 4809; x_wconf 87' lang='lat' dir='ltr'><strong>ut</strong></span> <span class='ocrx_word' id='word_1_880' title='bbox 2088 4752 2553 4825; x_wconf 84' lang='lat' dir='ltr'><strong>quemadmodum</strong></span> <span class='ocrx_word' id='word_1_881' title='bbox 2584 4756 2882 4826; x_wconf 86' lang='lat' dir='ltr'><strong>accepistis</strong></span> <span class='ocrx_word' id='word_1_882' title='bbox 2901 4772 2936 4809; x_wconf 92' lang='lat' dir='ltr'><strong>a</strong></span> <span class='ocrx_word' id='word_1_883' title='bbox 2954 4756 3112 4810; x_wconf 89' lang='lat' dir='ltr'><strong>nobis</strong></span> <span class='ocrx_word' id='word_1_884' title='bbox 3133 4758 3399 4827; x_wconf 87' lang='lat' dir='ltr'><strong>quomodo</strong></span> <span class='ocrx_word' id='word_1_885' title='bbox 3431 4773 3592 4829; x_wconf 82' lang='lat' dir='ltr'><strong>opor-</strong></span> 
     </span>
    </p>
   </div>
   <div class='ocr_carea' id='block_1_113' title="bbox 1996 4842 3586 4913">
    <p class='ocr_par' dir='ltr' id='par_1_113' title="bbox 1996 4842 3586 4913">
     <span class='ocr_line' id='line_1_113' title="bbox 1996 4842 3586 4913; baseline 0.003 -16"><span class='ocrx_word' id='word_1_886' title='bbox 1996 4845 2116 4897; x_wconf 91' lang='lat' dir='ltr'><strong>teat</strong></span> <span class='ocrx_word' id='word_1_887' title='bbox 2141 4858 2231 4896; x_wconf 87' lang='lat' dir='ltr'><strong>vos</strong></span> <span class='ocrx_word' id='word_1_888' title='bbox 2252 4842 2543 4897; x_wconf 83' lang='lat' dir='ltr'><strong>ambulare</strong></span> <span class='ocrx_word' id='word_1_889' title='bbox 2569 4846 2625 4896; x_wconf 89' lang='lat' dir='ltr'><strong>et</strong></span> <span class='ocrx_word' id='word_1_890' title='bbox 2645 4844 2867 4913; x_wconf 87' lang='lat' dir='ltr'><strong>placere</strong></span> <span class='ocrx_word' id='word_1_891' title='bbox 2894 4845 3033 4909; x_wconf 89' lang='lat' dir='ltr'><strong>Deo;</strong></span> <span class='ocrx_word' id='word_1_892' title='bbox 3056 4844 3347 4900; x_wconf 89' lang='lat' dir='ltr'><strong>ambulare</strong></span> <span class='ocrx_word' id='word_1_893' title='bbox 3367 4845 3586 4912; x_wconf 90' lang='lat' dir='ltr'><strong>dicitur,</strong></span> 
     </span>
    </p>
   </div>
   <div class='ocr_carea' id='block_1_114' title="bbox 1994 4928 3593 5005">
    <p class='ocr_par' dir='ltr' id='par_1_114' title="bbox 1994 4928 3593 5005">
     <span class='ocr_line' id='line_1_114' title="bbox 1994 4928 3593 5005; baseline 0.006 -24"><span class='ocrx_word' id='word_1_894' title='bbox 1994 4928 2048 4981; x_wconf 87' lang='lat' dir='ltr'><strong>in</strong></span> <span class='ocrx_word' id='word_1_895' title='bbox 2078 4928 2162 4982; x_wconf 90' lang='lat' dir='ltr'><strong>his</strong></span> <span class='ocrx_word' id='word_1_896' title='bbox 2193 4946 2314 4999; x_wconf 69' lang='lat' dir='ltr'><strong>quae</strong></span> <span class='ocrx_word' id='word_1_897' title='bbox 2346 4945 2411 4983; x_wconf 86' lang='lat' dir='ltr'><strong>ex</strong></span> <span class='ocrx_word' id='word_1_898' title='bbox 2441 4929 2733 4984; x_wconf 90' lang='lat' dir='ltr'><strong>dilectione</strong></span> <span class='ocrx_word' id='word_1_899' title='bbox 2781 4929 2897 4983; x_wconf 91' lang='lat' dir='ltr'><strong>sine</strong></span> <span class='ocrx_word' id='word_1_900' title='bbox 2948 4930 3144 5000; x_wconf 90' lang='lat' dir='ltr'><strong>quibus</strong></span> <span class='ocrx_word' id='word_1_901' title='bbox 3201 4931 3364 4987; x_wconf 93' lang='lat' dir='ltr'><strong>homo</strong></span> <span class='ocrx_word' id='word_1_902' title='bbox 3408 4935 3593 5005; x_wconf 89' lang='lat' dir='ltr'><strong>nequit</strong></span> 
     </span>
    </p>
   </div>
   <div class='ocr_carea' id='block_1_115' title="bbox 1995 5016 3589 5089">
    <p class='ocr_par' dir='ltr' id='par_1_115' title="bbox 1995 5016 3589 5089">
     <span class='ocr_line' id='line_1_115' title="bbox 1995 5016 3589 5089; baseline 0.004 -19"><span class='ocrx_word' id='word_1_903' title='bbox 1995 5016 2190 5070; x_wconf 88' lang='lat' dir='ltr'><strong>salvari</strong></span> <span class='ocrx_word' id='word_1_904' title='bbox 2218 5035 2232 5082; x_wconf 87' lang='lat'><strong>;</strong></span> <span class='ocrx_word' id='word_1_905' title='bbox 2280 5018 2507 5088; x_wconf 84' lang='lat' dir='ltr'><strong>placere</strong></span> <span class='ocrx_word' id='word_1_906' title='bbox 2536 5017 2591 5071; x_wconf 90' lang='lat' dir='ltr'><strong>in</strong></span> <span class='ocrx_word' id='word_1_907' title='bbox 2621 5017 2705 5071; x_wconf 90' lang='lat' dir='ltr'><strong>his</strong></span> <span class='ocrx_word' id='word_1_908' title='bbox 2735 5035 2856 5089; x_wconf 68' lang='lat' dir='ltr'><strong>qua:</strong></span> <span class='ocrx_word' id='word_1_909' title='bbox 2885 5034 2949 5072; x_wconf 84' lang='lat' dir='ltr'><strong>ex</strong></span> <span class='ocrx_word' id='word_1_910' title='bbox 2981 5018 3271 5075; x_wconf 88' lang='lat' dir='ltr'><strong>dilectione</strong></span> <span class='ocrx_word' id='word_1_911' title='bbox 3300 5022 3464 5077; x_wconf 91' lang='lat' dir='ltr'><strong>homo</strong></span> <span class='ocrx_word' id='word_1_912' title='bbox 3493 5039 3589 5077; x_wconf 92' lang='lat' dir='ltr'><strong>su-</strong></span> 
     </span>
    </p>
   </div>
   <div class='ocr_carea' id='block_1_116' title="bbox 1994 5104 3589 5180">
    <p class='ocr_par' dir='ltr' id='par_1_116' title="bbox 1994 5104 3589 5180">
     <span class='ocr_line' id='line_1_116' title="bbox 1994 5104 3589 5180; baseline 0.004 -23"><span class='ocrx_word' id='word_1_913' title='bbox 1994 5104 2265 5174; x_wconf 87' lang='lat' dir='ltr'><strong>peraddit,</strong></span> <span class='ocrx_word' id='word_1_914' title='bbox 2288 5112 2345 5158; x_wconf 91' lang='lat' dir='ltr'><strong>ut</strong></span> <span class='ocrx_word' id='word_1_915' title='bbox 2366 5120 2580 5159; x_wconf 89' lang='lat' dir='ltr'><strong>servare</strong></span> <span class='ocrx_word' id='word_1_916' title='bbox 2613 5105 2854 5160; x_wconf 76' lang='lat'><strong>296</strong></span> <span class='ocrx_word' id='word_1_917' title='bbox 2874 5106 3258 5178; x_wconf 87' lang='lat' dir='ltr'><strong>virginitatem,</strong></span> <span class='ocrx_word' id='word_1_918' title='bbox 3286 5109 3418 5164; x_wconf 89' lang='lat' dir='ltr'><strong>nihil</strong></span> <span class='ocrx_word' id='word_1_919' title='bbox 3455 5125 3589 5180; x_wconf 91' lang='lat' dir='ltr'><strong>pos-</strong></span> 
     </span>
    </p>
   </div>
   <div class='ocr_carea' id='block_1_117' title="bbox 1995 5191 3587 5266">
    <p class='ocr_par' dir='ltr' id='par_1_117' title="bbox 1995 5191 3587 5266">
     <span class='ocr_line' id='line_1_117' title="bbox 1995 5191 3587 5266; baseline 0.004 -21"><span class='ocrx_word' id='word_1_920' title='bbox 1995 5191 2175 5247; x_wconf 89' lang='lat' dir='ltr'><strong>sidere</strong></span> <span class='ocrx_word' id='word_1_921' title='bbox 2206 5191 2260 5245; x_wconf 91' lang='lat' dir='ltr'><strong>in</strong></span> <span class='ocrx_word' id='word_1_922' title='bbox 2289 5192 2492 5246; x_wconf 89' lang='lat' dir='ltr'><strong>mundo</strong></span> <span class='ocrx_word' id='word_1_923' title='bbox 2518 5211 2532 5257; x_wconf 86' lang='lat'><strong>;</strong></span> <span class='ocrx_word' id='word_1_924' title='bbox 2568 5209 2687 5263; x_wconf 73' lang='lat' dir='ltr'><strong>quae</strong></span> <span class='ocrx_word' id='word_1_925' title='bbox 2717 5193 2761 5245; x_wconf 90' lang='lat' dir='ltr'><strong>si</strong></span> <span class='ocrx_word' id='word_1_926' title='bbox 2792 5209 2900 5248; x_wconf 89' lang='lat' dir='ltr'><strong>non</strong></span> <span class='ocrx_word' id='word_1_927' title='bbox 2931 5193 3155 5261; x_wconf 89' lang='lat' dir='ltr'><strong>faceret,</strong></span> <span class='ocrx_word' id='word_1_928' title='bbox 3188 5205 3376 5266; x_wconf 87' lang='lat' dir='ltr'><strong>posset</strong></span> <span class='ocrx_word' id='word_1_929' title='bbox 3406 5205 3587 5253; x_wconf 89' lang='lat' dir='ltr'><strong>tamen</strong></span> 
     </span>
    </p>
   </div>
   <div class='ocr_carea' id='block_1_118' title="bbox 1995 5279 3589 5355">
    <p class='ocr_par' dir='ltr' id='par_1_118' title="bbox 1995 5279 3589 5355">
     <span class='ocr_line' id='line_1_118' title="bbox 1995 5279 3589 5355; baseline 0.004 -22"><span class='ocrx_word' id='word_1_930' title='bbox 1995 5279 2197 5335; x_wconf 90' lang='lat' dir='ltr'><strong>salvari</strong></span> <span class='ocrx_word' id='word_1_931' title='bbox 2232 5297 2245 5332; x_wconf 90' lang='lat'>:</span> <span class='ocrx_word' id='word_1_932' title='bbox 2277 5287 2527 5349; x_wconf 88' lang='lat' dir='ltr'><strong>oporteat</strong></span> <span class='ocrx_word' id='word_1_933' title='bbox 2554 5280 2848 5347; x_wconf 89' lang='lat' dir='ltr'><strong>ambulare,</strong></span> <span class='ocrx_word' id='word_1_934' title='bbox 2883 5282 3019 5338; x_wconf 90' lang='lat' dir='ltr'><strong>sicut</strong></span> <span class='ocrx_word' id='word_1_935' title='bbox 3069 5284 3255 5351; x_wconf 88' lang='lat' dir='ltr'><strong>credo,</strong></span> <span class='ocrx_word' id='word_1_936' title='bbox 3288 5284 3437 5355; x_wconf 89' lang='lat' dir='ltr'><strong>quod</strong></span> <span class='ocrx_word' id='word_1_937' title='bbox 3466 5300 3589 5339; x_wconf 87' lang='lat' dir='ltr'><strong>am-</strong></span> 
     </span>
    </p>
   </div>
   <div class='ocr_carea' id='block_1_119' title="bbox 1995 5367 3591 5443">
    <p class='ocr_par' dir='ltr' id='par_1_119' title="bbox 1995 5367 3591 5443">
     <span class='ocr_line' id='line_1_119' title="bbox 1995 5367 3591 5443; baseline 0.003 -22"><span class='ocrx_word' id='word_1_938' title='bbox 1995 5368 2211 5437; x_wconf 90' lang='lat' dir='ltr'><strong>bulatis,</strong></span> <span class='ocrx_word' id='word_1_939' title='bbox 2245 5367 2367 5423; x_wconf 90' lang='lat' dir='ltr'><strong>licet</strong></span> <span class='ocrx_word' id='word_1_940' title='bbox 2398 5368 2474 5423; x_wconf 91' lang='lat' dir='ltr'><strong>sic</strong></span> <span class='ocrx_word' id='word_1_941' title='bbox 2497 5385 2594 5423; x_wconf 89' lang='lat' dir='ltr'><strong>vos</strong></span> <span class='ocrx_word' id='word_1_942' title='bbox 2624 5369 2947 5424; x_wconf 87' lang='lat' dir='ltr'><strong>admoneam</strong></span> <span class='ocrx_word' id='word_1_943' title='bbox 2978 5386 2989 5425; x_wconf 92' lang='lat'><strong>:</strong></span> <span class='ocrx_word' id='word_1_944' title='bbox 3036 5386 3291 5443; x_wconf 88' lang='lat' dir='ltr'><strong>rogamus</strong></span> <span class='ocrx_word' id='word_1_945' title='bbox 3323 5380 3375 5426; x_wconf 92' lang='lat' dir='ltr'><strong>et</strong></span> <span class='ocrx_word' id='word_1_946' title='bbox 3422 5372 3591 5427; x_wconf 89' lang='lat' dir='ltr'><strong>obse-</strong></span> 
     </span>
    </p>
   </div>
   <div class='ocr_carea' id='block_1_120' title="bbox 1996 5456 3592 5531">
    <p class='ocr_par' dir='ltr' id='par_1_120' title="bbox 1996 5456 3592 5531">
     <span class='ocr_line' id='line_1_120' title="bbox 1996 5456 3592 5531; baseline 0.004 -20"><span class='ocrx_word' id='word_1_947' title='bbox 1996 5471 2230 5524; x_wconf 90' lang='lat' dir='ltr'><strong>cramus,</strong></span> <span class='ocrx_word' id='word_1_948' title='bbox 2261 5460 2325 5512; x_wconf 89' lang='lat' dir='ltr'><strong>ut</strong></span> <span class='ocrx_word' id='word_1_949' title='bbox 2346 5456 2645 5513; x_wconf 84' lang='lat' dir='ltr'><strong>abundetis</strong></span> <span class='ocrx_word' id='word_1_950' title='bbox 2667 5458 2863 5529; x_wconf 87' lang='lat' dir='ltr'><strong>magis,</strong></span> <span class='ocrx_word' id='word_1_951' title='bbox 2886 5458 3213 5513; x_wconf 88' lang='lat' dir='ltr'><strong>ambulando</strong></span> <span class='ocrx_word' id='word_1_952' title='bbox 3247 5467 3298 5514; x_wconf 89' lang='lat' dir='ltr'><strong>et</strong></span> <span class='ocrx_word' id='word_1_953' title='bbox 3324 5459 3592 5531; x_wconf 87' lang='lat' dir='ltr'><strong>placendo</strong></span> 
     </span>
    </p>
   </div>
  </div>
