3966 6050
426 196 530 251 407

962 195 1023 251 S.
1088 192 1441 251 BRUNONIS
1499 177 2145 249 CARTHUSIANORUM
2201 178 2686 236 INSTITUTORIS
2716 176 2867 237 OPP.
2900 182 3076 240 PARS
3106 179 3174 233 ΙΙ.

3618 183 3726 237 408

433 318 695 374 admoniti
722 336 752 373 a
780 335 887 384 me,
921 336 1083 390 quam
1112 319 1284 390 prius.
1336 320 1405 372 Et
1452 318 1663 372 debetis
1708 318 1987 372 abundare
2011 335 2026 382 ;
2048 317 2105 379 Α
2134 319 2319 387 (Joan.
2354 334 2447 383 xv,
2474 320 2583 385 12),
2623 338 2644 366 »
2679 324 2782 373 etc.
2817 315 2945 369 Ideo
2973 314 3169 369 iterum
3216 326 3325 367 non
3371 318 3454 366 est
3498 325 3727 366 necesse

430 409 590 463 scitis
620 410 771 462 enim
790 425 928 479 quaa,
954 408 1005 460 id
1038 416 1119 461 est
1149 423 1311 479 quam
1339 407 1525 478 digna,
1559 406 2021 478 praeeptadede—

428 498 542 551 rim
564 496 709 551 vobis
728 512 829 566 per
842 497 1138 551 Dominum
1162 498 1371 563 Iesum,
1390 495 1466 549 sic
1488 494 1853 548 instituentem
1867 493 2017 547 mihi.

428 584 606 654 Digna
634 584 816 654 utique
844 592 1113 653 praecepta
1148 584 1275 638 dedi
1300 584 1467 637 vobis.
1501 584 1638 637 ham
1669 582 1784 637 haze
1818 587 1903 637 est
1925 599 2019 637 v0-

429 673 624 727 luntas
644 673 743 726 Dei
765 677 947 726 vestra.
968 673 1365 738 sanctiﬁcatio,
1398 671 1452 724 id
1484 679 1565 724 est
1596 679 1651 724 ut
1683 686 1778 725 vos
1812 670 2018 725 sancti-

427 758 571 815 ficati
620 759 754 828 sitis,
808 768 1016 814 remoto
1067 759 1213 813 omni
1274 759 1403 813 vitio
1435 775 1463 811 a
1508 758 1682 813 vobis.
1744 759 1873 814 Haec
1916 767 2016 823 est,

426 847 664 919 inquam,
698 856 874 903 vestra
896 847 1266 912 sanctificatio,
1288 852 1351 901 ut
1372 863 1463 903 vos
1484 848 1816 902 abstineatis
1838 864 1871 901 α
1896 850 2020 917 for-

424 937 734 1000 nicatione,
769 953 837 991 ne
878 936 1241 1005 corrumpatis
1288 950 1509 990 uxorem
1558 935 1807 1005 proximi.
1856 936 1923 988 Et
1956 939 2020 988 ut

428 1026 963 1097 sciatunusquisque
980 1027 1232 1079 vestrum
1249 1041 1341 1078 vas
1355 1040 1523 1079 suum
1541 1024 1846 1094 possidere,
1872 1022 1926 1077 id
1940 1031 2022 1077 est

426 1129 578 1167 suum
612 1128 829 1183 corpus.
865 1113 1012 1167 Sicut
1044 1112 1187 1167 enim
1232 1111 1387 1166 miles
1418 1113 1471 1165 in
1517 1111 1889 1176 tabernaculo,
1941 1111 2021 1167 sic

425 1200 643 1270 spiritus
691 1201 745 1254 in
797 1216 1024 1271 corpore
1067 1200 1298 1253 militare
1348 1199 1509 1254 debet
1550 1201 1666 1253 Deo
1702 1214 1713 1252 :
1747 1199 2016 1264 manibus,

421 1288 780 1343 ministrando
842 1287 1207 1358 pauperibus;
1257 1287 1505 1357 pedibus,
1556 1288 1822 1342 visitando
1861 1285 2019 1340 infir-

420 1392 560 1443 mos,
595 1385 647 1431 et
678 1376 889 1443 similia,
922 1376 975 1429 in
1006 1375 1217 1430 caeteris
1246 1375 1526 1429 membris.
1582 1376 1867 1430 Possidere
1897 1375 2019 1429 ideo

422 1464 569 1529 dicit,
604 1464 735 1535 quia
760 1479 960 1533 corpus
990 1464 1064 1517 ita
1094 1463 1255 1517 debet
1284 1463 1496 1517 domari
1527 1479 1559 1517 a
1593 1463 1779 1533 spiritu
1810 1471 1866 1516 ut
1891 1478 2018 1533 pos-

422 1552 662 1607 sideatur
688 1552 841 1624 quasi
870 1568 1058 1606 servus
1093 1551 1334 1616 rationis,
1391 1560 1611 1621 portans
1656 1552 2018 1623 quodcunque

2134 406 2375 460 scribere
2425 405 2597 467 vobis,
2650 405 2774 475 quia
2824 419 2921 458 vos
2976 403 3174 472 facitis
3216 400 3359 455 illud
3390 407 3725 470 praeceptum

2132 494 2436 549 dilectionis
2466 495 2528 548 in
2557 508 2750 547 omnes
2786 494 3001 562 fratres
3032 488 3327 544 existentes
3359 489 3420 542 in
3460 488 3726 542 universa

2130 582 2468 637 Macedonia.
2504 581 2609 636 Sed
2639 580 2765 635 licet
2793 596 2901 634 non
2932 578 2998 632 sit
3045 592 3269 632 necesse
3313 576 3436 630 ideo
3485 575 3725 630 scribere

2130 671 2303 735 vobis,
2340 679 2521 725 tamen
2552 686 2813 740 rogamus
2842 685 2931 725 vos
2952 682 3162 733 omnes,
3192 669 3420 732 fratres,
3446 668 3512 719 ut
3540 664 3723 733 magis

2128 758 2288 813 solito
2302 758 2596 813 abundetis
2622 757 2673 811 in
2696 757 2978 821 charitate,
3004 761 3057 809 et
3102 754 3246 809 dctis
3267 770 3493 825 operam
3515 752 3722 807 utsitis

2128 848 2322 919 quieti,
2349 863 2458 901 non
2488 846 2562 901 ita
2590 862 2689 915 per
2728 846 2916 900 urbem
2966 843 3168 899 curiosi
3195 841 3504 895 rumoribus
3543 839 3721 910 inqui-

2127 935 2340 1002 rendis;
2365 940 2419 990 et
2440 938 2502 990 ut
2521 934 2637 988 sitis
2654 934 2840 1005 quieti,
2853 933 3034 1005 agatis
3048 936 3294 987 vestrum
3307 932 3610 1001 negotium,
3627 944 3717 994 ne,

2125 1023 2449 1093 contemptis
2493 1021 2745 1092 prOpriis,
2783 1021 2957 1075 aliena
3003 1017 3224 1091 negotia
3266 1017 3482 1073 curetis.
3529 1018 3586 1070 In
3635 1016 3721 1069 his

2124 1110 2305 1166 verbis
2382 1111 2568 1165 vitium
2621 1110 2946 1165 curiositatis
2998 1105 3289 1162 interdicit.
3350 1107 3421 1160 Et
3479 1109 3543 1160 ut
3601 1104 3719 1158 sitis

2126 1199 2311 1270 quieti,
2346 1200 2655 1271 Operemini
2700 1199 2958 1253 manibus
2990 1197 3213 1262 vestris,
3258 1195 3400 1249 unde
3430 1192 3586 1247 vobis
3616 1194 3718 1246 ha-

2123 1287 2316 1353 beatis,
2360 1304 2429 1341 ne
2487 1286 2646 1342 otiosi
2729 1286 2935 1341 alienos
2990 1285 3207 1339 labores
3272 1282 3455 1338 illicite
3521 1296 3719 1336 consu-

2122 1375 2300 1429 matis.
2340 1376 2435 1431 Hic
2465 1375 2789 1430 otiositatem
2846 1373 3142 1445 prohibuit.
3203 1370 3525 1443 Operemini
3569 1370 3711 1435 dico,

2123 1463 2359 1519 297
2378 1465 2524 1519 sicut
2538 1472 2791 1533 parentes
2805 1463 3170 1534 precepimus
3192 1461 3355 1517 vobis.
3380 1456 3711 1529 Operemini,

2120 1552 2247 1623 quia
2259 1552 2618 1622 praecepimus
2631 1551 2803 1617 vobis,
2821 1556 2875 1605 et
2890 1555 2954 1605 ut
2967 1550 3193 1605 honeste
3206 1549 3506 1603 ambuletis
3518 1548 3589 1601 ad
3602 1561 3713 1609 eos,

422 1656 559 1695 onus
589 1640 882 1711 imponitur
911 1640 1040 1693 sibi.
1094 1641 1379 1695 Possidere
1425 1640 1547 1694 dico
1591 1641 1652 1694 in
1685 1640 2015 1708 sanctiﬁca-
2036 1668 2088 1727 B
2120 1642 2213 1712 qui
2233 1643 2375 1710 foris
2391 1644 2545 1704 sunt,
2571 1640 2723 1694 idest
2757 1640 2813 1692 in
2846 1645 3141 1709 conspectu
3168 1636 3486 1701 infidelium,
3523 1651 3589 1689 ne
3612 1636 3716 1688 ha-

426 1730 598 1794 tione,
638 1736 695 1783 ut
743 1728 834 1783 ﬁat
884 1736 1131 1781 sanctum
1177 1728 1231 1780 in
1286 1727 1616 1782 habitatione
1660 1728 1935 1795 virtutum,
1960 1733 2015 1783 et

419 1815 706 1887 possidere
752 1818 806 1869 in
869 1818 1093 1881 honore,
1125 1824 1181 1869 ut
1224 1832 1332 1870 non
1380 1816 1668 1871 inclinetur
1731 1817 1798 1869 ad
1840 1824 2018 1871 actum

423 1903 789 1974 turpitudinis,
823 1911 875 1958 et
904 1919 1020 1957 non
1044 1904 1104 1957 in
1127 1904 1418 1969 desiderio,
1451 1912 1509 1957 ut
1554 1904 1747 1958 saltem
1794 1904 2016 1958 deside-

421 1998 505 2046 ret
534 1999 745 2062 turpem
774 1999 970 2056 actum,
1005 1991 1204 2045 nedum
1236 2000 1510 2061 Operetur.
1563 1992 1848 2047 Desiderio
1893 1992 2016 2048 dico

423 2079 568 2149 quod
598 2088 681 2135 est
710 2096 832 2135 esse
863 2079 918 2133 in
948 2080 1223 2149 passione.
1272 2079 1467 2133 Gravis
1511 2079 1651 2134 enim
1704 2080 1887 2150 passio
1934 2087 2017 2135 est

417 2167 583 2221 animi
610 2168 797 2246 vivere
827 2168 882 2221 in
911 2168 1185 2223 desiderio
1216 2167 1416 2223 carnis.
1452 2167 1648 2222 Vivere
1679 2168 1735 2221 in
1764 2167 2015 2238 passione

419 2256 697 2322 desiderii,
737 2258 885 2312 sicut
914 2255 1038 2310 falsi
1071 2255 1380 2321 Christiani,
1403 2260 1459 2311 et
1480 2259 1676 2327 gentes
1706 2273 1827 2328 qua:
1858 2259 2014 2328 igno-

418 2349 557 2400 rant
580 2346 779 2408 Deum,
812 2343 1035 2399 faciunt.
1069 2344 1350 2399 Abstinete
1380 2359 1413 2399 a
1458 2343 1828 2415 fornicatione,
1862 2353 1915 2399 et
1944 2344 2012 2399 ab

421 2432 704 2487 adulterio.
732 2432 890 2500 Quod
923 2434 1002 2487 sic
1031 2433 1103 2487 ait
1127 2450 1138 2487 :
1163 2434 1237 2488 Ne
1259 2434 1381 2504 quis
1402 2434 1763 2504 supergredia
1774 2437 1867 2489 tur
1885 2436 2011 2503 fra-

420 2524 565 2577 trem
588 2538 753 2576 s-uum
774 2522 838 2575 in
867 2520 976 2576 ullo
1006 2520 1220 2591 privato
1262 2523 1487 2592 negotio
1522 2536 1645 2576 cum
1689 2537 1855 2575 uxore
1895 2523 2011 2590 ejus

414 2609 619 2677 habito,
653 2626 831 2681 neque
855 2611 1268 2665 circumveniat
1311 2610 1367 2663 in
1414 2610 1628 2664 eodem.
1679 2609 2011 2680 Supergredi

416 2705 582 2766 esset,
633 2698 678 2751 si
725 2697 990 2753 violenter
1047 2706 1262 2768 raperet
1309 2698 1530 2753 alterius
1594 2713 1841 2753 uxorem.
1896 2698 2009 2753 Cir-

415 2785 746 2851 cumvenire,
781 2786 827 2840 si
857 2785 1171 2841 seductione
1218 2787 1376 2856 pretii
1424 2786 1509 2841 vel
1556 2787 1735 2857 precis
1778 2787 2008 2843 subver-

414 2882 551 2929 teret
606 2888 829 2929 uxorem
876 2874 1104 2944 proximi
1152 2874 1462 2929 consentire
1509 2875 1632 2929 sibi.
1681 2876 1833 2931 Hanc
1875 2892 2006 2931 sen-

413 2962 637 3017 tentiam
680 2978 790 3017 non
831 2963 961 3016 satis
1009 2970 1197 3032 aperte
1244 2963 1471 3017 innuunt
1508 2963 1673 3017 verba
1718 2962 1860 3030 libri,
1909 2964 2006 3018 sed

2120 1728 2283 1782 beant
2304 1728 2357 1782 in
2373 1744 2478 1798 quo
2496 1728 2703 1797 possint
2720 1728 3006 1782 detrahere
3019 1725 3192 1781 vobis.
3208 1726 3336 1779 Ideo
3349 1724 3509 1778 etiam
3526 1738 3717 1793 opere-

2117 1816 2269 1881 mini,
2305 1820 2370 1870 ut
2390 1817 2610 1871 nullius
2629 1816 2847 1888 aliquid
2876 1815 3219 1879 desideretis,
3240 1813 3294 1866 id
3318 1820 3399 1867 est
3422 1820 3479 1865 ut
3500 1811 3713 1866 haben-

2119 1911 2200 1958 tes
2231 1905 2298 1959 de
2330 1905 2553 1975 proprio
2586 1904 2773 1959 labore
2805 1920 2895 1958 res
2916 1902 3138 1957 alterius
3167 1917 3276 1955 non
3297 1898 3712 1970 concupiscatis,

2118 1992 2267 2062 quod
2296 2000 2517 2063 egestas
2548 1993 2773 2047 veniens
2819 2008 2885 2046 ex
2915 1991 3025 2045 otio
3073 1990 3387 2049 desiderare
3415 1988 3712 2058 compellit.

2186 2081 2345 2135 Nunc
2409 2080 2734 2135 dubietatem
2776 2096 2933 2152 quam
2980 2080 3048 2134 de
3101 2078 3495 2134 resurrectione
3536 2077 3712 2131 habe-

2114 2168 2264 2233 bant,
2306 2168 2565 2241 congruis
2596 2168 2897 2223 rationibus
2925 2168 3174 2235 absolvit,
3209 2166 3396 2223 dicens
3428 2184 3441 2220 :
3476 2166 3555 2220 De
3585 2166 3715 2220 cha-

2115 2256 2269 2311 ritate
2316 2273 2424 2311 non
2470 2264 2552 2311 est
2596 2273 2821 2312 necesse
2852 2256 3091 2313 scribere
3122 2255 3277 2310 vobis
3304 2275 3315 2321 ς
3348 2256 3444 2310 sed
3475 2255 3539 2309 de
3577 2255 3711 2309 dor-

2114 2346 2419 2400 mientibus
2434 2347 2700 2402 nolumus
2714 2362 2803 2401 vos
2816 2347 3099 2415 ignorare,
3112 2347 3343 2415 fratres.
3366 2342 3712 2399 Dormientes

2114 2442 2272 2489 vocat
2302 2441 2567 2499 mortuos,
2599 2442 2657 2487 ut
2684 2434 2932 2489 ostendat
2976 2441 3084 2487 tam
3132 2432 3287 2488 facile
3318 2433 3491 2487 Deum
3520 2447 3712 2486 resus-

2114 2523 2283 2577 citare
2312 2531 2553 2577 mortuos
2599 2539 2758 2594 quam
2808 2522 2965 2578 facile
3008 2529 3089 2575 est
3136 2521 3493 2575 dormientem
3540 2519 3713 2575 susci—

2113 2611 2214 2665 tari
2246 2618 2298 2665 et
2328 2627 2537 2666 somno.
2573 2612 2699 2665 Ideo
2746 2612 2997 2666 nolumus
3028 2627 3126 2666 vos
3174 2610 3429 2682 ignorare
3474 2609 3542 2664 de
3571 2609 3711 2663 dor-

2109 2699 2426 2769 mientibus,
2454 2704 2519 2755 ut
2540 2717 2654 2755 non
2685 2700 3111 2755 contristemini
3148 2699 3504 2753 immoderate
3542 2714 3711 2767 super

2110 2796 2315 2842 mortes
2346 2789 2797 2858 prOpinquorum,
2837 2790 2983 2844 sicut
3021 2788 3261 2859 gentiles
3290 2795 3343 2841 et
3379 2787 3541 2841 etiam
3586 2785 3709 2841 falsi

2109 2876 2418 2943 Christiani,
2453 2877 2548 2948 qui
2576 2894 2691 2931 non
2715 2878 2919 2932 habent
2951 2892 3103 2948 spem
3125 2875 3542 2931 resurrectionis
3565 2874 3703 2928 futu-

2110 2980 2204 3018 rae.
2240 2965 2306 3019 Et
2337 2965 2405 3019 de
2438 2965 2831 3019 resurrectione
2882 2966 3236 3035 desperantes
3267 2964 3345 3019 sic
3395 2963 3707 3018 contristari

412 3051 596 3122 priora
642 3058 693 3105 et
736 3050 1021 3121 sequentia
1044 3026 1061 3032 ’
1082 3052 1225 3106 hanc
1265 3050 1402 3106 velle
1446 3050 1709 3105 videntur.
1777 3026 1872 3106 Vel
1916 3052 2011 3107 illa
2031 3026 2077 3086 Ο
2104 3068 2212 3107 non
2234 3053 2460 3117 debetis,
2478 3054 2689 3124 quia,si
2706 3026 3154 3125 crediniusguod
3172 3055 3332 3110 Iesus
3353 3054 3698 3116 resurrexit,

410 3138 591 3209 priora
620 3146 909 3193 mutantur.
942 3138 1222 3193 Abstinete
1254 3154 1285 3192 a
1332 3138 1687 3193 fornicatione
1733 3155 1855 3194 cum
1887 3156 2008 3195 me-

411 3226 717 3292 retricibus,
750 3235 809 3281 ut
839 3227 973 3282 sciat
1021 3226 1392 3298 unusquisque
1436 3235 1677 3282 vestrum
1723 3228 2008 3297 possidere

412 3330 572 3370 suum
601 3330 717 3381 vas,
752 3314 807 3369 id
838 3322 922 3370 est
952 3330 1109 3370 suam
1138 3330 1362 3371 uxorem
1394 3332 1514 3388 qua:
1559 3331 1758 3386 corpus
1798 3324 1879 3372 est
1908 3317 2008 3373 viri

411 3402 467 3457 in
500 3401 943 3469 sanctificatione,
977 3404 1031 3457 id
1064 3412 1165 3469 est,
1198 3403 1252 3458 in
1302 3404 1568 3459 munditia
1598 3411 1650 3459 et
1676 3404 1732 3458 in
1779 3406 2002 3461 honore.

408 3492 533 3547 Non
562 3492 617 3546 in
647 3492 999 3562 turpitudine,
1033 3501 1085 3547 et
1116 3510 1231 3549 non
1260 3494 1324 3547 in
1351 3494 1611 3563 passione
1643 3492 1926 3560 desiderii,
1951 3494 2007 3549 id

410 3588 494 3636 est
539 3596 608 3635 ne
657 3580 818 3634 nimis
883 3580 1169 3635 carnaliter
1224 3579 1486 3634 afﬁciatur
1545 3581 1689 3636 circa
1756 3598 2000 3649 uxorem,

409 3669 557 3725 sicut
575 3672 769 3740 gentes
789 3668 990 3724 faciunt
1020 3686 1140 3740 quae
1161 3670 1337 3724 Deum
1367 3671 1656 3737 ignorant.
1692 3668 1829 3723 Illud
1859 3670 2006 3741 quod

410 3756 657 3826 sequitur
686 3771 793 3811 non
826 3764 1080 3820 mutatur,
1112 3756 1236 3810 ideo
1264 3772 1424 3811 nemo
1454 3758 1863 3812 circumveniat
1884 3761 2005 3827 fra-

410 3848 577 3908 trem,
598 3851 701 3897 etc.
713 3884 726 3909 ,
747 3846 1013 3913 quoniam
1030 3845 1301 3898 Dominus
1315 3845 1524 3899 vindex
1536 3849 1619 3899 est
1632 3846 1697 3899 de
1711 3844 1795 3899 his
1817 3849 2003 3901 omni-

407 3932 525 3999 bus,
560 3938 666 3984 tam
697 3930 765 3983 de
796 3930 1168 3996 fornicatione,
1204 3946 1367 4001 quam
1407 3932 1475 3986 de
1515 3932 1800 3999 adulterio,
1853 3936 2007 3989 sicut

404 4018 777 4090 prwdiximus
800 4019 943 4073 vobis
964 4034 1088 4073 cum
1118 4035 1364 4074 essemus
1395 4020 1540 4089 apud
1569 4036 1685 4087 vos,
1719 4025 1774 4075 et
1808 4023 2007 4090 testiﬁ-

404 4109 521 4163 cati
540 4123 736 4161 sumus
766 4107 1089 4162 testimoniis
1119 4107 1545 4178 Scripturarum.

478 4197 619 4251 Vere
649 4196 916 4250 Dominus
948 4196 1143 4251 vindex
1173 4205 1255 4251 est
1284 4197 1351 4251 de
1384 4198 1467 4251 his
1494 4216 1507 4263 ;
1554 4214 1691 4252 nam
1713 4198 1861 4253 Deus
1888 4215 2004 4255 non

403 4285 734 4340 vocavitnos
756 4287 817 4339 in
838 4285 1266 4339 immunditiam
1288 4287 1637 4355 operandam,
1658 4288 1753 4341 sed
1776 4290 1839 4341 in
1860 4303 1999 4341 san-

2110 3150 2163 3196 et
2193 3150 2249 3194 ut
2280 3158 2465 3196 veram
2490 3142 2607 3210 ejus
2636 3142 3093 3197 resurrectionem
3139 3142 3350 3212 probet,
3383 3140 3656 3211 praemittit
3690 3157 3704 3193 :

2108 3232 2265 3285 Iesus
2284 3246 2412 3284 vere
2432 3234 2693 3285 mortuus
2705 3235 2791 3285 est
2809 3235 2865 3285 et
2887 3232 3234 3297 resurrexit,-
3258 3230 3302 3283 si
3320 3230 3443 3296 hoc,
3461 3229 3703 3300 inquam,

2108 3318 2399 3384 credimus,
2432 3320 2517 3373 ita
2549 3323 2603 3374 et
2631 3319 2855 3373 credere
2886 3319 3150 3373 debemus
3180 3319 3327 3389 quod
3355 3334 3443 3373 eos
3476 3318 3590 3389 qui,
3615 3317 3702 3371 vi-

2107 3407 2285 3463 vendo
2314 3424 2414 3479 per
2442 3410 2650 3472 Iesum,
2674 3408 3028 3463 dormierunt
3046 3423 3151 3479 per
3170 3409 3380 3469 Iesum,
3403 3406 3458 3459 id
3488 3414 3570 3459 est
3595 3405 3707 3461 vita

2108 3511 2336 3565 quorum
2367 3503 2417 3549 et
2448 3511 2597 3550 mors
2628 3496 2683 3548 in
2711 3496 2841 3549 Jesu
2870 3494 2984 3559 fuit,
3018 3512 3127 3561 eos,
3181 3495 3421 3566 inquam,
3464 3494 3703 3549 adducet

2107 3584 2251 3639 Deus
2280 3599 2409 3639 cum
2438 3600 2517 3648 eo,
2544 3584 2598 3637 id
2627 3591 2709 3637 est
2738 3599 2862 3638 cum
2899 3584 3028 3637 Jesu
3068 3583 3449 3653 impassihiles,
3484 3582 3703 3636 immor-

2108 3671 2245 3725 tales
2270 3671 2323 3724 in
2355 3671 2553 3742 gloria.
2580 3672 2791 3726 Falsam
2827 3671 3183 3743 quorumdam
3227 3671 3557 3741 opinionem,
3610 3669 3702 3740 qui

2106 3759 2355 3813 dicebant
2401 3775 2632 3830 corpora
2669 3760 2723 3813 in
2780 3760 2867 3815 die
2915 3760 3007 3815 illo
3053 3761 3233 3815 adhuc
3280 3761 3494 3830 integra
3539 3774 3702 3829 posse

2104 3864 2417 3920 resurgere,
2449 3865 2511 3903 ea
2542 3865 2671 3903 vero
2702 3866 2822 3919 qua:
2862 3857 3045 3904 essent
3088 3848 3354 3903 dissoluta
3382 3850 3436 3901 in
3465 3848 3699 3911 cineres,

2104 3951 2379 4007 nunquam
2412 3953 2723 4006 resurgere,
2757 3937 3249 4001 destruit,dicens:
3286 3938 3425 3992 Vere
3443 3936 3534 4007 qui
3564 3936 3701 3989 dor-

2103 4025 2339 4079 mierunt
2386 4026 2723 4080 adducentur
2771 4042 2894 4081 cum
2941 4026 3107 4090 Jesu;
3142 4043 3277 4080 nam
3312 4027 3409 4080 hoc
3460 4026 3701 4080 dicimus

2105 4115 2249 4169 vobis
2280 4117 2341 4169 in
2375 4116 2530 4171 verbo
2552 4116 2798 4169 Domini.
2835 4117 2982 4169 Deus
3012 4115 3156 4169 enim
3174 4115 3277 4169 hoc
3305 4113 3462 4168 nobis
3496 4112 3705 4168 revela-

2106 4202 2197 4266 vit,
2232 4204 2382 4273 quia,
2417 4204 2471 4258 id
2503 4212 2585 4259 est
2616 4204 2783 4274 quod,
2818 4220 2919 4258 nos
2947 4204 3042 4275 qui
3084 4204 3321 4257 vivimus
3351 4204 3413 4257 in
3451 4202 3702 4257 adventu

2106 4290 2349 4355 Domini,
2385 4296 2440 4345 et
2483 4294 2583 4363 qui
2622 4292 2837 4347 residui
2875 4307 3070 4345 sumus
3100 4298 3177 4343 tot
3222 4291 3398 4344 malis.
3446 4290 3601 4344 Ponit
3641 4304 3699 4343 se

401 4372 805 4439 ctiﬁcationem
844 4373 1173 4440 habendam,
1210 4381 1261 4427 et
1310 4375 1437 4445 quia
1482 4390 1590 4429 non
1620 4374 1674 4428 in
1708 4375 2077 4439 immundi-D
2105 4379 2261 4449 quasi
2296 4378 2532 4432 futurum
2564 4380 2617 4433 in
2657 4381 2744 4434 die
2792 4380 3001 4443 ultimo,
3051 4380 3173 4432 ideo
3216 4378 3343 4448 quia
3388 4377 3700 4446 persecutio

401 4460 552 4525 tiam,
622 4460 719 4515 sed
783 4461 996 4516 vocavit
1037 4476 1140 4516 nos
1186 4462 1333 4516 Deus
1380 4463 1434 4516 in
1498 4462 1997 4519 sanctiﬁcationem.

402 4549 597 4620 Itaque
614 4550 708 4620 qui
736 4550 956 4619 spernit
989 4548 1088 4604 hoc
1118 4564 1331 4615 cavere,
1357 4550 1565 4606 scilicet
1596 4567 1624 4604 a
1647 4551 2003 4608 fornicatione

402 4643 456 4691 et
483 4635 764 4701 adulterio,
804 4653 915 4691 non
950 4642 1169 4707 spernit
1200 4638 1504 4703 hominem,
1556 4640 1649 4694 sed
1680 4642 1873 4708 Deum,
1911 4640 2001 4711 qui

396 4732 553 4779 vocat
584 4725 638 4778 in
684 4722 1167 4779 sanctificationem
1202 4745 1213 4778 :
1268 4727 1476 4796 spernit
1519 4727 1680 4781 etiam
1727 4728 2000 4798 hospitem

394 4828 551 4867 suum
582 4811 841 4881 Spiritum
902 4822 1170 4867 sanctum.
1220 4814 1376 4882 Quod
1424 4815 1501 4869 sic
1550 4816 1665 4870 ait:
1707 4817 1807 4885 Qui
1854 4818 2000 4872 Deus

394 4900 548 4955 dedit
583 4902 860 4971 Spiritum
908 4916 1073 4956 suum
1112 4906 1377 4957 sanctum
1424 4904 1485 4959 in
1525 4905 1700 4972 nobis,
1752 4921 1913 4976 quem
1953 4906 1999 4960 si

392 4988 565 5043 Deum
598 4989 871 5058 spernitis,
906 5006 1027 5043 cum
1059 4991 1175 5044 Deo
1207 4999 1444 5061 spretum
1494 4994 1735 5062 perditis.
1770 4994 1849 5048 De
1880 4994 1997 5049 for-

391 5075 663 5130 nicatione
695 5084 747 5131 et
794 5077 1054 5131 adulterio
1102 5078 1179 5133 sic
1229 5094 1326 5132 vos
1386 5080 1733 5147 instruimus;
1770 5082 1865 5136 sed
1929 5083 1996 5137 de

392 5162 677 5218 charitate
692 5166 1088 5234 fraternitatis
1105 5183 1217 5221 non
1233 5167 1500 5223 habemus
1519 5186 1741 5224 necesse
1753 5168 1996 5225 scribere

388 5251 557 5317 vobis,
590 5252 721 5323 quia
744 5253 949 5323 vosipsi
971 5255 1258 5310 didicistis
1291 5273 1325 5310 a
1342 5258 1451 5311 Deo
1476 5256 1560 5310 vel
1589 5256 1811 5311 interius
1836 5257 1996 5326 inspi-

387 5347 564 5405 rante,
596 5341 681 5395 vel
740 5340 795 5394 in
824 5340 1127 5413 Evangelio
1172 5346 1275 5398 hoc
1324 5344 1573 5409 docente,
1625 5350 1691 5399 ut
1740 5346 1994 5413 diligatis

385 5430 648 5496 invicem,
710 5430 799 5485 ubi
866 5430 944 5515 ait
974 5446 985 5483 :
1026 5455 1046 5478 ‹‹
1112 5433 1227 5486 lIoc
1282 5439 1365 5486 est
1428 5440 1756 5503 praeceptum
1811 5448 1993 5487 meum

2105 4466 2475 4536 apostolorum
2506 4475 2557 4521 et
2588 4467 2823 4521 fidelium
2856 4468 2958 4521 sub
2995 4466 3329 4521 Antichristo
3378 4466 3697 4531 futurorum,

2103 4555 2263 4609 simili
2320 4554 2631 4609 difficultate
2676 4556 3102 4625 comparabitur.
3156 4556 3310 4610 Unde
3359 4554 3504 4609 idem
3549 4554 3696 4608 alibi.

2101 4643 2214 4698 Nos
2273 4659 2460 4696 sumus
2496 4665 2517 4691 ε
2572 4643 2625 4695 in
2684 4660 2819 4714 quos
2876 4644 3009 4698 tines
3093 4643 3281 4698 sarculi
3364 4643 3700 4698 devenerunt

2101 4732 2150 4800 (I
2177 4731 2296 4787 Cor.
2342 4747 2399 4795 x,
2454 4734 2561 4800 H).
2605 4749 2622 4781 ι
2662 4733 2787 4798 Nos,
2822 4732 3062 4803 inquam,
3113 4734 3208 4804 qui
3258 4732 3474 4787 residui
3502 4747 3700 4786 sumus

2098 4820 2162 4873 in
2175 4820 2427 4874 adventu
2443 4821 2685 4885 Domini,
2701 4836 2815 4874 non
2832 4823 3237 4891 praveniemus
3249 4836 3339 4875 eos
3351 4822 3445 4891 qui
3457 4820 3699 4875 dormie-

2099 4912 2239 4962 runt
2269 4907 2321 4959 in
2355 4907 2750 4962 resurrectione
2784 4908 2873 4978 qui
2917 4916 3041 4962 ante
3088 4923 3187 4961 nos
3235 4908 3592 4974 dormierunt,
3643 4915 3699 4960 ut

2098 4995 2373 5049 Abraham
2406 5003 2457 5048 et
2489 5002 2737 5049 caeteros.
2774 4997 2833 5049 In
2866 4996 2969 5050 hoc
3004 5012 3163 5049 versu
3213 5004 3500 5065 utrumque
3544 4993 3692 5059 fecit,

2096 5091 2148 5137 et
2177 5082 2457 5137 veritatem
2509 5083 2923 5138 resurrectionis
2971 5084 3211 5138 omnium
3255 5082 3596 5153 approbavit,
3646 5091 3699 5137 ct

2096 5171 2164 5224 de
2197 5171 2391 5241 quibus
2421 5171 2753 5239 dubitabant,
2807 5188 2994 5227 eorum
3043 5172 3499 5227 resurrectionem
3543 5171 3697 5241 prius

2095 5258 2329 5313 futuram
2361 5276 2482 5315 esse
2514 5261 2776 5314 ostendit.

2168 5348 2267 5402 Hic
2296 5356 2474 5401 tamen
2503 5349 2799 5402 notandum
2840 5348 2986 5418 quod
3030 5349 3300 5417 justorum
3330 5347 3697 5403 resurrectio-

2093 5451 2218 5489 nem
2274 5435 2615 5491 solummodo
2677 5437 2952 5506 approbat.
3005 5438 3141 5491 Vere
3189 5452 3289 5492 nos
3338 5436 3539 5491 residui
3589 5451 3697 5490 non
