3966 6050
246 197 354 251 409

852 197 1231 255 EXPOSITIO
1270 199 1344 255 IN
1382 196 1762 255 EPISTOLAS
1800 195 2025 253 PAULI.
2058 227 2126 237 -—
2154 197 2227 252 IN
2264 196 2480 253 EPIST.
2521 198 2543 252 Ι
2582 197 2676 252 AD
2708 198 2946 255 THESS.

3448 201 3549 256 HO

257 324 658 399 praeveniamus
688 322 923 393 priores,
958 324 1225 395 quoniam
1245 324 1360 397 ipse
1404 325 1675 378 Dominus
1707 322 1860 377 Chri-
1880 324 1935 383 Α
1970 344 1991 368 α
2028 320 2223 377 Omnia
2253 330 2434 376 autem
2464 323 2709 392 probate,
2744 325 2889 395 quod
2910 325 3112 380 bonum
3141 332 3222 381 est
3250 334 3447 393 tenete,
3482 328 3551 381 ab

256 422 378 470 stus
398 410 697 469 descendet
719 412 784 467 de
814 413 948 467 caelo
979 412 1042 466 in
1063 415 1224 481 jussu
1245 420 1297 466 et
1326 428 1450 467 cum
1488 411 1737 482 imperio,
1770 412 1862 482 qui

255 503 387 559 olim
418 500 699 557 descendit
728 499 785 553 in
815 500 1121 554 obedientia
1151 509 1203 555 et
1249 500 1585 566 humilitate;
1634 500 1860 555 descen-

258 592 354 647 det
370 592 529 647 etiam
560 592 622 644 in
652 606 778 644 voce
808 588 1153 658 archangeli.
1188 589 1313 643 Sive
1345 588 1428 644 hic
1448 633 1461 653 ,
1497 589 1860 661 archangelus

257 678 531 751 significet
580 676 856 731 Christum
886 677 1108 746 propria
1137 693 1270 733 voce
1299 677 1665 732 insonaturum
1689 720 1701 743 ,
1746 677 1859 732 sive

262 768 430 822 alium
481 765 739 836 angelum
788 765 1239 831 determinatam,
1285 782 1393 821 non
1449 766 1711 819 habemus
1740 766 1860 836 quis

256 856 410 910 illam
438 870 629 909 vocem
678 853 900 907 daturus
929 854 997 906 sit
1026 854 1094 907 ad
1126 870 1285 924 quam
1318 862 1607 925 resurgent
1638 853 1855 908 mortui.

258 945 322 997 In
355 959 487 999 voce
517 941 839 1013 archangeli
862 946 917 995 et
937 942 999 996 in
1034 943 1167 997 tuba
1187 943 1321 1010 Dei;
1351 959 1453 997 vox
1487 942 1631 996 enim
1652 942 1743 996 illa
1759 942 1857 996 erit

255 1031 601 1105 quasirtuba,
642 1046 763 1100 quae
814 1044 943 1084 suos
991 1030 1222 1095 excitat,
1286 1031 1636 1085 adversarios
1669 1039 1854 1096 terret,

257 1120 339 1175 sic
368 1135 471 1175 vox
502 1119 596 1173 illa
625 1117 871 1173 invitabit
899 1125 1116 1173 sanctos
1146 1118 1214 1172 ad
1244 1118 1498 1189 palmam,
1530 1118 1725 1189 impios
1755 1119 1857 1175 de-

255 1208 485 1264 terrebit
538 1207 606 1261 ad
634 1223 869 1277 pcenam.
905 1207 1025 1273 Sic,
1060 1206 1281 1279 inquam
1303 1250 1319 1272 ,
1353 1209 1512 1262 Jesus
1541 1208 1854 1274 descendet,

256 1302 315 1352 et
336 1304 463 1352 tunc
483 1298 700 1350 mortui
721 1297 815 1368 qui
833 1296 948 1364 jam
978 1295 1070 1350 diu
1088 1299 1227 1351 sunt
1247 1299 1311 1351 in
1334 1296 1571 1362 Christo,
1603 1303 1659 1349 ut
1679 1296 1853 1350 Abra~

256 1386 385 1439 ham
417 1393 469 1439 et
499 1384 717 1449 caeteri,
772 1388 1009 1454 surgent
1036 1385 1227 1455 primi.
1264 1386 1331 1438 Et
1353 1384 1552 1439 deinde
1584 1392 1707 1453 post
1736 1384 1857 1438 illos

257 1489 360 1529 nos
381 1474 476 1545 qui
496 1474 753 1537 vivimus,
780 1473 835 1526 in
868 1480 1115 1543 tempore
1140 1472 1252 1542 illo,
1280 1480 1333 1527 et
1362 1475 1457 1545 qui
1477 1474 1858 1545 relinquimur

255 1569 335 1616 tot
364 1560 834 1631 persecutionibus
865 1560 1203 1628 Antichristi,
1226 1562 1397 1615 simul
1418 1562 1707 1633 rapiemur
1727 1577 1856 1616 cum

1961 433 1981 457 α
2020 411 2166 465 omni
2197 411 2380 481 specie
2430 412 2571 465 mala
2599 412 2865 467 abstinete
2896 429 3013 469 vos.
3045 415 3167 485 Ipse
3196 423 3374 469 autem
3404 417 3553 470 Deus

1963 522 1985 546 ι(
2020 499 2169 569 pacis
2201 498 2494 554 sanctificet
2524 516 2620 555 vos
2650 516 2750 570 per
2778 502 2977 567 omnia,
3003 510 3061 556 ut
3089 503 3303 575 integer
3332 502 3553 574 spiritus

1962 609 1985 637 α
2023 596 2203 642 vester
2231 596 2283 642 et
2313 587 2494 641 anima
2524 598 2575 642 et
2605 604 2804 659 corpus
2835 589 2952 644 sine
2981 592 3200 661 querela
3228 592 3283 644 in
3313 592 3549 646 adventu

1962 695 1988 725 α
2018 677 2232 731 Domini
2267 677 2437 731 nostri
2465 678 2595 731 Jesu
2625 678 2823 731 Christi
2846 686 3111 735 servetur.
3137 680 3337 734 Fidelis
3359 688 3442 734 est
3462 680 3555 750 qui

1968 785 1988 817 ι
2020 765 2235 820 vocavit
2258 781 2356 820 vos
2382 808 2395 829 ,
2449 765 2541 836 qui
2571 766 2735 820 etiam
2766 765 2948 821 faciet.
2992 768 3241 835 Fratres,
3276 776 3421 823 orate
3450 784 3553 838 pro

1962 875 1984 899 «ι
2019 853 2197 908 nobis.
2241 854 2479 909 Salutate
2518 854 2713 909 fratres
2752 871 2941 909 omnes
2994 855 3049 908 in
3087 856 3273 911 osculo
3338 867 3548 912 sancto.

1962 964 1983 987 κ
2019 942 2221 1010 Adjuro
2252 957 2349 997 vos
2379 959 2477 1012 per
2503 943 2815 1007 Dominum,
2849 951 2903 997 ut
2933 943 3145 1014 legatur
3166 945 3406 1015 Epistola
3436 946 3552 999 haec

1964 1031 2271 1085 «omnibus
2328 1031 2527 1086 sanctis
2582 1031 2862 1085 fratribus.
2912 1031 3092 1086 Gratia
3121 1032 3337 1088 Domini
3382 1033 3552 1087 nostri

1961 1141 1982 1166 υ
2017 1120 2145 1174 Jesu
2176 1119 2374 1177 Christi
2405 1119 2705 1176 vobiscum.
2760 1123 2954 1176 Amen.
2992 1141 3015 1173 ι

2596 1284 2912 1327 ΕΧΡΟεΓΠΟ.

2028 1403 2317 1472 Postquam
2350 1402 2808 1457 resurrectionem
2835 1419 3125 1474 corporum
3158 1404 3289 1458 satis
3317 1404 3551 1459 dilucide

1955 1490 2293 1559 approbavit,
2328 1490 2511 1544 subdit
2541 1490 2609 1545 de
2637 1490 2730 1544 illa
2760 1491 2945 1545 ultima
2975 1492 3082 1558 die,
3134 1508 3256 1564 quae
3279 1493 3436 1561 justis
3480 1492 3551 1546 ad

1954 1578 2182 1649 gloriam
2208 1621 2220 1644 ,
2273 1579 2454 1649 impiis
2498 1578 2678 1632 futura
2726 1586 2808 1633 est
2838 1580 2902 1634 ad
2937 1596 3151 1649 poenam
3176 1623 3191 1647 ,
3249 1590 3305 1635 ut
3342 1589 3551 1635 terrore

257 1650 378 1705 illis
422 1648 697 1741 prioriblgs
742 1650 806 1741 in
852 1650 1111 1741 nubibus
1160 1649 1349 1741 Nape-<3
1377 1650 1521 1704 enim
1562 1650 1926 1741 portabant};
1953 1648 2098 1720 illius
2148 1667 2257 1721 diei
2289 1648 2359 1720 hi7
2396 1666 2486 1738 qui
2517 1667 2572 1719 in
2602 1675 2828 1737 peccato
2860 1648 3268 1735 fornicationis,
3320 1669 3552 1724 curiosi-

257 1753 359 1793 nos
389 1737 603 1793 obviam
632 1738 868 1792 Domino
899 1738 962 1792 in
988 1754 1142 1802 aera,
1177 1737 1271 1792 ubi
1319 1738 1387 1792 de
1430 1737 1680 1792 omnibus
1703 1738 1855 1806 judi-

254 1826 418 1891 cabit,
445 1830 501 1881 et
550 1825 745 1880 exinde
793 1826 1005 1880 erimus
1035 1842 1166 1881 cum
1214 1827 1450 1882 Domino
1493 1843 1714 1899 semper
1754 1842 1854 1881 nos

257 1913 436 1970 electi.
473 1915 716 1980 Erimus,
762 1912 1013 1984 inquam,
1049 1912 1153 1981 sic,
1186 1913 1239 1967 id
1271 1922 1351 1967 est
1379 1930 1502 1969 cum
1531 1914 1854 1984 corporibus

254 2002 555 2073 resumptis
603 2002 659 2056 in
706 2001 1134 2072 incorruptione.
1190 2002 1259 2056 Et
1308 2002 1433 2073 quia
1463 2019 1528 2057 ex
1558 2002 1642 2056 his
1671 2003 1855 2057 verbis

251 2091 552 2162 approbata
583 2100 663 2146 est
714 2090 872 2145 vobis
906 2091 1106 2146 veritas
1153 2091 1606 2157 resurrectionis,
1663 2093 1852 2163 itaque

253 2180 632 2236 consolamini
660 2180 903 2235 invicem
932 2182 995 2235 in
1018 2180 1196 2236 verbis
1224 2180 1372 2247 istis,
1404 2179 1459 2233 id
1489 2188 1572 2235 est
1601 2179 1740 2235 alter
1768 2181 1852 2235 al-

251 2275 449 2333 terum,
474 2268 716 2323 dicentes
740 2284 751 2321 :
780 2269 920 2323 Vere
948 2284 1304 2340 resurgemus
1326 2268 1710 2338 impassibiles,
1730 2285 1851 2325 cum

250 2357 487 2415 Domino
517 2357 741 2427 erimus,
773 2364 875 2412 etc.

894 2515 1120 2571 CAPUT
1151 2517 1215 2571 V.

326 2666 348 2693 ¢
383 2644 463 2698 De
492 2641 828 2712 temporibus
857 2648 1037 2696 autem
1068 2649 1119 2695 et
1141 2640 1432 2695 momentis
1452 2656 1559 2696 non
1592 2640 1846 2713 indigetis

253 2753 278 2781 ι
312 2739 373 2785 ut
415 2731 718 2785 scribamus
773 2729 949 2785 vobis.
1010 2729 1123 2799 Ipsi
1167 2730 1310 2784 enim
1342 2729 1634 2799 diligenter
1676 2729 1845 2795 scitis,

252 2842 275 2866 ιι
310 2819 435 2891 quia
492 2819 608 2873 dies
636 2818 854 2872 Domini
886 2818 1023 2871 sicut
1052 2817 1139 2871 fur
1191 2819 1245 2872 in
1301 2826 1492 2880 nocte,
1551 2818 1626 2871 ita
1670 2818 1848 2872 veniet

250 2929 275 2958 α
310 2909 501 2979 (Apoc.
536 2908 625 2973 IlI,
658 2907 885 2977 3).Cum
910 2906 1053 2960 enim
1084 2906 1316 2961 dixerint
1339 2904 1580 2961 29S
1610 2920 1621 2958 :
1654 2907 1761 2959 Pax
1796 2913 1848 2960 et

251 3017 275 3046 ι
307 2996 600 3061 securitas,
651 3003 780 3050 tunc
827 2994 1141 3064 repentinus
1172 2996 1251 3049 eis
1284 2994 1627 3064 superveniet
1655 2994 1846 3048 interi-

251 3106 275 3133 ε
312 3091 419 3151 tus,
452 3083 591 3138 sicut
619 3083 776 3137 dolor
796 3082 849 3135 in
878 3091 1033 3137 utero
1063 3083 1330 3145 habentis,
1352 3090 1405 3136 et
1426 3098 1533 3136 non
1565 3082 1845 3155 eﬂugient.

250 3195 273 3218 ιι
316 3172 427 3226 Vos
456 3178 655 3235 autem,
688 3171 913 3237 fratres,
967 3186 1075 3225 non
1109 3171 1238 3224 estis
1269 3171 1324 3226 in
1354 3171 1615 3235 tenebris,
1646 3178 1703 3224 ut
1752 3187 1849 3225 vos

251 3282 275 3309 ι
312 3259 579 3315 dies'illa
654 3267 913 3330 tanquam
982 3258 1070 3311 fur
1127 3259 1573 3328 comprehendat.
1646 3258 1849 3313 Omnes

251 3371 273 3397 α
318 3348 464 3403 enim
510 3364 609 3402 vos
656 3346 749 3401 ﬁlii
782 3346 918 3401 lucis
950 3346 1097 3412 estis,
1131 3353 1181 3401 et
1211 3345 1307 3400 filii
1336 3347 1442 3401 diei
1476 3364 1488 3399 :
1524 3362 1632 3401 non
1664 3364 1849 3401 sumus

248 3458 273 3487 κ
309 3437 484 3492 noctis
515 3452 693 3506 neque
736 3436 1101 3489 tenebrarum.
1156 3435 1329 3505 Igitur
1373 3449 1482 3489 non
1512 3435 1849 3489 dormiamus

245 3549 268 3572 «ι
309 3525 448 3581 sicut
496 3533 547 3578 et
578 3524 793 3591 caeteri,
848 3524 943 3578 sed
974 3524 1263 3594 vigilemus
1315 3531 1367 3578 et
1426 3523 1593 3578 sobrii
1654 3524 1844 3578 simus.

245 3635 270 3663 ι
310 3612 413 3682 Qui
442 3612 587 3667 enim
620 3612 929 3679 dormiunt,
968 3621 1126 3667 nocte
1159 3613 1455 3678 dormiunt,
1492 3620 1545 3667 et
1589 3613 1680 3683 qui
1703 3612 1847 3666 ebrii

244 3726 266 3750 α
308 3710 462 3767 sunt,
496 3709 653 3756 nocte
684 3701 821 3756 ebrii
854 3709 997 3755 sunt.
1023 3703 1137 3755 Nos
1168 3708 1349 3755 autem
1380 3701 1471 3772 qui
1501 3701 1608 3755 diei
1640 3717 1846 3766 sumus,

242 3814 266 3838 «ς
312 3790 477 3845 sobrii
505 3790 674 3844 simus
700 3831 713 3854 ,
762 3789 933 3843 induti
964 3789 1188 3843 loricam
1222 3788 1344 3843 fidei
1380 3797 1431 3843 et
1459 3788 1761 3857 charitatis,
1796 3796 1851 3843 et

245 3902 269 3926 «α
309 3880 525 3949 galeam
546 3894 703 3948 spem
731 3878 920 3932 salutis
946 3878 1169 3948 (Ephes.
1195 3893 1270 3944 v1,
1294 3878 1403 3947 l7).
1445 3876 1711 3945 Quoniam
1741 3892 1849 3930 non

244 3991 267 4013 α
302 3968 482 4037 posuit
539 3982 640 4019 nos
696 3967 842 4020 Deus
882 3966 936 4018 in
976 3965 1145 4033 iram,
1189 3966 1285 4019 sed
1326 3966 1378 4018 in
1434 3965 1848 4035 acquisitionem

244 4076 269 4105 ι
308 4055 501 4108 salutis
542 4070 644 4123 per
680 4054 971 4108 Dominum
1010 4062 1252 4107 nostrum
1310 4054 1496 4106 Jesum
1557 4052 1847 4118 Christum,

246 4166 267 4189 ιι
307 4143 401 4214 qui
432 4150 677 4196 mortuus
707 4151 788 4196 est
816 4159 917 4212 pro
949 4142 1126 4207 nobis,
1158 4149 1215 4195 ut
1244 4141 1357 4195 sive
1390 4141 1700 4212 vigilemus,
1736 4141 1849 4195 sive

248 4254 269 4277 α
309 4231 687 4297 dormiamus,
749 4230 909 4285 simul
960 4247 1083 4285 cum
1136 4230 1229 4284 illo
1285 4230 1533 4284 vivamus
1577 4245 1587 4282 :
1634 4237 1851 4299 propter

246 4342 267 4367 ιι
311 4320 455 4390 quod
479 4318 838 4373 consolamini
870 4318 1120 4382 invicem,
1152 4326 1204 4373 et
1223 4316 1486 4372 aedificate
1511 4318 1845 4385 alterutrum,

246 4430 269 4457 ι
311 4408 450 4463 sicut
490 4415 542 4462 et
580 4407 774 4461 facitis.
816 4408 1090 4477 Rogamus
1129 4414 1310 4461 autem
1348 4422 1479 4472 vos,
1523 4406 1748 4469 fratres,
1793 4392 1923 4458 utD

250 4496 558 4550 «noveritis
606 4512 701 4550 eos
759 4496 847 4565 qui
895 4495 1140 4549 laborant
1194 4495 1332 4549 inter
1361 4510 1488 4559 vos,
1530 4502 1581 4549 et
1611 4502 1849 4564 praesunt

244 4607 266 4634 α
306 4584 463 4639 vobis
521 4584 575 4636 in
626 4583 858 4637 Domino
886 4627 898 4648 ,
961 4592 1013 4637 et
1071 4590 1295 4637 monent
1332 4598 1463 4648 vos,
1508 4590 1564 4636 ut
1604 4581 1849 4636 habeatis

242 4696 264 4719 «ι
306 4672 433 4726 illos
472 4672 838 4726 abundantius
874 4672 932 4725 in
973 4672 1272 4735 charitate,
1316 4678 1368 4725 et
1426 4678 1653 4740 propter
1710 4686 1848 4740 Opus

245 4782 268 4811 ι
306 4760 525 4815 illorum
555 4776 747 4830 pacem
796 4760 992 4814 habete
1039 4775 1163 4815 cum
1196 4759 1293 4813 eis.
1359 4758 1640 4829 Rogamus
1669 4767 1849 4813 autem

243 4870 267 4899 ι
308 4864 408 4903 vos
429 4892 442 4912 ,
476 4847 703 4913 fratres,
736 4848 994 4918 corripite
1025 4847 1315 4919 inquietos,
1351 4846 1711 4902 consolamini
1743 4863 1848 4916 pu-

240 4959 263 4987 «
302 4937 622 5001 sillanimes,
658 4937 916 5007 suscipite
948 4936 1214 5001 infirmos,
1252 4935 1516 5006 patientes
1570 4943 1741 4989 estote
1781 4934 1850 4989 ad

243 5049 265 5071 α
305 5041 519 5080 omnes.
570 5026 763 5080 Videte
812 5042 879 5080 ne
929 5025 1049 5096 quis
1098 5024 1302 5078 malum
1346 5040 1442 5093 pro
1490 5022 1633 5077 malo
1690 5022 1850 5077 alicui

244 5136 267 5161 α
308 5113 539 5181 reddat,
582 5114 677 5167 sed
710 5129 924 5183 semper
958 5114 1098 5183 quod
1135 5113 1336 5165 bonum
1370 5119 1451 5166 est
1485 5110 1767 5167 sectamini
1795 5111 1849 5165 in

246 5223 268 5251 ι
306 5201 544 5257 invicem
576 5211 625 5256 et
656 5203 710 5254 in
736 5218 946 5256 omnes.
986 5202 1213 5270 Semper
1242 5200 1497 5271 gaudete,
1535 5200 1650 5254 sine
1681 5201 1849 5254 inter-

245 5314 266 5342 ι
305 5290 569 5344 missione
614 5298 761 5344 orate
811 5290 1005 5359 (Eccli.
1058 5305 1220 5353 xvm,
1252 5293 1360 5353 22;
1395 5291 1525 5343 Luc.
1559 5303 1722 5353 xvm,
1772 5290 1844 5357 1),

245 5403 267 5426 α
303 5380 360 5432 ἱη
410 5378 664 5433 omnibus
712 5381 914 5449 gratias
946 5378 1108 5448 agite.
1149 5378 1277 5432 Haec
1315 5386 1396 5431 est
1429 5377 1572 5431 enim
1603 5376 1847 5430 voluntas

246 5490 268 5517 α
306 5467 409 5521 Dei
439 5465 493 5519 in
525 5467 738 5520 Christo
768 5468 924 5535 Jesu,
974 5467 1029 5520 in
1061 5466 1313 5521 omnibus
1362 5465 1537 5520 vobis.
1592 5464 1846 5534 Spiritum

246 5578 268 5606 α
303 5556 472 5611 nolite
527 5540 907 5626 exstinguere,
958 5554 1272 5626 prophetias
1339 5554 1505 5609 nolite
1562 5569 1844 5625 spernere.

1956 1756 2077 1809 tatis
2115 1764 2168 1809 et
2205 1755 2301 1810 otii
2355 1763 2549 1821 erant,
2612 1755 2973 1826 resipiscam;
3035 1757 3305 1812 desiderio
3362 1757 3577 1811 futurae’

1955 1844 2147 1915 gloria
2175 1843 2542 1899 conformitati
2571 1844 2839 1898 bonorum
2870 1861 2929 1901 se
2956 1843 3217 1899 inserant.
3249 1846 3444 1900 Littera
3475 1845 3554 1900 sic

1947 1933 2198 2004 jungitur
2223 1950 2235 1986 :
2260 1934 2341 1987 De
2370 1932 2772 1988 resurrectione
2802 1941 3136 1988 mortuorum
3167 1934 3294 2005 quia
3322 1934 3549 2005 ignora-

1954 2022 2113 2083 batis,
2148 2020 2462 2091 scripsimus
2496 2021 2690 2087 vobis;
2742 2022 2839 2075 sed
2886 2022 2954 2076 de
2996 2023 3330 2092 temporibus
3358 2022 3551 2076 futuris

1952 2126 2127 2180 usque
2168 2110 2237 2164 ad
2277 2110 2419 2164 diem
2454 2102 2643 2177 judicii
2670 2152 2683 2175 ,
2744 2109 2798 2163 id
2829 2117 2911 2164 est
2940 2117 3071 2181 quot
3116 2118 3397 2181 tempora,
3456 2128 3552 2166 seu

1953 2206 2170 2253 centum
2197 2239 2209 2263 ,
2263 2214 2359 2252 seu
2412 2197 2561 2252 mille
2610 2197 2738 2251 anni
2768 2197 2931 2252 futuri
2974 2199 3078 2251 sint
3108 2214 3280 2270 usque
3309 2198 3378 2252 ad
3406 2198 3553 2254 diem

1950 2286 2313 2355 judiciizvel,
2349 2286 2413 2341 de
2459 2286 2836 2358 temporibus,
2868 2286 2921 2340 id
2971 2294 3085 2353 est,
3135 2302 3206 2341 an
3252 2295 3435 2341 aestate
3482 2303 3552 2342 an

1952 2375 2151 2441 hieme,
2194 2389 2264 2428 an
2286 2374 2394 2443 die,
2442 2390 2511 2428 an
2545 2382 2705 2430 nocte
2744 2373 2980 2429 futurum
3020 2375 3087 2428 sit
3110 2374 3370 2443 judicium
3410 2380 3467 2431 et
3486 2377 3552 2431 de

1952 2463 2277 2529 momentis,
2312 2463 2367 2516 id
2388 2470 2471 2517 est
2494 2478 2601 2534 qua
2627 2463 2757 2517 hora
2778 2463 2886 2517 diei
2905 2463 2991 2518 vel
3012 2464 3185 2518 noctis
3204 2508 3219 2530 ,
3250 2464 3451 2517 aestatis
3482 2479 3553 2519 an

1952 2551 2165 2606 hiemis.
2192 2552 2272 2605 De
2292 2551 2377 2604 his
2415 2551 2618 2622 utique,
2654 2550 2864 2621 fratres,
2897 2568 3012 2606 non
3036 2552 3303 2624 indigetis
3324 2557 3389 2607 ut
3410 2552 3548 2608 scri-

1951 2640 2145 2695 bamus
2166 2640 2332 2695 vobis.
2358 2640 2486 2694 Ideo
2507 2654 2616 2693 non
2638 2639 2914 2711 indigetis,
2931 2642 3061 2712 quia
3078 2655 3170 2696 vos
3190 2642 3300 2712 ipsi
3319 2641 3373 2695 di
3382 2642 3552 2712 ligen-

1954 2732 2056 2795 ter,
2108 2728 2292 2782 idiest
2348 2727 2597 2799 diligenti
2653 2728 3067 2800 investigatione
3123 2728 3545 2799 Scripturarum,

1950 2818 2107 2872 scitis
2127 2818 2230 2871 hoc
2254 2816 2397 2886 quod
2429 2832 2529 2871 nos
2568 2816 2695 2871 inde
2718 2816 2938 2884 scimus,
2959 2816 3013 2871 id
3036 2817 3259 2880 scilicet,
3284 2819 3414 2888 quia
3433 2817 3551 2872 dies

1951 2906 2174 2960 Domini
2194 2907 2280 2960 ita
2296 2909 2485 2961 veniet
2501 2908 2649 2960 sicut
2669 2908 2768 2976 fur
2798 2905 2944 2960 venit
2972 2907 3035 2960 in
3055 2911 3239 2961 nocte.
3264 2906 3421 2960 Diem
3441 2921 3549 2960 non

1950 2992 2075 3047 ideo
2115 2993 2274 3062 dicit,
2310 2993 2455 3065 quod
2486 2992 2846 3048 determinate
2895 2994 3030 3049 sciat
3077 2994 3131 3047 in
3179 2993 3265 3047 die
3314 2992 3551 3048 futurum

1943 3081 2236 3150 judicium,
2279 3082 2377 3136 sed
2408 3081 2559 3147 ideo,
2612 3082 2738 3153 quia
2765 3090 2893 3137 tunc
2920 3083 2975 3136 in
3003 3081 3096 3136 illo
3138 3080 3339 3149 judicio
3370 3082 3553 3136 omnia

1949 3179 2107 3225 erunt
2138 3171 2293 3242 quasi
2328 3171 2381 3224 in
2412 3170 2502 3225 die
2525 3213 2537 3235 ,
2587 3170 2641 3223 id
2671 3177 2754 3224 est
2800 3170 2855 3223 in
2904 3178 3091 3240 aperta
3120 3169 3552 3225 manifestatione

1948 3274 2067 3329 qua.-
2104 3259 2253 3328 prius
2277 3257 2498 3312 fuerant
2536 3258 2748 3313 occulta
2776 3301 2788 3324 ,
2843 3258 3047 3312 domini
3101 3258 3230 3314 dicit
3259 3259 3402 3313 hunc
3432 3274 3554 3313 esse

1949 3346 2093 3400 diem
2117 3386 2131 3413 ,
2192 3346 2318 3417 quia
2368 3355 2495 3401 tunc
2537 3346 2794 3416 incipient
2824 3347 3007 3400 omnia
3036 3344 3151 3401 fieri
3182 3363 3247 3401 ex
3276 3347 3551 3402 voluntate

1949 3441 2001 3487 et
2038 3433 2267 3504 imperio
2316 3434 2572 3501 Domini,
2620 3434 2719 3489 sed
2760 3450 2905 3489 nunc
2944 3433 3077 3488 fiunt
3114 3434 3171 3488 in
3209 3435 3312 3490 hoc
3350 3435 3553 3490 mundo

1949 3538 2056 3577 non
2088 3539 2152 3577 ex
2182 3522 2457 3577 voluntate
2489 3522 2588 3577 Dei
2617 3523 2806 3588 multa,
2842 3523 2939 3577 sed
2972 3522 3103 3576 fiunt
3135 3539 3199 3577 ex
3228 3524 3551 3593 permissio-

1948 3628 2036 3666 ne.
2062 3612 2190 3666 Dies
2217 3655 2228 3674 ,
2280 3610 2531 3681 inquam,
2566 3613 2795 3667 Domini
2844 3613 3033 3667 veniet
3062 3612 3147 3666 ita
3171 3613 3318 3667 sicut
3345 3615 3461 3681 fur,
3494 3621 3554 3666 ut

1950 3699 2127 3770 magis
2158 3699 2406 3754 occultus
2437 3700 2505 3753 sit
2536 3701 2761 3754 veniens
2810 3700 2864 3754 in
2906 3708 3086 3754 nocte.
3119 3700 3226 3753 Fur
3256 3700 3475 3770 quidem
3505 3700 3551 3754 si

1949 3789 2003 3843 in
2033 3789 2120 3844 die
2150 3788 2366 3855 veniat,
2420 3788 2631 3842 facilius
2659 3788 2948 3859 providere
2976 3788 3133 3842 nobis
3163 3804 3452 3859 possumus
3482 3789 3552 3842 ab

1950 3893 2053 3943 eo;
2112 3877 2209 3931 sed
2240 3877 2285 3930 si
2318 3876 2372 3929 in
2424 3885 2616 3941 nocte,
2652 3892 2759 3931 nox
2788 3877 2908 3947 ipsa
2938 3877 3398 3947 opportunitatem
3452 3876 3553 3931 mi-

1949 3966 2181 4019 nistrans
2235 3964 2450 4032 adjuvat
2485 3963 2619 4018 furis
2680 3964 3047 4035 iniquitatem.
3108 3966 3237 4019 Ideo
3292 3965 3410 4020 dies
3462 3964 3552 4020 ille

1950 4054 2131 4110 venire
2159 4052 2355 4107 dicitur
2385 4053 2522 4108 sicut
2554 4052 2642 4106 fur
2678 4053 2733 4106 in
2771 4061 2960 4119 nocte,
2995 4053 3153 4124 quia,
3204 4054 3339 4107 sicut
3390 4054 3552 4124 quili-

1950 4143 2042 4196 bet
2070 4142 2243 4211 dives,
2303 4157 2425 4195 sero
2453 4141 2626 4195 multa
2656 4141 3020 4196 circumdatus
3066 4141 3365 4211 opulentia,
3395 4150 3555 4197 nocte

1950 4231 2275 4300 interceptus
2305 4246 2338 4284 a
2369 4229 2509 4297 fure,
2541 4230 2597 4283 in
2628 4230 2866 4284 crastina
2894 4246 2953 4283 se
2984 4230 3188 4283 nudum
3218 4229 3441 4293 invenit,
3475 4229 3555 4284 sic

1949 4320 2026 4372 illi
2056 4318 2147 4390 qui
2206 4319 2260 4371 in
2321 4319 2560 4388 peccatis
2590 4317 2877 4389 negligunt
2933 4334 2963 4371 a
3002 4318 3089 4372 die
3131 4318 3222 4371 illo
3262 4318 3555 4388 providere

1950 4407 2072 4473 sibi,
2114 4422 2240 4461 sero
2278 4405 2473 4460 divites
2504 4406 2559 4458 in
2588 4405 2914 4471 mundanis,
2970 4405 3023 4459 in
3066 4406 3308 4460 crastino
3355 4405 3553 4460 sublati

1950 4492 2017 4545 de
2048 4491 2250 4544 mundo
2290 4490 2634 4545 invenientur
2670 4490 2831 4557 nudi,
2873 4489 3099 4559 perditis
3143 4489 3549 4560 temporalibus,

1949 4587 2001 4633 et
2057 4578 2276 4633 azternis
2327 4576 2616 4647 mancipati
2683 4577 2970 4632 incendiis.
3015 4578 3144 4633 Dies
3182 4577 3401 4633 Domini
3467 4578 3553 4633 hic

1948 4667 2183 4722 maxime
2231 4665 2553 4736 intelligitur
2578 4665 2697 4721 dies
2749 4665 2980 4735 judicii;
3023 4683 3143 4737 quae
3198 4674 3378 4721 tamen
3435 4665 3555 4721 dies

1950 4754 2165 4811 Domini
2192 4754 2247 4808 in
2277 4762 2449 4809 morte
2480 4753 2904 4824 uniuscujusque
2951 4754 3160 4825 incipit.

2023 4843 2266 4900 299
2324 4843 2636 4897 Notandum
2690 4843 2855 4897 etiam
2913 4844 3057 4913 quod
3106 4842 3223 4897 dies
3253 4842 3345 4897 illa
3375 4840 3557 4912 impiis

1951 4933 2189 5004 quidem,
2224 4930 2535 4986 nolentibus
2575 4931 2868 5001 providere
2909 4930 3031 4998 sibi,
3058 4930 3193 4985 sicut
3218 4930 3302 4984 fur
3322 4931 3376 4983 in
3398 4938 3558 4987 nocte

1951 5021 2169 5087 veniet;
2217 5020 2316 5075 sed
2343 5019 2503 5088 justis
2541 5036 2760 5089 semper
2798 5018 3148 5091 vigilantibus
3171 5060 3183 5083 ,
3237 5034 3558 5090 quacunque

1949 5111 2083 5164 hora
2112 5108 2318 5173 veniat,
2370 5124 2478 5162 non
2529 5108 2675 5163 venit
2722 5108 2859 5162 sicut
2890 5107 3007 5175 fur,
3058 5107 3179 5178 quia
3210 5108 3389 5178 potius
3428 5116 3555 5164 tunc

1949 5198 2293 5268 augebantur
2356 5213 2516 5269 quam
2573 5196 2628 5250 in
2673 5196 2855 5267 aliquo
2888 5195 3280 5251 diminuantur.
3316 5198 3453 5251 Vere
3484 5197 3553 5250 ita

1951 5285 2131 5341 veniet
2162 5286 2301 5341 sicut
2330 5284 2435 5351 fur,
2461 5287 2594 5358 quia
2615 5301 2745 5340 cum
2761 5284 2840 5338 illi
2868 5292 3140 5339 amatores
3168 5285 3355 5338 mundi
3385 5285 3553 5339 dixe-

1950 5377 2073 5429 rint
2112 5394 2131 5429 :
2170 5377 2295 5429 Pax
2325 5382 2409 5429 est
2438 5374 2596 5429 nobis
2628 5374 2681 5426 in
2714 5372 3076 5443 praisentibus
3094 5378 3149 5427 et
3180 5373 3455 5427 securitas
3484 5370 3553 5425 de

1948 5464 2148 5529 futuro,
2178 5468 2314 5518 tunc
2332 5464 2691 5534 superveniet
2708 5462 2787 5517 eis
2809 5463 3147 5533 repentinus
3165 5461 3458 5525 interitus,
3497 5459 3553 5513 id

1949 5560 2031 5607 est
2057 5552 2356 5623 improvisa
2375 5549 2663 5605 damnatio.
2690 5550 3040 5622 Repentinus
3060 5547 3202 5614 dico,
3227 5547 3376 5602 sicut
3396 5547 3554 5603 dolor
