3966 6050
409 136 508 190 411

970 140 1027 194 5.
1067 138 1424 196 BBUNONIS
1461 138 2104 197 CARTHUSIANORUM
2141 140 2624 199 INSTITUTORIS
2661 142 2813 199 OPP.
2855 145 3032 201 PARS
3068 145 3135 200 II.

3592 143 3697 197 412

412 260 644 317 habenti
672 263 735 317 in
766 267 928 318 utero
958 264 1272 334 repentinus
1303 265 1632 334 supervenit.
1666 265 1789 319 Non
1819 264 2002 319 deter-
2024 265 2078 324 A
2106 266 2278 321 simul
2307 282 2437 321 eum
2463 270 2565 325 illo
2596 268 2649 322 in
2679 276 2883 323 aeterna
2912 268 3114 340 gloria.
3153 270 3277 324 Sive
3296 269 3603 339 vigilemus,
3637 268 3695 324 id

411 349 581 404 minat
612 349 741 420 quid
772 350 825 404 in
856 359 1008 406 utero
1038 352 1249 420 habeat,
1284 353 1381 406 sed
1409 354 1513 407 hoc
1551 369 1674 408 esse
1703 352 1907 408 dictum
1939 353 2006 407 de

408 446 725 509 prmgnante
762 440 992 494 muliere
1049 440 1178 493 satis
1234 440 1571 512 intelligitur.
1656 442 1723 494 Et
1781 448 2010 511 propter

413 534 735 598 utrumque,
786 528 1125 599 praegnantis
1173 528 1349 583 dolori
1386 528 1739 599 comparavit,
1796 536 1847 583 et
1886 529 2010 599 quia

410 614 504 669 ille
551 614 707 669 dolor
754 616 963 669 subitus
994 625 1108 680 est,
1152 632 1251 671 nec
1283 618 1383 671 scit
1432 633 1718 689 praegnans
1748 617 2010 672 determi-

411 718 547 757 nare
597 703 698 756 sibi
748 705 935 758 horam
965 712 1202 769 certam,
1245 704 1341 758 sed
1379 705 1684 776 ubicunque
1714 706 2013 775 intercepta

413 790 609 860 fuerit,
660 792 831 861 parit;
885 800 938 846 et
965 800 1185 862 propter
1212 792 1473 860 majorem
1505 793 1813 864 angustiam
1851 795 2012 860 hujus

414 878 650 946 doloris,
687 879 765 934 sic
795 880 848 933 in
880 880 974 933 illo
1004 879 1090 933 die
1122 887 1173 933 et
1203 879 1533 950 improvisus
1562 881 1740 935 veniet
1768 881 2013 935 interitus

413 974 465 1021 et
493 966 638 1021 omni
685 967 879 1037 plenus
924 968 1189 1037 angustia.
1222 968 1305 1023 Ne
1337 968 1612 1023 videretur
1654 969 1739 1023 hic
1769 968 2013 1033 interitus

413 1054 927 1125 esse'htransitorius,
952 1055 1089 1110 sicut
1120 1056 1278 1110 dolor
1308 1057 1659 1127 praegnantis,
1696 1057 1974 1129 subjungit
1999 1072 2010 1110 :

417 1142 773 1213 Superveniet
812 1143 1030 1214 quidem
1052 1143 1318 1208 interitus,
1345 1148 1399 1198 et
1423 1161 1537 1199 non
1564 1145 1832 1215 effugient
1865 1144 2012 1215 impii

419 1229 567 1284 illum
626 1231 903 1285 interitum
962 1247 1178 1301 semper
1228 1231 1282 1284 in
1334 1247 1399 1286 eo
1438 1233 1818 1302 perdurantes.
1878 1232 2015 1299 Quia

417 1319 581 1374 modo
630 1327 777 1373 tanta
826 1318 1122 1389 asperitate
1162 1320 1450 1375 verborum
1498 1335 1593 1374 eos
1638 1320 1924 1387 deterruit,
1962 1320 2017 1372 in

418 1407 771 1479 sequentibus
792 1407 1066 1462 demulcet
1095 1423 1190 1462 eos
1213 1408 1400 1464 dicens
1421 1424 1516 1463 eos
1538 1423 1643 1462 non
1675 1425 1797 1463 esse
1820 1408 2017 1479 quibus

421 1495 615 1549 debeat
644 1495 732 1549 hic
762 1494 1012 1549 interitus
1044 1496 1416 1565 supervenire.
1462 1497 1616 1566 Impii
1662 1498 1882 1567 quidem
1910 1512 2019 1551 non

2109 361 2189 407 est
2221 355 2334 409 sive
2364 356 2473 413 vivi
2497 355 2550 410 in
2582 358 2817 411 adventu
2834 356 3031 411 Christi
3056 356 3258 412 inventi
3278 356 3558 422 fuerimus,
3584 359 3695 412 sive

2108 441 2477 511 dormiamus,
2512 445 2564 498 id
2598 453 2680 498 est
2709 446 2823 499 sive
2844 445 3044 499 mortui
3065 445 3431 499 inveniamur.
3464 448 3698 516 Propter

2109 530 2273 601 quod,
2308 530 2360 585 id
2414 540 2497 586 est
2543 535 2668 603 quia
2726 531 2909 597 fidem,
2946 533 3263 588 charitatem
3294 541 3346 587 et
3376 549 3527 603 spem
3556 532 3704 587 dedit

2111 618 2267 672 nobis
2298 619 2354 672 in
2383 620 2797 691 acquisitionem
2830 621 3034 689 salutis,
3060 621 3181 675 ideo
3210 622 3581 677 eonsolamini
3610 624 3700 676 in-

2113 708 2290 763 vicem
2320 725 2409 763 eos
2456 709 2547 779 qui
2589 717 2857 764 noverunt
2885 710 3022 773 haec,
3056 713 3113 763 et
3173 710 3449 778 eediﬁcate
3478 712 3700 765 alteru-

2115 799 2271 853 trum
2301 813 2391 851 eos
2422 797 2513 867 qui
2543 797 2796 869 ignorant
2827 797 2975 851 sicut
3003 797 3170 851 credo
3227 797 3372 868 quod
3402 813 3498 852 vos
3525 798 3703 853 etiam

2112 885 2323 953 facitis.

2184 972 2477 1042 Postquam
2507 981 2713 1043 partem
2745 974 3107 1045 perfectorum
3138 974 3207 1029 de
3254 973 3359 1028 ﬁde
3389 980 3440 1028 et
3456 973 3612 1028 bono
3634 972 3705 1027 fi—

2116 1059 2203 1113 dei
2235 1059 2364 1113 satis
2401 1061 2749 1124 collaudavit,
2784 1062 3009 1117 alteram
3057 1076 3203 1117 verO‘
3244 1070 3449 1132 partem
3481 1061 3548 1116 de
3578 1076 3702 1117 cor-

2116 1146 2356 1201 rectione
2378 1149 2677 1215 admonuit,
2701 1149 2941 1205 300
2970 1150 3214 1205 subditos
3245 1158 3296 1204 et
3324 1148 3580 1219 praelatos
3610 1150 3710 1203 ab-

2117 1234 2241 1289 hinc
2269 1236 2569 1290 alternatim
2614 1235 2842 1292 aedificat
2873 1238 3143 1308 quomodo
3183 1254 3242 1293 se
3292 1244 3709 1307 contemporare

2118 1321 2349 1376 debeant
2381 1324 2580 1377 subditi
2625 1326 2891 1393 praelatis,
2954 1334 3007 1380 et
3064 1341 3094 1380 e
3149 1340 3438 1392 converso,
3471 1324 3709 1379 dicens:

2120 1410 2297 1463 Bonos
2327 1411 2395 1465 de
2442 1411 2777 1467 incremento
2823 1414 3107 1478 laborare,
3142 1420 3387 1468 errantes
3417 1428 3448 1466 a
3478 1412 3714 1483 peccatis

2120 1498 2390 1553 declinare
2421 1500 2706 1555 admoneo.
2751 1503 2843 1556 Vos
2873 1506 3088 1567 autem,
3122 1505 3355 1572 fratres,
3390 1501 3481 1571 qui
3513 1500 3715 1554 subditi

418 1581 678 1653 effugient
707 1583 1049 1653 repentinum
1072 1583 1361 1649 interitum,
1387 1585 1480 1639 sed
1505 1600 1612 1650 vos,
1636 1588 1866 1655 fratres,
1902 1603 2015 1641 non
2038 1612 2090 1670 Β
2121 1586 2269 1653 estis,
2304 1604 2565 1657 rogamus
2594 1594 2658 1643 ut
2688 1591 2958 1646 noveritis
2989 1606 3079 1645 eos
3126 1592 3221 1661 qui
3268 1590 3523 1645 laborant
3556 1591 3715 1643 inter

421 1671 558 1726 estis
604 1672 665 1725 in
717 1671 980 1735 tenebris,
1036 1671 1088 1724 id
1138 1679 1223 1725 est
1251 1672 1562 1743 ignorantia
1609 1681 1660 1727 et
1689 1674 2018 1729 obscuritate

416 1759 647 1829 peccati,
664 1763 729 1813 ut
752 1760 856 1813 illa
879 1760 997 1814 dies
1017 1759 1453 1830 comprehendat
1474 1777 1579 1825 vos,
1604 1766 1877 1833 tanquam
1898 1765 2015 1833 fur.

423 1847 922 1917 Comprehenderet
955 1863 1049 1902 eos
1081 1847 1126 1901 si
1155 1848 1208 1901 in
1236 1849 1473 1918 peccatis
1503 1849 1903 1919 impmnitentes
1932 1850 2019 1904 in-

420 1935 648 1990 veniret.
687 1937 827 1989 Vere
858 1951 967 1990 non
997 1934 1128 1990 estis
1158 1936 1214 1989 in
1246 1936 1501 1991 tenebris.
1534 1938 1674 1992 Nam
1693 1954 1802 2003 vos,
1831 1954 2023 1994 omnes

422 2025 558 2079 estis
580 2024 689 2090 ﬁlii
714 2024 874 2087 lucis,
907 2022 961 2077 id
990 2031 1071 2078 est
1091 2024 1259 2094 geniti
1284 2024 1338 2077 in
1354 2023 1475 2079 luce
1498 2024 1645 2093 ﬁdei,
1679 2030 1734 2081 et
1766 2026 1895 2080 estis
1914 2026 2024 2095 ﬁlii

425 2111 556 2178 diei,
590 2111 645 2165 id
685 2120 767 2166 est
822 2111 875 2165 in
906 2111 1064 2166 bonis
1114 2112 1368 2181 operibus
1397 2112 1678 2182 generati,
1734 2114 1857 2185 quia
1888 2114 2025 2169 sicut

423 2200 513 2255 lux
543 2198 821 2270 praecedit,
848 2199 966 2255 dies
990 2200 1265 2271 sequitur;
1298 2200 1377 2255 sic
1401 2199 1537 2255 ﬁdes
1558 2201 1706 2271 prior
1727 2209 1827 2266 est,
1860 2217 2025 2272 opera

426 2288 567 2343 bona
614 2296 934 2360 sequuntur.
986 2288 1105 2343 Filii
1153 2289 1292 2344 lucis
1343 2296 1396 2343 et
1442 2306 1556 2345 non
1586 2289 1718 2344 estis
1739 2288 1832 2344 filii
1864 2294 2025 2346 tene-

427 2377 676 2441 brarum,
709 2376 764 2430 id
822 2384 903 2432 est
936 2376 1275 2449 ignorantiae,
1301 2384 1353 2432 et
1372 2392 1481 2431 non
1513 2375 1607 2430 filii
1635 2380 1837 2445 noctis,
1868 2378 1923 2432 id
1944 2386 2027 2433 est

425 2465 704 2522 densitatis
750 2473 1113 2537 peccatorum.
1162 2465 1312 2520 Sicut
1356 2465 1503 2520 enim
1535 2466 1772 2522 tenebrae
1810 2474 2027 2522 noctem

428 2553 779 2626 pracedunt,
824 2553 903 2608 sic
950 2553 1100 2624 prius
1139 2552 1440 2624 ignorantia
1494 2554 1739 2609 veritatis
1765 2596 1778 2621 ,
1820 2562 1874 2609 et
1930 2571 2029 2625 per

426 2641 787 2714 ignorantiam
818 2642 1031 2697 venitur
1060 2642 1113 2696 in
1143 2642 1469 2697 densitatem
1512 2642 1737 2713 peccati.
1787 2644 1856 2698 Et
1902 2643 2027 2714 quia

428 2731 524 2786 filii
556 2730 693 2785 lucis
719 2737 771 2785 et
804 2729 911 2784 diei
939 2746 1148 2799 sumus,
1187 2746 1295 2785 non
1325 2730 1501 2785 noctis
1550 2739 1601 2785 et
1658 2732 2023 2797 tenebrarum,

429 2821 609 2891 igitur
637 2834 754 2874 non
785 2820 1164 2883 dormiamus,
1209 2818 1263 2872 id
1303 2826 1385 2873 est
1416 2834 1525 2873 non
1555 2826 1830 2889 torpentes
1861 2818 2031 2873 simus

432 2908 571 2963 sicut
598 2907 846 2963 inﬁdeles
868 2951 881 2975 ,
925 2916 978 2962 et
1006 2907 1167 2962 etiam
1198 2906 1315 2960 falsi
1346 2906 1569 2972 fideles;
1600 2907 1696 2962 sed
1720 2909 2026 2977 vigilemus,

433 2994 485 3047 id
516 3002 599 3049 est
628 2993 682 3047 in
713 2994 856 3047 bono
887 2991 1166 3062 Operando
1199 2990 1424 3045 studiosi
1455 2991 1623 3045 simus
1654 2996 1709 3046 et
1756 2993 1944 3058 sobrii,
1978 2991 2032 3045 id

433 3090 513 3136 est
543 3098 651 3136 non
680 3097 867 3136 amore
897 3079 1276 3151 temporalium
1304 3079 1553 3134 inebriati
1584 3081 1781 3134 simus.

505 3170 779 3225 Debemus
801 3169 1024 3239 vigilare
1045 3175 1098 3222 et
1115 3168 1280 3222 sobrii
1303 3184 1444 3231 esse,
1463 3168 1586 3239 quia
1607 3169 1702 3241 qui
1721 3168 2032 3233 dormiunt,

433 3257 484 3313 id
518 3266 601 3313 est
633 3265 965 3328 torpescunt,
998 3257 1385 3312 illidormiunt
1409 3260 1590 3321 nocte,
1625 3256 1684 3328 id
1715 3263 1797 3310 est
1816 3264 2037 3325 propter

435 3354 684 3413 noctem,
740 3346 793 3400 id
841 3354 923 3399 est
977 3345 1300 3401 densitatem
1340 3352 1687 3414 peccatorum
1743 3344 1797 3398 in
1842 3344 2036 3415 quibus

434 3442 577 3501 sunt,
610 3439 664 3490 et
685 3435 781 3507 qui
800 3438 936 3489 sunt
969 3435 1110 3489 ebrii
1137 3475 1150 3501 ,
1205 3448 1394 3487 amore
1427 3432 1830 3502 temporalium,
1884 3432 2036 3486 obliti

434 3524 757 3587 caelestium,
781 3523 835 3577 hi
857 3527 993 3578 sunt
1013 3523 1151 3578 ebrii
1172 3526 1356 3588 nocte,
1380 3520 1433 3575 id
1457 3529 1543 3575 est
1560 3528 1780 3591 propter
1801 3529 2035 3589 noctem,

436 3612 491 3668 id
522 3620 605 3667 est
634 3612 796 3683 (sicut
824 3611 1025 3666 dictum
1058 3613 1161 3679 est)
1185 3610 1510 3664 densitatem
1537 3616 1907 3677 peccatorum.
1934 3607 2038 3675 Qui

437 3701 574 3756 ebrii
606 3708 752 3769 sunt,
782 3707 939 3754 nocte
971 3707 1093 3752 sunt
1123 3698 1280 3764 ebrii,
1315 3698 1411 3751 sed
1442 3712 1542 3751 nos
1575 3697 1670 3767 qui
1699 3712 1895 3751 sumus
1928 3712 2037 3750 non

436 3789 612 3843 noctis
643 3788 740 3843 sed
770 3787 901 3851 diei,
926 3787 1106 3841 simus
1135 3786 1328 3853 sobrii,
1355 3784 1409 3839 id
1438 3792 1520 3839 est
1548 3799 1658 3838 non
1689 3798 1876 3838 amore
1904 3791 2040 3837 tem—

436 3874 705 3946 poralium
730 3873 1004 3928 excencati.
1040 3874 1246 3938 Simus,
1267 3873 1507 3942 inquam,
1542 3872 1729 3939 sobrii,
1751 3872 1940 3937 induti
1963 3873 2039 3933 lo-

439 3966 621 4019 ricam
649 3962 801 4031 ﬁdei.
834 3962 901 4015 Et
930 3961 1070 4016 bene
1100 3958 1262 4014 ﬁdem
1289 3959 1474 4013 loricae
1503 3959 1869 4028 comparavit,
1913 3958 2040 4029 quia

442 4052 579 4107 sicut
608 4051 661 4105 in
693 4049 859 4105 lorica
888 4048 1040 4103 multi
1070 4048 1219 4103 hami
1247 4054 1373 4102 sunt
1402 4047 1737 4102 concatenati
1767 4046 1818 4100 in
1852 4063 2036 4113 unum,

442 4142 523 4195 sic
572 4139 629 4194 in
670 4138 776 4194 ﬁde
811 4137 974 4192 multa
1043 4145 1167 4191 sunt
1208 4137 1277 4191 ad
1315 4136 1649 4191 credendum
1707 4134 2037 4197 necessaria,

443 4235 795 4283 concatenata
818 4235 1001 4282 tamen
1023 4225 1078 4280 in
1099 4226 1347 4280 eamdem
1378 4224 1654 4279 unitatem.
1678 4223 1853 4277 Induti
1877 4222 2041 4277 etiam

2121 1692 2233 1740 vos,
2268 1674 2321 1729 id
2352 1683 2454 1741 est,
2488 1676 2762 1745 praelatos,
2814 1678 2905 1748 qui
2936 1677 3253 1746 jejunando,
3290 1677 3497 1731 orando
3526 1684 3580 1730 et
3608 1676 3713 1730 do-

2121 1763 2315 1827 cendo,
2340 1764 2407 1818 de
2439 1765 2611 1818 salute
2642 1772 2826 1819 vestra
2856 1765 3104 1819 laborant
3139 1783 3150 1819 :
3184 1766 3455 1820 noveritis
3484 1764 3632 1829 dicit,
3656 1770 3716 1818 ut

2121 1850 2175 1903 in
2196 1850 2280 1903 his
2314 1852 2507 1921 quibus
2528 1852 2791 1924 indigent,
2812 1853 3120 1907 ministrent
3148 1853 3256 1906 illis
3289 1868 3301 1906 :
3331 1854 3425 1924 qui
3458 1852 3721 1907 laborant

2122 1938 2265 2007 dico,
2299 1944 2357 1993 et
2381 1945 2639 2010 praesunt
2668 1942 2812 1997 vobis
2842 1943 2904 1995 in
2932 1942 3164 1997 Domino
3197 1941 3275 1996 sic
3297 1940 3637 2010 disponente,
3662 1944 3721 1995 et

2124 2026 2215 2096 qui
2243 2032 2478 2082 monent
2504 2045 2596 2084 vos
2628 2029 2697 2082 ad
2726 2028 2981 2094 meliora;
3006 2045 3115 2083 non
3137 2030 3311 2084 solum
3331 2034 3397 2083 ut
3416 2028 3710 2093 noveritis,

2126 2115 2222 2169 sed
2254 2114 2415 2170 etiam
2446 2119 2509 2171 ut
2539 2116 2927 2171 abundantius
2979 2118 3229 2172 habeatis
3270 2118 3399 2171 illos
3440 2117 3503 2170 in
3531 2116 3720 2170 chari-

2129 2207 2246 2258 tate
2277 2219 2439 2273 quam
2473 2204 2617 2258 soliti
2648 2205 2789 2259 sitis.
2823 2205 2892 2258 Et
2926 2205 3119 2260 habete
3148 2221 3364 2276 pacem,
3396 2203 3450 2256 id
3472 2211 3555 2257 est
3581 2218 3718 2258 con-

2127 2292 2391 2355 cordiam,
2428 2308 2559 2347 cum
2590 2294 2687 2357 eis,
2716 2292 2761 2346 si
2790 2309 2888 2347 vos
2918 2293 3098 2346 acrius
3146 2292 3569 2361 reprehendunt,
3591 2308 3720 2363 pro-

2124 2383 2254 2451 pter
2274 2395 2410 2451 opus
2436 2381 2689 2448 illorum,
2715 2381 2770 2434 id
2793 2389 2874 2435 est
2896 2380 3129 2435 scientes
3153 2380 3276 2449 quia
3296 2380 3373 2434 sic
3394 2378 3563 2450 exigit
3583 2395 3720 2449 opus

2127 2467 2411 2521 ministerii
2440 2467 2653 2521 illorum
2675 2509 2689 2531 ,
2719 2475 2776 2521 ut
2805 2484 2902 2523 vos
2950 2468 3266 2522 aberrantes
3299 2468 3368 2521 ad
3397 2467 3539 2521 viam
3564 2466 3722 2535 justi-

2128 2555 2219 2611 tiae
2253 2555 2598 2625 compellant.
2644 2556 2901 2610 Subditos
2933 2556 3012 2610 sic
3054 2570 3347 2627 rogamus;
3385 2571 3473 2610 vos
3505 2558 3721 2621 autem,

2128 2647 2358 2714 fratres,
2387 2643 2477 2714 qui
2497 2643 2705 2713 praelati
2722 2644 2871 2711 estis,
2896 2659 3158 2713 rogamus
3187 2644 3309 2709 hoc,
3333 2644 3603 2714 corripite
3634 2658 3725 2696 as-

2128 2732 2332 2802 periori
2347 2731 2688 2787 correctione
2716 2732 3017 2802 inquietos,
3035 2731 3088 2785 id
3121 2740 3203 2786 est
3233 2732 3480 2787 curiosos
3511 2747 3727 2802 vagan-

2131 2827 2213 2873 tes
2236 2836 2336 2890 per
2351 2820 2565 2888 urbem,
2597 2821 2970 2876 eonsolamini
2996 2821 3425 2890 pusillanimes,
3469 2819 3728 2889 pusillum

2132 2908 2371 2961 animum
2420 2907 2475 2960 in
2528 2908 2781 2977 passione
2842 2907 3245 2962 tribulationum
3298 2908 3589 2962 habentes.
3630 2905 3731 2961 Vel

2132 2997 2552 3067 pusillanimes,
2577 2995 2631 3049 id
2662 3005 2742 3050 est
2773 2995 3027 3065 pusillam
3059 2994 3438 3050 confidentiam
3467 2995 3535 3048 de
3556 2994 3730 3048 mise-

2134 3084 2362 3138 ricordia
2392 3084 2496 3138 Dei
2526 3084 2801 3148 habendo,
2837 3099 2937 3153 pro
2960 3083 3288 3137 immanitate
3319 3083 3585 3137 scelerum
3627 3082 3732 3137 de-

2134 3180 2421 3241 sperantes
2446 3190 2459 3237 ;
2494 3172 2765 3243 suscipite
2795 3172 3071 3239 inﬁrmos,
3099 3171 3153 3224 id
3171 3178 3253 3225 est
3275 3186 3370 3225 eos
3389 3171 3481 3240 qui
3500 3168 3733 3225 infirmae

2135 3267 2258 3313 sunt
2282 3259 2427 3324 ﬁdei,
2455 3259 2524 3312 de
2558 3258 2958 3314 resurrectione
2979 3258 3351 3328 desperantes,
3378 3257 3635 3328 suscipite
3663 3258 3735 3312 ad

2135 3347 2434 3401 sanandam
2467 3346 2833 3401 infirmitatem
2875 3346 3027 3410 ﬁdei,
3060 3346 3199 3401 sicut
3236 3346 3480 3401 medicus
3508 3346 3736 3415 suscipit

2136 3443 2423 3507 mgrotum.
2449 3436 2514 3488 Et
2537 3439 2709 3489 estote
2736 3435 3019 3505 patientes
3037 3435 3107 3489 ad
3129 3450 3339 3499 omnes,
3356 3441 3408 3487 et
3429 3434 3497 3486 ad
3525 3433 3740 3503 inquie-

2138 3530 2242 3589 tos,
2262 3532 2314 3577 et
2335 3524 2403 3576 ad
2424 3522 2820 3592 pusillanimes,
2840 3530 2889 3575 et
2911 3522 2979 3575 ad
3017 3520 3279 3586 infirmos,
3311 3537 3400 3588 ne,
3432 3521 3479 3575 si
3508 3529 3734 3575 contra—

2137 3610 2341 3675 dicunt,
2377 3610 2671 3665 conferatis
2700 3610 2824 3664 ideo
2848 3625 3039 3663 manus
3068 3610 3137 3663 ad
3183 3609 3437 3677 litigium.
3476 3608 3737 3664 Dicerent

2137 3697 2247 3750 illi:
2276 3698 2517 3751 Patimur
2538 3697 2753 3767 quidem
2788 3696 2929 3763 illos,
2964 3697 3062 3750 sed
3093 3712 3201 3750 non
3232 3696 3374 3750 ultra
3415 3696 3732 3750 docebimus

2139 3800 2253 3839 eos.
2273 3784 2357 3838 Ad
2380 3785 2494 3839 hac
2524 3784 2718 3837 Paulus
2742 3801 2756 3837 :
2776 3786 2967 3839 Estote
2988 3786 3290 3854 patientes,
3322 3791 3375 3838 et
3404 3784 3458 3837 in
3479 3783 3734 3853 patiendo

2139 3874 2320 3927 videte
2342 3888 2413 3926 ne
2442 3875 2564 3943 quis
2582 3872 2779 3927 reddat
2802 3872 2979 3927 alicui
3003 3874 3221 3926 malum
3250 3889 3352 3943 pro
3370 3873 3541 3936 malo,
3556 3870 3733 3924 subti-

2140 3968 2324 4014 centes
2356 3959 2581 4014 verbum
2613 3959 3008 4025 instructionis,
3040 3958 3165 4013 licet
3192 3960 3345 4030 prius
3390 3958 3738 4028 impatienter

2141 4048 2402 4112 auditum,
2428 4048 2521 4102 sed
2541 4064 2763 4118 semper
2781 4049 3079 4103 sectamini
3100 4047 3156 4103 id
3173 4048 3313 4119 quod
3335 4048 3539 4103 bonum
3556 4050 3660 4111 est,
3679 4046 3737 4100 id

2142 4143 2225 4190 est
2256 4136 2383 4189 utile
2404 4136 2470 4188 ad
2492 4135 2902 4190 instructionem
2924 4135 3207 4190 Ecclesia).
3233 4133 3523 4189 Sectamini
3540 4133 3664 4189 dico
3686 4140 3740 4189 et

2142 4224 2404 4289 invicem,
2432 4223 2487 4277 id
2516 4230 2596 4277 est
2625 4222 2765 4277 inter
2794 4239 2893 4277 vos
2923 4223 2977 4276 in
2999 4222 3268 4288 Ecclesia,
3293 4227 3349 4277 et
3369 4221 3527 4276 etiam
3548 4230 3736 4275 trans-

440 4315 673 4371 loricam
695 4316 996 4372 charitatis
1013 4331 1117 4385 qua
1138 4316 1312 4369 Deum
1328 4313 1619 4384 diligamus
1641 4320 1693 4367 et
1712 4310 2041 4382 proximum,
2071 4316 2122 4376 D
2144 4312 2322 4365 eundo
2353 4313 2415 4367 in
2439 4327 2651 4376 omnes,
2673 4311 2920 4366 docendo
2942 4311 3106 4364 etiam
3128 4309 3394 4365 infideles.
3416 4311 3733 4381 Etsemper,

445 4404 625 4459 securi
655 4404 824 4458 simus
859 4419 870 4455 :
907 4410 959 4456 et
1008 4404 1147 4457 bene
1194 4402 1421 4472 protecti
1451 4400 1559 4456 fide
1590 4409 1642 4455 et
1683 4400 1945 4455 charitatc
1974 4398 2044 4453 ad

445 4508 665 4549 omnem
716 4492 979 4562 impetum
1029 4491 1281 4545 hostium.
1330 4490 1399 4543 Et
1430 4488 1599 4543 induti
1628 4491 1850 4558 galeam
1878 4490 2041 4555 hanc,

444 4582 653 4638 scilicet
682 4596 837 4652 spem
862 4579 1054 4634 futurae
1093 4579 1316 4642 salutis,
1346 4584 1403 4630 ut
1432 4576 1573 4631 sicut
1604 4575 1765 4647 galea
1812 4576 2049 4648 protegit

448 4677 629 4740 caput,
661 4669 739 4723 ita
774 4684 929 4723 mens
974 4674 1163 4721 nostra
1210 4682 1307 4736 spe
1357 4664 1548 4719 futurae
1573 4664 1924 4718 beatitudinis
1953 4664 2049 4718 ob-

451 4758 726 4813 volvatur.
762 4757 1042 4811 Debemus
1073 4769 1294 4826 sperare
1325 4753 1576 4818 salutem,
1610 4753 1879 4824 quoniam
1906 4754 2052 4808 Deus

450 4864 566 4902 non
584 4846 771 4917 posuit
793 4861 893 4900 nos
916 4847 979 4900 in
999 4844 1167 4909 iram,
1192 4842 1247 4896 id
1266 4849 1348 4896 est
1368 4840 1423 4895 in
1443 4840 1825 4910 perditionem,
1847 4842 1943 4897 sed
1962 4856 2052 4911 po-

454 4935 558 4988 suit
587 4949 687 4988 nos
717 4934 773 4987 in
801 4932 1117 5003 praemissis,
1150 4929 1276 4997 fide,
1311 4929 1574 4985 charitate
1605 4937 1657 4984 et
1688 4946 1783 5000 spe
1809 4973 1825 4995 ,
1860 4931 1925 4985 in
1953 4947 2051 4985 ac-

453 5023 815 5095 quisitionem
856 5023 1062 5076 salutis
1086 5063 1099 5089 ,
1151 5020 1206 5074 id
1251 5026 1333 5074 est
1363 5025 1421 5073 ut
1448 5034 1545 5088 per
1573 5019 1678 5074 hoc
1706 5019 2052 5090 acquiramus

455 5116 774 5181 perpetuam
819 5109 1064 5163 salutem.
1118 5106 1315 5163 Salutis
1345 5107 1467 5161 dico
1495 5107 1786 5175 habendas,
1815 5123 1917 5179 per
1947 5108 2051 5160 Do-

452 5200 677 5253 minum
724 5202 980 5253 nostrum
1028 5198 1216 5252 Iesum
1268 5196 1571 5251 Christum.
1618 5195 1772 5249 Ponit
1801 5194 2054 5248 meritum

457 5286 677 5353 Christi,
712 5302 817 5357 quo
849 5285 1010 5339 istam
1039 5284 1269 5339 salutem
1301 5284 1458 5338 nobis
1480 5282 1797 5353 promeruit,
1823 5282 2013 5337 dicens
2040 5297 2051 5334 :

460 5376 563 5455 Qui
595 5374 839 5431 Christus
862 5377 1119 5431 mortuus
1149 5376 1231 5429 est
1250 5390 1348 5446 pro
1371 5373 1546 5439 nobis,
1580 5375 1644 5427 ut
1676 5385 1777 5426 nos
1808 5372 2057 5427 vivamus

2146 4399 2259 4454 sive
2290 4399 2400 4469 pati
2431 4406 2703 4469 oporteat,
2738 4399 2852 4454 sive
2881 4414 3012 4464 non,
3044 4398 3301 4468 gaudete,
3335 4402 3391 4453 et
3428 4400 3587 4452 orate
3614 4398 3737 4450 sine

2146 4488 2570 4543 intermissione
2621 4486 3104 4541 determinatorum
3157 4486 3449 4551 horarum,
3492 4492 3550 4538 ut
3588 4492 3741 4539 certa

2151 4582 2399 4645 tempora
2429 4575 2686 4629 orationis
2735 4590 2843 4629 non
2898 4573 3212 4644 negligatis.
3245 4572 3383 4638 Vel,
3416 4575 3573 4627 orate
3617 4573 3741 4627 sine

2150 4663 2592 4727 intermissione,
2611 4671 2667 4715 ut
2695 4662 2812 4717 sive
2831 4661 3134 4729 dormiatis,
3170 4660 3284 4715 sive
3309 4659 3568 4732 vigiletis,
3589 4674 3740 4713 sem-

2150 4768 2248 4822 per
2276 4751 2462 4806 oretis.
2508 4751 2595 4821 Et,
2618 4751 2766 4818 juxta
2797 4751 2937 4805 hanc
2969 4748 3320 4815 sententiam,
3353 4748 3538 4803 dicunt
3566 4745 3743 4802 sancti

2151 4839 2301 4894 illum
2332 4854 2550 4909 semper
2593 4854 2715 4892 esse
2744 4838 2799 4891 in
2829 4838 3077 4892 oratione
3107 4836 3199 4907 qui
3228 4836 3285 4889 in
3314 4835 3464 4891 nullo
3493 4833 3739 4899 offendit,

2154 4928 2272 4992 sed,
2309 4926 2423 4981 sive
2452 4925 2659 4998 vigilet,
2696 4924 2809 4979 sive
2834 4924 3093 4989 dormiat,
3126 4939 3341 4993 semper
3372 4923 3441 4976 ad
3471 4921 3745 4977 Christum

2155 5014 2389 5069 anhelat.
2422 5016 2491 5069 Et
2523 5014 2586 5067 in
2608 5014 2862 5068 omnibus
2894 5027 3230 5083 quiscunque
3261 5010 3457 5075 facitis,
3489 5010 3575 5064 vel
3606 5008 3747 5063 dici-

2155 5103 2240 5169 tis,
2267 5103 2420 5174 agite
2449 5103 2663 5172 gratias
2682 5102 2809 5167 Deo,
2839 5101 2952 5155 sive
2983 5100 3292 5155 incumbant
3331 5098 3577 5162 adversa,
3630 5096 3746 5152 sive

2155 5191 2499 5246 demulceam
2524 5206 2621 5245 vos
2650 5205 2933 5260 prospera.
2958 5189 3123 5244 Orate
3142 5196 3195 5243 et
3215 5188 3359 5259 agite
3377 5185 3597 5258 gratias,
3619 5184 3747 5255 quia

2159 5282 2419 5335 voluntas
2448 5280 2547 5334 Dei
2590 5278 2705 5333 haec
2738 5282 2822 5333 est
2845 5280 2906 5332 in
2964 5277 3223 5331 omnibus
3254 5276 3441 5331 vobis:
3474 5282 3531 5327 ut
3554 5288 3748 5326 omnes

2158 5369 2323 5424 oretis
2353 5376 2407 5423 et
2436 5367 2612 5439 agatis
2642 5366 2862 5437 gratias.
2886 5367 2985 5420 Est
3004 5364 3126 5419 dico
3156 5364 3219 5418 in
3265 5362 3484 5419 Christo
3505 5363 3659 5431 Iesu,
3692 5360 3749 5415 id
