3966 6050
240 249 345 303 413

818 245 1194 304 EXPOSITIO
1233 248 1307 303 IN
1343 244 1722 303 EPISTOLAS
1760 247 1986 303 PAULI.
2014 278 2082 290 -
2112 250 2188 306 IN
2224 250 2441 305 EPIST.
2484 252 2532 305 II
2569 252 2662 306 AD
2700 251 2946 307 THESS.

3430 258 3533 311 414

238 378 324 425 est
350 370 404 423 in
434 369 767 425 institutione
802 371 1000 425 Christi
1027 372 1173 435 Jesu,
1207 386 1439 442 cumque
1471 371 1539 425 sit
1570 370 1832 425 institutio
1853 375 1904 432 Α
1936 374 2163 442 potestis
2201 393 2213 439 ;
2246 376 2364 446 ipse
2392 380 2584 430 autem
2633 377 2777 430 Deus
2818 378 2979 448 pacis
3018 376 3265 447 perﬁciat
3292 376 3346 431 in
3377 378 3533 433 vobis

242 458 344 513 Dei
373 457 640 523 voluntas,
689 466 901 529 oportet
947 474 1124 525 orare,
1177 460 1385 531 gratias
1434 474 1619 529 agere.
1673 457 1832 526 Quod

241 545 320 599 ibi
347 547 421 599 ait
446 563 457 598 :
491 548 722 617 Semper
747 548 1002 617 gaudete,
1037 554 1165 611 etc.,
1201 548 1267 601 ad
1298 547 1551 617 praelatos
1580 554 1788 616 spectat
1816 566 1829 611 ;

242 640 298 687 et
325 634 393 686 ad
424 633 685 701 subditos,
720 650 910 689 omnes
938 634 1176 705 gaudete
1208 642 1259 689 et
1288 639 1466 689 orate.
1494 636 1602 689 Vos
1630 643 1829 699 autem,

242 722 470 792 praelati,
495 723 672 777 nolite
692 724 1054 791 exstinguere
1081 724 1378 793 Spiritum,
1403 731 1460 777 ut
1482 739 1543 778 ea
1566 740 1685 794 qua;
1708 722 1833 793 Spi—

241 809 381 863 ritus
429 818 649 865 sanctus
698 810 1085 865 ministraverit
1117 811 1367 875 subditis,
1401 811 1711 867 occultetis.
1768 811 1836 864 Et

241 912 364 962 vos,
382 898 586 951 subditi
604 900 779 954 nolite
791 914 1055 967 spernere
1073 898 1415 970 praphetias,
1440 900 1492 952 id
1519 907 1601 953 est
1620 898 1836 953 revela-

240 985 420 1040 tiones
450 986 871 1056 Scripturarum,
904 989 1075 1041 factas
1104 986 1258 1041 vobis
1281 1001 1313 1040 a
1333 986 1590 1056 praelatis.
1615 988 1681 1040 Et
1711 986 1837 1041 licet

244 1074 424 1128 dicam
452 1074 629 1129 nolite
661 1090 946 1145 spernere,
980 1081 1163 1129 tamen
1191 1077 1384 1130 omnia
1402 1076 1653 1145 probate,
1678 1075 1732 1128 id
1755 1083 1839 1128 est

243 1161 606 1233 probabiliter
633 1161 785 1231 prius
833 1161 1198 1225 considerate,
1234 1178 1303 1216 ne
1333 1162 1658 1217 admistione
1690 1163 1841 1218 falsi-

245 1250 370 1303 tatis
400 1248 764 1319 decipiamini.
798 1250 863 1303 Et
894 1258 1180 1319 postquam
1212 1250 1595 1319 probaveritis,
1654 1256 1838 1307 tenete

246 1337 382 1391 illud
414 1338 554 1407 quod
602 1338 826 1401 bonum,
877 1337 931 1391 id
965 1345 1049 1391 est
1076 1337 1206 1391 utile
1236 1342 1337 1402 est,
1363 1346 1413 1391 et
1441 1340 1719 1394 abstinete
1748 1354 1840 1395 vos

246 1440 360 1479 non
387 1424 563 1479 solum
593 1424 664 1479 ab
696 1439 761 1479 eo
792 1425 936 1494 quod
948 1424 1145 1477 malum
1170 1432 1269 1490 est,
1298 1425 1395 1479 sed
1417 1425 1578 1479 etiam
1599 1428 1665 1481 ab
1685 1429 1842 1482 omni

247 1515 431 1585 specie
461 1514 635 1579 mala,
684 1512 739 1565 id
769 1520 851 1567 est
901 1513 968 1567 ab
998 1528 1063 1567 eo
1093 1513 1239 1583 quod
1278 1513 1515 1583 aliquam
1548 1514 1841 1586 imaginem

245 1600 374 1655 mali
404 1601 614 1665 retinet,
647 1600 859 1655 etiamsi
903 1599 1105 1654 malum
1157 1601 1244 1654 sit.
1280 1601 1408 1655 Ideo
1452 1602 1684 1657 maxime
1714 1603 1845 1657 dixit

1932 460 2145 533 illudjin
2178 478 2285 533 quo
2312 463 2563 527 deficitis,
2600 463 2805 519 scilicet
2836 466 3162 533 sancti/icet
3180 482 3271 521 vos
3292 482 3393 536 per
3414 481 3532 521 om-

1932 548 2038 612 nia,
2073 556 2125 603 et
2154 550 2205 602 in
2242 550 2665 606 sanctiﬁcatione
2714 552 2780 605 ab
2830 568 2894 608 eo
2942 553 3070 605 data
3115 570 3213 607 vos
3245 563 3533 609 conservet

1932 646 2371 706 perseveranter.
2408 638 2565 706 Quod
2593 640 2662 692 ita
2694 640 2764 692 ait
2796 656 2808 692 :
2842 641 3173 710 Sanctiﬁcet
3194 647 3377 705 vos,et
3408 658 3531 697 ser-

1932 729 2099 779 vetur
2126 726 2367 795 integer,
2408 727 2461 780 id
2489 735 2569 781 est
2594 743 2700 781 non
2725 736 3017 797 corruptus
3038 729 3215 800 aliqua
3237 730 3361 785 tabe
3382 730 3528 796 mali,

1935 814 2169 883 spiritus
2196 818 2399 873 vester.
2432 814 2486 867 id
2519 823 2601 868 est
2634 816 2767 868 ratio
2799 824 3006 881 vestra,
3040 833 3109 871 ne
3140 818 3268 871 velit
3297 834 3533 873 consen-

1935 901 2039 955 tire
2072 902 2431 966 sensualitati,
2484 907 2538 957 et
2587 905 2804 966 anima,
2857 904 2912 958 id
2964 912 3046 958 est
3090 906 3430 972 sensualitas,
3468 924 3537 963 ne

1936 995 2073 1044 male
2104 991 2327 1044 suadeat
2346 990 2563 1056 rationi,
2589 996 2644 1045 et
2666 1008 2866 1063 corpus
2889 1000 3134 1047 servetur
3149 995 3271 1048 sine
3284 997 3531 1067 querela,

1938 1094 2006 1131 ne
2036 1078 2305 1147 polluatur
2334 1094 2499 1148 opere
2550 1080 2835 1147 cujuslibet
2874 1080 3238 1150 turpitudinis.
3273 1083 3540 1138 Servetur

1938 1165 2061 1219 dico
2119 1168 2203 1231 in,
2230 1166 2282 1219 id
2315 1174 2395 1220 est
2453 1183 2644 1237 usque,
2676 1168 3000 1233 adventum,
3034 1169 3119 1223 vel
3162 1172 3225 1224 in
3268 1172 3534 1237 adventu,

1938 1253 1993 1307 id
2021 1261 2103 1307 est
2124 1253 2178 1307 in
2201 1254 2639 1308 consideratione
2662 1256 2929 1310 adventus
2953 1258 3177 1311 Domini
3198 1260 3387 1314 nostri
3406 1262 3540 1315 Jesu

1944 1342 2173 1396 Christi.
2204 1340 2361 1396 30
2376 1341 2435 1397 1
2473 1343 2637 1397 Orate
2652 1351 2705 1397 et
2722 1351 2917 1398 caetera
2943 1361 3062 1414 qum
3083 1354 3381 1415 sequuntur
3398 1346 3539 1401 faci-

1940 1438 2011 1498 te,
2046 1430 2173 1499 quia
2191 1430 2373 1497 ﬁdelis
2393 1434 2475 1484 est
2506 1431 2652 1484 Deus
2680 1432 2775 1501 qui
2804 1448 2895 1486 vos
2910 1448 3012 1503 per
3029 1434 3273 1503 gratiam
3303 1436 3537 1500 vocavit,

1942 1514 2037 1584 qui
2061 1515 2234 1567 etiam
2259 1514 2453 1583 faciet,
2480 1513 2533 1567 id
2565 1521 2647 1567 est
2676 1514 2730 1567 in
2759 1514 2914 1569 vobis
2943 1516 3356 1581 consummabit,
3390 1517 3443 1570 id
3472 1518 3541 1571 ad

1944 1601 2090 1671 quod
2120 1602 2293 1656 vocati
2328 1602 2478 1656 estis.
2529 1602 2643 1656 Nos
2688 1602 2759 1656 ita
2788 1602 3097 1657 laboramus
3125 1618 3227 1673 pro
3259 1604 3431 1668 vobis,
3467 1613 3538 1673 et,

252 1706 287 1742 a
314 1690 497 1759 specie
540 1689 715 1753 mala,
749 1688 877 1759 quia
905 1688 983 1741 illi
1030 1687 1273 1743 haeretici
1318 1690 1634 1743 mutuabant
1682 1706 1843 1745 voces
1864 1724 1917 1783 B
1944 1704 2061 1753 vos,
2095 1693 2327 1759 fratres,
2360 1693 2517 1745 orate
2533 1706 2636 1760 pro
2658 1691 2832 1754 nobis,
2859 1696 2917 1745 et
2935 1693 3187 1747 salutate
3212 1707 3405 1747 omnes
3424 1696 3545 1764 fra-

250 1774 398 1844 fidei,
429 1783 487 1829 ut
515 1791 617 1846 per
642 1775 1074 1847 aequipollentias
1102 1792 1319 1841 vocum,
1352 1776 1628 1847 simplices
1657 1780 1843 1833 trahe-

254 1872 377 1919 rent
406 1864 461 1917 in
490 1879 747 1920 errorem.
784 1865 911 1929 Vos,
946 1864 1155 1934 praelati
1185 1872 1239 1919 et
1268 1865 1489 1931 subditi,
1524 1865 1679 1921 facite
1701 1868 1846 1938 quod

1950 1782 2066 1832 tres
2096 1793 2160 1831 ex
2187 1778 2476 1833 dilectione
2526 1785 2708 1833 nostra
2754 1781 2818 1834 in
2848 1780 3035 1834 osculo
3064 1784 3283 1845 sancto,
3322 1789 3378 1835 ut
3406 1780 3544 1838 alter

1947 1866 2223 1922 osculetur
2252 1867 2501 1921 alterum.

255 2016 3538 2049 Μ

710 2146 1202 2206 ARGUMENTUM
1240 2149 1314 2204 IN
1350 2146 1745 2206 EPISTOLAM
1785 2147 2167 2205 SECUNDAM
2206 2149 2299 2204 AD
2337 2147 3073 2205 THESSALONICENSES.

328 2328 413 2381 Ad
442 2326 959 2381 Thessalonicenses
990 2326 1287 2382 secundam
1320 2326 1507 2381 scribit
1537 2326 1837 2397 Epistolam
1858 2325 2167 2397 Apostolus,
2203 2334 2255 2381 et
2282 2334 2469 2382 notum
2501 2326 2625 2382 facit
2656 2326 2734 2382 eis
2764 2326 2831 2382 de
2851 2326 3185 2397 temporibus
3209 2326 3541 2393 novissimis,

259 2406 312 2471 et
339 2398 409 2453 de
437 2397 738 2453 adversarii
769 2397 1091 2466 dejectione.
1140 2398 1341 2455 Scribit
1383 2399 1518 2454 hanc
1565 2398 1866 2470 Epistolam
1919 2398 1989 2452 ab
2019 2398 2246 2454 Athenis
2275 2415 2372 2469 per
2398 2399 2575 2455 Titum
2604 2397 2890 2454 diaconum
2919 2406 2971 2452 et
3000 2398 3316 2454 Onesimum
3354 2400 3544 2471 acoly-

260 2470 410 2525 thum
423 2509 437 2523 .

1112 2754 1558 2819 PROLOGUS
1599 2758 1675 2818 Β.
1721 2756 2143 2819 BRUNONIS
2185 2755 2269 2816 IN
2312 2755 2685 2816 EAMDEM.

332 2944 487 2999 Hanc
507 2942 698 2997 iterum
721 2942 1022 3013 Epistolam
1043 2942 1228 2997 scribit
1246 2942 1851 3007 Thessalonicensibus;
1878 2945 1924 3005 C
1954 2942 2080 2998 Ideo
2112 2943 2275 2997 etiam
2304 2943 2447 2997 hanc
2477 2941 2675 2997 iterum
2707 2942 2945 3015 scripsit,
2994 2942 3121 3013 quia
3152 2941 3229 2996 illi
3261 2943 3463 2999 curiosi
3495 2952 3548 3000 et

258 3032 384 3086 ideo
414 3031 541 3102 quia
559 3031 615 3084 in
644 3030 973 3101 praecedenti
993 3030 1223 3101 epistola
1252 3046 1316 3083 ex
1346 3031 1524 3085 verbis
1556 3031 1729 3095 Pauli,
1767 3030 1860 3084 ubi

262 3121 474 3174 dixerat
508 3136 520 3172 :
554 3134 653 3175 nos
671 3120 766 3191 qui
796 3120 1033 3175 vivimus
1060 3122 1351 3191 rapiemur
1379 3120 1593 3174 obviam
1624 3121 1859 3175 Domino

260 3208 325 3263 in
346 3225 500 3273 aera,
534 3216 672 3272 etc.,
710 3214 1051 3277 sumpserant
1079 3208 1219 3262 hanc
1249 3207 1614 3278 suspicionem
1645 3215 1699 3262 et
1729 3208 1862 3278 ipsis

264 3296 571 3351 viventibus
611 3295 847 3350 futurum
898 3303 1150 3366 putarent
1179 3296 1569 3350 Antichristum
1608 3296 1861 3367 diemque

254 3384 469 3454 jndicii.
504 3384 657 3439 Unde
687 3391 739 3439 et
771 3384 1062 3454 plurimum
1090 3391 1240 3438 erant
1270 3384 1559 3454 perterriti.
1595 3384 1701 3439 Sed
1734 3385 1861 3455 quia

258 3473 467 3526 malum
496 3480 609 3527 erat
628 3488 723 3527 eos
755 3471 823 3527 de
864 3471 1098 3527 falsitate
1128 3473 1345 3536 terreri,
1373 3471 1634 3541 judicavit
1664 3472 1861 3527 Paulus

264 3561 390 3615 ideo
420 3561 615 3615 iterum
662 3561 902 3616 scribere
946 3560 1045 3623 eis,
1077 3576 1145 3615 ne
1199 3561 1245 3615 si
1275 3576 1385 3615 non
1414 3560 1862 3615 determinaretur

264 3650 382 3705 haec
414 3649 764 3721 ambiguitas,
796 3650 927 3702 dum
952 3656 1076 3719 post
1105 3649 1223 3703 dies
1255 3648 1406 3703 Pauli
1428 3648 1731 3703 invenirent
1753 3664 1862 3703 non

260 3737 559 3809 contigisse
590 3737 735 3807 quod
769 3736 994 3791 Paulum
1025 3738 1289 3806 putabant
1317 3737 1397 3792 sic
1426 3737 1777 3806 praedixisse,
1810 3744 1863 3791 et

263 3826 321 3879 in
352 3826 457 3880 hoc
490 3833 541 3879 et
572 3826 626 3878 in
654 3826 907 3879 omnibus
929 3839 1049 3896 quae
1079 3824 1359 3889 docuerat,
1394 3833 1689 3896 arguerent
1715 3826 1861 3879 Pau-

267 3913 379 3967 lum
411 3913 481 3968 de
509 3913 812 3978 mendacio,
848 3920 901 3967 et
950 3913 1028 3967 sic
1071 3928 1101 3966 a
1144 3912 1231 3968 via
1260 3913 1527 3981 veritatis,
1562 3928 1727 3983 quam
1756 3912 1863 3966 illis

264 4002 587 4065 tradiderat,
638 4002 971 4055 recederent.
1027 4002 1292 4056 Praeterea
1338 4001 1486 4055 aliud
1545 4001 1746 4055 malum
1798 4016 1863 4054 ex

270 4090 373 4144 hac
403 4089 677 4144 dubietate
709 4097 893 4159 posset
923 4089 1240 4161 contingere
1270 4096 1326 4142 ut
1386 4090 1431 4142 si
1484 4089 1726 4155 Satanas,
1786 4089 1864 4143 vi-

279 4178 417 4231 dens
463 4177 586 4232 illos
615 4177 900 4232 credentes
939 4177 993 4230 in
1040 4178 1292 4248 proximo
1322 4177 1554 4231 futurum
1579 4177 1861 4245 judicium,

1961 3032 2119 3086 otiosi
2149 3047 2257 3086 non
2290 3032 2359 3085 ad
2388 3031 2675 3102 imperium
2706 3030 2855 3085 Pauli
2887 3030 3101 3086 fuerant
3131 3032 3385 3087 correcti.
3408 3032 3551 3088 Scri-

1958 3116 2066 3187 psit
2093 3116 2286 3171 iterum
2318 3116 2461 3179 ideo,
2518 3116 2643 3187 quia
2672 3116 3079 3186 persecutiones
3125 3116 3193 3170 ad
3239 3116 3552 3186 patientiam

1960 3221 2187 3276 quarum
2244 3219 2338 3259 eos
2395 3204 2449 3257 in
2493 3204 2661 3275 priori
2691 3212 3018 3269 armaverat,
3054 3204 3293 3259 nondum
3329 3204 3551 3260 defece-

1961 3301 2085 3347 rant
2116 3312 2129 3359 ;
2159 3294 2256 3347 sed
2287 3292 2537 3348 fortassis
2586 3300 2947 3365 augmentatze
2996 3293 3227 3348 fuerant.
3271 3294 3399 3349 Haec
3427 3294 3549 3362 tria,

1958 3382 2387 3453 persecutiones,
2446 3381 2590 3436 diem
2634 3381 2841 3449 judicii,
2904 3391 2957 3436 et
3008 3381 3132 3436 illos
3188 3382 3548 3449 incorrectos,

1959 3470 2243 3525 materiam
2273 3470 2473 3532 habuit,
2508 3470 2773 3524 armando
2804 3484 2899 3523 eos
2945 3469 3013 3523 ad
3043 3469 3299 3539 patienda
3347 3472 3549 3537 omnia,

1960 3559 2253 3613 ostendens
2276 3558 2435 3626 justis
2464 3557 2698 3630 gloriam
2729 3558 2820 3629 qui
2845 3558 3191 3623 tribulantur,
3226 3573 3429 3629 eosque
3454 3559 3552 3613 tri-

1961 3645 2269 3701 bulantibus
2291 3645 2523 3700 futuram
2546 3646 2969 3700 damnationem.
2995 3646 3369 3701 Determinans
3393 3647 3553 3701 etiam

1961 3735 2122 3791 certis
2156 3742 2209 3789 et
2237 3734 2578 3789 evidentibus
2606 3734 2778 3805 signis
2808 3733 3040 3787 futuram
3071 3733 3215 3787 diem
3240 3733 3450 3801 judicii.
3486 3734 3555 3788 Il-

1960 3823 2151 3894 losque
2181 3823 2516 3878 incorrectos
2546 3822 2867 3893 praecipiens
2898 3838 2927 3875 a
2957 3822 3338 3877 communione
3366 3822 3556 3878 Eccle-

1962 3911 2057 3966 siae
2115 3912 2465 3982 sequestrari,
2523 3926 2635 3965 non
2683 3920 2862 3965 tamen
2889 3911 3000 3978 jam
3032 3911 3131 3973 eis,
3185 3911 3282 3965 sed
3311 3911 3557 3967 scribens

1960 4000 2224 4055 Ecclesiae
2254 4000 2322 4054 de
2380 3999 2506 4053 illis.
2568 4001 2644 4053 Ea
2688 4000 2871 4070 utique
2901 3999 3200 4053 intentione
3245 3999 3323 4054 sic
3362 4000 3474 4073 agit
3500 4008 3558 4055 ut

1964 4088 2054 4160 qui
2080 4088 2354 4159 patiuntur
2384 4103 2485 4158 pro
2516 4088 2732 4142 Christo
2782 4096 3198 4157 perseverantes
3248 4087 3349 4142 sint
3380 4088 3434 4141 in
3463 4104 3558 4159 pa-

1962 4176 2168 4245 tiendo,
2202 4183 2253 4230 et
2284 4176 2375 4246 qui
2408 4175 2579 4230 territi
2609 4183 2764 4230 erant
2805 4175 3265 4246 propinquitatem
3309 4184 3560 4246 putantes

272 4265 588 4320 ostenderet
626 4282 685 4319 se
715 4266 769 4319 in
800 4281 928 4320 aere
972 4266 1290 4338 insignitum
1338 4266 1660 4329 diademate,
1694 4280 1863 4335 seque
1890 4303 1942 4361 D
1958 4264 2167 4331 judicii,
2203 4279 2309 4318 non
2340 4270 2645 4317 terreantur
2675 4264 2743 4317 de
2767 4263 3002 4317 falsitate
3038 4280 3049 4318 :
3085 4270 3137 4318 et
3160 4264 3249 4334 qui
3278 4264 3455 4319 adhuc
3486 4266 3561 4319 in-

272 4354 544 4408 Cbristum
598 4354 903 4409 venientem
936 4355 1004 4408 ad
1046 4355 1305 4422 judicium
1336 4370 1619 4417 asserens,
1655 4352 1864 4407 falleret
1892 4350 1936 4361 ”
1965 4352 2192 4406 correcti
2223 4351 2456 4417 fuerant,
2492 4350 2685 4405 saltem
2748 4351 3138 4418 erubescendo,
3173 4367 3231 4406 se
3266 4368 3295 4406 a
3324 4368 3563 4410 commu-

271 4442 809 4505 Thessalonicenses,
843 4443 911 4497 de
942 4443 1139 4514 quibus
1167 4442 1537 4513 pervertendis
1568 4448 1714 4495 tanto
1745 4456 1863 4494 am-

273 4530 416 4600 plius
446 4531 726 4585 laborabat
755 4539 957 4601 quanto
988 4547 1081 4586 eos
1112 4530 1468 4602 perfectiores
1490 4545 1611 4583 esse
1633 4528 1861 4592 sciebat,

270 4618 383 4683 vel,
415 4618 470 4671 in
500 4618 726 4674 somniis
757 4619 1096 4690 apparendo,
1131 4633 1225 4674 eos
1255 4619 1309 4673 in
1331 4618 1523 4674 eodem
1541 4616 1861 4673 ludificaret.

1965 4441 2127 4494 nione
2172 4440 2396 4494 aliorum
2440 4440 2715 4510 projectos
2762 4440 3105 4510 resipiscant.
3170 4441 3560 4498 Salutationem

1964 4528 2303 4599 praemittens
2334 4527 2408 4585 ait
2443 4546 2455 4581 :
2648 4534 2653 4539 '

945 4934 1437 5019 EPISTOLA
1503 4934 1567 5018 II
1633 4937 1759 5018 AD
1819 4934 2867 5021 THESSALONICENSES.

785 5126 1009 5181 CAPUT
1047 5127 1344 5182 PRIMUM.

351 5237 374 5264 ι
421 5214 615 5267 Paulus
660 5221 712 5269 et
769 5214 1017 5269 Silvanus
1073 5223 1125 5269 et
1182 5216 1532 5283 Timotheus,
1610 5216 1873 5273 Ecclesia:

274 5327 297 5349 ιι
338 5303 908 5357 Thessalonicensium
937 5304 992 5357 in
1024 5304 1139 5357 Deo
1169 5305 1322 5359 Patre
1344 5314 1532 5359 nostro
1555 5314 1609 5361 et
1639 5306 1871 5361 Domino

276 5414 299 5441 ι
338 5392 470 5446 Jesu
497 5391 733 5445 Christo.
769 5391 961 5446 Gratia
990 5391 1146 5446 vobis
1177 5400 1229 5447 et
1250 5408 1354 5462 pax
1384 5410 1417 5447 a
1447 5395 1561 5448 Deo
1592 5395 1744 5448 Patre
1774 5410 1872 5449 no-

270 5500 293 5529 ε
335 5486 450 5533 stro
480 5487 532 5533 et
563 5480 795 5535 Domino
849 5482 979 5535 Jesu
1028 5480 1263 5536 Christo.
1324 5482 1539 5537 Gratias
1572 5498 1738 5553 agere
1768 5483 1871 5537 de-

272 5591 295 5613 κ
335 5568 527 5625 bemus
561 5583 779 5639 semper
807 5569 923 5625 Deo
969 5584 1070 5641 pro
1100 5569 1273 5639 vobis,
1308 5570 1523 5639 fratres,
1580 5572 1652 5627 ita
1697 5579 1755 5627 ut
1783 5571 1870 5627 di-

1975 5151 1998 5180 «
2029 5144 2198 5200 gnum
2255 5136 2356 5194 est,
2388 5128 2643 5200 quoniam
2687 5128 3047 5199 supercrescit
3094 5129 3233 5184 fides
3280 5138 3482 5196 vestra,
3515 5138 3566 5187 et

1977 5241 1997 5265 «
2036 5218 2277 5273 abundat
2306 5218 2547 5272 charitas
2592 5217 3013 5288 uniuscujusque
3047 5227 3288 5273 vestrum
3332 5220 3388 5273 in
3418 5219 3560 5273 invi-

1977 5327 1999 5356 ‹
2036 5323 2174 5376 cem,
2207 5307 2276 5360 ita
2306 5314 2362 5361 ut
2392 5314 2443 5361 et
2464 5322 2565 5360 nos
2595 5306 2699 5375 ipsi
2719 5306 2774 5359 in
2798 5306 2953 5360 vobis
2974 5307 3275 5378 gloriemur
3300 5307 3355 5361 in
3376 5306 3565 5361 Eccle-

1976 5418 1998 5443 ιι
2036 5395 2132 5450 siis
2161 5396 2261 5451 Dei
2290 5410 2390 5465 pro
2418 5394 2677 5465 patientia
2717 5402 2900 5449 vestra
2930 5404 2982 5449 et
3012 5394 3136 5459 fide,
3161 5396 3283 5450 etin
3313 5394 3566 5449 omnibus

1978 5507 2000 5531 ‹‹
2033 5484 2499 5555 persecutionibus
2558 5483 2756 5537 vestris
2814 5491 2868 5537 et
2916 5483 3371 5547 tribulationibus,
3432 5498 3566 5553 quas

1981 5595 2002 5617 ‹‹
2041 5572 2320 5628 sustinetis
2370 5572 2424 5626 in
2461 5571 2772 5644 exemplum
2807 5571 2938 5640 justi
2960 5570 3151 5639 judicii
3182 5571 3299 5639 Dei,
3332 5578 3390 5626 ut
3416 5570 3568 5647 digni
