3966 6050
440 196 542 249 415

995 199 1052 253 S.
1095 197 1447 255 BRUNONIS
1485 162 2130 255 CARTHUSIANO‘RUM
2168 201 2650 279 INSTITUTORIS
2690 207 2841 265 OPP.
2885 212 3059 268 PARS
3097 214 3161 270 II.

3621 220 3725 275 “6

444 344 464 368 α
502 320 811 375 habeamini
843 320 896 375 in
950 337 1141 414 regno‘
1169 320 1287 387 Dei,
1324 337 1423 391 pro
1453 337 1561 414 quo
1593 330 1645 375 et
1686 322 1949 414 pati-mini,
1984 321 2104 414 siA
2134 327 2432 382 secundum
2488 330 2817 388 intellectum
2865 343 2917 389 et
2946 336 3271 393 voluntatem
3305 347 3538 395 vestram
3567 345 3725 414 pati-

437 429 459 459 ¢
497 417 674 463 tamen
688 410 891 477 justum
910 417 992 463 est
1006 409 1143 479 apud
1162 411 1333 463 Deum
1353 410 1656 465 retribuere
1675 410 1928 466 302
1944 409 2032 464 tri-

439 520 460 544 α
499 498 829 552 bulationem
860 497 1314 570 [retributionem]
1345 499 1449 565 his,
1484 498 1573 568 qui
1625 514 1719 552 vos
1750 499 2027 567 tribulant,

436 607 457 631 ι·
497 593 549 640 et
578 586 731 639 vobis
763 586 851 655 qui
885 586 1243 639 tribulamini.
1269 586 1511 656 requiem
1543 587 1825 641 nobiscum
1853 588 1905 640 in
1936 604 2029 641 re-

436 694 459 724 α
495 674 761 729 velatione
792 674 1005 728 Domini
1035 675 1160 728 Jcsu
1193 675 1260 728 de
1292 675 1430 729 coelo
1461 690 1584 729 cum
1614 676 1827 746 angelis
1857 675 2030 729 virtu-

440 784 461 808 α
500 761 567 815 tis
598 762 733 831 ejus,
767 761 821 815 in
848 762 1061 815 ﬂamma
1093 762 1236 833 ignis
1266 762 1445 815 dantis
1492 762 1785 817 vindictam
1818 763 1903 828 iis,
1939 764 2031 834 qui

439 870 461 899 ι
497 865 605 904 non
637 858 903 903 noverunt
934 852 1127 914 Deum,
1161 857 1211 903 et
1243 850 1333 920 qui
1379 867 1487 904 non
1538 852 1797 905 obediunt
1842 853 2029 906 Evan-

440 954 462 983 ι
497 933 642 1004 gelio
696 934 910 988 Domini
944 934 1114 988 nostri
1162 934 1289 988 Jesu
1320 934 1539 989 Christi.
1577 935 1681 1001 Qui
1713 951 1904 1005 poenas
1935 937 2031 991 da-

439 1043 462 1072 (
498 1022 630 1076 bunt
658 1022 713 1075 in
740 1022 956 1076 interitu
985 1030 1212 1076 internas
1244 1038 1275 1076 a
1305 1021 1443 1077 facie
1475 1024 1708 1087 Domini,
1761 1032 1813 1078 et
1844 1040 1876 1078 a
1906 1025 2030 1094 glo-

441 1132 461 1157 u
501 1111 583 1164 ria
617 1110 832 1164 virtutis
863 1111 997 1178 ejus,
1024 1127 1144 1165 cum
1178 1112 1386 1165 venerit
1416 1110 1712 1182 glorificari
1742 1111 1797 1164 in
1830 1113 2030 1167 sanctis

442 1220 464 1247 ι
502 1198 634 1267 suis,
668 1206 720 1253 et
752 1198 1093 1253 admirabilis
1124 1199 1239 1254 fieri
1288 1200 1341 1253 in
1372 1200 1621 1253 omnibus
1651 1200 1740 1271 qui
1772 1201 2030 1256 credide-

440 1308 461 1333 αι
499 1294 641 1351 runt,
676 1286 803 1357 quia
833 1288 1096 1342 creditum
1129 1296 1209 1341 est
1259 1287 1625 1342 testimonium
1654 1295 1900 1342 nostrum
1932 1305 2028 1343 su-

441 1395 463 1424 ¢
498 1390 599 1445 per
627 1390 724 1429 vos
754 1374 808 1428 in
849 1375 937 1429 die
962 1375 1074 1429 illo.
1110 1377 1169 1429 In
1203 1392 1309 1447 quo
1342 1376 1504 1430 etiam
1556 1392 1771 1431 oramus
1814 1394 2030 1447 semper

440 1484 460 1508 «
496 1477 597 1532 pro
627 1463 799 1525 vobis,
834 1471 890 1515 ut
918 1463 1171 1533 dignetur
1200 1479 1296 1517 vos
1328 1465 1607 1518 vocatione
1637 1480 1735 1518 sua
1756 1466 1904 1518 Deus
1934 1481 2032 1520 no-

441 1572 462 1595 u
499 1557 628 1615 ster,
662 1558 713 1604 et
743 1550 963 1620 impleat
992 1567 1207 1605 omnem
1240 1551 1571 1606 voluntatem
1621 1552 1876 1606 bonitatis
1919 1570 2031 1608 suae

2133 416 2297 470 mini.
2334 417 2493 484 Quod
2518 420 2780 487 judicium
2831 424 2929 479 Dei
2971 426 3175 493 justum
3222 427 3309 491 sit,
3360 445 3469 499 quo
3492 431 3620 497 justi
3650 432 3721 486 ad

2132 504 2559 571 purificationem
2618 510 2947 583 afﬂiguntur,
3007 513 3155 584 impii
3184 516 3249 569 ad
3290 520 3720 574 consummatio-

2132 608 2255 646 nem
2287 593 2580 665 iniquitatis
2610 599 2697 654 hic
2718 611 3121 670 prosperantur,
3146 605 3338 672 probat
3360 622 3458 675 per
3470 606 3716 675 affectus,

2132 687 2185 733 et
2216 678 2375 734 ﬁnem
2408 685 2692 755 utriusque
2719 686 2846 753 justi
2896 697 2947 741 et
2996 689 3164 760 impii.
3225 692 3352 746 Ideo
3380 709 3479 762 per
3506 692 3669 748 finem
3704 714 3720 761 ;

2133 768 2258 837 quia
2290 786 2389 840 per
2419 771 2516 825 ista
2550 790 2671 844 qum
2703 775 2953 830 videntur
2981 794 3089 832 non
3114 788 3303 848 posset
3334 780 3463 835 dare
3494 782 3721 837 idoneas

2131 872 2329 912 causas
2360 876 2526 930 quare
2552 862 2728 929 justus
2757 863 3097 936 aflligeretur,
3133 866 3329 937 impius
3360 884 3719 939 prosperare-

2133 953 2268 1013 tur;
2314 948 2469 1015 juxta
2521 950 2650 1005 illud
2708 954 2855 1022 quod
2911 953 2985 1007 ait
3042 956 3215 1010 David
3272 956 3328 1010 in
3384 973 3450 1012 eo
3506 959 3720 1028 psalmo

2135 1034 2311 1099 Quam
2343 1037 2515 1093 bonus
2562 1040 2739 1108 (Psal.
2771 1055 2943 1105 Lxxu,
2978 1044 3065 1109 l6)
3100 1060 3112 1096 :
3144 1044 3457 1099 Existimavi
3506 1055 3563 1100 ut
3619 1064 3719 1103 co-

2131 1139 2476 1195 gnoscerem,
2513 1143 2681 1197 quare
2709 1129 2797 1183 hic
2840 1146 2998 1199 pcena
3038 1132 3205 1199 justo,
3256 1135 3587 1203 prosperitas
3626 1138 3722 1191 tri-

2131 1211 2328 1265 buatur
2356 1213 2521 1287 impio
2550 1232 2563 1279 ;
2597 1216 2694 1270 sed
2726 1217 2829 1272 hoc
2858 1232 3195 1290 cognoscere
3224 1220 3379 1276 labor
3398 1230 3496 1287 est,
3528 1223 3583 1276 id
3615 1230 3717 1287 est,

2130 1298 2175 1352 si
2232 1302 2451 1355 attendo
2509 1310 2715 1357 tantum
2775 1321 2839 1359 ea
2898 1323 3020 1377 quas
3067 1316 3191 1361 sunt
3248 1318 3374 1364 ante
3420 1326 3524 1376 me,
3555 1310 3609 1365 id
3640 1319 3722 1365 est

2130 1389 2439 1457 praesentia,
2467 1391 2730 1458 judicium
2780 1394 2878 1447 Dei
2922 1396 3129 1463 justum
3176 1405 3275 1461 est,
3333 1414 3441 1469 quo
3489 1400 3617 1467 justi
3649 1401 3719 1455 ad

2130 1475 2527 1546 purificandum
2560 1480 2615 1532 in
2653 1482 2905 1550 prazsenti
2954 1482 3281 1554 afﬂiguntur,
3326 1486 3474 1557 impii
3505 1488 3572 1541 ad
3618 1505 3719 1543 au-

2128 1573 2407 1636 gmentum
2437 1566 2728 1637 impietatis
2757 1580 3164 1640 prosperantur.

444 1659 465 1688 ‘
503 1636 637 1709 [ηοη
670 1638 789 1693 "ab.
825 1638 976 1737 8113:],
1013 1647 1065 1737 εξ
1092 1656 1229 1737 (ῗρυε
1261 1638 1391 1737 δξῙθξ
1418 1640 1472 1693 in
1492 1640 1715 1737 νξιίίυξθν-
1745 1650 1800 1737 lli
1830 1640 2028 1737 ειδξίξῖ·
2057 1678 2109 1737 Β
2206 1654 2317 1709 llac
2347 1636 2525 1710 tamen
2556 1636 2864 1713 conditione
2888 1636 3089 1728 justum
3126 1677 3247 1716 esse
3268 1662 3408 1728 dico,
3435 1665 3483 1717 si
3493 1666 3719 1734 justum

441 1747 463 1776 ι
499 1734 651 1781 cetur
681 1742 876 1782 nomen
906 1727 1121 1781 Domini
1150 1728 1321 1782 nostri
1364 1729 1492 1782 Jesu
1524 1729 1717 1783 Christi
1747 1730 1800 1782 in
1850 1730 2023 1796 vobis,

443 1836 465 1863 α
502 1822 551 1868 et
608 1830 703 1869 vos
742 1816 795 1867 in
844 1816 956 1881 illo,
1002 1817 1301 1870 secundum
1350 1818 1580 1889 gratiam
1633 1818 1731 1872 Dei
1775 1819 1948 1873 nostri
1978 1827 2030 1873 et

442 1925 463 1949 α
500 1903 717 1957 Domini
744 1905 873 1958 Jesu
904 1903 1122 1958 Christi.
1164 1928 1184 1951 ι

1067 2130 1359 2170 EXPOSITIO
1374 2156 1387 2170 .

507 2285 721 2339 Paulus
750 2289 804 2340 et
830 2286 1113 2349 Silvanus,
1148 2288 1204 2339 et
1235 2283 1554 2339 Timotheus
1578 2284 1821 2340 scribunt
1842 2286 2031 2340 Eccle—

437 2375 536 2429 siz
554 2373 1131 2429 Thessalonicensium
1153 2372 1402 2427 existenti
1424 2374 1485 2427 in
1510 2375 1618 2429 Deo
1640 2376 1811 2428 Patre
1839 2379 2029 2429 nostro

436 2466 492 2519 et
522 2464 753 2517 Domino
785 2464 914 2519 Jesu
949 2461 1187 2517 Christo.
1229 2462 1375 2516 Sicut
1406 2469 1572 2516 totum
1610 2462 1663 2515 in
1694 2462 1861 2532 priori
1892 2463 2027 2533 Epi-

435 2551 577 2606 stola
605 2550 973 2621 exposuimus,
1007 2551 1061 2604 in
1090 2551 1282 2620 primis
1313 2550 1582 2607 collaudat
1612 2567 1706 2607 eos
1729 2552 1797 2606 de
1818 2550 2029 2621 passio-

434 2639 593 2694 nibus
624 2636 756 2706 suis,
790 2639 1145 2709 supponendo
1178 2639 1408 2711 gloriam
1439 2655 1625 2693 eorum
1671 2640 1761 2710 qui
1808 2639 2027 2709 patiun-

435 2735 541 2794 tur,
575 2734 628 2781 et
674 2742 891 2796 poenam
938 2743 1126 2781 eorum
1174 2727 1263 2798 qui
1314 2728 1596 2797 passiones
1644 2727 1901 2795 inferunt,
1951 2728 2029 2782 sic

437 2831 534 2870 eos
562 2815 820 2869 armando
849 2815 914 2867 ad
937 2814 1269 2884 patientiam,
1321 2815 1510 2869 dicens
1546 2832 1557 2868 :
1608 2816 1833 2869 Gratias
1866 2831 2028 2885 agere

437 2903 695 2959 debemus
719 2906 845 2967 Deo,
869 2902 922 2956 id
953 2911 1035 2958 est
1064 2918 1173 2957 non
1204 2902 1377 2957 solum
1412 2903 1617 2973 gratias
1645 2903 1878 2973 agimus,
1931 2904 2029 2958 sed

438 3008 656 3063 semper
701 2991 979 3046 debitores
1011 2991 1310 3063 gratiarum
1358 3008 1543 3045 sumus
1575 2993 1688 3046 Deo
1714 3008 1815 3062 pro
1858 2992 2022 3057 vobis,

2134 1747 2218 1797 est
2238 1745 2389 1814 apud
2427 1746 2623 1801 Deum.
2658 1748 2815 1817 Apud
2848 1748 3094 1803 homines
3125 1750 3267 1804 enim
3301 1752 3390 1822 qui
3420 1754 3719 1807 secundum

2132 1830 2306 1884 visum
2337 1832 2594 1899 iudicant,
2628 1844 2847 1889 sanctos
2876 1836 3058 1909 afﬂigi,
3092 1840 3263 1893 malos
3292 1842 3601 1911 prosperari
3634 1844 3721 1896 in-

2126 1918 2329 1987 justum
2363 1930 2464 1974 est.
2499 1923 2577 1987 Si,
2610 1923 2854 1994 inquam,
2878 1928 3104 1997 justum
3133 1932 3217 1982 est
3251 1930 3400 2001 apud
3428 1930 3602 1985 Deum
3634 1948 3721 1986 rc-

2134 2008 2381 2064 tribuere
2412 2010 2467 2063 in
2498 2010 2673 2065 futuro
2709 2013 3157 2081 tribulationem,
3195 2018 3290 2088 qui
3319 2034 3406 2071 vos
3429 2018 3591 2072 modo
3625 2024 3723 2075 tri-

2132 2097 2354 2165 bulant,
2407 2102 2464 2153 et
2520 2100 2671 2154 vobis
2709 2103 2807 2173 qui
2854 2102 3018 2158 modo
3054 2104 3413 2161 tribulamini
3458 2107 3511 2160 in
3542 2106 3721 2163 futuro

2132 2186 2437 2240 retribuere
2496 2189 2764 2260 requiem,
2826 2198 2951 2245 tunc
3008 2200 3090 2245 est
3133 2194 3335 2259 justum
3393 2210 3494 2249 vos
3544 2196 3721 2265 justos

2130 2273 2218 2328 hic
2276 2290 2375 2344 per
2431 2275 2809 2332 tribulationes
2880 2278 3171 2348 puriﬁcari,
3224 2290 3276 2335 et
3331 2282 3526 2354 impios
3582 2300 3721 2339 con.

2132 2362 2379 2417 cessione
2401 2364 2777 2434 prosperitatis
2809 2367 2878 2421 ad
2907 2367 3138 2422 futuram
3179 2370 3578 2427 tribulationem
3605 2389 3721 2442 pra:

2130 2452 2304 2519 parari
2340 2470 2351 2505 :
2393 2453 2538 2507 Vobis
2567 2454 2750 2524 utique
2790 2444 3088 2519 retribuere
3138 2460 3386 2530 requiem
3430 2462 3721 2517 nobiscum

2136 2539 2386 2595 303
2408 2540 2798 2609 habendam,in
2821 2545 3010 2600 eadem
3030 2546 3172 2600 enim
3187 2546 3359 2618 gloria
3382 2549 3591 2604 eritisin
3614 2566 3721 2622 qua

2131 2635 2183 2681 et
2237 2644 2337 2683 nos
2386 2630 2639 2699 apostoli.
2682 2631 2839 2686 Nunc
2890 2633 3213 2687 determinat
3262 2637 3482 2690 modum
3529 2638 3722 2707 glorias

2124 2716 2411 2784 justorum,
2448 2727 2500 2772 et
2548 2719 2926 2775 damnationes
2965 2722 3270 2792 impiorum,
3304 2732 3357 2777 ut
3382 2726 3553 2793 justos
3579 2726 3720 2781 13)ιὶ-

2131 2803 2274 2867 ﬂeet,
2307 2805 2503 2874 impios
2533 2807 2831 2873 deterreat,
2862 2810 3050 2864 dicens
3084 2812 3393 2867 :Retribuet
3423 2814 3604 2883 impiis
3633 2815 3723 2869 tri-

2130 2893 2481 2960 bulationem,
2516 2896 2674 2950 nobis
2705 2898 2969 2967 requiem,
3012 2901 3072 2954 in
3110 2902 3455 2956 reuelatione
3492 2904 3722 2958 Domini

2129 2983 2276 3048 Jesu,
2308 2983 2363 3036 id
2394 2990 2472 3037 est
2497 2985 2716 3054 quando
2749 2986 3011 3041 Dominus
3040 2989 3219 3053 Jesus,
3244 2990 3336 3061 qui
3365 3006 3510 3047 nunc
3533 2991 3725 3046 infide-

438 3080 565 3151 quia
610 3083 822 3150 fratres
854 3080 1004 3133 estis.
1037 3082 1219 3149 Agere
1250 3079 1390 3147 dico,
1426 3081 1510 3134 ita
1545 3084 1611 3134 ut
1640 3080 1875 3150 dignum
1906 3083 2022 3135 est:
2059 3068 2103 3094 υ
2134 3070 2273 3124 libus
2305 3072 2548 3126 occultus
2603 3082 2703 3140 est,
2766 3076 3013 3130 omnibus
3042 3077 3097 3129 in
3120 3078 3325 3146 judicio
3357 3080 3710 3135 revelabitur.

435 3168 561 3238 quia
589 3184 789 3238 magna
820 3175 943 3221 sunt
974 3168 1119 3221 dona
1147 3167 1267 3233 Dei,
1302 3176 1353 3222 et
1386 3168 1573 3234 multa,
1608 3176 1821 3237 oportet
1845 3175 1896 3222 et
1922 3184 2029 3221 ma-

434 3272 573 3327 gnas
602 3266 654 3310 et
682 3256 1005 3326 multiplices
1035 3271 1202 3327 agere
1232 3256 1450 3326 gratias,
1481 3256 1603 3311 ideo
1655 3258 1921 3328 quoniam
1954 3258 2026 3325 ﬁ-

440 3344 533 3400 des
571 3349 756 3400 vestra
800 3346 1193 3417 supercrescit.
1248 3345 1343 3401 Vel
1376 3361 1541 3415 super
1569 3345 1674 3400 hoc
1704 3346 1848 3416 quod
1876 3345 2028 3415 prius

438 3440 552 3488 erat
580 3433 858 3501 majorata.
894 3434 993 3488 Vel
1042 3450 1205 3504 super
1236 3433 1607 3488 tribulationes
1636 3434 1855 3502 crescit,
1890 3449 2028 3504 quas

441 3537 632 3577 omnes
649 3530 891 3593 superat,
913 3527 966 3577 et
991 3522 1115 3577 ideo
1137 3538 1303 3594 agere
1324 3522 1547 3593 gratias,
1575 3522 1829 3592 quoniam
1850 3522 2028 3576 abun-

435 3610 591 3666 davit
609 3612 881 3675 charitas,
900 3610 954 3663 id
977 3618 1058 3665 est
1080 3610 1297 3666 dilectio
1319 3613 1760 3681 uniuscujusque
1783 3615 2029 3666 vestrum

438 3700 501 3754 in
529 3698 789 3755 invicem.
812 3700 926 3753 Hoc
958 3707 1161 3752 tantum
1192 3699 1257 3752 ad
1286 3698 1559 3768 perfectos
1588 3708 1834 3767 spectare
1864 3698 2027 3752 intel-

432 3786 713 3858 ligendum
742 3795 840 3840 est.
875 3788 949 3840 Ita
979 3787 1338 3855 supercrescit
1389 3786 1541 3849 fides,
1576 3786 1814 3839 abundat
1844 3786 2029 3840 chari—

439 3882 524 3928 tas
553 3878 619 3929 ut
639 3876 812 3929 etiam
832 3890 933 3930 nos
952 3874 1060 3945 ipsi
1082 3874 1173 3944 qui
1194 3890 1299 3928 non
1322 3873 1680 3945 gloriaremur
1699 3874 1766 3927 de
1787 3890 1957 3942 parva
1969 3891 2030 3930 re

442 3963 506 4016 in
534 3962 799 4018 Ecclesiis
818 3963 935 4021 Dei.
968 3962 1277 4032 gloriemur
1306 3964 1366 4015 in
1396 3961 1564 4026 vobis,
1588 3960 1641 4013 id
1664 3961 1812 4015 estin
1845 3969 2026 4017 osten-

436 4050 589 4105 sione
616 4049 965 4121 perfectionis
996 4057 1212 4104 vestrae.
1248 4048 1467 4104 Glorior
1496 4050 1642 4118 apud
1671 4049 1803 4103 alias
1832 4050 2029 4105 Eccle-

442 4138 551 4193 sias
579 4154 679 4209 pro
704 4140 993 4209 patientia
1028 4141 1230 4201 vestra,
1266 4153 1369 4207 qua
1407 4153 1506 4207 pro
1538 4137 1753 4192 Christo
1785 4137 2031 4208 patimini

440 4226 642 4292 omnia,
676 4231 731 4282 et
763 4242 861 4297 pro
890 4227 998 4294 ﬁde
1031 4233 1209 4279 vestra
1230 4224 1285 4278 in
1315 4226 1644 4296 integritate,
1679 4234 1893 4282 servata
1925 4225 2029 4280 ﬁde

440 4324 490 4370 et
520 4315 797 4385 patientia.
832 4314 1166 4383 Dicohabita
1184 4317 1242 4369 in
1272 4316 1527 4369 omnibus
1544 4317 2029 4387 persecutionibus

2130 3162 2261 3216 Jesu
2294 3160 2437 3229 dico,
2470 3163 2683 3216 venturi
2713 3164 2780 3217 ad
2808 3164 3072 3231 judicium
3130 3167 3195 3221 de
3228 3169 3381 3221 caelo.
3416 3168 3518 3223 Ubi
3548 3168 3621 3222 ait
3653 3169 3721 3226 de

2131 3250 2283 3315 cmlo,
2319 3250 2617 3319 potentiam
2664 3252 2932 3306 venientis
2987 3254 3208 3309 indicat.
3252 3256 3472 3310 Venturi
3502 3256 3623 3312 dico
3653 3257 3721 3314 de

2131 3339 2265 3394 εωιο
2296 3354 2426 3392 eum
2457 3340 2674 3410 angelis
2706 3344 2933 3395 virtutis
2962 3345 3100 3413 ejus.
3136 3344 3195 3396 ln
3224 3343 3318 3397 illo
3349 3345 3583 3399 adventu
3614 3361 3717 3398 an-

2131 3426 2241 3498 geli
2272 3427 2505 3482 virtutis
2536 3444 2657 3481 esse
2688 3428 2960 3493 dicuntur,
2995 3430 3119 3501 quia
3151 3440 3275 3487 tunc
3306 3432 3488 3487 omnia
3520 3442 3719 3503 poten-

2131 3515 2350 3583 tialiter,
2382 3524 2434 3570 et
2466 3516 2639 3571 bonos
2684 3517 2739 3570 in
2770 3518 3032 3589 requiem,
3068 3528 3121 3573 et
3151 3520 3324 3574 malos
3354 3521 3634 3593 porrigent
3664 3522 3719 3577 in

2131 3603 2313 3673 ignem
2347 3623 2359 3669 ;
2394 3605 2491 3658 sed
2520 3605 2574 3657 in
2593 3607 2849 3675 prmsenti
2872 3608 3195 3678 quandoque
3217 3625 3313 3663 eos
3334 3610 3498 3663 etiam
3519 3610 3717 3681 quibus

2131 3700 2369 3761 priesunt
2402 3683 2469 3745 ab
2497 3693 2676 3763 impiis
2704 3694 2978 3763 patiuntur
3015 3696 3195 3767 afﬂigi,
3241 3706 3368 3753 tunc
3397 3706 3576 3752 autem
3610 3715 3719 3753 non

2131 3780 2229 3834 sic.
2264 3781 2323 3832 In
2353 3780 2436 3833 his
2457 3782 2640 3835 verbis
2671 3798 2823 3854 aeque
2853 3792 2900 3837 et
2924 3783 3157 3839 laetificat
3178 3787 3375 3853 justos,
3411 3787 3605 3856 quibus
3628 3803 3721 3843 ve-

2131 3868 2241 3921 niet
2270 3868 2338 3921 ad
2368 3869 2617 3939 salutem,
2651 3878 2703 3924 et
2733 3872 2971 3927 deterret
3004 3874 3194 3939 malos,
3230 3874 3425 3945 quibus
3446 3875 3625 3929 veniet
3651 3875 3720 3929 ad

2130 3972 2366 4025 paruam.
2400 3958 2558 4011 Modo
2589 3959 2768 4012 subdit
2798 3976 2915 4030 quae
2946 3968 3152 4015 tantum
3184 3970 3309 4015 sunt
3338 3962 3407 4016 ad
3437 3962 3718 4018 deterren-

2131 4044 2260 4097 dum
2291 4044 2482 4110 malos,
2509 4046 2695 4101 dicens
2725 4064 2736 4101 :
2763 4048 2953 4103 Veniet
2974 4050 3133 4104 Jesus
3153 4051 3221 4104 de
3242 4050 3381 4105 coelo
3401 4054 3463 4105 in
3486 4053 3720 4119 ﬂamma

2132 4134 2300 4204 ignis,
2333 4134 2386 4187 id
2419 4142 2500 4188 est
2531 4136 2585 4188 in
2632 4136 2802 4207 ignita
2844 4138 3081 4191 ﬂamma.
3133 4139 3233 4193 Illa
3278 4139 3495 4194 ﬂamma
3522 4140 3719 4210 praeci-

2130 4239 2236 4293 pue
2270 4223 2411 4295 ignis
2441 4240 2563 4278 esse
2593 4224 2808 4291 dicitur,
2844 4226 2971 4296 quia
3001 4227 3217 4281 ﬂamma
3261 4228 3545 4298 praesentis
3576 4228 3720 4300 ignis

2134 4320 2567 4381 contemperatur
2592 4313 2915 4368 admistione
2948 4330 3122 4385 aquae,
3158 4324 3210 4369 et
3252 4324 3570 4371 cmterorum
3612 4314 3723 4371 ele-

438 4405 660 4469 vestris,
692 4403 910 4473 quando
963 4403 1031 4457 de
1079 4403 1200 4457 loco
1228 4402 1295 4457 ad
1342 4402 1522 4459 locum
1567 4402 1847 4476 fugamini,
1878 4408 1935 4459 et
1978 4388 2104 4457 inD
2136 4408 2460 4465 mentorum,
2488 4402 2584 4455 sed
2612 4401 2787 4455 futura
2821 4402 3035 4457 flamma
3065 4404 3200 4458 adeo
3222 4412 3435 4458 terrens
3456 4413 3509 4458 et
3532 4420 3721 4475 aspera

443 4492 920 4557 tribulationibus,
948 4491 1165 4561 quando
1183 4491 1499 4545 verberibus
1517 4500 1569 4546 et
1599 4492 1909 4561 opprobriis
1931 4492 2030 4545 tri-

442 4579 720 4644 bulamini,
775 4596 911 4651 quas
970 4580 1379 4649 persecutiones
1427 4588 1479 4633 et
1523 4579 1892 4634 tribulationes
1936 4595 2032 4634 vos

441 4669 739 4723 sustinetis
770 4669 828 4722 in
862 4670 1187 4738 exemplum
1207 4669 1357 4736 justi
1379 4668 1588 4736 judicii
1618 4668 1735 4734 Dei,
1770 4666 1823 4721 id
1856 4676 1937 4721 est
1968 4684 2031 4721 ex

432 4756 580 4825 justo
602 4756 807 4824 judicio
838 4756 956 4810 Dei.
987 4756 1198 4809 Justum
1229 4755 1373 4809 enim
1406 4763 1488 4809 est
1520 4762 1739 4809 sanctos
1770 4756 2030 4826 tribulari,

440 4852 499 4898 ut
526 4844 877 4914 purificentur
901 4861 913 4907 ;
945 4843 1143 4912 impios
1172 4850 1495 4912 potestatem
1522 4843 1725 4897 habere
1755 4843 1809 4897 in
1834 4844 2029 4911 justos,

438 4940 495 4986 ut
525 4931 776 5002 impietas
808 4948 995 4985 eorum
1039 4938 1468 4985 consummetur.
1520 4931 1587 4985 Et
1636 4929 1706 4985 ita
1757 4932 2034 4987 sustinetis

442 5035 509 5073 ex
535 5020 679 5087 justo
714 5020 937 5087 judicio,
973 5028 1031 5073 ut
1061 5018 1177 5073 sitis
1227 5019 1279 5071 in
1312 5019 1619 5089 exemplum
1658 5020 1785 5087 justi
1810 5021 2023 5089 judicii.

442 5108 506 5161 In
538 5106 683 5162 vobis
731 5107 873 5161 enim
921 5106 1319 5177 exempliticare
1367 5124 1657 5177 possumus
1705 5109 1826 5162 aliis
1872 5126 2033 5181 quam

434 5194 640 5263 justum
671 5194 738 5248 sit
760 5194 1019 5263 judicium
1050 5195 1168 5250 Dei.
1195 5196 1502 5251 Sustinetis
1524 5196 1647 5251 ideo
1670 5202 1734 5252 ut
1758 5198 1916 5269 digni
1934 5200 2033 5252 ha-

442 5283 693 5339 beamini
724 5284 783 5337 in
806 5299 975 5353 regno
994 5286 1110 5347 Dei,
1136 5283 1188 5337 id
1211 5292 1293 5338 est
1321 5284 1374 5337 in
1398 5285 1596 5354 quibus
1617 5286 1761 5340 Deus
1780 5295 1965 5356 regnet
1978 5286 2032 5341 in

440 5370 716 5444 presenti.
756 5372 851 5427 Vel
880 5372 1031 5444 digni
1064 5372 1180 5425 sitis
1214 5373 1381 5443 recipi
1409 5373 1465 5427 in
1496 5373 1673 5429 futuro
1704 5390 1874 5446 regno
1906 5375 2025 5429 Dei.

438 5462 570 5528 Vos,
605 5461 743 5517 sicut
774 5460 1038 5533 intelligo,
1092 5462 1370 5516 sustinetis
1414 5470 1472 5515 ut
1518 5463 1669 5535 digni
1722 5462 2034 5517 habeamini

441 5564 541 5618 pro
571 5565 655 5617 eo,
688 5565 793 5622 quo
824 5550 1017 5607 eodem
1050 5558 1107 5605 ut
1137 5549 1288 5624 digni
1316 5550 1620 5607 habeamini
1649 5551 1704 5605 in
1727 5566 1844 5619 vos,
1870 5552 2032 5607 etiam

2134 4488 2232 4542 erit
2262 4489 2407 4559 quod
2437 4490 2634 4543 nullius
2665 4490 2919 4544 elementi
2949 4491 3273 4546 admistione
3304 4492 3571 4546 videbitur
3599 4508 3722 4547 con-

2134 4578 2446 4647 temperari.
2483 4580 2545 4632 In
2574 4580 2803 4646 ﬂamma
2834 4582 2981 4651 ignis
3012 4580 3257 4634 Christus
3286 4581 3481 4636 dicitur
3509 4580 3718 4645 venire,

2133 4681 2239 4720 non
2273 4666 2418 4737 quod
2449 4667 2663 4720 ﬂamma
2696 4668 2843 4723 circa
2874 4684 2996 4722 eum
3028 4668 3114 4735 sit,
3152 4670 3247 4722 sed
3277 4668 3403 4739 quia
3446 4685 3511 4723 eo
3557 4670 3723 4724 adve-

2134 4753 2313 4808 niente
2343 4764 2639 4827 consurget
2670 4756 2778 4820 illa,
2812 4756 2947 4811 sicut
2977 4756 3200 4826 quilibet
3231 4757 3483 4827 princeps
3526 4757 3725 4812 dicitur

2136 4842 2318 4897 venire
2350 4843 2403 4896 in
2435 4844 2560 4914 igne
2603 4853 2651 4898 et
2702 4844 2993 4913 occisione,
3030 4844 3153 4915 quia
3186 4860 3249 4899 eo
3293 4845 3617 4899 adveniente
3669 4854 3725 4900 et

2133 4932 2283 4985 multi
2314 4932 2652 4999 occiduntur,
2697 4942 2747 4987 et
2777 4932 2941 4986 multa
2973 4934 3385 4988 comburuntur.
3421 4934 3569 5005 Ignis
3598 4934 3724 4989 dico

2133 5020 2324 5075 dantis
2348 5021 2736 5086 vindictam,id
2759 5030 3062 5091 estptenam
3086 5024 3171 5077 his
3191 5022 3286 5093 qui
3306 5038 3421 5076 non
3442 5028 3721 5078 noverunt

2133 5110 2329 5173 Deum,
2364 5108 2417 5161 id
2449 5117 2529 5163 est
2562 5108 2652 5179 qui
2684 5108 2846 5164 fidem
2894 5126 3001 5164 non
3042 5110 3367 5175 habuerunt,
3401 5126 3509 5164 non
3541 5118 3723 5165 tamen

2134 5196 2329 5263 solum,
2366 5197 2463 5251 sed
2495 5197 2654 5251 etiam
2687 5200 2773 5253 his
2823 5198 2912 5269 qui
2954 5199 2998 5251 si
3048 5198 3209 5253 fidem
3250 5198 3574 5267 habuerunt,
3606 5215 3724 5253 non

2134 5293 2310 5341 tamen
2322 5286 2651 5341 obedierunt
2666 5288 2960 5357 Evangelio
2982 5288 3399 5342 Domininostri
3418 5289 3545 5341 Iesu
3563 5286 3728 5342 Chri-

2133 5376 2245 5441 sti;
2278 5375 2369 5446 qui
2400 5375 2632 5445 utrique,
2668 5384 2719 5429 et
2747 5392 2853 5430 non
2884 5383 3281 5446 cognoscentes
3312 5377 3505 5440 Deum,
3535 5383 3585 5429 et
3615 5391 3726 5429 non

2132 5464 2449 5518 obedientcs
2463 5464 2767 5536 Evangelio
2788 5463 3001 5519 dabunt
3023 5473 3254 5518 mlernas
3264 5482 3454 5535 poenas
3476 5466 3535 5517 in
3553 5464 3730 5518 inter-

2132 5554 2300 5620 itum,
2336 5553 2388 5606 id
2417 5561 2500 5607 est
2530 5553 2583 5606 in
2614 5553 2793 5609 locum
2823 5568 3125 5623 poenarum,
3158 5552 3435 5623 projectia
3461 5553 3609 5623 facie
3622 5553 3728 5609 Do-
