3966 6050
258 203 365 257 417

816 199 1189 258 EXPOSITIO
1238 203 1311 257 IN
1350 199 1727 258 EPISTOLAS
1758 200 1979 257 PAULI.
2021 232 2089 240 —
2136 201 2207 256 IN
2261 198 2478 256 EPIST.
2522 202 2567 255 ΙΙ
2606 202 2700 256 ΑΙ)
2748 201 2986 257 THESS.

3444 206 3547 258 418

264 327 433 391 mini,
486 342 552 380 ne
600 325 736 380 ultra
781 326 997 381 videant
1043 342 1162 382 eum
1200 346 1211 382 :
1246 333 1298 383 et
1330 327 1557 398 projecti
1601 344 1635 381 a
1668 328 1851 398 gloria
1875 327 1921 387 A
1958 346 1978 376 ι
2019 325 2369 379 illustratione
2423 326 2690 381 adventus
2734 326 2816 379 sui
2865 343 3009 391 eum,
3060 326 3208 394 cujus
3241 333 3321 380 est
3350 328 3552 381 adven-

267 416 497 470 zrirtutis
524 417 662 485 ejus,
713 415 862 482 juxta
894 416 1023 469 illud
1058 431 1068 468 :
1109 440 1128 462 «ι
1167 417 1403 470 Tollatur
1446 416 1644 487 impius
1675 432 1741 469 ne
1772 415 1858 469 vi-

266 502 392 556 deat
419 502 645 572 gloriam
678 503 775 558 Dei
797 503 924 574 (Isa.
953 519 1107 569 xxvi,
1136 506 1244 573 10).
1284 527 1304 554 »
1340 507 1562 560 Dabunt
1586 520 1649 558 ea
1672 504 1859 558 simili-

263 590 452 644 tudine
479 590 623 657 dicit,
674 592 797 661 quia
839 608 946 645 non
987 592 1209 660 majoris
1256 593 1456 647 donum
1496 592 1679 663 gaudii
1725 608 1859 661 pos-

262 686 391 732 sunt
419 678 553 734 dare
583 680 785 734 sanctis
828 696 964 751 quos
986 679 1289 735 afﬂixerunt
1320 698 1479 752 quam
1500 696 1692 752 prunas
1723 695 1859 751 quas

265 766 543 836 patientur
555 808 567 819 .

338 855 399 908 In
436 855 521 908 bis
564 855 748 909 verbis
792 855 986 925 impios
1031 856 1337 927 perterruit.
1399 858 1459 910 In
1507 856 1861 927 sequentibus

264 942 502 998 laetificat
533 944 739 1011 justos,
784 944 972 999 dicens
1006 962 1018 997 :
1050 946 1205 1014 [mpii
1247 945 1451 999 dabunt
1493 961 1684 1015 pinnas
1731 961 1861 1000 cum

270 1031 519 1086 Christus
547 1035 768 1087 venerit
796 1034 1122 1103 gloriﬁcari,
1166 1034 1217 1087 id
1250 1042 1328 1087 est
1362 1042 1417 1087 ut
1455 1033 1727 1104 gloriosus
1758 1049 1856 1103 ap—

268 1129 459 1190 pareat
490 1122 551 1174 in
580 1124 796 1175 sanctis
845 1123 962 1175 suis
1009 1122 1441 1188 remunerandis,
1495 1123 1619 1193 quia
1651 1131 1703 1176 et
1733 1122 1777 1175 si
1809 1122 1863 1175 in

269 1209 376 1263 hoc
405 1208 608 1262 mundo
636 1225 737 1278 per
786 1208 1045 1264 miracula
1093 1218 1145 1263 et
1174 1210 1418 1281 qutedam
1453 1210 1560 1264 alia
1590 1210 1863 1282 gloriosus

270 1296 483 1350 videtur
510 1296 564 1350 in
595 1297 815 1362 sanctis,
857 1306 985 1353 tunc
1016 1298 1177 1369 longe
1210 1299 1443 1368 amplius
1474 1298 1865 1371 gloriﬁcabitur

268 1383 322 1437 in
352 1384 480 1449 illis,
524 1386 739 1454 quando
792 1385 913 1440 illos
943 1386 1012 1439 ab
1043 1386 1189 1440 omni
1222 1386 1591 1457 inquietudine
1622 1396 1860 1456 ereptos,

268 1472 447 1542 gloria
485 1471 815 1527 indeﬁcienti
862 1473 1307 1529 circumvallabit.
1340 1474 1456 1528 Nec
1486 1474 1657 1528 solum
1690 1473 1863 1544 glori-

270 1558 441 1625 ficari,
467 1561 561 1615 sed
586 1562 763 1616 etiam
780 1562 947 1631 (quod
970 1563 1142 1629 majus
1156 1564 1259 1631 est)
1277 1563 1627 1618 admirabilis
1648 1564 1865 1618 venerit

269 1651 396 1718 ﬁeri
408 1651 473 1703 in
485 1650 739 1705 omnibus
758 1651 852 1721 qui
872 1651 1255 1717 crediderunt,
1282 1650 1335 1703 id
1359 1659 1440 1705 est
1459 1651 1551 1721 qui
1574 1667 1671 1721 per
1693 1651 1861 1704 solam

271 1734 435 1791 ﬁdem
469 1737 842 1802 salvabuntur,
892 1738 936 1791 si
980 1746 1193 1793 aetatem
1225 1740 1487 1808 operandi
1515 1756 1621 1793 non
1654 1741 1863 1792 habue-

272 1824 395 1878 rint.
447 1826 576 1880 Ideo
620 1826 876 1880 retribuet
920 1827 1074 1881 vobis
1124 1828 1393 1897 requiem,
1450 1828 1575 1898 quia
1626 1827 1867 1882 testimo-

270 1914 418 1967 nium
443 1922 685 1968 nostrum
714 1916 776 1968 in
805 1914 896 1969 die
925 1916 1044 1981 illo,
1081 1915 1134 1969 id
1157 1923 1240 1969 est
1275 1916 1397 1980 hoc,
1432 1916 1575 1986 quod
1601 1915 1868 1970 testiﬁcati

274 2018 462 2055 sumus
490 2002 647 2056 vobis
678 2003 745 2057 de
778 2003 866 2056 die
898 2003 989 2057 illo
1021 2019 1128 2074 quo
1158 2004 1362 2058 sanctis
1392 2004 1654 2074 requiem,
1689 2004 1868 2074 impiis

270 2090 532 2144 retribuet
552 2090 957 2145 tribulationem
992 2093 1148 2157 :hoc,
1168 2092 1407 2163 inquam,
1432 2093 1711 2148 creditura
1736 2096 1819 2146 est
1837 2107 1869 2146 a

270 2179 446 2247 vobis,
481 2179 607 2249 quia
636 2179 774 2234 bene
805 2180 1112 2234 credidistis
1155 2181 1278 2236 huic
1325 2180 1631 2236 testimonio
1659 2188 1864 2247 nostro,

272 2267 421 2337 quod
454 2268 845 2323 testimonium
875 2267 975 2322 fuit
1001 2286 1172 2340 super
1200 2286 1312 2334 vos,
1348 2269 1475 2340 quia
1507 2270 1645 2323 bene
1676 2285 1872 2339 suppo-

272 2356 455 2409 suistis
504 2356 729 2410 dorsum
794 2356 949 2411 oneri
1006 2358 1370 2428 quodcunque
1428 2358 1865 2428 imponebamus,

270 2443 560 2498 credentes
590 2453 642 2498 et
671 2453 964 2515 operantes
994 2445 1136 2516 quod
1173 2446 1525 2511 docebamus,
1562 2448 1625 2501 in
1648 2463 1752 2517 quo
1782 2445 1870 2501 die

274 2537 343 2587 ut
372 2532 637 2587 Dominus
695 2534 986 2604 dignetur,
1022 2534 1079 2588 id
1110 2541 1191 2588 est
1219 2533 1376 2588 faciat
1411 2550 1499 2589 vos
1539 2534 1735 2604 dignos
1769 2551 1871 2589 sua

270 2622 582 2685 vocatione,
607 2638 709 2677 nos
729 2624 907 2677 etiam
936 2639 1154 2694 semper
1182 2639 1410 2678 oramus
1428 2640 1530 2695 pro
1551 2625 1716 2688 vobis,
1742 2622 1872 2677 utin

271 2708 451 2764 futuro
464 2710 733 2780 dignetur
756 2728 862 2775 vos,
890 2718 1011 2766 etut
1035 2711 1089 2765 in
1112 2712 1366 2781 praesenti
1389 2713 1625 2784 impleat
1647 2728 1871 2767 omnem

268 2798 625 2853 voluntatem
654 2799 942 2865 bonitatis,
976 2799 1031 2854 id
1058 2808 1140 2854 est
1184 2800 1238 2853 in
1270 2800 1522 2855 omnibus
1552 2801 1620 2854 ad
1650 2800 1869 2871 plenum

268 2884 469 2940 bonam
501 2886 834 2941 voluntatem
877 2887 1141 2953 habeatis,
1192 2892 1248 2943 et
1278 2896 1335 2942 ut
1381 2888 1603 2959 impleat
1631 2888 1688 2943 in
1716 2888 1872 2944 vobis

272 2992 414 3046 opus
440 2975 590 3043 ﬁdei.
625 2974 878 3031 Confiteri
909 2976 1183 3031 Christum
1215 2976 1270 3030 in
1309 2977 1481 3031 oculis
1528 2994 1871 3049 persequen-

1965 436 1984 462 α
2022 421 2105 467 tus
2138 415 2435 469 secundum
2483 414 2850 484 operationem
2901 415 3132 479 Satanae,
3186 414 3240 467 in
3270 414 3414 468 omni
3445 414 3552 469 vir-

1965 526 1985 545 «
2024 511 2153 568 tute,
2186 511 2236 557 et
2268 503 2459 574 signis,
2495 512 2545 556 et
2568 503 2837 574 prodigiis
2856 503 3231 571 mendacibus,
3259 503 3384 558 etin
3407 502 3555 557 omni

1964 612 1985 640 ι
2020 591 2334 645 seductione
2383 591 2681 661 iniquitatis
2735 591 2813 645 his
2862 592 2951 662 qui
2999 600 3244 662 pereunt,
3297 607 3361 647 eo
3408 591 3555 663 quod

1967 704 1987 725 α
2023 679 2343 735 charitatem
2377 680 2622 734 veritatis
2656 696 2767 735 non
2813 687 3159 750 receperunt,
3203 688 3260 733 ut
3289 680 3424 734 salvi
3454 680 3555 735 fie—

1967 791 1987 813 α
2024 776 2143 822 rent
2184 768 2311 822 Ideo
2342 769 2513 822 mittet
2545 768 2650 821 illis
2681 769 2825 823 Deus
2843 769 3221 838 operationem
3245 768 3470 835 erroris,
3496 775 3556 823 ut

1966 879 1986 904 u
2026 856 2251 911 credant
2299 856 2601 921 mendacio,
2650 864 2706 909 ut
2748 856 3059 924 judicentur
3107 873 3299 911 omnes
3328 856 3420 928 qui
3449 872 3559 911 non

1966 967 1986 990 «
2025 944 2367 999 crediderunt
2398 945 2621 1009 veritati,
2672 944 2769 998 sed
2817 955 3209 999 consenserunt
3257 944 3549 1017 iniquitati.

1966 1057 1987 1081 α
2024 1034 2139 1087 Nos
2170 1041 2349 1086 autem
2364 1032 2625 1087 debemus
2655 1033 2859 1104 gratias
2881 1049 3048 1105 agere
3073 1035 3186 1088 Deo
3210 1050 3429 1104 semper
3457 1048 3558 1103 pro

1969 1146 1989 1168 «ι
2029 1120 2200 1183 vobis,
2236 1121 2424 1175 fratres
2446 1121 2628 1175 dilecti
2655 1137 2685 1174 a
2716 1122 2851 1187 Deo,
2874 1122 3015 1192 quod
3038 1122 3263 1193 elegerit
3286 1138 3385 1176 nos
3410 1123 3559 1176 Deus

1967 1233 1988 1257 α
2026 1209 2291 1279 primitias
2320 1209 2374 1262 in
2418 1209 2649 1263 salutem
2690 1210 2742 1261 in
2775 1208 3200 1264 sanctiﬁcatione
3233 1210 3472 1280 spiritus,
3508 1217 3562 1263 et

1969 1322 1990 1345 α
2026 1298 2081 1351 in
2112 1296 2216 1351 fide
2247 1297 2507 1363 veritatis,
2553 1297 2609 1350 in
2639 1314 2743 1368 qua
2774 1306 2826 1352 et
2868 1299 3076 1353 vocavit
3106 1314 3203 1354 vos
3232 1314 3332 1368 per
3376 1300 3560 1352 Evan-

1969 1410 1989 1432 ι
2026 1386 2226 1456 gelium
2260 1395 2522 1453 nostrum,
2578 1386 2633 1439 in
2663 1385 3074 1456 acquisitionem
3113 1386 3300 1456 gloria:
3341 1385 3562 1441 Domini

1971 1496 1993 1524 ι
2028 1474 2196 1529 nostri
2227 1475 2354 1528 Jesu
2385 1474 2601 1528 Christi.
2638 1476 2843 1544 Itaque,
2880 1474 3092 1541 fratres,
3128 1482 3284 1539 state,
3310 1481 3363 1527 et
3385 1481 3563 1528 tenete

1970 1558 2349 1612 «traditiones
2392 1573 2531 1627 quas
2584 1558 2870 1621 didicistis,
2926 1557 3037 1611 sive
3081 1573 3181 1626 per
3230 1573 3559 1624 sermonem,

1972 1667 1992 1695 ct
2031 1646 2147 1699 sive
2178 1662 2278 1715 per
2308 1645 2603 1714 Epistolam
2640 1653 2903 1699 nostram.
2940 1646 3061 1714 Ipse
3091 1653 3269 1699 autem
3301 1645 3564 1700 Dominus

1972 1757 1992 1784 α
2028 1742 2214 1788 noster
2244 1734 2404 1787 Jesus
2439 1733 2707 1799 Christus,
2738 1742 2789 1787 et
2814 1735 2959 1787 Deus
2982 1741 3033 1787 et
3056 1734 3215 1788 Pater
3232 1742 3439 1800 noster,
3474 1733 3567 1805 qui

1971 1822 2215 1875 «dilexit
2264 1838 2383 1887 nos,
2437 1829 2490 1875 et
2534 1821 2681 1875 dedit
2735 1821 3159 1876 consolationem
3212 1831 3470 1877 azternam
3513 1828 3567 1877 et

1972 1933 1993 1957 α
2026 1926 2179 1980 spem
2210 1910 2407 1963 bonam
2440 1910 2495 1962 in
2526 1910 2726 1981 gratia,
2761 1910 3077 1964 exbortetur
3106 1911 3271 1965 corda
3301 1919 3483 1966 vestra
3512 1916 3567 1965 et

1972 2022 1993 2046 «ι
2039 1998 2325 2054 continuet
2353 1998 2408 2052 in
2439 1998 2585 2053 omni
2614 2014 2781 2068 Opere
2812 2006 2863 2052 et
2894 2015 3148 2053 sermone
3176 1999 3340 2055 bono.
3380 2023 3401 2047 ιι

2639 2154 2953 2194 EXPOSITIO.

2046 2281 2335 2351 Postquam
2370 2280 2440 2334 ad
2468 2279 2778 2351 patientiam
2828 2279 3157 2335 sufﬁcienter
3188 2296 3283 2335 eos
3313 2280 3563 2351 armavit,

1969 2370 2289 2424 determinat
2319 2377 2469 2424 certa
2500 2376 2551 2423 et
2598 2369 2870 2423 evidentia
2920 2369 3079 2441 signa
3121 2370 3301 2424 dando
3332 2369 3567 2426 futurum

1970 2458 2133 2522 diem,
2166 2473 2268 2527 pro
2302 2473 2408 2527 quo
2441 2456 2518 2510 illi
2567 2456 2739 2511 territi
2770 2465 2945 2523 erant,
2996 2465 3247 2527 putantes
3277 2474 3446 2529 prope
3476 2458 3566 2512 in-

1972 2553 2119 2600 stare
2148 2545 2300 2599 illum
2330 2544 2493 2599 diem.
2552 2544 2721 2613 Quasi
2749 2544 2952 2600 diceret
2987 2563 2999 2599 :
3036 2546 3142 2616 Spe
3182 2544 3371 2601 futurae
3402 2546 3566 2602 retri-

1972 2634 2210 2688 butionis
2244 2634 2314 2688 ad
2345 2633 2663 2703 patientiam
2695 2633 2774 2689 sic
2803 2650 2900 2689 vos
2932 2650 3208 2689 armemus
3240 2654 3253 2701 ;
3287 2651 3356 2690 ne
3386 2644 3567 2690 autem

1971 2727 2078 2778 cito
2098 2723 2445 2788 moveamini,
2472 2738 2734 2795 rogamus
2758 2739 2845 2779 vos
2868 2723 2992 2794 quia
3012 2726 3225 2795 fratres
3243 2744 3260 2779 :
3283 2740 3564 2795 rogamus,

1972 2811 2211 2883 inquam,
2242 2828 2343 2883 per
2364 2811 2669 2867 adventum
2698 2812 2923 2867 Domini
2957 2813 3141 2869 nostri
3166 2814 3299 2868 Jesu
3334 2812 3564 2880 Christi,

1971 2899 2027 2954 id
2058 2907 2159 2966 est,
2193 2899 2239 2953 si
2272 2899 2324 2953 in
2356 2899 2477 2971 ipso
2498 2900 2737 2955 adventu
2755 2900 3023 2955 Christum
3048 2900 3342 2956 salutarem
3365 2901 3569 2956 habere

1973 2987 2153 3053 vultis,
2186 2993 2241 3042 et
2271 3005 2371 3058 per
2419 2989 2716 3044 adventum
2763 2992 2975 3045 nostra:
3014 2991 3470 3060 congregationis
3505 2990 3569 3043 in

272 3062 431 3129 tium»
464 3064 567 3119 hoc
598 3073 678 3119 θεῖ
698 3080 835 3135 opus
858 3066 1005 3136 (ἰυοά
1034 3064 1170 3120 ﬁdes
1188 3066 1372 3137 εκίὲίῖ·
1404 3066 1556 3136 opus
1578 3065 1703 3121 ﬁdei
1724 3067 1867 3135 dico.
1906 3038 1951 3098 Ο
1973 3038 2178 3148 ipsum,
2201 3077 2255 3131 id
2271 3038 2390 3142 test,
2414 3076 2472 3131 'si
2494 3093 2615 3132 cum
2638 3078 3067 3149 congregatione
3088 3038 3327 3131 fidelium
3353 3077 3569 3131 obviam

278 3152 346 3205 in
376 3153 587 3207 virtute
614 3172 631 3207 :
662 3169 783 3208 cum
832 3154 977 3208 enim
1022 3154 1310 3209 confitetur
1340 3154 1461 3225 quis
1495 3152 1654 3209 fidem
1687 3171 1872 3210 coram

274 3248 674 3310 persequente,
708 3249 836 3297 tunc
866 3243 1182 3297 necessaria
1211 3250 1293 3297 est
1321 3242 1491 3296 virtus
1519 3244 1861 3299 constantiae.

274 3327 508 3382 Oramus
537 3330 697 3383 etiam
724 3335 791 3385 ut
820 3347 1025 3387 nomen
1058 3332 1281 3388 Domini
1310 3334 1493 3386 nostri
1511 3334 1640 3386 Jesu
1664 3331 1873 3386 Christi

273 3418 341 3471 in
364 3418 465 3473 hoc
487 3419 697 3474 mundo
717 3421 1071 3488 elariﬁcetur
1102 3423 1163 3475 in
1186 3421 1352 3485 vobis,
1380 3421 1679 3475 secundum
1708 3420 1871 3475 fidem

274 3505 582 3577 agentibus,
618 3512 675 3562 et
701 3514 756 3561 ut
802 3524 893 3564 vos
933 3509 987 3562 in
1038 3507 1215 3564 futuro
1264 3507 1630 3564 clarificemini
1678 3511 1740 3564 in
1771 3510 1872 3565 illo

272 3603 655 3649 remunerante
677 3596 853 3661 vobis,
877 3613 984 3651 non
1009 3598 1318 3652 secundum
1339 3597 1592 3652 meritum
1606 3606 1870 3667 vestrum,

272 3682 372 3736 sed
404 3683 701 3738 secundum
740 3685 1106 3740 abundantem
1138 3688 1388 3756 gratiam
1421 3687 1647 3741 Domini
1688 3687 1870 3743 nostri

274 3772 407 3826 Jesu
438 3770 667 3827 Christi.

782 3914 1025 3971 304
1054 3915 1281 3971 CAPUT
1324 3916 1389 3970 II.

349 4076 369 4101 ι
407 4054 687 4125 Rogamus
717 4064 899 4111 autem
928 4072 1047 4123 vos,
1082 4056 1300 4125 fratres,
1327 4072 1429 4127 per
1449 4056 1741 4111 adventum
1765 4058 1874 4111 Do-

276 4163 298 4191 «
336 4141 470 4195 mini
494 4143 664 4197 nostri
693 4143 819 4198 Jesu
869 4144 1065 4199 Christi
1104 4152 1157 4199 et
1200 4153 1402 4199 nostrae
1431 4144 1872 4217 congregationis

274 4254 295 4275 ιε
333 4230 392 4283 in
420 4231 620 4300 ipsum,
653 4240 709 4286 ut
736 4248 848 4286 non
893 4234 999 4288 cito
1047 4233 1373 4288 moveamini
1404 4248 1437 4287 a
1465 4241 1650 4288 vestro
1682 4250 1869 4288 sensu.

273 4339 295 4368 α
329 4319 524 4389 Neque
555 4320 890 4386 terreamini,
925 4338 1101 4392 neque
1132 4337 1230 4392 per
1257 4321 1527 4392 spiritum,
1561 4338 1740 4392 neque
1775 4337 1875 4392 per

1975 3165 2191 3219 Christo
2222 3165 2481 3219 advenire
2512 3165 2694 3232 vultis,
2729 3166 2814 3219 vel
2844 3166 3297 3236 congregationis
3326 3172 3571 3220 venturae

1973 3253 2027 3306 in
2057 3254 2291 3324 idipsum
2343 3253 2489 3324 quod
2532 3252 2778 3307 Christus
2828 3262 2929 3320 est,
2981 3254 3188 3309 scilicet
3232 3253 3287 3307 in
3320 3254 3572 3309 incorru-

1974 3342 2214 3411 ptionem
2236 3359 2247 3395 :
2268 3342 2391 3405 hoc,
2412 3341 2657 3411 inquam,
2682 3358 2942 3411 rogamus
2971 3358 3080 3408 vos,
3096 3346 3161 3397 ut
3187 3358 3302 3397 non
3327 3344 3441 3399 cito
3461 3358 3573 3397 mo-

1975 3431 2239 3485 veamini.
2277 3430 2394 3484 Cito
2425 3437 2599 3494 esset,
2634 3430 2679 3483 si
2711 3437 2821 3483 toto
2854 3438 3094 3499 tempore
3124 3429 3246 3484 vitae
3276 3446 3572 3486 moveren-

1974 3528 2079 3573 tur.
2108 3519 2437 3574 Moveamini
2467 3518 2591 3573 dico
2609 3536 2641 3572 a
2662 3522 2846 3573 vestro
2863 3533 3055 3582 sensu,
3076 3517 3129 3571 id
3150 3526 3229 3571 est
3250 3518 3318 3571 ab
3336 3534 3401 3572 eo
3424 3517 3571 3589 quod

1975 3607 2241 3670 sensistis,
2283 3614 2335 3661 et
2370 3623 2470 3677 per
2516 3622 2603 3660 me
2657 3606 2942 3660 docentem
2991 3605 3350 3660 intellexistis.
3388 3607 3572 3677 Neque

1978 3697 2312 3751 terrea-mini
2334 3696 2493 3767 quasi
2514 3696 2691 3750 instet
2705 3694 2823 3749 dies
2846 3695 3090 3758 Domini,
3111 3694 3237 3766 quia
3250 3709 3442 3748 revera
3462 3709 3574 3748 non

1973 3785 2155 3839 instat.
2177 3784 2523 3839 Terreamini
2536 3783 2658 3838 dico
2672 3800 2849 3855 neque
2860 3799 2961 3855 per
2972 3785 3238 3855 spiritum
3252 3782 3569 3853 malignum,

1976 3888 2302 3945 quocunque
2350 3872 2513 3927 modo
2561 3869 2957 3943 signiﬁcantem
3004 3872 3123 3926 haec
3162 3870 3357 3937 vobis;
3390 3886 3571 3943 neque

1972 3978 2075 4033 per
2094 3977 2432 4028 sermonem,
2466 3960 2518 4013 id
2540 3968 2621 4014 est
2642 3976 2741 4030 per
2758 3959 3062 4014 doctrinam
3088 3959 3307 4014 illorum
3328 3960 3571 4030 pseudo;

1974 4067 2153 4122 neque
2189 4066 2291 4121 per
2319 4049 2621 4121 epistulam
2660 4050 2897 4103 missam
2941 4064 2973 4102 ει
3004 4048 3403 4119 deceptoribus,
3442 4052 3574 4103 tan-

1976 4156 2143 4210 quam
2192 4155 2293 4210 μεν
2338 4155 2461 4192 nos.
2502 4137 2803 4208 Signabant
2849 4137 2993 4191 enim
3043 4136 3300 4207 epistolas
3349 4136 3572 4191 nomine

1976 4225 2142 4292 Pauli,
2176 4232 2231 4279 ut
2263 4226 2367 4280 hoc
2413 4241 2619 4297 genere
2670 4225 2874 4279 fraudis
2920 4225 3243 4280 seducerent
3291 4222 3572 4280 Ecclesias

1976 4313 2144 4367 Pauli.
2179 4314 2477 4383 Rogamus,
2505 4330 2574 4367 ne
2596 4312 2925 4378 terreamini,
2946 4320 2999 4368 et
3018 4330 3089 4368 ne
3111 4314 3319 4384 aliquis
3338 4328 3573 4384 unquam

274 4428 297 4455 ι
333 4423 663 4474 sermonem,
698 4426 874 4480 neque
909 4426 1008 4479 per
1036 4409 1339 4480 Epistolam
1368 4417 1626 4481 tanquam
1648 4427 1749 4481 per
1771 4426 1871 4465 nos
1893 4395 1944 4453 D
1974 4402 2206 4458 sedueat
2242 4418 2331 4457 vos
2362 4401 2658 4472 praemissis
2688 4401 2886 4467 modis,
2922 4401 3010 4456 vel
3034 4403 3153 4457 ullo
3172 4401 3278 4456 alio
3300 4402 3481 4470 modo,
3514 4408 3574 4456 ut

276 4519 299 4542 ις
337 4496 585 4564 missam,
621 4498 777 4567 quasi
807 4498 969 4551 instet
1000 4498 1118 4553 dies
1153 4499 1389 4554 Domini.
1414 4499 1496 4554 Ne
1528 4499 1650 4571 quis
1671 4515 1768 4553 vos
1789 4515 1878 4554 se-

279 4605 301 4633 ι
340 4584 505 4639 ducat
532 4584 643 4639 ullo
670 4586 860 4641 modo.
919 4585 1190 4654 Quoniam
1229 4588 1333 4642 nisi
1366 4588 1577 4643 venerit
1607 4587 1876 4644 discessio

274 4688 297 4716 ι
335 4666 651 4739 [dissensio]
679 4669 934 4739 primum,
969 4679 1022 4724 et
1060 4671 1330 4727 revelatus
1360 4670 1519 4725 fuerit
1549 4672 1711 4727 homo
1741 4688 1875 4742 pec-

276 4776 297 4805 ς
336 4755 466 4821 cati,
500 4754 645 4810 filius
681 4757 1025 4827 perditionis,
1083 4758 1175 4830 qui
1213 4759 1535 4814 adversatur
1575 4768 1628 4814 et
1658 4760 1876 4814 extolli-

276 4866 298 4890 ιι
336 4851 426 4897 tur
457 4860 624 4915 supra
654 4860 813 4901 omne
845 4848 992 4918 quod
1042 4847 1237 4903 dicitur
1286 4848 1453 4914 Deus,
1487 4855 1577 4901 aut
1608 4848 1754 4918 quod
1786 4864 1877 4903 co-

277 4953 300 4981 ι
336 4931 481 4998 titur,
516 4933 587 4986 ita
636 4942 693 4988 ut
737 4934 791 4987 in
838 4935 1040 5005 templo
1091 4935 1188 4990 Dei
1238 4934 1444 4999 sedeat,
1493 4936 1787 4991 ostendens
1819 4952 1877 4991 se

278 5028 594 5091 «tanquam
646 5022 714 5075 sit
770 5024 938 5078 Deus.
999 5024 1192 5078 Nonne
1247 5024 1491 5078 retinetis
1537 5024 1701 5094 quod,
1755 5042 1877 5080 cum

279 5130 299 5157 ε
338 5108 521 5164 adhuc
566 5126 745 5165 essem
773 5111 914 5181 apud
945 5128 1076 5177 vos,
1120 5112 1236 5166 haec
1284 5112 1530 5167 dicebam
1579 5113 1778 5168 vobis?
1808 5114 1879 5167 Et

276 5220 297 5245 ει
333 5213 481 5253 nunc
512 5199 641 5269 quid
672 5200 909 5255 detineat
930 5200 1097 5267 scitis,
1132 5208 1191 5254 ut
1220 5201 1493 5256 reveletur
1523 5200 1577 5255 in
1612 5218 1711 5256 suo
1743 5210 1878 5256 tem-

276 5308 298 5335 ι
335 5302 493 5357 pore.
550 5289 687 5341 Nam
738 5290 1056 5360 mysterium
1095 5290 1208 5359 jam
1257 5296 1513 5360 operatur
1558 5289 1874 5361 iniquitatis,

276 5398 298 5421 α
337 5383 547 5430 tantum
579 5384 633 5429 ut
665 5378 755 5448 qui
795 5386 941 5433 tenet
985 5386 1131 5443 tunc,
1182 5387 1361 5434 teneat
1390 5379 1567 5434 donec
1600 5378 1666 5432 de
1697 5377 1878 5433 medio

277 5484 299 5513 ι
334 5462 449 5518 fiat.
483 5464 549 5518 Et
579 5472 706 5519 tunc
738 5466 1067 5522 revelabitur
1111 5467 1200 5522 ille
1228 5467 1465 5539 iniquus,
1495 5482 1655 5539 quem
1685 5466 1878 5521 Domi-

278 5574 300 5595 u
335 5567 441 5605 nus
468 5551 628 5607 Jesus
672 5552 959 5612 interﬁciet
1009 5555 1203 5627 spiritu
1251 5556 1363 5611 oris
1394 5556 1497 5622 sui,
1548 5563 1602 5610 et
1639 5555 1880 5611 destruet

1978 4490 2212 4547 credatis
2242 4491 2444 4546 instare
2469 4490 2614 4545 diem
2644 4489 2880 4555 Domini,
2915 4492 3182 4562 quoniam
3213 4507 3321 4545 non
3352 4489 3576 4544 instabit

1976 4580 2065 4635 hic
2094 4580 2232 4645 dies,
2264 4581 2381 4635 nisi
2427 4581 2679 4651 primum
2710 4580 2928 4634 venerit
2954 4579 3233 4636 discessio.
3269 4577 3575 4635 Discessio-

1978 4685 2104 4724 nem
2132 4676 2287 4724 vocat
2337 4667 2673 4734 Ambrosius,
2725 4668 2983 4739 quoniam
3023 4669 3344 4732 Romanum,
3396 4667 3451 4721 id
3488 4672 3571 4721 est

1979 4757 2348 4812 Christianum
2395 4756 2721 4827 imperium,
2775 4772 3097 4828 quocunque
3141 4763 3398 4822 mutetur,
3458 4753 3574 4810 sive

1980 4845 2462 4916 Constantinopoli,
2530 4845 2643 4900 sive
2699 4844 2848 4911 alibi,
2909 4845 3043 4899 nihil
3092 4844 3314 4915 impedit
3361 4842 3573 4898 solum-

1978 4934 2141 4989 modo
2190 4933 2556 4988 Christianum
2614 4933 2771 4988 duret
2817 4932 3122 5004 imperium.
3177 4931 3463 5001 Quoniam,
3516 4931 3573 4987 in

1981 5038 2163 5094 quam,
2197 5023 2303 5077 hoc
2333 5022 2702 5077 Christianum
2732 5022 3020 5093 imperium
3046 5021 3395 5091 dissolvetur,
3429 5021 3575 5094 quod

1982 5128 2082 5166 nec
2115 5127 2272 5182 reges
2323 5119 2481 5164 erunt
2534 5111 2628 5182 qui
2672 5111 2959 5166 haereticos
3002 5110 3252 5181 puniant,
3302 5127 3574 5182 pervaso-

1979 5216 2066 5255 res
2119 5199 2473 5255 ecclesiarum
2519 5200 2822 5264 destruant,
2873 5216 2975 5255 nec
3019 5200 3261 5255 Romano
3308 5199 3573 5271 pontifici,

1981 5289 2073 5359 qui
2118 5288 2363 5361 Spiritale
2424 5288 2715 5359 imperium
2756 5288 2939 5353 habet,
2992 5289 3225 5343 mundus
3266 5289 3323 5342 in
3370 5288 3573 5343 unitate

1981 5376 2106 5432 fidei
2137 5377 2411 5446 subjectus
2462 5378 2584 5443 erit,
2639 5377 2735 5432 sed
2779 5376 2856 5432 sic
2902 5378 2968 5430 ab
3016 5385 3245 5449 utroque
3273 5376 3575 5431 Christiano

1978 5466 2229 5535 imperio,
2265 5474 2317 5521 et
2349 5466 2615 5531 saiculari,
2650 5467 2788 5521 sicut
2808 5474 2932 5520 sunt
2957 5483 3141 5538 reges,
3169 5474 3221 5519 et
3243 5463 3489 5535 spiritali,
3518 5471 3575 5519 ut

1984 5554 2221 5611 305
2245 5569 2409 5626 papa,
2432 5555 2666 5611 mundus
2688 5555 2968 5623 discedet;
2998 5563 3127 5609 tunc
3143 5552 3379 5625 primum
3407 5568 3575 5626 para-
