3966 6050
435 162 539 217 419

932 163 988 219 8.
1049 162 1402 222 BRUNONIS
1457 164 2101 222 CARTHUSIANORUM
2160 166 2646 227 INSTITUTORIS
2704 169 2855 227 OPP.
2914 172 3090 230 PARS
3146 175 3215 230 ΙΙ.

3613 178 3719 234 420

436 292 550 339 tum
579 286 678 341 erit
700 287 1003 356 jumentum
1050 289 1195 360 quod
1244 290 1503 345 ascendet
1552 290 1937 358 Antichristus,
1970 290 2025 344 id
2046 291 2097 353 Α
2126 300 2207 346 tas
2236 292 2363 347 ﬁdei
2397 302 2449 348 et
2480 294 2847 351 Christianum
2884 298 3174 369 imperium
3212 299 3315 367 ﬁat
3344 300 3410 355 de
3436 302 3645 368 medio;
3664 302 3721 359 id

438 381 520 427 est
547 373 814 439 inﬁdeles,
849 375 940 447 qui
971 377 1212 431 membra
1244 379 1556 433 Antichristi
1578 379 1823 434 certatim
1841 378 1897 431 in
1926 379 2027 433 de—

437 471 730 525 structione
761 470 886 526 ﬁdei
914 482 1275 543 000perentur
1303 475 1395 528 tali
1425 475 1605 545 capiti,
1640 484 1692 529 et
1721 476 1884 541 facta,
1926 476 2029 530 hac

437 559 773 615 discessione
795 561 973 615 veniet
1001 562 1365 617 Antichristus
1396 563 1449 616 in
1482 579 1578 617 sua
1607 564 2024 633 opportunitate.

440 648 549 702 Sed
579 648 623 702 si
653 648 813 703 modo
862 650 1067 704 veniret
1112 651 1332 718 mundo,
1383 652 1672 705 obediente
1720 668 1785 706 ex
1835 652 2028 719 majori

438 744 591 806 parte
621 737 865 792 Romano
913 737 1148 807 pontiﬁci
1192 737 1246 791 in
1276 739 1479 793 unitate
1527 738 1672 806 ﬁdei,
1726 748 1777 793 et
1808 740 2029 809 regibus

441 824 759 879 Christianis
805 826 982 880 adhuc
1032 826 1195 880 ﬁdem
1247 827 1538 891 tuentibus,
1571 828 1894 897 imparatum
1925 828 2028 881 ha-

440 912 591 967 beret
612 914 934 982 jumentum,
969 915 1114 985 quod
1146 915 1482 981 ascenderet,
1517 923 1570 969 et
1599 932 1708 969 non
1738 932 1836 970 suo
1866 916 2029 970 modo

434 1002 704 1072 proﬁcere
734 1012 938 1073 posset.
991 1001 1219 1070 Quando
1253 1011 1431 1057 tamen
1466 1002 1647 1056 futura
1677 1011 1758 1057 est
1789 1003 1881 1057 illa
1911 1003 2029 1057 dis-

441 1091 616 1146 cessio
643 1091 696 1144 in
745 1092 874 1145 sede
905 1091 1047 1145 beati
1096 1091 1260 1156 Petri,
1312 1092 1412 1145 etsi
1452 1091 1506 1144 in
1538 1091 1743 1161 paucis,
1778 1090 1915 1146 ﬁdes
1944 1100 2028 1145 ta-

439 1195 567 1233 men
594 1178 926 1249 pardurabit.
963 1179 1122 1246 Quod
1152 1179 1336 1234 dicunt
1355 1180 1527 1233 sancti
1549 1179 1850 1233 obtinuisse
1882 1179 2030 1233 illam

441 1267 741 1322 orationem
772 1267 989 1336 Christi,
1022 1268 1091 1321 de
1137 1283 1239 1338 qua
1282 1269 1438 1322 Petro
1467 1268 1540 1320 ait
1574 1285 1587 1321 :
1627 1290 1648 1317 ι
1684 1270 1803 1339 Ego
1848 1284 1946 1337 pro
1978 1275 2029 1322 te

440 1356 651 1428 rogavi,
680 1358 855 1425 Patre,
880 1364 937 1409 ut
957 1372 1063 1410 non
1082 1354 1297 1410 deﬁciat
1315 1354 1448 1410 fides
1470 1358 1719 1423 tua(Luc.
1745 1371 1890 1420 χχιι,
1916 1356 2025 1425 32).

512 1444 619 1498 Alii
648 1452 841 1500 vocant
887 1443 1279 1499 discessionem
1310 1444 1391 1514 (ut
1419 1445 1488 1499 de
1524 1445 1772 1499 saeculari
1803 1444 2029 1514 imperio

443 1534 675 1602 taceant)
709 1532 925 1603 quando
957 1531 1205 1587 homines
1234 1532 1300 1585 ab
1334 1532 1539 1587 unitate
1571 1530 1696 1586 ﬁdei
1725 1532 2025 1600 discedent,

2130 390 2210 435 est
2241 381 2509 437 sublatum
2562 384 2840 440 auferatur
2886 387 2953 440 de
2982 388 3386 443 communitate.
3421 390 3504 443 Ab
3546 405 3612 445 aa
3641 390 3720 444 si-

2127 469 2429 525 militudine
2491 472 2691 527 dictum
2753 483 2853 539 est,
2918 491 3024 545 qua
3068 475 3298 531 dicimus
3349 494 3361 529 :
3412 477 3509 532 Hic
3557 479 3720 533 homo

2128 567 2373 612 mortuus
2419 559 2593 615 factus
2642 570 2723 616 est
2768 562 2836 615 de
2885 564 3086 628 medio,
3143 564 3197 618 id
3245 574 3327 619 est
3376 566 3618 619 sublatus
3647 566 3715 620 de

2129 648 2513 703 communitate
2558 650 2857 704 hominum.
2892 652 2989 706 Vel
3019 652 3093 706 ita
3126 670 3139 705 :
3173 653 3569 709 Tantummodo
3613 656 3719 710 hoc

2128 743 2367 789 moratur
2378 737 2764 791 Antichristum
2788 743 2851 793 ut
2873 741 2969 811 qui
2994 757 3146 795 nunc
3171 745 3327 795 tenet
3349 742 3714 796 Christianum

2128 823 2416 893 imperium
2437 833 2489 879 et
2510 826 2763 880 unitatem
2789 826 2931 892 ﬁdei,
2960 832 3151 884 teneat
3170 830 3271 884 hoc
3292 831 3498 895 tandiu,
3522 832 3717 897 donec,

2128 912 2399 983 iniquitas,
2435 930 2555 984 qua:
2582 916 2744 970 modo
2767 923 2848 970 est
2870 917 2968 970 sub
2988 918 3268 988 mysterio,
3303 919 3405 986 ﬁat
3429 919 3494 975 de
3517 921 3718 987 medio,

2129 1001 2183 1054 id
2209 1010 2292 1054 est
2320 1003 2388 1056 de
2418 1003 2818 1070 communitate,
2851 1013 2907 1057 ut
2951 1005 3088 1061 sicut
3119 1007 3283 1061 modo
3315 1005 3451 1061 ﬁdes
3481 1007 3535 1061 in
3564 1023 3723 1062 com-

2129 1089 2277 1143 muni
2308 1098 2409 1155 est,
2456 1090 2712 1163 iniquitas
2757 1092 2813 1145 in
2843 1093 3077 1159 occulto,
3118 1094 3198 1150 sic
3244 1094 3299 1147 in
3335 1102 3575 1165 tempore
3604 1098 3724 1150 An-

2128 1176 2357 1232 tichristi
2390 1178 2525 1233 ﬁdes
2571 1179 2639 1233 sit
2686 1180 2740 1233 in
2780 1181 3014 1246 occulto,
3062 1182 3315 1252 iniquitas
3343 1183 3396 1236 in
3427 1184 3721 1251 communi,

2129 1265 2252 1336 quia
2281 1267 2529 1321 membra
2578 1267 2849 1335 ejus”non
2896 1270 3017 1338 plus
3046 1270 3365 1325 erubescant
3406 1280 3584 1327 actum
3614 1272 3723 1326 im-

2128 1353 2340 1423 pietatis
2370 1371 2529 1426 quam
2558 1355 2789 1425 pietatis,
2832 1364 2886 1411 et
2914 1357 3005 1428 qui
3036 1356 3198 1412 fidem
3228 1359 3481 1423 habeant,
3507 1360 3723 1429 paucis—

2130 1440 2252 1495 simi
2281 1452 2457 1497 crunt.
2491 1444 2558 1497 Et
2602 1452 2727 1499 tunc
2768 1452 3061 1516 postquam
3104 1445 3193 1501 hic
3225 1446 3316 1517 qui
3347 1463 3492 1503 nunc
3516 1447 3722 1502 detinet

2128 1546 2272 1595 eum,
2323 1531 2598 1586 auferetur
2643 1533 2713 1586 de
2761 1533 2959 1601 medio,
3009 1534 3094 1588 vel
3136 1542 3418 1604 postquam
3462 1535 3720 1605 iniquitas

443 1629 495 1675 et
515 1621 758 1675 diversas
789 1620 995 1675 erroris
1024 1620 1139 1675 vias
1168 1620 1561 1692 ingrediantur,
1587 1628 1712 1675 tunc
1732 1620 1913 1675 veniet
1940 1635 2028 1673 as-
2048 1642 2100 1701 B
2131 1617 2221 1672 ﬁet
2242 1620 2310 1673 de
2331 1620 2531 1687 medio,
2560 1620 2973 1692 tunc,inquam,
2991 1623 3327 1678 revelabitur
3345 1624 3447 1679 ille
3467 1624 3717 1697 iniquus,

442 1724 640 1764 censor
668 1708 1029 1763 Antichristus
1070 1716 1240 1763 strato
1280 1710 1525 1777 jumento
1558 1709 1702 1778 quod
1748 1708 2026 1763 ascendat.

440 1797 580 1863 Nisi,
602 1797 843 1868 inquam,
867 1798 1117 1868 primum
1141 1797 1357 1851 venerit
1379 1796 1661 1863 discessio,
1682 1801 1735 1851 et
1758 1797 1899 1851 facta
1920 1796 2031 1850 dis-

442 1884 690 1940 cessione
734 1886 1014 1940 revelatus
1060 1887 1259 1955 fuerit,
1307 1884 1397 1954 qui
1445 1885 1607 1939 modo
1655 1884 1897 1939 occultus
1950 1892 2034 1939 est

441 1972 625 2028 homo.
661 1972 863 2027 Contra
910 1973 1013 2027 hoc
1066 1972 1211 2043 quod
1260 1971 1507 2027 dicturus
1537 1980 1635 2039 est,
1672 1972 1844 2026 Deum
1873 1979 2032 2026 vocat

443 2077 565 2115 eum
597 2061 892 2125 hominem,
927 2061 992 2112 ab
1026 2060 1170 2113 omni
1203 2060 1401 2113 deitate
1433 2059 1688 2113 alienum.
1725 2062 1913 2125 Homo,
1945 2059 2032 2112 in-

444 2166 624 2220 quam,
655 2148 895 2219 peccati,
922 2147 1048 2217 quia
1081 2146 1219 2202 sicut
1248 2148 1489 2201 Christus
1511 2148 1672 2201 homo
1699 2147 1931 2215 iustitiae,
1954 2148 2033 2203 sic

442 2236 544 2290 iste
577 2236 736 2290 totius
767 2234 976 2305 peccati
1002 2252 1014 2299 ;
1048 2239 1102 2289 et
1121 2236 1278 2303 ﬁlius
1295 2236 1654 2306 perditionis,
1681 2235 1735 2288 id
1760 2244 1843 2289 est
1870 2235 2030 2305 geni-

442 2332 527 2378 tus
555 2324 623 2378 ad
654 2323 1009 2394 perditionem
1059 2338 1300 2389 suorum,
1349 2322 1489 2377 sicut
1539 2322 1779 2377 Christus
1826 2323 1896 2377 ad
1925 2323 2034 2377 sal-

443 2396 714 2469 vationem
753 2412 1056 2479 justorum;
1089 2411 1180 2481 qui
1222 2411 1383 2465 etiam
1430 2419 1482 2465 et
1527 2411 1745 2465 nomine
1789 2418 1839 2465 et
1870 2426 2032 2481 opere

442 2502 775 2556 adversatur
800 2500 1035 2554 Christo.
1069 2499 1222 2554 Unde
1252 2508 1305 2553 et
1334 2500 1693 2555 Antichristus
1723 2500 2028 2565 vocabitur;

443 2597 496 2644 et
526 2589 619 2660 qui
647 2590 953 2645 extollitur
972 2605 1144 2659 supra
1175 2603 1337 2643 omne
1358 2589 1498 2659 quod
1521 2588 1733 2643 dicitur
1771 2590 1933 2652 Deus,
1977 2587 2032 2642 id

444 2686 527 2734 est
560 2678 704 2749 quod
733 2676 1091 2747 nuncupative
1135 2677 1279 2731 Deus
1312 2676 1529 2741 dicitur,
1563 2685 1615 2730 et
1644 2692 1753 2731 non
1786 2684 1867 2730 est
1899 2676 2031 2729 sub-

444 2765 783 2830 stantialiter,
818 2772 874 2818 ut
904 2772 1029 2819 sunt
1074 2764 1266 2831 sancti,
1313 2765 1610 2819 secundum
1640 2764 1772 2818 illud
1807 2779 1819 2817 :
1856 2788 1877 2811 α
1912 2765 2032 2836 Ego

442 2854 553 2909 dixi
587 2869 598 2907 :
634 2854 719 2908 Dii
750 2853 881 2908 estis
912 2854 1087 2924 (Psal.
1111 2867 1274 2919 xxxx,
1309 2854 1362 2921 6)
1400 2867 1411 2905 :
1452 2876 1473 2900 η
1506 2850 1610 2919 Qui
1632 2852 1793 2907 etiam
1816 2852 2031 2907 extolli-

441 2949 532 2997 tur
559 2958 721 3013 supra
748 2957 909 2997 omne
938 2939 1081 3013 quod
1101 2942 1310 2996 colitur
1338 2941 1503 3008 Deus,
1529 2949 1581 2995 et
1602 2957 1730 2996 vere
1752 2942 1898 2995 Deus
1928 2948 2029 2996 est.

442 3030 750 3097 Extollitur,
770 3032 854 3085 ita
874 3034 939 3085 ut
962 3029 1150 3091 sedeat
1171 3030 1232 3083 in
1256 3031 1462 3101 templo
1484 3030 1582 3084 Dei
1613 3029 1703 3099 (ad
1719 3029 1953 3083 litteram
1974 3029 2028 3083 in

442 3119 809 3190 Hierusalem)
848 3118 903 3172 in
952 3134 1059 3189 quo
1113 3117 1358 3173 Christus
1406 3118 1607 3182 docuit,
1667 3133 1923 3173 asserens
1971 3134 2030 3173 se

442 3223 566 3263 esse
596 3224 783 3262 verum
834 3208 1025 3271 Deum,
1067 3206 1339 3261 Christum
1368 3214 1549 3261 autem
1579 3206 1746 3261 fuisse
1768 3206 2029 3277 decepto-

442 3312 561 3351 rem
589 3304 643 3352 et
670 3311 912 3367 magum.
948 3295 1141 3351 Sedeat
1170 3294 1291 3350 dico
1339 3295 1393 3348 in
1452 3295 1652 3366 templo
1684 3296 1802 3362 Dei,
1837 3300 2029 3351 osten-

443 3385 580 3441 dens
609 3402 666 3441 se
692 3386 839 3440 sicut
869 3386 947 3439 sit
970 3385 1132 3439 Deus.
1155 3383 1292 3452 Nisi,
1317 3383 1559 3454 inquam,
1584 3384 1698 3439 haec
1717 3384 1874 3457 signa
1890 3400 2033 3455 prae-

444 3473 729 3539 cesserint,
762 3488 869 3527 non
898 3473 1051 3543 prius
1090 3472 1310 3526 instabit
1356 3473 1475 3527 dies
1517 3472 1750 3527 Domini.
1807 3475 1873 3527 Et
1902 3488 2029 3528 cre-

444 3562 575 3617 dere
607 3561 768 3617 etiam
798 3560 1009 3615 debetis
1052 3576 1160 3615 non
1203 3559 1361 3615 aliter
1390 3560 1589 3615 instare
1619 3560 1761 3615 diem
1791 3560 2025 3626 Domini,

442 3651 565 3723 quia
586 3667 701 3706 non
722 3652 984 3705 retinetis
997 3648 1327 3715 memoriter,
1351 3649 1492 3720 quod
1507 3665 1635 3703 cum
1655 3650 1836 3703 adhuc
1854 3665 2029 3704 essem

442 3740 591 3811 apud
620 3756 711 3794 vos
739 3738 987 3793 dicebam
1034 3738 1180 3791 vobis
1205 3738 1323 3791 haec
1351 3751 1694 3805 praecessura
1730 3752 1851 3791 esse
1883 3737 2028 3791 diem

442 3826 679 3881 Domini.
713 3827 775 3879 In
807 3841 872 3879 eo
902 3824 1046 3895 quod
1068 3824 1161 3889 ait,
1187 3841 1315 3879 cum
1336 3825 1517 3879 adhuc
1539 3840 1736 3889 essem,
1764 3823 2031 3896 signiﬁcat

442 3930 502 3968 se
533 3912 681 3969 circa
700 3914 889 3967 horam
909 3913 1184 3967 discessus
1206 3912 1288 3965 sui
1310 3912 1425 3967 haec
1448 3911 1741 3967 tradidisse
1762 3912 1885 3967 illis.
1912 3915 2028 3968 Mos

442 4000 585 4056 enim
614 4008 728 4055 erat
758 3999 911 4053 Pauli
937 3999 991 4053 in
1021 3998 1211 4069 primis
1241 3998 1638 4070 simplicitatem
1661 3982 2026 4056 Ecclesiarum

443 4088 777 4161 simplicibus
805 4086 989 4143 fovere
1024 4087 1399 4155 documentis;
1433 4088 1549 4155 sed,
1584 4088 1688 4143 illis
1713 4089 1827 4157 jam
1854 4089 2029 4159 perfa-

439 4178 528 4246 tis,
562 4194 737 4249 eoque
767 4177 981 4232 volente
1009 4176 1298 4242 recedere,
1332 4183 1458 4233 tunc
1489 4177 1722 4248 primum
1752 4178 2027 4233 revelabat

441 4266 547 4321 illis
579 4266 788 4321 occulta
818 4265 1195 4336 mysteriorum
1226 4264 1346 4320 Dei.

2055 2991 2102 3053 Ο

2132 1724 2293 1778 quem
2314 1709 2582 1763 Dominus
2593 1711 2750 1764 Jesus
2762 1710 3069 1777 interﬁciet
3090 1711 3308 1781 Spiritu
3319 1713 3433 1767 oris
3445 1712 3553 1766 sui.
3578 1712 3721 1767 Dicit

2132 1795 2325 1850 beatus
2356 1796 2676 1850 Ambrosius
2706 1799 2893 1852 Jesum
2924 1796 3345 1869 sefostensurum
3366 1798 3719 1865 Antichristo,

2131 1892 2183 1937 et
2200 1883 2465 1939 clamante
2482 1884 2721 1940 306
2740 1887 2767 1938 J
2772 1902 2887 1952 esu,
2913 1885 3263 1941 interﬁciatur
3279 1887 3366 1942 hic
3383 1887 3601 1958 impius;
3621 1888 3719 1942 sed

2130 1967 2259 2039 quid
2289 1968 2565 2035 clamabit,
2617 1969 2906 2025 nescimus.
2957 1970 3153 2025 Dicunt
3196 1970 3285 2024 alii
3316 1972 3461 2042 quod
3490 1970 3719 2026 Michael

2132 2055 2248 2109 solo
2297 2062 2498 2111 terrore
2550 2073 2647 2111 suo
2692 2057 3072 2113 interfecturus
3128 2059 3197 2113 sit
3245 2059 3387 2114 hunc
3437 2059 3717 2114 Antichri-

2132 2150 2292 2197 stum.
2323 2143 2482 2198 Jesus
2523 2145 2739 2215 quidem
2781 2145 3067 2201 interﬁciat
3112 2162 3258 2213 eum,
3311 2154 3363 2202 et
3399 2156 3591 2217 postea
3620 2146 3718 2202 de-

2132 2238 2303 2285 struet
2333 2248 2455 2285 eum
2484 2233 2801 2287 damnatum
2830 2241 2883 2289 et
2914 2233 2967 2287 in
3001 2249 3226 2305 corpore
3258 2242 3311 2290 et
3340 2235 3393 2288 in
3432 2235 3635 2289 anima.

2202 2321 2462 2375 Destruet
2479 2321 2600 2376 dico
2621 2323 3011 2377 illustratione
3033 2323 3306 2379 adventus
3330 2324 3436 2389 sui,
3470 2323 3523 2378 id
3545 2331 3630 2379 est
3650 2338 3717 2379 eo

2132 2407 2453 2463 adveniente
2483 2410 2551 2463 ad
2578 2410 2839 2478 judicium
2869 2411 2924 2464 in
2953 2427 3149 2483 magna
3180 2411 3445 2467 claritatis
3474 2412 3717 2467 illustra-

2130 2496 2296 2552 tione.
2318 2499 2454 2552 Eum
2477 2498 2598 2553 dico
2619 2498 2909 2564 adventus,
2924 2501 3086 2569 cujus
3099 2505 3181 2554 est
3203 2501 3512 2556 secundum
3532 2517 3722 2572 opera-

2132 2586 2343 2640 tionem
2380 2587 2649 2653 Satanae;
2681 2586 2802 2657 quia
2834 2588 2971 2642 sicut
2992 2588 3236 2642 Christus
3259 2590 3572 2659 operatione
3596 2588 3720 2658 Spi-

2131 2673 2264 2727 ritus
2296 2674 2485 2739 sancti,
2525 2673 2602 2729 sic
2633 2674 2732 2728 ista
2771 2675 3069 2730 secundum
3106 2676 3475 2746 operationem
3508 2676 3721 2732 Satanm

2130 2761 2399 2816 adveniet.
2457 2763 2849 2833 Operationem
2892 2763 3015 2819 dico
3058 2780 3217 2835 quam
3262 2764 3503 2820 facturus
3541 2766 3719 2819 estin

2130 2852 2286 2905 omni
2306 2850 2534 2919 virtute,
2560 2850 2763 2905 scilicet
2780 2852 2842 2905 in
2864 2853 3039 2922 signis
3058 2856 3113 2907 et
3125 2852 3413 2923 prodigiis.
3429 2853 3597 2925 Signa
3617 2852 3721 2906 mi-

2128 2953 2278 3004 nora,
2331 2938 2583 3009 prodigia
2622 2948 2816 3005 vocat;
2849 2940 3072 3008 majora,
3117 2940 3390 2997 miracula.
3437 2940 3619 3013 Signis
3668 2948 3723 2996 et

2131 3026 2399 3098 prodigiis
2446 3027 2570 3082 dico
2622 3028 3000 3093 mendacibus,
3051 3028 3138 3083 vel
3185 3028 3311 3099 quia
3338 3045 3448 3084 non
3477 3029 3721 3085 eruntin

2131 3113 2211 3168 rei
2239 3115 2485 3185 veritate,
2524 3115 2621 3169 sed
2651 3116 2741 3181 ita,
2776 3132 2872 3185 per
2891 3115 3180 3187 magicam,
3214 3116 3540 3172 videbuntur
3570 3132 3715 3172 esse.

2131 3202 2230 3259 Vel
2258 3202 2640 3270 mendacibus,
2673 3205 2819 3274 quia,
2852 3204 2954 3258 etsi
2984 3204 3241 3259 miracula
3272 3220 3405 3260 vera
3433 3205 3557 3273 sint,
3590 3205 3718 3261 ideo

2130 3300 2310 3347 tamen
2336 3292 2641 3360 mendacia,
2677 3292 2799 3363 quia
2832 3293 2979 3362 quod
3007 3292 3241 3363 probare
3272 3293 3574 3359 intendunt,
3608 3293 3718 3349 exi-

2130 3388 2216 3435 tus
2260 3380 2337 3435 rei
2382 3380 2575 3436 falsum
2607 3380 2875 3451 probavit,
2926 3381 3312 3436 Antichristum
3348 3381 3553 3437 scilicet
3605 3397 3718 3437 non

2130 3485 2252 3524 esse
2280 3470 2483 3535 Deum;
2518 3469 2587 3524 ad
2620 3469 2763 3539 quod
2809 3469 3148 3538 probandum
3195 3470 3457 3526 miracula
3484 3484 3723 3540 praeces-

2131 3568 2331 3611 serant.
2365 3558 2483 3611 Erit
2508 3558 2671 3613 etiam
2700 3557 2964 3612 adventus
2995 3558 3112 3627 ejus
3133 3559 3196 3613 in
3216 3560 3371 3614 omni
3391 3558 3717 3614 seductione

2129 3646 2473 3718 iniquitatis,
2508 3645 2634 3716 quia
2682 3646 2828 3700 omni
2873 3661 3075 3716 genere
3123 3646 3412 3717 impietatis
3457 3646 3705 3701 seducet.

2128 3735 2461 3790 Seductione
2492 3734 2613 3788 dico
2643 3733 2784 3789 facta
2806 3734 2891 3788 his
2911 3735 3006 3804 qui
3025 3739 3285 3805 pereunt,
3315 3735 3439 3806 quia
3461 3734 3589 3804 justi
3606 3748 3717 3789 non

2129 3823 2478 3877 saducentur.
2513 3823 2741 3876 Pereunt
2769 3821 2978 3889 merito,
3003 3838 3064 3876 eo
3082 3822 3224 3893 quod
3244 3839 3359 3877 non
3381 3826 3718 3895 receperunt

2128 3911 2471 3966 charitatem
2502 3910 2783 3975 veritatis,
2831 3909 2885 3963 id
2928 3917 3010 3964 est
3040 3909 3313 3965 Christum
3344 3910 3435 3981 qui
3466 3919 3548 3965 est
3576 3925 3718 3981 pura

2127 3998 2346 4064 veritas,
2381 4006 2432 4053 et
2462 3998 2515 4052 in
2551 4013 2658 4069 quo
2695 4004 2845 4052 tanta
2892 3997 3125 4051 charitas
3174 4007 3230 4054 ut
3259 3999 3314 4053 in
3344 4007 3571 4055 mortem
3603 4008 3717 4054 tra-

2129 4086 2283 4142 deret
2313 4102 2373 4142 se
2402 4102 2501 4158 pro
2533 4086 2709 4141 nobis.
2740 4087 2860 4140 Non
2892 4094 3229 4156 receperunt,
3261 4092 3327 4143 ut
3348 4088 3494 4144 salvi
3510 4089 3719 4157 ﬁerent

2127 4191 2226 4245 per
2257 4192 2399 4245 eum,
2434 4190 2640 4247 exquo
2688 4175 2862 4230 omnis
2905 4175 3070 4229 salus.
3104 4175 3172 4230 Et
3220 4176 3340 4231 ideo
3371 4176 3494 4248 quia
3523 4175 3714 4231 nolue-

2126 4272 2247 4317 runt
2274 4264 2471 4319 salvari
2492 4266 2685 4320 mittet
2705 4266 2821 4320 illis
2843 4266 2986 4321 Deus
3006 4265 3388 4336 operationem
3407 4265 3635 4328 erroris,
3660 4263 3717 4317 id

510 4355 673 4410 Facta
702 4354 1037 4409 discessione
1064 4353 1244 4409 veniet
1272 4353 1654 4421 Antichristus,
1679 4358 1735 4409 et
1767 4354 1899 4427 quid
1920 4354 2023 4410 hoc
2043 4343 2095 4402 D
2128 4359 2212 4407 est
2241 4368 2527 4407 erroneum
2555 4361 2897 4423 operatorem
2935 4351 3345 4417 Antichristum,
3377 4356 3442 4407 ut
3474 4352 3715 4409 credant

442 4442 510 4498 sit
540 4443 685 4514 quod
715 4458 870 4497 nunc
901 4442 1153 4497 detineat
1172 4458 1315 4509 eum,
1348 4459 1416 4497 ne
1447 4442 1516 4496 ad
1545 4459 1790 4513 praesens
1822 4442 2021 4510 veniat,

438 4546 538 4587 vos
558 4530 695 4585 bene
712 4532 888 4596 scitis,
915 4531 1019 4586 hoc
1038 4530 1245 4586 scilicet
1262 4530 1466 4585 detinet
1486 4547 1628 4597 eum,
1653 4535 1717 4586 ut
1744 4532 2025 4587 reveletur

438 4619 501 4674 in
531 4635 649 4685 suo,
683 4619 736 4673 id
780 4626 862 4673 ast
903 4618 957 4672 in
1004 4617 1107 4672 sibi
1156 4626 1463 4689 Opportune
1507 4622 1794 4690 tempore;
1827 4618 1921 4672 sed
1955 4617 2021 4683 si,

438 4708 666 4763 durante
696 4708 899 4761 unitate
930 4706 1055 4762 ﬁdei
1085 4715 1137 4762 et
1165 4707 1467 4762 Christiano
1508 4706 1759 4777 imperio,
1790 4706 2019 4771 veniret,

436 4796 491 4851 in
520 4812 619 4852 suo
649 4812 758 4851 non
804 4804 1047 4866 tempore
1094 4796 1449 4851 revelaretur.
1492 4795 1634 4850 Vere
1664 4794 1718 4848 in
1751 4810 1848 4849 suo
1878 4801 2023 4848 tem-

434 4900 565 4955 pore
610 4884 955 4950 revelabitur,
990 4902 1126 4939 nam
1166 4884 1323 4939 etiam
1354 4885 1481 4954 jam
1510 4898 1617 4938 non
1648 4899 1745 4937 suo
1777 4890 2023 4953 tempore

438 4977 708 5045 operatur
736 4976 1069 5045 mysterium
1114 4974 1438 5045 iniquitatis
1465 5014 1477 5038 ,
1521 4972 1574 5025 id
1610 4979 1690 5027 est
1735 4971 2022 5041 mysticam

437 5068 489 5115 et
531 5061 763 5116 velatam
812 5062 1165 5132 iniquitatem,
1218 5077 1313 5131 per
1373 5060 1618 5114 membra
1664 5060 2022 5130 praecedentia

435 5149 541 5205 hoc
582 5148 874 5205 nefandum
918 5158 1092 5221 caput.
1148 5149 1550 5204 Tantummodo
1592 5149 1695 5204 hoc
1744 5147 2021 5203 residuum

436 5238 609 5295 estad
637 5239 1017 5294 revelationem
1061 5238 1197 5305 ejus,
1232 5242 1295 5292 ut
1326 5237 1420 5309 qui
1450 5253 1604 5291 nunc
1639 5241 1812 5303 tenet,
1857 5236 1911 5290 id
1940 5244 2022 5291 est

2126 4441 2437 4508 mendacio,
2463 4448 2515 4495 et
2536 4445 2599 4495 ut
2606 4442 2962 4513 judicentur,
2986 4441 3041 4495 id
3064 4440 3503 4509 estdamnantur,
3520 4455 3713 4497 omnes

2126 4531 2221 4601 qui
2250 4545 2366 4583 non
2386 4530 2625 4585 credunt
2646 4530 2892 4595 veritati,
2913 4529 2967 4583 id
2990 4537 3073 4585 est
3093 4530 3307 4584 Christo
3331 4547 3345 4596 ;
3377 4529 3471 4585 sed
3486 4543 3717 4585 consen-

2124 4622 2324 4673 serunt
2352 4618 2669 4688 iniquitati,
2702 4617 2758 4672 id
2787 4626 2866 4673 est
2896 4618 3225 4674 Antichristo

2197 4704 2335 4772 Quia
2364 4705 2575 4760 dixerat
2622 4706 2872 4777 superius
2918 4714 3201 4761 venturum
3233 4704 3622 4762 Antichristum
3651 4707 3716 4761 in

2125 4796 2279 4849 omni
2297 4796 2505 4850 virtute
2524 4794 2805 4865 signorum
2828 4803 2880 4850 et
2898 4794 3291 4866 prodigiorum,
3312 4796 3451 4851 etin
3472 4796 3717 4851 omnlse-

2124 4882 2409 4951 ductione,
2443 4890 2499 4937 ut
2529 4883 2852 4937 damnentur
2879 4898 3069 4938 omnes
3111 4899 3219 4938 non
3249 4882 3536 4939 credentes
3562 4882 3712 4938 vari-

2125 4970 2234 5037 tati,
2269 4971 2365 5025 sed
2408 4970 2811 5025 consentientes
2860 4970 3148 5042 iniquitati,
3196 4987 3265 5026 ne
3310 4969 3364 5025 in
3408 4970 3494 5025 his
3529 4970 3712 5026 verbis

2123 5060 2529 5113 deterrerentur
2572 5059 2666 5126 illi,
2727 5059 2976 5114 timentes
3003 5060 3146 5115 hunc
3177 5075 3299 5114 esse
3342 5066 3628 5114 venturum
3658 5058 3715 5112 in

2123 5147 2315 5201 diebus
2370 5146 2502 5212 suis,
2543 5163 2708 5218 super
2755 5148 2858 5204 hoc
2906 5148 3214 5203 consolatur
3244 5163 3339 5203 eos
3369 5146 3584 5213 Paulus,
3621 5146 3711 5201 di-

2123 5251 2253 5291 cens
2284 5250 2391 5290 non
2423 5250 2516 5290 eos
2566 5234 2779 5290 visuros
2820 5236 2963 5291 diem
3011 5235 3349 5291 Antichristi.
3399 5235 3601 5289 Littera
3629 5234 3711 5289 sic

435 5326 637 5383 detinet
665 5344 808 5394 eum,
840 5342 909 5380 ne
956 5326 1150 5392 veniat,
1198 5324 1405 5380 scilicet
1447 5324 1811 5379 Christianum
1842 5324 2019 5395 impe-
2116 5324 2362 5396 jungitur
2396 5339 2407 5377 :
2442 5324 2706 5380 Veniente
2755 5324 2973 5396 quidem
3020 5323 3348 5380 Antichristo
3385 5322 3712 5391 judicaban-

434 5415 573 5472 rium
601 5422 653 5472 et
672 5414 851 5471 unitas
873 5412 1017 5480 ﬁdei,
1042 5413 1295 5470 detineat
1313 5428 1435 5469 eum
1458 5413 1657 5480 tandiu,
1683 5413 1877 5481 donec,
1900 5411 2020 5467 uni-

2123 5420 2209 5467 tur
2266 5412 2671 5469 consentientes
2725 5412 3021 5483 iniquitati;
3052 5428 3155 5468 nos
3198 5416 3391 5469 autem
3452 5411 3714 5467 debemus
