3966 6050
252 224 351 280 421

812 220 1193 278 EXPOSITIO
1232 221 1306 276 IN
1342 220 1721 277 EPISTOLAS
1761 220 1983 277 PAULI.
2015 251 2082 260 —
2111 220 2439 303 IN'EPIST.
2482 220 2528 275 II
2566 221 2662 275 AD
2701 220 2942 276 THESS.

3350 226 3355 229 ’
3435 219 3539 277 422

257 364 478 419 semper
502 363 664 418 agere
698 348 804 402 Deo
835 349 1050 417 gratias
1081 348 1190 401 Deo
1211 345 1373 414 (sicut
1395 361 1563 416 supra
1594 344 1853 415 exposui-
1874 348 1926 407 A
1957 345 2076 400 Dei.
2110 353 2162 398 et
2189 344 2287 416 [al.
2321 345 2449 400 add.
2486 345 2561 416 in]
2602 345 2859 415 patientia
2890 343 3111 399 Christi.
3156 341 3545 396 Denuntiamus

264 436 412 505 mus)
441 451 539 504 pro
572 434 745 498 vobis,
778 436 908 505 quia
935 438 1148 504 fratres
1178 437 1313 489 estis
1345 434 1541 489 dilecti
1574 452 1607 487 a
1638 436 1763 498 Deo,
1800 434 1855 487 id

260 532 346 579 est
379 539 516 594 quos
547 524 693 577 Deus
722 522 927 576 dilexit.
976 523 1103 575 Ideo
1131 522 1405 591 praecipue
1435 522 1637 591 gratias
1688 538 1854 591 agere

261 612 406 683 quod
434 627 499 665 ex
530 610 821 665 dilectione
852 611 1083 681 elegerit
1113 625 1230 675 nos,
1256 626 1343 663 me
1371 618 1423 663 et
1445 626 1536 664 vos
1560 611 1723 676 Deus,
1746 625 1857 663 non

264 697 431 783 ﬁnem
461 698 742 766 Ecclesiae,
774 698 829 751 in
861 713 997 768 quos
1026 697 1203 752 veniat
1244 697 1625 761 Antichristus,
1659 705 1856 752 ventu-

266 803 362 840 rus
385 787 441 839 in
471 786 801 841 novissimis.
854 786 962 840 Sed
993 785 1157 856 elegit
1205 800 1305 839 nos
1331 787 1640 857 primitias,
1674 785 1729 838 id
1775 792 1859 838 est

266 874 574 945 primitivos
630 874 685 927 in
742 872 886 939 ﬁde;
922 873 1106 943 elegit,
1164 873 1401 944 inquam,
1435 875 1498 927 in
1553 873 1858 927 habendam

267 969 527 1017 aeternam
559 963 804 1017 salutem
835 977 934 1030 per
973 962 1078 1015 hoc
1109 961 1255 1031 quod
1285 960 1461 1031 posuit
1490 977 1589 1015 nos
1618 963 1679 1015 in
1720 977 1858 1015 san-

265 1050 673 1118 ctiﬁcationem
704 1050 969 1120 Spiritus.
1013 1049 1117 1103 Per
1149 1049 1408 1119 Spiritum
1438 1049 1582 1103 enim
1614 1055 1860 1103 sanctum

264 1136 589 1206 justiﬁcavit
620 1152 721 1191 nos
742 1137 794 1189 in
818 1136 1105 1206 baptismo,
1140 1153 1259 1207 qum
1282 1136 1634 1192 sanctiﬁcatio
1664 1136 1751 1190 via
1782 1144 1862 1190 est

270 1225 329 1278 in
353 1225 502 1279 illam
536 1225 786 1279 salutem.
841 1228 910 1279 Et
945 1232 1003 1278 ut
1043 1224 1426 1292 sanctiﬁcaret,
1458 1225 1641 1295 posuit
1669 1240 1768 1278 nos
1800 1227 1861 1279 in

268 1314 382 1382 ﬁde
443 1316 739 1379 veritatis,
772 1320 829 1366 ut
882 1312 1265 1368 confiteremur
1315 1313 1608 1377 Christum,
1660 1313 1751 1383 qui
1781 1321 1863 1367 est

269 1417 409 1473 pura
438 1402 662 1467 veritas,
697 1401 835 1456 sicut
853 1401 1219 1457 Antichristus
1240 1417 1397 1455 error
1424 1410 1475 1455 et
1495 1401 1859 1456 mendacium.

273 1491 338 1545 In
370 1507 479 1562 qua
509 1489 614 1544 ﬁde
643 1490 910 1557 habenda,
945 1489 1083 1544 sicut
1114 1489 1280 1561 elegit
1308 1506 1427 1553 nos,
1462 1491 1535 1543 ita
1565 1494 1619 1544 et
1650 1491 1865 1545 vocavit

272 1594 366 1633 vos
394 1595 497 1649 per
526 1578 892 1648 Evangelium
913 1582 1192 1645 nostrum,
1226 1586 1283 1631 ut
1322 1585 1488 1631 totum
1537 1577 1692 1632 vobis
1723 1584 1869 1631 esset

269 1682 338 1720 ex
388 1666 580 1737 gratia.

351 1753 592 1818 Vocavit,
644 1752 882 1823 inquam,
910 1769 1021 1807 non
1063 1753 1118 1807 in
1150 1752 1338 1819 otium,
1400 1752 1496 1807 sed
1528 1756 1589 1807 in
1617 1754 1865 1825 acquisi-

274 1840 490 1895 tionem
519 1841 732 1911 gloriae,
766 1840 821 1893 id
852 1849 935 1895 est
983 1849 1063 1905 ut,
1097 1841 1378 1910 operando
1433 1841 1703 1911 quomodo
1734 1840 1868 1894 ﬁdes

272 1928 464 2000 exigit,
499 1928 726 2001 gloriam
765 1928 920 1982 vobis
951 1945 1073 1984 cum
1106 1929 1286 2000 dignis
1323 1929 1583 1998 operibus
1622 1930 1870 2000 acquira-

274 2017 364 2071 tis.
401 2017 603 2071 Gloria:
631 2016 775 2080 dico,
805 2017 1031 2071 Domini
1052 2019 1234 2072 nostri
1263 2019 1394 2072 Jesu
1427 2016 1654 2082 Christi,
1685 2016 1740 2070 id
1789 2024 1870 2070 est

275 2105 525 2159 eamdem
585 2120 746 2174 quam
798 2105 961 2159 habet
994 2105 1255 2159 Dominus
1309 2105 1469 2159 Jesus
1501 2105 1766 2171 Christus,
1800 2104 1869 2158 ad

276 2192 425 2246 illam
456 2192 845 2263 acquirendam
880 2209 978 2247 vos
1026 2194 1254 2247 vocavit.
1290 2192 1758 2247 Considerandum
1790 2200 1873 2246 est

277 2281 553 2351 quomodo
582 2288 914 2350 praepostero
960 2281 1152 2335 ordine
1182 2281 1364 2335 omnia
1412 2281 1669 2351 posuerit.
1716 2280 1872 2334 Prius

280 2368 427 2422 enim
479 2376 781 2435 vocantur;
817 2368 1014 2423 deinde
1045 2369 1097 2423 in
1142 2368 1248 2423 ﬁde
1319 2368 1678 2435 conﬁtentur;
1712 2367 1874 2422 ﬁdem

281 2454 603 2511 conﬁtentes
632 2472 731 2526 per
767 2455 1094 2526 baptismum
1134 2456 1573 2523 sanctiﬁcantur;
1630 2455 1873 2511 sanctiﬁ-

280 2544 413 2599 catis
470 2544 539 2613 (si
622 2549 998 2615 perseverant)
1055 2545 1204 2599 salus
1276 2553 1481 2599 aeterna
1534 2553 1865 2599 reservatur.

282 2630 755 2703 Quandoquidem,
790 2631 1009 2701 fratres,
1044 2632 1217 2688 vocati
1243 2633 1373 2687 estis
1404 2633 1457 2686 in
1489 2632 1875 2688 sanctiﬁcatio-

283 2736 352 2774 ne
383 2719 635 2789 Spiritus,
670 2728 723 2775 et
752 2720 806 2773 in
838 2720 1195 2791 acquisitione
1242 2720 1452 2793 gloriae.
1480 2722 1673 2793 Itaque
1706 2725 1873 2786 state,

281 2807 337 2862 id
359 2815 443 2863 est
472 2807 637 2862 fortes
668 2816 839 2863 estote
863 2808 919 2862 in
966 2809 1108 2863 bono
1140 2825 1337 2879 opere,
1400 2809 1544 2879 quod
1586 2809 1829 2879 coepistis
1863 2824 1875 2862 :

281 2900 339 2950 et
372 2899 560 2951 tenete
591 2904 1010 2967 perseveranter
1041 2896 1381 2953 traditiones
1412 2897 1535 2952 vitae
1555 2896 1679 2951 ﬁdei
1700 2906 1753 2952 et
1774 2898 1875 2951 ha-

280 2983 449 3050 bitus,
477 3001 613 3055 quas
634 3000 664 3037 a
685 3000 772 3038 me
792 2985 1095 3055 didicistis,
1126 2987 1240 3041 sive
1262 3002 1363 3057 per
1383 3002 1719 3051 sermonem,
1745 2986 1878 3040 dum

284 3071 703 3142 praedicaverim
732 3072 907 3143 vobis,
941 3075 1055 3129 sive
1099 3089 1203 3144 per
1255 3075 1564 3146 Epistolam
1593 3078 1875 3141 nostram,

286 3158 357 3213 ad
380 3175 477 3214 vos
506 3159 786 3215 directam.
820 3161 1043 3227 Moneo,
1079 3168 1236 3228 state,
1274 3169 1325 3217 et
1373 3170 1570 3217 tenete.
1605 3163 1673 3217 Ut
1701 3169 1881 3216 autem

286 3255 476 3302 tenere
504 3248 745 3318 possitis,
771 3250 889 3320 ipse
910 3250 1184 3305 Dominus
1201 3254 1395 3306 noster
1414 3252 1573 3306 Jesus
1598 3250 1877 3316 Christus,

288 3339 347 3391 et
378 3336 544 3402 Deus,
579 3340 635 3391 et
667 3339 842 3392 Pater
869 3341 1065 3393 noster
1096 3338 1423 3393 voluntatem
1456 3338 1637 3410 jungit
1668 3354 1884 3407 semper

287 3437 415 3478 cum
445 3423 704 3493 potentia.
766 3425 938 3491 Pater,
973 3441 1170 3480 nomen
1199 3426 1304 3495 piae
1348 3425 1678 3491 voluntatis;
1711 3428 1877 3491 Deus,

290 3519 375 3566 est
400 3512 669 3581 potentiae.
699 3512 803 3578 Qui
819 3513 1029 3567 dilexit
1049 3530 1150 3568 nos
1170 3518 1226 3569 et
1246 3514 1400 3569 dedit
1420 3514 1578 3569 nobis
1606 3518 1884 3570 aeternam

289 3600 753 3665 consolationem,
783 3600 838 3653 in
873 3600 1106 3656 307
1143 3601 1400 3671 prazsenti
1454 3602 1598 3657 enim
1655 3602 1883 3657 tribula-

291 3685 439 3741 tione
468 3686 655 3757 incipit
686 3703 785 3742 nos
801 3688 1092 3755 consolari,
1120 3690 1444 3744 continuans
1460 3690 1886 3745 consolationem

288 3790 465 3845 usque
493 3774 545 3827 in
578 3783 834 3829 aeternam
880 3776 1140 3847 requiem.
1177 3776 1282 3844 Qui
1323 3778 1485 3832 etiam
1545 3778 1695 3833 dedit
1726 3778 1886 3833 nobis

292 3879 455 3934 spem
482 3864 683 3918 bonam
714 3863 1061 3934 singulariter
1112 3864 1418 3921 dicendam.
1453 3866 1590 3935 Spes
1645 3866 1789 3921 enim
1819 3867 1887 3921 de

291 3950 501 4005 caelesti
531 3949 708 4022 gloria
737 3967 900 4021 super
928 3952 1109 4006 omnia
1138 3969 1257 4022 quae
1305 3962 1594 4023 sperantur
1614 3996 1626 4019 ,
1661 3954 1889 4009 dicenda

294 4046 380 4093 est
410 4038 571 4093 bona.
609 4040 757 4094 Hanc
777 4039 964 4111 utique
996 4056 1150 4109 spem
1200 4041 1347 4094 dedit
1378 4041 1534 4096 nobis
1566 4044 1627 4097 in
1678 4044 1884 4113 gratia,

298 4126 518 4198 quando
561 4127 720 4181 nobis
752 4128 957 4182 remisit
978 4136 1204 4198 peccata
1230 4146 1244 4194 ;
1277 4128 1330 4182 in
1354 4129 1624 4199 baptismo
1654 4131 1885 4199 solvere,

298 4215 510 4269 scilicet
537 4230 637 4270 nos
667 4231 699 4269 a
726 4215 987 4286 peccatis,
1024 4216 1211 4269 tribuit
1252 4217 1409 4271 nobis
1439 4234 1592 4287 spem
1622 4219 1890 4274 habendae

299 4301 511 4373 gloriae.
566 4304 707 4372 Ipse,
742 4304 986 4374 inquam,
1038 4304 1204 4369 Deus,
1241 4304 1331 4376 qui
1359 4321 1459 4375 per
1525 4306 1759 4377 gratiam
1816 4314 1893 4360 tot

1956 443 2134 489 autem
2184 434 2375 499 vobis,
2429 434 2658 499 fratres,
2695 434 2748 487 in
2804 434 3023 487 nomine
3108 431 3323 485 Domini
3380 429 3549 484 nostri

1954 524 2083 576 Jesu
2113 522 2329 585 Christi,
2372 531 2427 575 ut
2463 522 2791 575 subtrahatis
2821 537 2918 575 vos
2947 522 3015 573 ab
3044 520 3191 573 omni
3239 519 3404 573 fratre
3435 534 3551 572 am-

1957 610 2177 664 bulante
2211 609 2533 675 inordinate,
2588 618 2641 663 et
2699 625 2807 664 non
2856 609 3154 663 secundum
3206 607 3549 662 traditionem

1958 714 2122 768 quam
2178 706 2507 766 acceperunt
2535 714 2565 750 a
2606 697 2786 751 nobis.
2834 697 2941 767 Ipsi
3024 697 3167 750 enim
3219 695 3368 750 scitis
3412 710 3552 765 que-

1957 787 2307 840 madmodum
2363 793 2614 856 Oporteat
2671 786 2866 838 imitari
2942 800 3061 850 nos,
3134 784 3387 855 quoniam
3445 798 3555 836 non

1959 874 2183 944 inquieti
2215 873 2414 927 fuimus
2442 874 2583 927 inter
2601 889 2719 940 vos,
2755 890 2933 943 neque
2963 873 3138 943 gratis
3167 887 3366 942 panem
3397 887 3555 924 man-

1960 962 2276 1017 ducavimus
2306 963 2372 1015 ab
2401 962 2602 1032 aliquo,
2636 963 2732 1016 sed
2792 962 2847 1014 in
2885 962 3073 1015 labore
3125 968 3176 1015 et
3236 960 3554 1031 fatigatione

1961 1057 2119 1105 nocte
2150 1058 2201 1104 et
2225 1050 2312 1104 die
2342 1058 2661 1119 operantes,
2698 1066 2765 1104 ne
2796 1066 2954 1122 quem
2988 1056 3228 1103 vestrum
3286 1063 3553 1119 gravare-

1962 1154 2108 1191 mus.
2196 1139 2319 1191 Non
2376 1138 2530 1208 quasi
2593 1154 2702 1192 non
2788 1137 3137 1191 habuerimus
3211 1143 3551 1205 potestatem,

1964 1226 2061 1280 sed
2090 1234 2147 1279 ut
2180 1226 2543 1296 nosmetipsos
2573 1225 2805 1280 formam
2835 1226 3093 1280 daremus
3145 1224 3299 1278 vobis
3329 1224 3399 1277 ad
3429 1221 3556 1276 imi-

1964 1314 2185 1368 tandum
2244 1330 2364 1368 nos.
2432 1315 2573 1367 Nam
2630 1321 2683 1368 et
2738 1329 2860 1369 cum
2931 1328 3177 1367 essemus
3232 1312 3379 1382 apud
3434 1326 3555 1375 vos,

1965 1403 2069 1456 hoc
2100 1402 2260 1471 (haec)
2318 1401 2774 1455 denuntiabamus
2831 1401 2986 1455 vobis
3013 1442 3026 1469 ,
3061 1400 3316 1470 quoniam
3359 1398 3405 1452 si
3435 1398 3557 1469 quis

1966 1506 2075 1544 non
2106 1490 2218 1544 vult
2249 1490 2484 1559 operari,
2544 1506 2644 1544 nec
2700 1489 3017 1544 manducet.
3063 1488 3382 1543 Audivimus
3413 1486 3557 1540 enim

1969 1577 2111 1632 inter
2158 1594 2256 1632 vos
2305 1578 2567 1647 quosdam
2629 1577 2910 1631 ambulare
2966 1576 3223 1647 inquiete,
3257 1574 3390 1628 nihil
3422 1590 3560 1644 ope-

1886 1693 1939 1751 B
1969 1673 2175 1733 rantes,
2210 1664 2307 1719 sed
2361 1666 2575 1719 curiose
2630 1672 2876 1737 agentes.
2926 1664 3020 1718 His
3076 1671 3255 1718 autem
3287 1663 3379 1733 qui
3411 1663 3560 1731 ejus-

1967 1753 2115 1807 modi
2172 1762 2314 1820 sunt,
2359 1752 2759 1820 denuntiamus,
2814 1760 2867 1807 et
2922 1752 3276 1807 obsecramus
3334 1752 3390 1804 in
3448 1753 3563 1806 Do-

1968 1841 2117 1895 mino
2160 1842 2288 1895 Jesu
2338 1840 2572 1909 Christo,
2607 1849 2701 1905 ut,
2761 1856 2884 1895 cum
2943 1839 3157 1894 silentio
3244 1846 3558 1909 operantes,

1971 1945 2129 1983 suum
2180 1944 2379 1998 panem
2436 1928 2783 1984 manducent.
2822 1930 2927 1982 Vos
2976 1936 3177 1993 autem,
3210 1928 3425 1992 fratres,
3459 1942 3566 1980 no-

1971 2017 2064 2071 lite
2095 2016 2333 2071 delicere
2379 2017 2803 2072 benefacientes.
2838 2015 2997 2084 Quod
3038 2016 3084 2069 si
3112 2015 3233 2086 quis
3290 2030 3398 2069 non
3433 2014 3567 2069 obe-

1971 2105 2133 2160 dierit
2188 2105 2354 2159 verbo
2401 2114 2585 2159 nostro
2632 2120 2729 2173 per
2784 2104 3114 2174 Epistolam,
3150 2104 3295 2158 hunc
3351 2110 3555 2167 notate,

1974 2202 2024 2247 et
2051 2209 2160 2247 non
2189 2192 2298 2264 [ne]
2359 2192 2823 2248 commisceamini
2852 2208 2975 2246 cum
3029 2192 3139 2259 illo,
3174 2200 3232 2244 ut
3262 2190 3567 2245 confunda-

1975 2290 2077 2335 tur.
2129 2282 2198 2336 Et
2270 2281 2437 2335 nolite
2486 2281 2642 2351 quasi
2714 2280 2991 2336 inimicum
3050 2279 3356 2334 existimare
3392 2322 3405 2343 ,
3468 2278 3566 2333 sed

1974 2369 2229 2439 corripite
2267 2378 2326 2423 ut
2379 2369 2625 2423 fratrem.
2685 2370 2807 2439 Ipse
2858 2378 3032 2423 autem
3082 2369 3229 2422 Deus
3263 2363 3567 2439 [Dominus]

1977 2457 2125 2528 pacis
2157 2458 2247 2511 det
2276 2458 2430 2512 vobis
2463 2472 2654 2527 pacem
2713 2456 3096 2527 sempiternam
3137 2456 3191 2509 in
3247 2454 3393 2509 omni
3422 2455 3566 2510 loco.

1977 2546 2241 2600 Dominus
2270 2545 2457 2617 [Deus]
2507 2546 2577 2600 sit
2632 2561 2756 2601 cum
2801 2545 3053 2600 omnibus
3082 2544 3256 2599 vobis.
3309 2542 3570 2598 Salutatio

1979 2649 2101 2689 mea
2131 2650 2290 2688 manu
2320 2633 2490 2702 Pauli,
2526 2634 2673 2705 quod
2701 2642 2784 2688 est
2815 2633 3027 2704 signum
3059 2632 3115 2686 in
3135 2631 3283 2687 omni
3301 2630 3565 2701 Epistola.

1980 2723 2058 2777 Ita
2097 2722 2278 2778 scribo
2323 2737 2335 2776 :
2365 2722 2550 2777 Gratia
2588 2722 2805 2777 Domini
2841 2721 3015 2777 nostri
3042 2721 3171 2776 Jesu
3215 2720 3415 2774 Christi
3445 2734 3571 2775 cum

1980 2810 2232 2866 omnibus
2261 2810 2436 2867 vobis.
2483 2813 2680 2866 Amen.
2720 2834 2743 2859 »

2644 2967 2969 3010 EXPOSITIO.

2054 3088 2132 3142 De
2160 3087 2423 3157 patientia
2461 3088 2859 3154 conservanda,
2894 3088 2961 3142 de
3002 3086 3312 3160 cognitione
3369 3086 3573 3142 ultimae

1983 3175 2091 3230 diei
2107 3183 2159 3230 et
2178 3176 2409 3230 adventu
2430 3176 2749 3232 Antichristi
2766 3192 2863 3231 vos
2880 3176 3127 3231 instruxi.
3145 3177 3320 3243 Nunc,
3339 3180 3572 3248 fratres,

1983 3263 2049 3319 de
2079 3268 2303 3329 caetero,
2338 3264 2394 3318 id
2424 3273 2506 3318 est
2553 3265 2621 3319 de
2649 3264 2758 3320 alia
2786 3281 2864 3333 re,
2925 3280 3025 3320 vos
3055 3266 3336 3333 adhortor,
3371 3265 3577 3320 scilicet

1984 3353 2087 3407 hoc
2122 3367 2134 3406 :
2172 3352 2341 3406 Orate
2367 3368 2468 3423 pro
2497 3353 2675 3419 nobis,
2710 3357 2775 3407 ut
2799 3369 2980 3409 sermo
3009 3354 3237 3408 Domini
3266 3357 3485 3417 currat,
3520 3353 3576 3406 id

1985 3447 2065 3495 est
2089 3439 2289 3493 multos
2320 3439 2375 3492 in
2414 3438 2520 3494 ﬁde
2550 3456 2649 3509 per
2680 3455 2781 3494 nos
2838 3441 3287 3512 comprehendat,
3328 3449 3379 3495 et
3414 3441 3489 3495 ita
3518 3448 3576 3494 ut

1984 3528 2038 3582 in
2072 3528 2322 3582 omnibus
2371 3529 2723 3597 clariﬁcetur
2753 3544 2933 3583 sermo
2992 3529 3206 3583 Domini
3264 3529 3577 3601 integritate

1986 3616 2113 3670 ﬁdei
2142 3623 2193 3670 et
2222 3617 2568 3672 exsecutione
2597 3617 2673 3687 pii
2720 3617 2923 3688 operis.
2982 3618 3041 3670 In
3073 3616 3401 3688 quibusdam
3432 3615 3577 3670 enim

1987 3704 2157 3759 currit
2184 3720 2364 3758 sermo
2396 3704 2630 3769 Domini,
2659 3705 2749 3776 qui
2772 3706 2902 3759 satis
2932 3704 3038 3760 cito
3060 3705 3308 3774 credunt,
3334 3704 3431 3758 sed
3453 3703 3579 3774 quia

1986 3792 2042 3845 in
2071 3792 2215 3847 vitiis
2246 3801 2548 3859 remanent,
2584 3807 2691 3847 non
2734 3792 3061 3849 clariﬁcatur
3090 3793 3144 3846 in
3174 3792 3306 3847 illis.
3351 3792 3579 3860 Clariﬁ-

1987 3884 2151 3937 cetur
2177 3880 2321 3947 dico,
2352 3880 2489 3937 sicut
2519 3881 2573 3935 in
2604 3880 2723 3936 aliis
2754 3882 3012 3937 Ecclesiis
3034 3881 3357 3938 clariﬁcatus
3390 3888 3491 3947 est,
3528 3884 3584 3936 et

1988 3971 2137 4041 apud
2166 3986 2276 4025 vos.
2309 3971 2476 4025 Orate
2506 3970 2669 4025 etiam
2701 3975 2765 4026 ut
2788 3987 2914 4042 ego,
2952 3978 3005 4025 et
3050 3971 3141 4041 qui
3190 3966 3407 4026 meeum
3436 3986 3581 4040 pra:-

1990 4058 2185 4123 dicant,
2253 4059 2556 4114 liberemur
2614 4059 2681 4113 ab
2732 4059 3051 4115 hominibus
3082 4061 3453 4130 importunis,
3490 4058 3583 4128 qui

1989 4163 2148 4216 quem
2179 4146 2447 4215 arripiunt
2474 4146 2643 4201 multa
2674 4146 3083 4217 importunitate
3112 4144 3350 4201 afﬁciunt
3380 4152 3432 4199 et
3460 4161 3581 4198 ma-

1988 4234 2074 4287 lis.
2108 4234 2320 4303 Duplex
2351 4234 2552 4288 malum
2575 4242 2740 4302 notat,
2767 4234 3253 4304 importunitatem,
3278 4232 3484 4288 scilicet
3514 4233 3583 4288 de

1990 4321 2241 4375 suasione
2272 4322 2399 4376 mali
2428 4338 2551 4377 esse
2599 4322 2987 4392 importunum.
3035 4323 3163 4377 Ideo
3193 4322 3316 4378 dico
3348 4329 3498 4377 orate
3527 4329 3587 4376 ut

298 4389 441 4443 bona
466 4390 581 4457 jam
611 4390 796 4482 tribuit
827 4391 1167 4482 exhortetur
1184 4393 1374 4482 corda,
1410 4392 1462 4446 id
1485 4401 1568 4447 est
1590 4393 1891 4482 voluntates
1914 4394 1965 4453 D
1995 4408 2319 4477 liberemur,
2349 4411 2478 4481 quia
2497 4411 2635 4479 ﬁdes
2665 4389 2883 4466 nonest
2935 4411 3209 4476 omnium,
3242 4411 3295 4465 id
3325 4418 3428 4480 est,
3460 4410 3584 4482 quia

299 4485 512 4531 vestras
542 4485 691 4533 stare
709 4478 767 4532 in
785 4494 893 4549 quo
914 4479 1063 4545 estis,
1091 4487 1143 4534 et
1171 4480 1240 4535 de
1262 4480 1599 4536 incremento
1620 4480 1890 4548 laborare,

301 4568 359 4619 et
389 4565 703 4633 conﬁrmet,
736 4566 789 4619 id
820 4574 904 4620 est
932 4566 1101 4622 fortes
1132 4575 1185 4621 et
1212 4577 1628 4638 perseverantes
1658 4567 1812 4625 faciat
1833 4571 1897 4625 in

301 4654 461 4707 omni
489 4670 653 4724 opere
674 4653 831 4719 bono,
853 4659 908 4710 et
939 4654 993 4709 in
1025 4655 1173 4710 omni
1194 4672 1449 4714 sermone
1480 4659 1637 4727 bono,
1667 4666 1722 4713 ut
1751 4658 1897 4713 nulla

302 4740 462 4795 vobis
491 4741 631 4796 desit
659 4742 921 4813 perfectio
933 4785 946 4797 .

982 4849 1209 4906 CAPUT
1267 4852 1359 4907 III.

382 4955 404 4984 ι
440 4934 519 4990 De
552 4943 765 5001 caetero,
801 4935 1024 5003 fratres,
1060 4947 1212 4994 orate
1242 4956 1339 5010 pro
1388 4940 1580 5010 nobis,
1619 4948 1676 4995 ut
1719 4956 1900 4996 sermo

312 5044 334 5067 α
372 5022 473 5077 Dei
493 5031 673 5077 currat
708 5030 759 5077 et
790 5023 1142 5091 clariﬁcetur,
1176 5027 1313 5081 sicut
1342 5036 1391 5082 et
1424 5029 1565 5099 apud
1615 5044 1731 5094 vos,
1767 5037 1820 5083 et
1847 5037 1903 5083 ut

310 5130 332 5157 ιι
368 5110 674 5164 liberemur
695 5110 764 5163 ab
796 5110 1120 5182 importunis
1147 5123 1199 5169 et
1228 5116 1391 5170 malis
1418 5116 1748 5171 hominibus.
1780 5118 1904 5173 Non

310 5220 335 5249 ι
366 5199 514 5252 enim
544 5198 787 5252 omnium
830 5207 914 5253 est
950 5200 1108 5256 ﬁdes.
1153 5203 1353 5258 Fidelis
1394 5212 1572 5259 autem
1602 5206 1749 5260 Deus
1799 5213 1899 5267 est.

308 5307 330 5337 ι
371 5285 465 5356 qui
496 5284 727 5341 ﬁrmabit
755 5304 874 5354 vos,
911 5297 962 5343 et
1002 5290 1266 5346 custodiet
1294 5308 1324 5345 a
1350 5292 1509 5347 malo.
1571 5292 1904 5348 Conﬁdimus

307 5396 329 5422 κ
368 5381 551 5428 autem
582 5374 651 5428 de
689 5375 867 5443 vobis,
898 5375 1115 5445 fratres,
1150 5378 1206 5432 in
1232 5380 1483 5447 Domino,
1517 5381 1771 5452 quoniam
1784 5398 1906 5452 quae

307 5482 331 5507 α
376 5461 764 5535 [quacunque]
794 5465 1185 5535 praecepimus,
1219 5473 1270 5520 et
1317 5466 1491 5522 facitis
1518 5511 1531 5535 ,
1575 5476 1626 5523 et
1675 5467 1898 5525 facietis.

309 5573 331 5597 α
370 5549 642 5605 Dominus
682 5557 861 5607 autem
889 5552 1087 5625 dirigat
1124 5553 1290 5610 corda
1330 5563 1512 5613 vestra
1542 5555 1598 5612 in
1644 5556 1906 5614 charitate

1995 4498 2237 4551 nondum
2268 4514 2456 4553 omnes
2487 4497 2676 4553 ﬁdeles
2706 4505 2848 4565 sunt,
2884 4498 2981 4554 sed
3019 4498 3174 4553 multi
3202 4498 3364 4555 ﬁdem
3394 4515 3588 4570 perse-

1997 4594 2252 4657 quuntur.
2286 4586 2386 4642 Vel
2416 4587 2489 4641 ita
2519 4602 2531 4640 :
2566 4588 2734 4643 Orate
2768 4591 2834 4642 ut
2882 4588 3186 4643 liberemur
3214 4588 3279 4643 ab
3308 4591 3587 4660 importu-

1997 4675 2088 4731 nis
2120 4680 2177 4730 et
2199 4676 2387 4741 malis,
2421 4676 2544 4746 quia
2572 4676 2710 4743 ﬁdes
2735 4692 2849 4732 non
2877 4680 2965 4732 est
2996 4677 3248 4733 omnium
3270 4676 3508 4739 illorum,
3531 4675 3587 4729 id

1999 4771 2099 4830 est,
2134 4763 2188 4817 in
2221 4764 2472 4819 omnibus
2502 4763 2610 4819 illis
2640 4780 2747 4819 non
2778 4773 2859 4820 cst
2904 4765 2996 4836 qui
3027 4762 3191 4819 ﬁdem
3222 4764 3438 4819 habeat.
3470 4765 3588 4818 Ne-

2001 4868 2104 4922 que
2135 4852 2263 4923 quia
2293 4852 2502 4906 dixerat
2555 4858 2714 4909 orate
2744 4858 2810 4909 ut
2861 4854 3180 4923 liberemur,
3218 4852 3461 4908 dicerent
3514 4851 3592 4906 illi

2001 4939 2143 5007 Quid
2177 4941 2499 5011 sperandum
2522 4950 2602 4995 est
2634 4942 2703 4996 de
2732 4942 2910 5007 nobis,
2944 4958 3065 4998 cum
3112 4942 3375 5014 magister
3401 4948 3591 4996 noster

2002 5029 2140 5083 adeo
2172 5029 2275 5083 sibi
2310 5030 2493 5084 timeat
2514 5031 2540 5084 ‘l
2589 5030 2657 5083 ad
2692 5031 2795 5085 hoc
2815 5030 2888 5084 ait
2923 5048 2935 5084 :
2970 5030 3117 5085 Licet
3141 5030 3373 5084 dixerim
3400 5046 3411 5083 :
3435 5034 3592 5085 orate

2002 5121 2068 5171 ut
2086 5118 2404 5181 liberemur,
2426 5126 2606 5172 tamen
2628 5117 2842 5173 conﬁdo
2860 5118 2985 5190 quia
3008 5118 3268 5173 Dominus
3287 5119 3473 5188 ﬁdelis
3487 5123 3589 5185 est,

2005 5205 2095 5275 qui
2124 5220 2223 5275 pro
2255 5222 2313 5260 se
2336 5206 2661 5277 patientibus
2678 5207 2753 5261 ait
2774 5223 2820 5261 :u
2841 5208 2983 5263 Ecce
3018 5224 3122 5279 ego
3152 5208 3435 5264 vobiscum
3454 5225 3591 5276 sum,

2003 5309 2174 5364 usque
2221 5293 2287 5347 ad
2344 5295 2867 5351 consummationem
2898 5296 3079 5351 saeculi
3137 5296 3355 5366 (Matth.
3387 5312 3591 5365 xxvm,

2019 5384 2133 5452 20):
2163 5405 2183 5430 »
2211 5385 2368 5450 Deus,
2388 5383 2625 5455 inquam,
2651 5392 2733 5439 est
2754 5382 2947 5451 ﬁdelis,
2973 5386 3071 5458 qui
3088 5385 3167 5453 (ut
3188 5385 3254 5440 de
3274 5401 3361 5439 me
3383 5384 3595 5451 sileam)

2006 5472 2363 5539 conﬁrmabit
2396 5489 2488 5529 vos
2543 5475 2607 5529 in
2661 5473 2798 5529 bono
2846 5489 2952 5545 quo
3010 5473 3160 5541 estis,
3211 5478 3267 5529 et
3313 5472 3596 5529 custodiet

2006 5574 2041 5615 α
2061 5560 2231 5627 malo,
2256 5575 2325 5616 ne
2345 5560 2570 5617 cedatis.
2607 5561 2811 5619 Volens
2834 5561 3094 5633 quiddam
3141 5577 3342 5621 novum
3364 5561 3601 5620 suadere
