3966 6050
430 207 533 262 423

927 209 983 263 S.
1044 208 1400 265 BRUNONIS
1459 205 2103 265 CARTHUSIANORUM
2157 206 2646 265 INSTITUTORIS
2705 208 2854 264 OPP.
2916 209 3090 265 PARS
3147 210 3217 264 II.

3617 212 3722 267 424

437 329 677 386 308
702 330 825 397 illis,
862 331 1067 387 scilicet
1085 342 1141 387 ut
1171 334 1489 388 subtrahant
1518 350 1577 389 se
1607 334 1675 388 ab
1705 333 1810 387 illis
1840 331 2026 387 otiosis
2048 331 2101 391 A
2132 348 2293 403 quem
2323 337 2574 389 vestrum
2617 350 2979 405 gravaremus
3004 355 3021 399 ;
3051 342 3233 389 tamen
3260 351 3376 389 non
3405 333 3531 389 ideo
3560 336 3722 406 quasi

431 426 484 472 et
502 419 749 485 curiosis,
768 420 859 490 qui
891 438 988 491 per
1009 422 1241 492 priorem
1259 423 1557 492 Epistolam
1590 423 1881 476 noluerunt
1912 437 2029 476 cor—

434 506 559 576 rigi,
592 515 773 578 captat
794 525 889 563 eos
918 510 1273 564 collaudando
1305 511 1372 565 de
1420 510 1719 580 praemissis
1740 553 1755 575 ,
1789 510 1978 564 dicens
2012 524 2023 562 :

434 596 514 649 De
545 596 926 652 observatione
948 598 1241 668 patientiae,
1273 599 1339 653 de
1362 599 1669 667 diejudicii,
1692 599 1760 653 de
1782 598 2028 653 oratione

432 682 677 738 facienda
709 702 809 755 pro
840 687 997 741 nobis
1043 704 1141 741 nos
1185 687 1401 758 quidem
1435 704 1620 741 sumus
1668 704 1765 743 vos
1823 688 2027 741 adhor-

433 772 548 837 tati,
584 774 681 828 sed
715 774 853 829 bene
882 776 1215 843 conﬁdimus
1248 778 1311 831 de
1338 777 1483 831 vobis
1512 779 1573 830 in
1605 777 1861 842 Domino,
1896 792 2028 848 quo-

433 863 593 915 niam
624 878 965 935 quaecunque
980 866 1351 936 prrecepimus
1382 869 1433 920 et
1469 865 1629 918 modo
1650 867 1861 935 facitis,
1897 868 1952 919 et
1973 864 2027 918 in

434 947 610 1004 futuro
639 953 884 1021 facietis.
917 953 984 1006 Ut
1015 960 1194 1005 autem
1224 952 1592 1017 benefaciatis,
1643 953 1914 1008 Dominus
1944 952 2027 1006 di-

436 1039 586 1107 rigat
616 1039 783 1093 eorda
815 1044 1017 1105 vestra,
1053 1040 1108 1093 id
1140 1048 1221 1095 est
1250 1041 1410 1095 faciat
1457 1041 1693 1095 directas
1724 1041 2027 1095 voluntates

437 1134 649 1180 vestras
676 1128 740 1179 in
770 1127 1053 1182 charitate
1085 1130 1203 1196 Dei,
1236 1136 1291 1181 ut
1324 1128 1463 1183 sicut
1494 1130 1642 1182 Deus
1690 1145 1787 1183 vos
1819 1129 2021 1193 dilexit,

434 1222 487 1267 et
517 1229 615 1268 vos
647 1230 769 1268 eum
818 1213 1080 1287 diligatis,
1114 1224 1166 1269 et
1196 1218 1257 1270 in
1285 1217 1570 1287 patientia
1630 1217 1856 1285 Christi,
1891 1216 2028 1271 sicut

437 1301 683 1356 Christus
711 1318 906 1373 passus
938 1312 1019 1357 est
1051 1319 1151 1373 pro
1181 1304 1335 1358 vobis
1356 1346 1368 1369 ,
1401 1304 1472 1357 ita
1511 1312 1563 1358 et
1591 1320 1688 1359 vos
1743 1320 1841 1375 pro
1873 1305 2028 1358 Chri-

433 1398 517 1445 sto
546 1391 840 1461 patiamini.
874 1392 989 1445 Nos
1018 1400 1199 1446 autem
1232 1392 1384 1459 dico,
1448 1392 1684 1448 scientes
1726 1409 1826 1448 vos
1855 1392 2026 1447 factu-

435 1494 528 1534 ros
557 1496 894 1551 quaecunque
926 1495 997 1534 ex
1044 1480 1159 1535 Deo
1207 1480 1575 1551 praecipimus,
1621 1482 2027 1536 denuntiamus

436 1568 602 1623 vobis.
628 1568 830 1622 Scitote
850 1570 953 1623 hoc
976 1577 1310 1639 praeceptum
1330 1570 1430 1624 Dei
1453 1586 1597 1638 esse,
1627 1585 1737 1624 non
1756 1577 2023 1639 nostrum,

2128 438 2244 475 non
2278 422 2638 477 habuerimus
2685 426 3025 493 potestatem
3081 422 3383 493 accipiendi
3414 440 3444 475 a
3475 422 3631 477 vobis
3674 422 3721 476 si

2127 510 2410 576 vellemus,
2428 512 2522 566 sed
2545 515 2607 564 ut
2631 510 2895 568 daremus
2916 512 3059 566 vobis
3084 514 3455 581 nosmetipsos
3474 514 3719 581 formam

2137 600 2209 653 ad
2241 601 2586 654 imitandum
2633 616 2755 665 nos,
2810 609 2864 653 ut
2904 600 3219 654 deserentes
3251 599 3437 664 otium,
3473 599 3721 670 exemplo

2125 702 2247 742 meo
2278 688 2346 741 de
2377 687 2564 741 labore
2592 688 2862 742 viveretis.
2924 688 3345 742 Intendebamus
3374 688 3560 758 utique
3588 688 3721 767 dare

2127 776 2281 829 vobis
2328 775 2559 831 formam
2610 776 2901 847 operandi.
2940 777 3079 831 Nam
3122 776 3286 830 etiam
3324 794 3453 832 eum
3476 792 3721 831 essemus

2126 872 2422 933 praesentes
2453 864 2602 935 apud
2637 881 2746 929 vos,
2781 864 3259 919 denuntiabamus
3283 864 3381 920 hoc
3410 864 3560 921 vobis
3580 865 3722 935 quod

2126 954 2174 1006 si
2203 955 2326 1023 quis
2354 969 2554 1008 vacans
2577 953 2706 1021 otio,
2732 968 2845 1007 non
2870 953 2992 1007 vult
3012 955 3259 1023 operari,
3282 969 3386 1008 nec
3418 953 3719 1007 manducet

2126 1040 2193 1094 de
2223 1040 2501 1095 laboribus
2532 1041 2744 1096 alienis.
2781 1040 2908 1095 Ideo
2930 1040 3191 1110 praecipio
3212 1041 3487 1095 nolentem
3511 1040 3723 1111 operari

2126 1144 2235 1182 non
2265 1130 2607 1195 manducare,
2636 1131 2768 1201 quia
2797 1130 3118 1184 audivimus
3149 1129 3416 1201 quosdam
3448 1131 3604 1183 inter
3628 1144 3721 1184 vos

2126 1218 2415 1272 ambulare
2446 1220 2715 1290 inquiete,
2749 1217 2899 1272 nihil
2922 1223 3237 1288 operantes,
3263 1216 3360 1272 sed
3382 1222 3609 1289 agentes
3630 1233 3724 1272 cu-

2125 1307 2289 1371 riose,
2325 1322 2574 1360 rumores
2604 1306 2752 1360 urbis
2784 1305 3014 1361 sollicite
3061 1306 3451 1377 perquirendo.
3489 1308 3584 1361 His
3615 1322 3723 1360 au-

2128 1397 2240 1447 tem
2260 1395 2355 1465 qui
2384 1398 2521 1449 sunt
2555 1395 2847 1461 eiusmodi,
2882 1394 2935 1447 id
2965 1403 3045 1448 est
3074 1394 3206 1448 nihil
3232 1401 3524 1465 operantes
3554 1402 3606 1448 et
3624 1409 3720 1448 cu-

2127 1482 2275 1545 riosi,
2311 1483 2718 1538 denuntiamus
2751 1500 2815 1538 ex
2848 1483 3167 1538 auctoritate
3216 1482 3336 1548 Dei,
3370 1488 3425 1538 et
3462 1484 3721 1538 obsecra-

2125 1587 2252 1626 mus
2282 1573 2343 1625 in
2375 1572 2608 1627 Domino
2639 1574 2769 1626 Jesu
2794 1570 3045 1638 Christo,
3079 1572 3132 1624 id
3180 1580 3263 1625 est
3291 1571 3637 1641 praecipimus
3666 1578 3721 1625 et

435 1655 539 1709 nisi
560 1664 761 1710 tantum
788 1658 934 1727 quod
957 1658 1131 1723 vobis,
1153 1658 1368 1723 fratres,
1391 1659 1699 1712 nuntiamus
1721 1659 1781 1713 in
1798 1660 2023 1713 nomine
2052 1684 2101 1743 Β
2127 1676 2434 1729 precamur,
2471 1660 2515 1712 si
2545 1660 2599 1713 in
2629 1659 2846 1714 Christo
2896 1659 3093 1713 salvari
3123 1660 3335 1724 volunt,
3370 1663 3437 1714 ut
3463 1658 3563 1728 ipsi
3594 1676 3721 1730 ope-

436 1745 661 1800 Domini
684 1748 868 1800 nostri
885 1748 1016 1801 Jesu
1048 1746 1277 1811 Christi,
1310 1746 1364 1799 id
1393 1754 1492 1811 est,
1529 1746 1574 1801 si
1599 1747 1797 1801 curatis
1827 1763 2025 1801 nomen

436 1840 489 1886 et
523 1832 988 1888 honoriﬁcentiam
1018 1834 1234 1889 Domini
1292 1835 1506 1889 Christi.
1561 1837 1675 1891 Hoc
1731 1853 1796 1891 ex
1826 1851 1891 1892 eo
1922 1836 2023 1890 de-

435 1921 766 1989 nuntiamus,
790 1927 856 1977 ut
883 1924 1228 1978 subtrahatis
1250 1940 1341 1980 vos
1361 1926 1427 1979 ab
1450 1925 1607 1978 omni
1630 1927 1813 1995 fratre
1832 1924 2025 1979 ambu-

436 2010 591 2065 lante
620 2011 978 2077 inordinate,
1012 2011 1066 2065 id
1093 2020 1174 2065 est
1202 2013 1497 2066 naturalem
1557 2013 1803 2067 ordinem
1858 2012 2023 2066 dese-

432 2105 605 2152 rente.
640 2099 754 2153 Hoc
785 2099 930 2153 enim
977 2099 1137 2153 etiam
1197 2100 1429 2172 gentiles
1469 2100 1836 2155 inordinatum
1866 2115 2024 2154 asse-

432 2192 559 2239 runt
590 2186 870 2258 negligere
917 2188 1162 2257 prOpria,
1220 2203 1410 2242 curare
1468 2188 1683 2253 aliena,
1718 2196 1773 2241 ut
1802 2188 2022 2258 quidam

433 2274 636 2328 curiosi
670 2274 810 2329 inter
867 2291 963 2329 vos
1020 2275 1243 2330 faciunt.
1281 2278 1481 2331 Fratre
1515 2276 1679 2330 etiam
1734 2276 1877 2343 dico,
1910 2294 2023 2332 non

433 2363 741 2418 ambulante
761 2363 1071 2418 secundum
1097 2365 1463 2420 traditionem
1487 2382 1655 2437 quam
1678 2371 2021 2436 acceperunt

430 2469 465 2506 a
494 2453 670 2519 nobis,
704 2452 758 2506 id
789 2460 870 2507 est
909 2468 1016 2523 quo
1046 2453 1209 2508 modo
1268 2454 1588 2508 tradidimus
1614 2453 1739 2518 illis,
1776 2462 1830 2508 et
1858 2454 2021 2524 polli-

430 2548 616 2595 centes
646 2556 705 2595 se
738 2540 815 2596 sic
847 2549 1158 2596 servaturos
1188 2542 1326 2596 sicut
1348 2550 1691 2612 acceperunt.
1728 2543 1856 2597 Ideo
1887 2542 2022 2596 sim-

429 2629 644 2699 pliciter
703 2629 824 2684 dico
849 2671 861 2695 ,
907 2631 1053 2685 sicut
1111 2635 1453 2702 acceperunt
1478 2649 1513 2686 a
1541 2632 1696 2687 nobis
1754 2631 2022 2687 tradenti-

430 2717 534 2772 bus
562 2716 687 2783 illis,
718 2725 771 2772 et
798 2733 907 2771 non
934 2733 1145 2788 expono
1174 2719 1315 2775 hanc
1364 2720 1731 2789 traditionem,
1766 2720 1895 2791 quia
1924 2737 2023 2775 vos

430 2805 533 2876 ipsi
568 2806 703 2861 bene
732 2806 893 2862 scitis
921 2807 1389 2878 quemadmodum
1410 2812 1669 2880 aporteat
1690 2825 1779 2865 vos
1802 2809 2024 2864 imitari

430 2910 531 2950 nos
539 2935 551 2947 .

497 2983 580 3037 Ne
609 2982 683 3037 illi
727 2983 1033 3039 aberrando
1064 2982 1309 3039 dicerent
1344 3000 1355 3037 :
1390 2985 1448 3038 In
1480 2984 1747 3051 oratione,
1793 2985 2020 3054 jejunio,

427 3071 629 3144 vigiliis
677 3072 879 3128 scimus
908 3081 958 3127 te
1016 3073 1355 3141 imitandum,
1407 3074 1733 3129 determinat
1780 3074 1907 3145 quid
1940 3075 2022 3129 in-

430 3160 610 3215 tendat
640 3160 827 3217 dicens
862 3177 873 3214 :
906 3160 1193 3215 Imitamini
1242 3162 1297 3215 in
1328 3163 1431 3218 hoc
1479 3162 1625 3234 quod
1656 3180 1773 3219 non
1803 3165 2020 3234 fuimus

426 3251 582 3304 inter
612 3266 704 3304 vos
746 3251 1010 3320 inquieti,
1048 3250 1105 3304 id
1138 3258 1218 3305 est
1276 3251 1489 3325 curiose
1520 3251 1893 3307 discurrentes
1922 3269 2023 3322 per

429 3338 616 3392 urbem
642 3356 655 3403 ;
688 3355 864 3410 neque
888 3340 1355 3395 manducavimus
1377 3340 1522 3410 apud
1544 3356 1643 3395 vos
1662 3358 1868 3413 panem
1890 3342 2022 3396 otio-

429 3443 547 3481 sum
580 3435 852 3497 sumptum
891 3427 957 3481 ab
996 3428 1223 3499 aliquo;
1254 3444 1356 3483 nec
1394 3437 1638 3483 nostrum
1678 3445 1874 3499 panem
1900 3446 2023 3501 gra-

324 3536 337 3547 ι
432 3517 526 3584 tis,
557 3515 611 3569 id
642 3523 722 3571 est
753 3515 871 3571 sine
901 3514 1089 3570 labore
1138 3516 1317 3582 otiosi,
1351 3517 1447 3572 sed
1472 3516 1672 3573 fuimus
1722 3522 2020 3589 aperantes

426 3609 589 3660 nocte
619 3609 675 3659 et
702 3605 808 3669 die,
830 3611 884 3659 et
913 3605 975 3658 in
1000 3605 1181 3659 labore
1202 3609 1256 3660 et
1275 3607 1630 3677 fatigatione,
1664 3606 1720 3659 id
1749 3613 1831 3661 est
1860 3605 2021 3660 labo-

428 3702 616 3747 rantes
646 3709 821 3763 usque
852 3692 921 3746 ad
952 3691 1349 3764 fatigationem.
1382 3695 1552 3748 Nocte
1581 3693 1704 3747 ideo
1734 3694 2015 3763 praeponit,

428 3781 556 3851 quia
586 3790 743 3836 nocte
757 3779 988 3834 maxime
1010 3782 1236 3835 vacabat
1256 3781 1533 3851 operibus,
1555 3780 1790 3835 orationi
1812 3789 1865 3836 et
1880 3799 2023 3853 prae-

426 3869 685 3924 dicationi
712 3871 990 3940 praecipue
1010 3885 1213 3926 vacans
1243 3869 1297 3922 in
1319 3869 1426 3924 die.
1448 3870 1757 3939 Operantes
1780 3869 1924 3940 ideo,
1948 3887 2020 3926 ne

425 3973 787 4028 gravaremus
834 3958 1071 4029 aliquem
1119 3965 1361 4012 vestrum
1388 4000 1400 4022 ,
1451 3957 1782 4027 accipientes
1812 3958 2020 4014 avobis

426 4045 751 4101 necessaria.
788 4045 983 4100 Paulus
1030 4061 1139 4101 non
1169 4046 1235 4099 ab
1277 4046 1424 4111 istis,
1460 4046 1596 4101 sicut
1627 4062 1729 4102 nec
1760 4063 1792 4101 a
1821 4047 2019 4102 Corin-

424 4134 550 4188 thiis
580 4134 876 4207 quidquam
906 4134 1155 4205 accipere
1187 4134 1372 4203 voluit,
1406 4134 1621 4190 diversa
1640 4136 2018 4191 tameninten-

424 4222 590 4279 tione.
621 4226 666 4278 A
696 4224 986 4279 Corinthiis
1044 4223 1188 4279 enim
1247 4222 1433 4293 noluit,
1467 4223 1595 4294 quia
1637 4232 1790 4279 erant
1848 4225 2015 4280 avari.

423 4312 506 4366 Ab
526 4312 644 4366 istis
673 4312 863 4380 noluit,
899 4312 996 4367 sed
1027 4311 1201 4383 magis
1229 4311 1469 4383 operari,
1502 4320 1558 4366 ut
1588 4312 1644 4366 in
1673 4329 1732 4368 se
1753 4312 1909 4368 daret
1939 4314 2018 4369 eis

423 4401 731 4471 exemplum
762 4401 991 4471 depulso
1023 4401 1133 4456 otio
1164 4400 1467 4457 laborandi.
1503 4400 1903 4471 Operabamur,
1946 4419 2017 4458 ne
2044 4396 2095 4455 D

2126 1753 2321 1803 rantes
2355 1747 2513 1817 pulso
2543 1748 2654 1802 otio
2687 1756 2739 1801 et
2771 1765 2899 1802 cum
2922 1748 3170 1813 silentio,
3192 1763 3299 1802 non
3320 1748 3387 1801 de
3411 1747 3719 1801 rumoribus

2125 1837 2345 1902 cariosi,
2378 1837 2726 1891 manducent
2756 1852 2963 1906 panem
2994 1853 3191 1901 suum,
3223 1836 3278 1890 id
3309 1844 3390 1890 est
3449 1852 3555 1890 non
3578 1835 3719 1890 alie-

2124 1942 2273 1990 num,
2300 1926 2397 1979 sed
2414 1926 2635 1995 proprio
2652 1925 2843 1979 labore
2873 1925 3156 1979 lucratum.
3191 1926 3272 1979 Ne
3305 1932 3487 1978 autem
3507 1924 3722 1994 quiadi—

2124 2021 2317 2069 xerat.:
2337 2013 2721 2084 Unusquisque
2742 2013 3033 2068 manducet
3053 2030 3208 2067 suum
3233 2027 3448 2083 panem,
3464 2019 3721 2083 putarent

2122 2102 2201 2155 illi
2222 2101 2311 2173 qui
2335 2101 2582 2156 solebant
2602 2101 2913 2157 ministrare
2934 2102 3284 2173 pauperibus,
3304 2118 3412 2156 non
3435 2101 3573 2154 ultra
3592 2116 3717 2156 esse

2123 2190 2543 2244 ministrandum
2582 2190 2688 2243 illis
2712 2232 2725 2255 ,
2770 2191 2842 2244 ait
2878 2208 2890 2245 :
2923 2191 3071 2246 Licet
3100 2190 3328 2245 dixerim
3366 2190 3715 2244 manducent

2124 2296 2289 2335 suum
2309 2294 2533 2349 panem,
2559 2296 2651 2334 vos
2681 2287 2881 2344 tamen,
2904 2282 3136 2350 fratres,
3156 2278 3292 2334 bene
3315 2280 3591 2349 facientes
3617 2276 3718 2331 fra-

2123 2368 2295 2421 tribus
2324 2368 2414 2439 qui
2462 2368 2726 2438 indigent,
2760 2369 2938 2423 nolite
2984 2368 3217 2435 deﬁcere
3273 2367 3411 2421 bene
3441 2364 3712 2431 faciendo,

2123 2457 2250 2529 quia
2272 2472 2377 2511 non
2401 2457 2650 2511 omnibus
2674 2464 2851 2527 potest
2875 2455 3123 2512 suﬁicere
3144 2473 3274 2509 suus
3299 2455 3473 2509 labor.
3495 2456 3718 2508 Denun-

2124 2546 2314 2600 tiamus
2344 2545 2452 2599 illis
2485 2554 2541 2598 ut
2568 2554 2878 2615 operentur,
2913 2552 3017 2601 etc.
3048 2545 3105 2599 Si
3136 2559 3264 2599 vero
3294 2543 3499 2615 aliquis
3523 2557 3715 2597 eorum

2123 2651 2238 2690 non
2268 2634 2535 2690 obedierit
2566 2634 2690 2688 huic
2711 2637 2902 2689 nostro
2930 2634 3089 2688 verbo
3110 2632 3365 2686 mandato
3376 2647 3479 2703 per
3502 2631 3717 2703 episto-

2126 2724 2259 2787 lam,
2282 2722 2431 2777 hunc
2460 2727 2676 2789 notate,
2698 2722 2752 2776 id
2783 2729 2865 2776 est
2895 2720 3196 2793 signiﬁcate
3213 2720 3343 2774 mihi
3366 2718 3595 2792 quisille
3626 2718 3714 2784 sit,

2123 2816 2180 2867 et
2210 2811 2426 2865 interim
2458 2827 2572 2866 non
2603 2811 3083 2866 commisceamini
3123 2826 3252 2865 cum
3284 2810 3403 2874 illo,
3437 2812 3520 2875 ut,
3557 2806 3716 2862 vobis

2124 2916 2233 2955 non
2269 2900 2791 2955 communicantibus
2823 2898 2920 2966 illi,
2957 2898 3365 2969 confundatur,
3391 2896 3443 2950 id
3474 2903 3556 2951 est
3584 2911 3716 2950 eru-

2123 2988 2310 3043 bescat
2338 2989 2405 3043 de
2435 2996 2658 3059 peccato
2691 3003 2810 3042 suo.
2844 2988 2913 3041 Et
2942 2987 3067 3042 licet
3100 3002 3208 3041 non
3255 2983 3722 3041 commisceamini

2124 3093 2245 3132 cum
2262 3077 2371 3143 illo,
2408 3085 2587 3131 tamen
2620 3078 2796 3133 nolite
2820 3093 2948 3132 eum
2971 3077 3311 3130 existimare
3340 3074 3495 3146 quasi
3515 3073 3718 3128 inimi-

2124 3152 2270 3231 cum,
2305 3174 2361 3219 ut
2390 3182 2513 3221 eum
2546 3165 2670 3220 odio
2702 3164 2967 3227 habeatis,
3000 3164 3095 3218 sed
3127 3179 3193 3217 ex
3224 3162 3511 3217 dilectione
3545 3161 3719 3218 corri-

2120 3256 2238 3325 pite
2259 3271 2387 3309 eum
2418 3259 2478 3309 ut
2507 3258 2772 3325 fratrem.
2819 3252 3059 3308 309
3079 3252 3148 3308 Ut
3177 3259 3355 3305 autem
3385 3249 3440 3303 in
3460 3249 3717 3304 omnibus

2125 3360 2245 3413 quae
2260 3342 2497 3413 praecepi
2524 3342 2681 3398 vobis
2711 3341 2932 3412 perfecti
2964 3341 3098 3408 sitis,
3130 3343 3248 3412 ipse
3269 3340 3540 3394 Dominus
3566 3337 3720 3408 pacis

2123 3431 2214 3485 det
2234 3432 2379 3486 vobis
2408 3448 2603 3502 pacem
2621 3428 3115 3501 sempiternam,id
3145 3436 3227 3483 est
3253 3428 3340 3483 hic
3356 3436 3410 3481 et
3436 3426 3492 3479 in
3513 3425 3715 3494 futuro,

2123 3523 2179 3573 et
2201 3521 2263 3574 in
2292 3520 2448 3574 omni
2482 3520 2613 3586 loco,
2639 3518 2692 3571 id
2724 3526 2804 3572 est
2830 3518 2971 3587 apud
3002 3516 3330 3571 domesticos
3361 3523 3413 3570 et
3440 3513 3581 3584 apud
3615 3530 3715 3567 ex-

2122 3615 2362 3661 traneos.
2394 3608 2462 3661 Et
2492 3614 2549 3660 ut
2570 3622 2751 3662 veram
2783 3621 2975 3676 pacem
3017 3605 3285 3670 habeatis,
3319 3603 3590 3659 Dominus
3640 3603 3719 3657 sit

2122 3714 2251 3751 eum
2275 3697 2531 3752 omnibus
2578 3696 2749 3751 vobis.
2796 3695 3076 3750 Salutatio
3125 3693 3327 3763 scripta
3356 3708 3480 3747 mea
3510 3708 3711 3745 manu.

2120 3786 2236 3839 Mea
2269 3784 2392 3839 dico
2442 3785 2629 3851 Pauli,
2682 3783 2823 3855 quod
2853 3783 3079 3852 signum
3123 3782 3196 3835 ita
3230 3780 3411 3836 scribo
3447 3782 3510 3834 in
3557 3780 3717 3833 omni

2121 3874 2389 3945 Epistola,
2424 3888 2586 3943 quam
2614 3872 2785 3926 mitto.
2809 3872 2926 3927 Hoc
2955 3871 3113 3942 signo
3149 3869 3439 3923 discernite
3468 3883 3537 3923 ne
3567 3867 3715 3922 frau-

2119 3961 2367 4016 dulenter
2398 3961 2499 4014 sub
2530 3961 2748 4015 nomine
2780 3976 2903 4015 meo
2934 3958 3163 4013 inferant
3206 3957 3361 4012 vobis
3392 3972 3544 4011 suam
3573 3955 3711 4026 epis-

2120 4050 2281 4105 tolam
2312 4049 2389 4103 illi
2418 4050 2628 4120 pseudo
2660 4050 2750 4120 qui
2780 4049 3031 4104 dicebant
3079 4046 3233 4102 vobis
3278 4062 3363 4100 me
3407 4042 3713 4116 intelligere

2118 4138 2478 4209 propinquum
2501 4154 2622 4192 esse
2651 4138 2795 4192 diem
2820 4136 3029 4206 judicii.
3064 4136 3211 4201 Haec,
3233 4134 3476 4205 inquam,
3516 4139 3598 4187 est
3630 4146 3713 4185 sa-

2118 4227 2306 4282 lutatio
2340 4242 2351 4280 :
2377 4227 2572 4282 Gratia
2598 4227 2820 4282 Domini
2835 4227 3019 4281 nostri
3038 4227 3169 4281 Jesu
3193 4223 3403 4279 Christi
3430 4237 3559 4278 cum
3588 4236 3712 4277 om-

2118 4316 2282 4372 nibus
2312 4317 2480 4373 vobis.
2524 4315 2721 4371 Amen.

1095 4579 1590 4637 ARGUMENTUM
1630 4579 1701 4631 ΙΝ
1738 4579 2131 4635 EPISTOLAM
2171 4583 2436 4637 PRIMAM
2473 4582 2567 4636 AD
2606 4581 3041 4637 TIMOTHEUM.

490 4703 832 4777 Timotheum
862 4704 1077 4777 instruit
1105 4712 1158 4759 et
1182 4704 1437 4777 docetde
1469 4702 1812 4777 ordinatione
1842 4705 2219 4777 episcopatus,
2255 4714 2308 4761 et
2336 4706 2598 4773 diaconii,
2635 4712 2687 4761 et
2716 4706 2891 4760 omnis
2934 4704 3319 4761 ecclesiasticae
3365 4700 3664 4773 disciplinae
3696 4715 3709 4753 :

419 4773 662 4831 scribens
693 4777 742 4830 ei
774 4791 805 4830 a
834 4776 1088 4831 Laodicia
1117 4791 1217 4845 per
1241 4775 1533 4845 Tychicum
1565 4774 1874 4829 diaconum.

1281 4949 1725 5014 PROLOGUS
1769 4954 1843 5013 B.
1891 4952 2312 5015 BRUNONIS
2354 4954 2438 5013 IN
2482 4953 2845 5013 EAMDEM.

491 5080 841 5138 Consuetudo
873 5090 991 5139 erat
1047 5081 1413 5154 apostolorum
1461 5091 1519 5137 ut
1557 5084 1842 5152 cujuslibet
1872 5084 2009 5140 civi-

420 5170 539 5226 tatis
571 5172 791 5242 populo,
825 5172 1074 5227 doctrina
1103 5187 1289 5227 eorum
1308 5188 1570 5227 converso
1590 5174 1659 5227 ad
1681 5172 1866 5237 fidem,
1900 5189 2008 5228 non

420 5259 495 5316 ibi
567 5260 976 5327 subsisterent,
1026 5261 1121 5316 sed
1190 5264 1531 5331 (consecrato
1587 5261 1661 5315 ibi
1709 5260 2006 5332 episcopo,

421 5350 512 5421 qui
545 5348 733 5405 fideles
764 5348 931 5405 factos
962 5351 1249 5406 instrueret
1287 5351 1354 5406 de
1410 5350 1494 5405 his
1523 5349 1668 5421 quod
1697 5357 1819 5419 post
1848 5348 2008 5404 fidem

421 5439 657 5495 tenenda
685 5442 852 5510 sunt,)
902 5439 1189 5495 transirent
1234 5441 1303 5496 ad
1329 5440 1464 5495 alios
1510 5438 1741 5509 populos
1770 5454 2009 5511 congre-

418 5530 631 5601 gandos
658 5529 729 5585 ad
759 5527 947 5587 fidem.
1004 5528 1167 5600 Cujus
1196 5528 1273 5585 rei
1303 5528 1537 5585 formam
1568 5526 1763 5583 Paulus
1819 5536 2010 5582 tenens

2126 5086 2409 5141 conversis
2457 5084 2730 5156 Ephesiis,
2763 5081 3106 5141 Consecravit
3148 5081 3256 5135 illis
3282 5082 3337 5134 in
3395 5079 3709 5150 episcopum

2118 5175 2481 5242 Timotheum,
2542 5174 2997 5229 collaboratorem
3052 5169 3385 5241 Evangelii,
3416 5174 3492 5231 ut,
3543 5165 3709 5220 Paulo

2119 5272 2483 5334 praetereunte
2513 5262 2580 5317 ad
2612 5263 2937 5317 Macedonas
2995 5258 3415 5323 convertendos,
3449 5255 3712 5309 haberent

2120 5352 2413 5423 Ephesiani
2442 5352 2780 5407 Timotheum
2800 5394 2812 5416 ,
2847 5348 2940 5421 qui
2980 5364 3075 5404 eos
3106 5365 3177 5404 ne
3224 5345 3453 5417 singulis
3478 5344 3712 5396 instrue-

2118 5446 2221 5504 ret,
2282 5455 2351 5492 ne
2390 5437 2552 5503 forte,
2584 5436 2690 5490 illis
2737 5436 2854 5489 sine
2912 5434 3134 5489 doctore
3191 5429 3430 5487 dimissis
3468 5426 3715 5497 ,periret

2119 5526 2274 5582 labor
2303 5526 2453 5582 Pauli
2481 5526 2535 5580 in
2584 5525 2683 5580 eis.
2734 5523 2882 5593 Quos
2938 5521 3211 5594 Ephesios
3267 5517 3462 5574 Paulus
3506 5514 3714 5586 primus
