3966 6050
265 258 373 313 425
903 254 1281 312 EXPOSITIO
1322 257 1394 311 IN
1452 256 1832 313 EPISTOLAS
1885 259 2116 314 PAULI.
2154 288 2223 300 —
2254 259 2327 314 IN
2356 258 2575 315 EPIST.
2609 260 2631 313 Ι
2669 258 2762 313 AD
2791 261 2931 319 TIM.
3467 276 3574 332 426

270 380 343 434 ad
411 378 573 433 tidem
632 378 929 442 convertit;
991 379 1185 449 quibus
1242 382 1476 436 Joannes
1536 381 1875 454 evangelista
1894 395 1949 453 Α
1977 383 2045 436 sit
2075 390 2127 436 et
2185 383 2524 449 reverentiae,
2574 383 2901 453 Ephesianis
2946 386 3291 445 audientibus
3322 407 3355 446 a
3387 394 3574 451 Timo-

265 468 615 538 postmodum
644 467 697 519 in
730 468 1047 537 episcopum
1078 469 1312 538 praefuit,
1348 471 1629 526 Timotheo
1660 472 1715 525 in
1735 488 1875 542 Opus

267 557 551 627 Evangelii
581 573 611 609 a
644 557 804 610 Paulo
851 565 1126 612 revocato.
1186 560 1332 613 llanc
1363 568 1542 613 autem
1574 562 1873 631 Epistolam

268 662 391 700 cum
424 646 594 698 tribus
624 645 744 698 aliis
768 662 887 716 quae
912 655 1232 716 sequuntur,
1268 649 1455 703 scribit
1483 651 1550 703 ad
1582 667 1870 719 personas:

268 734 409 788 duas
450 734 521 787 ad
578 734 957 799 Timotheum;
1000 736 1217 790 tertiam
1275 738 1343 791 ad
1377 738 1587 803 Titum;
1622 747 1872 810 quartam

258 824 331 877 ad
362 823 774 888 Philomonem;
807 833 1032 878 cieteras
1065 826 1253 879 scribit
1284 828 1352 879 ad
1384 827 1681 882 Ecclesias.
1723 830 1870 881 Con-

260 920 472 966 secrato
524 912 686 979 (sicut
743 912 945 967 dictum
1003 914 1106 981 est)
1165 914 1447 969 Timotheo
1500 916 1752 985 Ephesiis
1809 916 1863 969 in

260 1000 600 1071 episcopum,
637 1008 973 1072 consurgunt
1002 1010 1188 1056 contra
1219 1020 1343 1057 eum
1372 1006 1858 1074 pseudodoctores,

259 1088 529 1157 dicentes,
592 1089 718 1143 licet
748 1106 887 1144 nova
944 1090 1028 1145 lex
1059 1091 1279 1147 inducta
1310 1093 1393 1159 sit,
1427 1109 1550 1148 cum
1582 1110 1645 1148 ea
1680 1102 1861 1147 tamen

260 1179 554 1232 tenendam
586 1194 708 1232 esse
735 1178 1203 1234 circumcisionem
1234 1188 1285 1235 et
1328 1190 1573 1235 veterum
1604 1182 1740 1236 ritus
1772 1198 1859 1236 sa-

258 1266 609 1321 crificiorum.
648 1265 769 1334 Quo
798 1267 1091 1331 intellecto,
1154 1269 1347 1323 Paulus
1391 1270 1687 1340 Epistolam
1718 1273 1858 1325 hanc

252 1354 438 1427 dirigit
494 1355 565 1408 ad
622 1354 983 1417 Timotheum,
1049 1372 1155 1410 non
1215 1359 1361 1428 quod
1416 1358 1485 1412 de
1515 1375 1581 1413 eo
1614 1360 1858 1429 ambigat

257 1443 408 1514 quod
464 1443 519 1496 in
575 1442 756 1513 aliquo
814 1459 1183 1499 consensurus
1215 1446 1282 1499 sit
1304 1447 1851 1516 pseudodoctoribus,

257 1532 357 1586 scd
416 1539 471 1585 ut
521 1531 763 1585 doctrina
820 1534 955 1600 ejus,
1009 1535 1263 1588 roborata
1318 1536 1632 1591 auctoritate
1680 1537 1848 1601 Pauli,

253 1621 402 1675 idem
460 1637 581 1675 cum
638 1620 919 1675 Timotheo
968 1623 1234 1691 docentis,
1268 1626 1487 1693 majoris
1520 1626 1853 1680 auctoritatis

261 1793 3229 1820 Μ

1978 472 2102 525 theo
2130 471 2272 525 idem
2306 473 2493 527 doceri
2525 474 2668 543 quod
2700 490 2728 525 a
2762 475 2948 541 Paulo,
3004 477 3091 531 cui
3123 480 3314 533 tradita
3345 490 3426 535 est
3456 485 3573 540 haec

1976 561 2227 615 doctrina
2277 579 2306 614 a
2363 562 2592 616 Christo.
2647 565 2704 615 ln
2750 566 2853 619 hac
2882 574 3064 619 autem
3098 568 3342 637 Epistola
3371 572 3570 627 Paulus

1975 649 2088 719 agit
2145 650 2211 703 de
2271 651 2640 705 ecclesiastico
2699 654 2909 721 ordine,
2960 655 3164 709 docens
3210 658 3276 710 ab
3326 661 3569 715 Ecclesia

1974 739 2321 807 repellendos
2370 741 2850 809 pseudodoctores,
2894 742 3108 814 illisque
3140 746 3567 803 denuntiandum

1973 843 2041 880 ne
2084 843 2342 896 perverse
2390 828 2647 894 doceant;
2699 832 2846 900 quod
2890 832 2936 884 si
2984 833 3106 886 ideo
3139 850 3249 888 non
3276 836 3563 905 desistunt,

1963 915 2178 984 populis
2206 916 2633 970 denuntiandum
2662 926 2763 983 est,
2797 936 2864 973 ne
2894 936 2989 974 eos
3021 922 3259 977 audiant.
3286 925 3456 980 Docet
3477 927 3565 982 hic

1963 1003 2123 1057 etiam
2171 1004 2367 1058 Paulus
2418 1006 2755 1061 Timotheum
2806 1008 2873 1062 de
2901 1010 3092 1063 ordine
3141 1013 3464 1067 sacerdotali
3511 1022 3565 1068 et

1960 1092 2196 1157 letivico,
2230 1095 2501 1163 quomodo
2533 1095 2771 1165 eligendi
2826 1096 2931 1151 sint
2964 1107 3016 1152 et
3064 1100 3358 1168 probandi.
3393 1104 3565 1158 Docet

1962 1182 2124 1236 etiam
2172 1182 2240 1235 de
2294 1183 2483 1237 ordine
2542 1184 2846 1251 viduarum,
2913 1188 3187 1257 quomodo
3246 1189 3561 1245 ministrare

1960 1270 2154 1325 doceat
2180 1270 2305 1325 illas
2335 1272 2388 1324 in
2422 1272 2690 1327 Ecclesia.
2738 1275 2949 1329 Docere
2980 1284 3185 1343 autem,
3219 1278 3436 1333 etiamsi
3468 1296 3559 1333 sa-

1960 1360 2310 1429 pientissimae
2368 1360 2495 1426 sint,
2565 1378 2843 1431 nunquam
2876 1364 3193 1420 mulieribus
3232 1368 3559 1437 permitten-

1957 1448 2113 1501 dum.
2171 1448 2259 1503 Sic
2316 1450 2565 1504 docendo
2596 1451 2662 1505 de
2694 1451 3066 1507 ecclesiastico
3097 1454 3286 1510 ordine
3328 1456 3558 1511 intendit

1956 1536 2153 1591 Paulus
2202 1545 2277 1603 ut,
2320 1554 2418 1606 pro
2458 1538 2621 1593 modo
2673 1540 2934 1593 doctrinae
2966 1548 3104 1610 sum,
3156 1552 3332 1599 teneat
3377 1546 3557 1615 Ephe-

1956 1625 2126 1695 siana,
2159 1625 2445 1696 omnisque
2476 1642 2598 1682 cum
2628 1642 2693 1682 ea
2722 1629 2996 1684 Ecclesia.

3238 1805 3530 1819 _

1016 1968 1613 2067 EPISTOLA
1672 1969 1712 2063 Ι
1764 1968 1925 2064 AD
2001 1969 2782 2073 TIMOTHEUM.

783 2196 1006 2251 CAPUT
1040 2196 1329 2251 PRIMUM.

328 2368 351 2390 «ι
390 2344 589 2399 Paulus
646 2346 926 2415 apostolus
981 2346 1109 2399 Jesu
1155 2344 1379 2411 Christi,
1414 2344 1711 2399 secundum
1743 2343 1850 2397 im-

254 2453 277 2482 c
314 2434 526 2503 perium
558 2435 655 2489 Dei
716 2435 1008 2489 Salvatoris
1039 2434 1235 2499 nostri,
1271 2442 1319 2487 et
1351 2433 1545 2487 Christi
1576 2434 1703 2487 Jesu
1735 2432 1849 2502 spei

254 2544 276 2572 α
316 2532 539 2578 nostra.
572 2524 853 2579 Timotheo
894 2525 1092 2579 dilecto
1131 2522 1241 2577 ﬁlio
1271 2524 1323 2576 in
1366 2522 1471 2576 ﬁde
1503 2523 1707 2593 gratia,
1741 2522 1849 2575 mi-

256 2635 277 2661 α
319 2612 633 2677 sericordia,
697 2621 746 2666 et
800 2629 904 2683 pax
962 2629 993 2666 a
1050 2614 1164 2666 Deo
1214 2614 1371 2666 Patre
1400 2620 1452 2665 et
1481 2612 1692 2666 Christo
1721 2611 1849 2665 Jesu

257 2701 553 2755 «Domino
610 2710 815 2755 nostro.
879 2701 1025 2757 Sicut
1083 2701 1271 2773 rogavi
1327 2708 1399 2766 te,
1434 2709 1488 2754 ut
1536 2715 1848 2754 remaneres

254 2810 275 2837 α
318 2789 541 2859 Ephesi,
577 2805 699 2844 cum
731 2790 867 2844 irem
898 2790 952 2843 in
980 2789 1371 2858 Macedoniam,
1406 2797 1463 2842 ut
1501 2788 1848 2843 denuntiarcs

255 2900 277 2927 ι
320 2878 645 2947 quibusdam
686 2895 754 2933 ne
785 2879 942 2933 aliter
972 2878 1249 2947 docerent,
1301 2894 1476 2947 neque
1507 2877 1850 2932 intenderent

252 2988 274 3015 ι
317 2965 558 3021 310
600 2966 794 3021 fabulis
843 2976 895 3022 et
942 2966 1282 3039 genealogiis
1328 2966 1849 3038 interminatis,quze

251 3078 272 3101 η
312 3057 637 3126 quznstiones
659 3057 1103 3129 praestantmagis
1123 3072 1281 3128 quam
1296 3056 1708 3112 mdiiicationem
1727 3056 1844 3125 Dei,

253 3166 275 3189 α
315 3160 437 3215 quae
468 3153 549 3199 est
578 3146 631 3198 in
665 3144 789 3199 tide.
826 3146 974 3199 Finis
1002 3154 1179 3200 autem
1204 3145 1459 3216 praecepti
1490 3153 1571 3199 est
1593 3144 1841 3209 charitas,

254 3254 277 3281 α
313 3233 382 3287 de
406 3233 572 3288 corde
590 3250 749 3303 puro,
770 3243 821 3289 et
842 3235 1176 3289 conscientia
1200 3235 1363 3303 bona,
1382 3242 1434 3287 et
1456 3234 1559 3287 fide
1572 3249 1680 3288 non
1698 3232 1843 3287 ﬁcta.

248 3342 271 3370 ι
310 3324 357 3376 Α
418 3322 613 3393 quibus
670 3322 887 3393 quidam
948 3324 1288 3391 aberrantes,
1324 3321 1573 3378 conversi
1622 3330 1746 3375 sunt
1793 3321 1847 3374 in

252 3434 275 3457 α
312 3410 703 3481 vaniloquium,
768 3412 1011 3465 volentes
1060 3428 1182 3466 esse
1232 3411 1368 3481 legis
1413 3412 1684 3478 doctores,
1737 3425 1845 3463 non

244 3524 266 3545 α
309 3498 675 3569 intelligentes
708 3515 882 3571 neque
915 3516 1033 3571 quae
1066 3500 1380 3571 loquuntur,
1423 3515 1598 3569 neque
1628 3499 1695 3552 de
1718 3498 1842 3568 qui-

248 3612 269 3633 a
312 3587 414 3641 bus
468 3586 750 3641 affirmant.
816 3588 1027 3642 Scimus
1065 3596 1241 3642 autem
1294 3588 1421 3659 quia
1453 3588 1595 3641 bona
1624 3595 1704 3640 est
1734 3587 1839 3651 lex,

244 3698 266 3725 ι
306 3676 352 3729 si
409 3676 529 3747 quis
591 3692 657 3730 ea
715 3676 956 3747 legitime
989 3684 1190 3742 utatur,
1221 3676 1455 3731 scientes
1486 3674 1708 3747 [sciens]
1740 3676 1843 3729 hoc

243 3787 266 3815 ι
308 3766 434 3835 quia
458 3767 605 3833 justo
636 3765 719 3819 lex
756 3782 864 3820 non
886 3774 967 3820 est
1017 3766 1213 3835 posita,
1257 3766 1354 3819 sed
1385 3764 1617 3833 injustis,
1653 3772 1704 3818 et
1734 3779 1841 3817 non

242 3875 265 3902 ι
309 3854 561 3920 subditis,
596 3854 777 3925 impiis
809 3863 858 3908 et
888 3854 1282 3925 peccatoribus,
1318 3852 1595 3907 sceleratis
1627 3860 1676 3906 et
1705 3868 1840 3907 con-

245 3963 266 3993 ι
308 3942 603 4009 taminatis,
686 3942 973 4013 parricidis
1048 3951 1098 3997 et
1156 3942 1473 4005 matricidis,
1530 3941 1835 4007 homicidis,

243 4055 264 4079 α
304 4031 632 4097 fornicariis,
693 4033 1054 4087 masculorum
1107 4031 1570 4095 concubitoribus,
1626 4030 1838 4100 plagia-

240 4143 261 4170 α
302 4121 394 4174 riis
452 4120 771 4193 [plagariis],
834 4120 1206 4185 mendacibus,
1265 4128 1315 4174 et
1370 4119 1620 4189 perjuris,
1683 4127 1733 4173 et
1791 4117 1837 4171 si

240 4234 260 4256 α
301 4210 432 4280 quid
489 4210 636 4264 aliud
696 4226 841 4265 sanae
898 4210 1158 4264 doctrinae
1213 4210 1547 4272 adversatur,
1603 4224 1723 4278 quae
1755 4216 1837 4262 est

238 4321 259 4343 «ι
299 4299 599 4351 secundum
657 4298 1013 4369 Evangelium
1071 4296 1257 4368 gloriae
1316 4296 1460 4351 beati
1508 4295 1627 4361 Dei,
1691 4295 1835 4366 quod

239 4408 261 4437 α
300 4385 564 4440 creditum
596 4394 676 4441 est
732 4386 881 4441 mihi.
921 4386 1138 4441 Gratias
1170 4401 1274 4457 ago
1306 4386 1354 4439 ei
1380 4384 1471 4455 qui
1501 4401 1587 4438 me
1619 4383 1836 4439 confor-

238 4499 259 4521 ιι
296 4474 427 4529 tavit
481 4474 535 4528 in
590 4474 804 4529 Christo
859 4475 987 4529 Jesu
1032 4475 1262 4530 Domino
1293 4481 1500 4541 nostro,
1535 4472 1661 4544 quia
1692 4470 1832 4527 fide-

234 4586 255 4607 ‹‹
295 4562 404 4617 lem
465 4578 551 4618 me
600 4563 941 4631 existimavit,
1004 4579 1213 4633 ponens
1270 4562 1326 4616 in
1363 4562 1685 4616 ministerio.
1727 4560 1831 4629 Qui

235 4674 258 4701 ι
296 4652 451 4722 prius
480 4651 558 4706 fui
589 4652 960 4723 blasphemus,
994 4660 1045 4707 et
1091 4660 1420 4722 persecutor,
1459 4659 1511 4706 et
1543 4658 1829 4706 contume-

233 4763 257 4791 ε
294 4741 506 4807 liosus;
560 4742 659 4795 sed
716 4740 1149 4796 misericordiam
1197 4740 1297 4795 Dei
1329 4747 1654 4795 consecutus
1685 4755 1824 4807 sum,

233 4852 255 4880 α
293 4830 425 4900 quia
466 4830 725 4902 ignorans
773 4830 876 4885 feci
923 4830 974 4883 in
1023 4828 1425 4884 incredulitate.
1468 4827 1824 4898 Superabun-

1873 2195 1925 2254 B
1958 2215 1978 2243 α
2016 2193 2131 2247 Deo
2160 2194 2336 2247 honor
2364 2201 2415 2248 et
2447 2194 2624 2266 gloria
2656 2194 2709 2247 in
2738 2194 2935 2251 saecula
2964 2196 3306 2253 sazculorum.
3342 2201 3540 2255 Amen.

1955 2303 1975 2327 ιι
2014 2282 2126 2336 Hoc
2172 2291 2499 2353 praeceptum
2542 2285 2863 2339 commendo
2912 2286 3027 2355 tibi,
3097 2286 3172 2340 ﬁli
3247 2288 3547 2355 Timothee,

1954 2392 1975 2415 ‹‹
2012 2371 2309 2425 secundum
2332 2372 2705 2441 przecedentes
2738 2374 2793 2426 in
2824 2381 2874 2427 te
2903 2376 3236 2445 prophetias,
3264 2384 3321 2430 ut
3350 2377 3549 2432 milites

1955 2480 1974 2504 «
2013 2458 2069 2511 in
2118 2458 2223 2512 illis
2273 2460 2468 2514 bonam
2518 2462 2784 2530 militiam,
2838 2464 3043 2518 habens
3074 2463 3236 2518 ﬁdem
3267 2472 3318 2519 et
3348 2466 3549 2519 bonam

1955 2567 1975 2595 α
2012 2547 2419 2609 conscientiam,
2478 2566 2636 2620 quam
2714 2550 2925 2621 quidam
2994 2552 3343 2621 repellentes,
3402 2554 3544 2609 circa

1954 2656 1975 2683 α
2012 2634 2174 2690 fidem
2206 2636 2700 2707 naufragavcrunt;
2735 2655 2799 2692 ex
2830 2639 3028 2710 quibus
3088 2649 3170 2694 est
3218 2642 3544 2712 Hymenaeus

1953 2745 1974 2773 α
2013 2732 2064 2778 et
2094 2724 2419 2791 Alexander,
2455 2743 2589 2797 quos
2620 2727 2813 2781 tradidi
2843 2729 3077 2795 Satanaa,
3111 2737 3169 2783 ut
3198 2730 3409 2785 discant
3436 2747 3546 2786 non

1953 2832 1975 2860 α
2010 2812 2410 2883 blasphemare.
2440 2836 2459 2863 υ

2588 2947 2901 2989 EXPOSITIO.

2020 3054 2236 3119 Paulus,
2300 3062 2404 3110 etc.
2458 3055 2767 3125 Scripturus
2813 3058 3098 3129 discipulo,
3141 3060 3364 3115 salutem
3395 3078 3540 3132 prte-

1946 3142 2107 3196 mittit
2136 3142 2358 3197 dicens:
2394 3146 2641 3209 Paulus;
2666 3146 2812 3215 quod
2846 3147 3064 3217 quidem
3097 3164 3294 3203 nomen
3324 3159 3403 3205 est
3435 3153 3539 3205 hu-

1947 3231 2203 3285 militatis.
2255 3232 2453 3285 Paulus
2514 3233 2673 3287 emim
2705 3238 2864 3306 quasi
2914 3238 3167 3292 modicus
3196 3238 3411 3294 dicitur.
3445 3240 3545 3296 Hic

1947 3327 2128 3373 autem
2189 3320 2281 3373 ubi
2312 3321 2625 3375 auctoritate
2655 3337 2792 3391 Opus
2823 3331 2922 3389 est,
2959 3327 3294 3381 auctoritatis
3344 3343 3543 3383 nomen

1946 3416 2029 3461 est
2055 3426 2068 3470 ;
2106 3407 2300 3461 Paulus
2351 3409 2495 3462 enim
2526 3424 2725 3464 nomen
2749 3411 2973 3465 multum
3004 3422 3191 3467 notum
3222 3424 3357 3469 erat.
3388 3418 3543 3471 Unde

1946 3504 2003 3549 ut
2032 3496 2209 3567 magis
2239 3496 2508 3551 refelleret
2538 3499 3010 3567 pseudodoctores
3035 3502 3107 3554 ait
3132 3520 3143 3554 :
3179 3506 3392 3557 Paulus
3412 3521 3545 3575 apo-

1945 3586 2145 3648 stolus,
2178 3584 2231 3638 id
2265 3593 2344 3638 est
2379 3586 2593 3655 legatus
2611 3586 2696 3641 vel
2715 3588 2935 3642 missus.
2991 3589 3121 3643 Cum
3155 3598 3331 3644 autem
3353 3607 3544 3647 omnes

1946 3672 2139 3739 sancti,
2174 3672 2341 3743 legati
2371 3673 2470 3727 Dei
2503 3674 2628 3739 sint,
2662 3676 2935 3746 praecipue
2964 3678 3196 3747 apostoli
3226 3678 3304 3733 sic
3335 3696 3539 3735 vocan-

1944 3768 2049 3825 tur,
2085 3761 2185 3814 sub
2216 3761 2412 3831 quibus
2434 3777 2595 3816 omne
2624 3779 2798 3833 genus
2848 3773 3183 3830 sanctorum,
3219 3783 3385 3837 supra
3403 3785 3539 3840 quos

1941 3864 2073 3904 vero
2105 3849 2252 3903 solus
2283 3850 2545 3915 Christus,
2600 3851 2890 3906 invenitur.
2933 3856 3248 3923 Apostolus,
3290 3856 3534 3926 inquam,

1945 3936 2154 3991 Christi
2208 3938 2356 4003 Jesu,
2419 3938 2540 4008 quia
2596 3954 2628 3992 a
2676 3940 2887 3995 Christo
2919 3942 3094 3996 solum
3125 3944 3355 4013 apostoli
3385 3946 3538 4000 missi

1939 4033 2080 4078 sunt.
2114 4025 2195 4078 Ab
2253 4026 2511 4095 apostolis
2561 4035 2738 4081 autem
2769 4030 2951 4084 caeteri
2986 4032 3180 4097 sancti,
3217 4040 3271 4086 ut
3304 4049 3336 4086 a
3365 4035 3533 4090 Paulo

1936 4114 2267 4168 Timotheus.
2332 4114 2466 4181 Quia
2518 4115 2562 4168 si
2613 4116 2807 4170 Paulus
2870 4119 3148 4187 apostolus
3197 4120 3395 4175 Christi
3442 4123 3528 4187 sit,

1933 4210 2143 4256 constat
2201 4202 2345 4272 quod
2394 4203 2484 4272 qui
2532 4204 2702 4258 Paulo
2752 4207 3088 4273 contradicit,
3126 4210 3446 4265 contradicit
3478 4220 3531 4265 et

1938 4290 2170 4355 Christo,
2221 4290 2311 4360 qui
2361 4291 2585 4345 Paulum
2632 4292 2821 4359 misit;
2875 4295 2963 4364 qui
3012 4311 3139 4350 vero
3186 4297 3468 4353 Timotheo
3500 4315 3533 4354 a

1936 4378 2101 4432 Paulo
2131 4378 2320 4443 misso,
2354 4386 2407 4433 ct
2454 4379 2508 4432 in
2541 4380 2761 4433 Paulum
2793 4389 2845 4435 et
2873 4382 2925 4434 in
2961 4383 3236 4439 Christum
3268 4386 3517 4442 offendit.

1935 4467 2148 4531 Paulus,
2197 4467 2434 4538 inquam,
2495 4468 2771 4537 apostolus
2803 4470 3000 4525 Christi
3058 4473 3186 4527 Jesu
3218 4476 3529 4532 secundum

1930 4556 2252 4628 imperium.
2278 4556 2431 4610 Ponit
2455 4556 2507 4609 in
2530 4556 2650 4610 aliis
2664 4558 2923 4627 Epistolis
2941 4562 3251 4618 secundum
3270 4566 3528 4621 volunta-

1933 4648 2063 4711 tem,
2090 4644 2185 4698 sed
2216 4651 2272 4698 ut
2326 4645 2591 4713 majorem
2620 4645 3012 4702 districtionem
3048 4650 3308 4722 signaret,
3343 4654 3525 4722 posuit

1929 4732 2018 4787 hic
2065 4734 2387 4803 imperium.
2445 4734 2704 4789 Volumus
2754 4735 2898 4789 enim
2945 4739 3212 4807 quaedam,
3266 4757 3386 4811 quae
3415 4758 3525 4796 non

1929 4820 2297 4891 imperamus;
2350 4838 2471 4892 quae
2516 4831 2696 4877 autem
2747 4822 2860 4878 fieri
2888 4824 3234 4895 imperamus,
3280 4836 3333 4882 et
3362 4829 3522 4883 volu-

230 4942 252 4965 α
293 4919 447 4973 davit
492 4926 667 4972 autem
719 4918 893 4988 gratia
922 4918 1137 4972 Domini
1167 4917 1337 4971 nostri
1369 4934 1490 4971 cum
1523 4915 1627 4970 ﬁde
1658 4923 1710 4970 et
1740 4915 1827 4969 di—
1847 4910 1900 4970 D
1930 4924 2069 4975 mus,
2103 4918 2174 4973 et,
2207 4926 2274 4964 ne
2304 4926 2415 4964 non
2444 4909 2591 4978 fiant,
2641 4912 2934 4981 prohibere
2975 4914 3235 4971 videmur.
3263 4917 3417 4972 Unde
3447 4918 3523 4972 ait

233 5030 255 5056 ι
293 5007 548 5071 lectione,
610 5022 728 5077 que
759 5014 840 5060 est
890 5006 943 5059 in
976 5006 1189 5060 Christo
1233 5006 1379 5059 Jesu.
1414 5004 1613 5059 Fidelis
1645 5019 1826 5059 sermo

232 5116 253 5141 ι
293 5099 348 5146 et
403 5091 550 5145 omni
606 5091 922 5161 acceptione
979 5090 1204 5162 dignus,
1242 5090 1368 5160 quia
1399 5089 1638 5143 Christus
1668 5090 1827 5143 Jesus

231 5205 252 5227 α
288 5179 439 5235 venit
493 5179 548 5233 in
598 5180 739 5233 hunc
767 5178 1027 5233 mundum
1065 5186 1384 5249 peccatores
1416 5178 1596 5232 salvos
1628 5177 1823 5242 facere,

230 5293 251 5315 α
291 5284 527 5340 quorum
557 5269 763 5338 primus
795 5284 900 5339 ego
924 5284 1059 5321 sum.
1094 5267 1199 5321 Sed
1240 5267 1364 5321 ideo
1396 5266 1825 5321 misericordiam

227 5383 249 5404 υ
287 5364 615 5413 consecutus
672 5373 795 5410 sum
833 5364 889 5410 ut
921 5356 972 5409 in
1005 5372 1091 5411 me
1124 5356 1296 5425 primo
1326 5356 1639 5411 ostenderet
1670 5354 1826 5408 Chri-

227 5472 249 5495 α
296 5456 413 5501 stus
471 5447 629 5500 Jesus
687 5461 903 5500 omnem
936 5445 1244 5516 patientiam
1292 5446 1361 5499 ad
1392 5444 1825 5500 informationem

226 5560 251 5586 ι
288 5550 502 5602 eorum,
564 5534 655 5605 qui
684 5534 944 5590 credituri
996 5542 1117 5589 sunt
1146 5534 1223 5588 illi
1252 5534 1305 5587 in
1338 5534 1502 5589 vitam
1532 5541 1815 5589 aeternam.

228 5648 251 5673 α
288 5624 433 5697 Regi
490 5630 669 5678 autem
717 5622 1046 5679 sazculorum
1074 5621 1385 5692 immortali,
1415 5622 1691 5689 invisibili,
1723 5620 1826 5677 soli

444 5721 687 5777 ΡΑπιοι..
719 5720 899 5777 CLIII.

1927 4999 2235 5053 secundum
2264 5000 2565 5069 imperium
2593 5002 2687 5055 Dei
2702 5001 2891 5058 Patris.
2916 5003 3061 5057 Deus
3083 5004 3225 5057 enim
3249 5006 3407 5061 Pater
3428 5007 3525 5062 im-

1927 5087 2138 5157 peravit
2187 5104 2274 5141 me
2331 5088 2636 5158 apostolum
2692 5088 2825 5144 fieri.
2888 5093 2989 5146 Dei
3044 5092 3166 5147 dico
3213 5095 3523 5152 Saluatoris

1927 5177 2127 5244 nostri,
2159 5175 2212 5229 id
2234 5176 2429 5247 estqui
2460 5177 2686 5247 imperio
2706 5194 2802 5233 suo
2833 5180 3151 5235 obedientes
3185 5183 3387 5251 salvat;
3412 5202 3521 5241 non

1928 5264 2243 5319 obedientes
2302 5281 2434 5319 vero
2484 5281 2515 5319 a
2558 5266 2729 5321 salute
2776 5268 2989 5322 alienat.
3038 5272 3191 5325 Unde
3222 5272 3517 5327 timendum

1928 5361 2027 5418 est,
2088 5370 2197 5407 non
2258 5354 2574 5424 parentibus
2623 5354 2847 5425 imperio
2897 5358 3181 5424 Timothei,
3244 5362 3389 5431 quia,
3420 5378 3522 5418 nec

1926 5442 2074 5507 mihi,
2134 5459 2233 5498 nec
2284 5444 2417 5509 Deo,
2454 5444 2545 5514 qui
2594 5443 2881 5513 imperavit
2908 5463 2995 5500 me
3027 5448 3341 5517 Apostolum
3375 5466 3519 5517 esse,

1927 5531 2204 5596 obediunt,
2232 5540 2284 5586 et
2309 5532 2385 5587 sic
2406 5548 2435 5585 a
2458 5532 2756 5587 salvatione
2799 5534 2899 5588 Dei
2937 5535 3100 5589 alieni
3123 5546 3263 5591 sunt.
3305 5540 3523 5595 Secun-

1928 5618 2062 5676 dum
2084 5621 2388 5691 imperium
2404 5621 2505 5676 Dei
2526 5620 2703 5676 Patris
2732 5622 2855 5679 dico
2880 5641 2894 5691 ;
2927 5627 2981 5679 et
3012 5626 3314 5682 secundum
3343 5628 3522 5701 impe-

3244 5728 3310 5780 14
