3966 6050
437 244 542 298 42⁵7

993 237 1049 295 S.
1091 234 1442 294 BRUNONIS
1480 230 2127 289 CARTHUSIANORUM
2166 232 2652 291 INSTITUTORIS
2691 223 2843 290 OPP.
2886 232 3060 289 PARS
3100 234 3166 288 II.

3616 235 3720 290 428

438 367 579 420 rium
616 365 823 421 Christi
848 363 998 436 regis
1029 371 1080 418 et
1110 362 1436 418 sacerdotis.
1494 359 1800 415 Secundum
1845 357 2023 411 homi-
2052 362 2101 419 Α
2129 374 2187 413 se
2227 360 2431 414 habere
2468 360 2731 428 jactaret,
2775 366 2828 413 et
2858 358 2935 414 sic
2966 357 3198 412 ministri
3229 356 3524 421 Ecclesia,
3558 358 3722 412 etiam

435 471 561 510 nem
590 455 712 510 dico
744 453 834 524 qui
875 461 928 507 et
957 452 1256 507 immolavit
1301 451 1541 520 seipsum
1592 449 1646 501 in
1692 464 1784 501 ara
1824 447 2018 514 crucis,

429 551 487 597 ut
516 558 613 597 nos
644 543 927 597 mundaret
956 557 987 595 a
1018 540 1245 605 delictis,
1299 554 1466 609 seque
1498 535 1885 590 immolandum
1917 551 2021 589 no-

428 632 511 685 bis
569 632 808 703 quotidie
862 631 917 683 in
945 630 1099 684 altari
1156 628 1323 682 dedit.
1385 627 1549 696 Regis
1607 625 1787 689 etiam,
1822 623 1947 694 quia
1970 633 2023 678 et

426 720 569 775 bona
600 720 710 785 dat,
743 727 795 774 et
824 719 876 772 in
909 718 1067 773 bonis
1096 716 1254 787 regit.
1293 715 1502 770 Christi
1531 714 1653 769 dico
1682 713 1829 777 Jesu,
1864 711 1918 764 id
1940 718 2023 765 est

430 809 760 872 Saluatoris,
796 807 887 878 qui
936 815 987 861 et
1018 806 1072 859 in
1104 803 1361 876 praesenti
1413 802 1585 856 salvat
1615 818 1644 853 a
1675 800 1852 865 malis,
1888 809 1939 854 et
1966 799 2021 852 in

430 896 611 951 futuro
672 896 903 950 salutem
960 904 1218 950 mternam
1273 892 1497 946 daturus
1529 897 1611 943 est
1650 889 1782 943 suis.
1826 886 2021 942 Christi

426 986 556 1040 Jesu
585 984 727 1048 dico,
759 983 994 1039 auctoris
1024 984 1140 1054 spei
1180 986 1404 1045 nostrae,
1440 980 1495 1034 id
1525 987 1608 1033 est
1636 976 2021 1048 recuperandae

428 1072 873 1144 impassibilitatis
904 1079 956 1126 et
985 1068 1420 1133 immortalitatis,
1473 1083 1603 1138 quas
1634 1083 1734 1136 per
1764 1081 1887 1119 eum
1918 1079 2019 1119 nos

432 1168 857 1233 recuperaturos
890 1176 1195 1230 speramus,
1232 1158 1321 1229 qui
1353 1172 1571 1212 carnem
1603 1163 1845 1209 nostram
1876 1154 1930 1206 in
1962 1168 2022 1207 se

426 1251 593 1307 verbo
644 1250 742 1304 Dei
790 1249 995 1304 unitam
1028 1247 1212 1302 extulit
1243 1262 1405 1316 supra
1448 1260 1665 1299 omnem
1693 1250 2013 1307 creaturam,

427 1340 558 1395 nihil
590 1354 757 1409 supra
814 1353 936 1392 eam
967 1336 1281 1406 relinquens
1324 1341 1519 1404 printer
1556 1332 1887 1386 divinitatem
1918 1330 2021 1383 sibi

428 1429 808 1484 cohaerentem.
874 1426 1009 1494 Spes
1060 1424 1201 1477 enim
1251 1423 1466 1486 dicitur,
1526 1436 1634 1475 non
1678 1420 1746 1474 de
1785 1420 1869 1473 his
1900 1434 2020 1489 quae

426 1517 711 1579 habemus,
738 1511 1246 1581 utjustiticationem
1273 1511 1341 1565 3
1362 1510 1420 1565 1
1445 1509 1503 1564 1
1525 1508 1806 1579 apeccatis
1826 1508 1877 1560 in
1918 1507 2020 1560 ba-

425 1605 645 1676 ptismo,
671 1602 767 1657 sed
786 1602 854 1656 de
876 1602 958 1654 his
982 1616 1101 1670 qua
1122 1616 1220 1654 nos
1239 1599 1522 1653 habituros
1543 1597 1832 1661 credimus,
1851 1603 1909 1649 ut
1927 1595 2022 1648 im-

2126 448 2215 519 qui
2241 449 2373 517 justi
2406 456 2609 514 essent,
2644 448 2698 502 in
2730 455 3101 518 contemptum
3146 447 3412 503 venirent.
3449 447 3611 515 Cujus
3639 446 3719 501 rei

2125 536 2372 591 Christus
2460 537 2692 591 formam
2750 537 3085 608 relinquens,
3180 536 3438 590 suscitato
3495 536 3714 601 Lazaro,

2124 624 2256 678 dixit
2277 624 2555 695 discipulis
2582 643 2594 679 :
2626 625 2861 679 «Solvite
2883 641 3006 679 eum
3028 633 3080 679 et
3096 624 3253 677 sinite
3276 624 3427 678 abire
3445 625 3627 693 (Joan.
3653 639 3711 690 Il,

2122 714 2235 783 24),
2268 734 2288 762 ι
2328 713 2623 768 ostendens
2666 713 2938 767 neminem
2971 728 3133 783 posse
3164 712 3301 767 solvi
3350 712 3454 766 nisi
3483 727 3580 782 per
3609 712 3717 765 mi-

2122 802 2345 869 nistros,
2382 802 2578 873 quibus
2608 803 2726 857 haec
2772 800 3067 856 ministeria
3098 801 3309 856 credita
3337 809 3478 855 sunt.
3519 801 3715 856 Gratia

2124 890 2307 960 utique
2336 890 2743 957 misericordia,
2778 897 2831 944 et
2857 907 2997 962 pax,
3029 890 3099 946 sit
3125 889 3223 943 tibi
3253 906 3286 943 a
3308 890 3415 945 Deo
3445 889 3556 960 qui,
3589 906 3716 944 cum

2122 979 2268 1033 Deus
2299 979 2386 1045 sit,
2423 979 2538 1033 haec
2569 986 2620 1033 et
2648 978 2828 1033 omnia
2858 985 3053 1048 potest.
3086 978 3194 1033 Deo
3221 977 3344 1032 dico
3371 980 3561 1043 Patre,
3595 977 3709 1047 qui,

2122 1084 2188 1122 ex
2216 1083 2281 1122 eo
2312 1067 2451 1138 quod
2486 1069 2640 1121 Pater
2687 1075 2789 1131 est,
2831 1067 3164 1122 voluntatem
3193 1073 3245 1121 et
3273 1066 3421 1137 piam
3461 1064 3713 1122 atiectio-

2121 1172 2244 1210 nem
2278 1156 2421 1211 circa
2441 1164 2494 1211 te
2525 1164 2575 1211 et
2607 1172 2825 1210 omnem
2851 1154 3021 1209 ﬁlium
3069 1155 3250 1210 habet.
3305 1155 3383 1209 Sit
3413 1155 3573 1209 etiam
3621 1154 3717 1210 tibi

2121 1245 2224 1298 hoc
2278 1244 2424 1298 idem
2480 1261 2515 1299 a
2552 1244 2768 1299 Christo
2808 1246 2938 1299 Jesu
2972 1286 2985 1309 ,
3031 1242 3121 1314 qui
3170 1259 3293 1298 cum
3351 1242 3418 1296 sit
3473 1259 3595 1307 rex,
3659 1251 3716 1298 et

2123 1333 2333 1387 salvare
2364 1333 2590 1398 venerit,
2613 1333 2946 1388 voluntatem
2987 1331 3234 1386 similiter
3260 1332 3444 1386 habet.
3475 1332 3515 1386 Α
3543 1332 3712 1387 Chri-

2121 1425 2205 1475 sto
2234 1422 2355 1476 dico
2386 1422 2619 1477 Domino
2652 1426 2864 1489 nostro,
2912 1437 3093 1492 quem,
3143 1420 3270 1492 quia
3317 1420 3578 1475 Dominus
3606 1428 3708 1487 est,

2119 1510 2225 1564 hoc
2255 1518 2308 1563 et
2336 1508 2520 1564 omnia
2549 1526 2713 1579 posse
2746 1518 2995 1580 apparet.

2192 1598 2366 1652 Finita
2388 1597 2712 1652 salutatione
2733 1598 2919 1668 incipit
2956 1596 3254 1668 Epistolam
3273 1597 3461 1652 dicens
3488 1612 3499 1650 :
3534 1596 3579 1652 Ο
3611 1597 3710 1652 Ti-

424 1692 805 1747 mortalitatem
836 1698 888 1744 et
916 1688 1400 1759 impassibilitatem
1431 1703 1532 1757 per
1562 1686 1853 1742 Christum.
1883 1684 2019 1755 Spes
2038 1716 2090 1775 B
2120 1686 2355 1755 mothee,
2381 1686 2454 1740 ita
2484 1686 2568 1740 fac
2586 1686 2997 1751 subaudi,sicut
3018 1687 3205 1757 rogavi
3228 1691 3299 1751 te,
3331 1685 3423 1739 ubi
3442 1685 3515 1739 ait
3534 1688 3703 1751 sicut,

428 1781 573 1835 enim
629 1787 711 1835 est
765 1777 1097 1849 exspectatio
1144 1774 1337 1830 futurae
1368 1775 1524 1830 bonae
1552 1774 1629 1829 rei
1651 1790 1771 1829 cum
1803 1772 2082 1827 deside-_
2118 1781 2268 1827 notat
2301 1773 2670 1844 quantitatem.
2704 1773 2875 1841 Quasi
2918 1774 3123 1829 diceret
3147 1791 3159 1826 :
3180 1775 3298 1845 Ego
3318 1772 3499 1827 multis
3528 1773 3709 1828 modis

427 1885 530 1924 1‘10.

496 1957 710 2022 Paulus,
734 1955 971 2027 inquam,
998 1952 1272 2024 apostolus
1295 1952 1371 2007 sic
1394 1958 1445 2006 et
1481 1950 1558 2006 sic
1588 1957 1753 2021 Optat,
1778 1948 2013 2014 mandat,

428 2046 516 2101 vel
536 2045 741 2116 aliquid
768 2044 873 2097 tale
905 2043 1181 2097 Timotheo
1202 2042 1320 2109 ﬁlio
1342 2041 1481 2094 bene
1502 2038 1731 2091 imitanti
1752 2054 1831 2101 se,
1857 2053 2016 2107 quem

423 2134 611 2207 genuit
638 2134 701 2187 in
720 2132 847 2201 ﬁde,
882 2130 1028 2202 quia,
1050 2145 1172 2185 cum
1206 2127 1438 2182 infidelis
1457 2134 1619 2192 esset,
1657 2124 1874 2180 fidelem
1893 2140 2016 2179 eum

423 2223 550 2278 fecit
606 2222 746 2275 Filio
792 2219 916 2275 dico
962 2220 1164 2273 dilecto
1207 2216 1469 2287 peculiari
1500 2223 1552 2271 et
1581 2213 1801 2284 speciali
1829 2214 2013 2279 modo,

423 2311 569 2383 quia,
638 2325 761 2364 cum
833 2306 1011 2361 omnis
1070 2305 1255 2376 utique
1310 2303 1487 2358 ﬁdelis
1555 2302 1867 2373 diligendus
1925 2301 2012 2367 sit,

419 2397 639 2471 quidam
686 2404 866 2451 tamen
894 2394 948 2448 in
981 2394 1059 2449 eis
1091 2401 1215 2447 sunt
1245 2393 1336 2464 qui
1382 2390 1671 2462 privilegio
1704 2389 1904 2443 amoris
1930 2388 2013 2442 di-

418 2487 623 2559 ligendi
678 2493 819 2539 sunt.
881 2483 1097 2548 Paulus,
1158 2482 1402 2552 inquam,
1464 2479 1681 2533 mandat
1731 2478 2013 2533 Timotheo

418 2576 542 2641 hoc,
578 2575 701 2637 sibi,
736 2573 823 2628 vel
850 2572 965 2637 tibi,
1015 2570 1316 2636 Timothee,
1362 2569 1569 2641 gratia,
1603 2566 2010 2633 misericordia,

420 2664 475 2715 et
492 2675 636 2731 pax.
668 2658 728 2711 In
757 2656 875 2710 aliis
906 2670 1106 2726 ponere
1139 2652 1276 2707 solet
1315 2654 1503 2724 gratia
1534 2659 1737 2705 tantum
1767 2654 1823 2705 et
1870 2667 2008 2722 pax,

419 2745 735 2819 significans
781 2744 855 2798 ibi
899 2760 997 2812 per
1038 2741 1286 2812 gratiam,
1334 2740 1479 2811 quod
1526 2740 1615 2794 hic
1659 2755 1758 2810 per
1799 2736 2013 2793 miseri-

423 2834 685 2902 cordiam,
755 2831 1133 2887 remissionem
1194 2829 1401 2884 scilicet
1448 2835 1836 2899 peccatorum;
1889 2842 2010 2897 quae

417 2923 586 2995 gratia
640 2921 856 2987 dicitur,
916 2919 1044 2991 quia
1104 2917 1272 2990 gratis
1322 2916 1437 2971 sine
1468 2916 1641 2986 pretio
1681 2914 1767 2970 vel
1816 2914 2012 2969 merito

416 3020 600 3067 nostro
657 3009 1013 3064 dimittuntur.
1073 3005 1466 3070 Misericordia,
1517 3003 1768 3059 remissio
1796 3002 2007 3070 dicitur,

416 3100 543 3172 quia
588 3114 699 3153 non
746 3094 1177 3151 misericordiam
1224 3093 1323 3147 Dei
1370 3100 1589 3163 peccata
1632 3091 1997 3146 dimittuntur.
2040 3068 2088 3130 Ο

413 3186 790 3242 Misericordia
839 3185 1036 3254 itaque,
1068 3182 1122 3236 id
1154 3190 1233 3236 eSt
1278 3181 1527 3235 remissio
1575 3186 2009 3251 peccatorum,et

411 3291 537 3347 pax,
588 3274 643 3328 id
702 3282 784 3327 est
839 3270 1203 3341 tranquillitas
1262 3268 1428 3324 animi
1470 3284 1633 3340 quam
1689 3268 1777 3323 hic
1806 3267 2009 3322 habent

415 3363 589 3419 sancti
619 3361 968 3433 praelibantes
1000 3375 1097 3430 per
1128 3361 1227 3414 hoc
1256 3357 1600 3414 dulcedinem
1637 3364 1854 3412 aeternae
1903 3371 2006 3426 pa-

405 3452 503 3508 cis.
565 3453 710 3518 Harc,
754 3450 995 3521 inquam,
1044 3446 1418 3502 misericordia
1446 3453 1499 3500 et
1527 3462 1653 3516 pax,
1687 3445 1792 3499 sint
1820 3459 2008 3515 perse-

413 3540 665 3596 verantia
719 3538 833 3592 tibi.
893 3538 1017 3592 Non
1071 3536 1195 3590 ideo
1224 3537 1327 3590 hoc
1356 3541 1521 3605 optat,
1554 3550 1675 3588 cum
1705 3533 1845 3587 bene
1874 3533 2007 3587 sciat

412 3628 793 3685 remissionem
866 3632 1217 3696 peccatorum
1271 3622 1466 3677 factam
1522 3637 1645 3676 esse
1702 3621 2002 3688 Timotheo,

410 3717 623 3788 sibique
678 3722 890 3785 partem
919 3720 1228 3767 sanctorum
1286 3726 1425 3777 esse,
1462 3710 1559 3764 sed
1586 3716 1645 3763 ut
1677 3709 1731 3762 in
1759 3708 1844 3762 his
1873 3725 2006 3779 per-

409 3810 641 3859 maneat.
698 3804 826 3857 llaec
853 3800 981 3868 duo,
1012 3798 1403 3855 misericordia
1454 3805 1508 3852 et
1536 3814 1672 3869 pax,
1694 3797 1841 3850 omni
1861 3795 2008 3851 ﬁdeli

409 3890 648 3961 Optanda
703 3897 846 3955 sunt,
908 3896 961 3943 et
1016 3886 1308 3957 provenire
1353 3894 1621 3956 possunt;
1674 3885 1778 3940 hoc
1824 3893 2005 3939 autem

409 3977 713 4046 tertium,id
748 3985 829 4031 est
856 3976 1061 4047 gratia,
1097 3973 1338 4044 praelatis
1369 3980 1573 4027 tantum
1603 3973 1899 4044 optandum
1924 3981 2007 4027 est

413 4076 465 4123 et
508 4065 801 4138 provenire
846 4071 1043 4134 potest.
1097 4061 1303 4132 Accipit
1337 4060 1479 4116 enim
1511 4077 1608 4132 per
1635 4061 1868 4133 gratiam
1899 4062 2004 4116 do-

410 4155 687 4211 nationem
742 4151 974 4222 Spiritus
1034 4150 1225 4217 sancti,
1281 4149 1370 4221 qui
1425 4149 1629 4221 utique,
1663 4165 1834 4204 nona
1864 4165 2005 4220 prae-

410 4243 555 4311 latis,
617 4241 716 4296 sed
766 4256 868 4311 per
915 4238 1273 4294 ministerium
1304 4253 1514 4304 eorum,
1549 4238 1667 4293 sine
1697 4236 2006 4293 ditferentia

411 4331 747 4399 meritorum,
807 4328 921 4383 sive
946 4327 1097 4396 justi,
1132 4325 1245 4381 sive
1275 4326 1456 4395 injusti
1500 4326 1606 4379 sint
1632 4326 1841 4397 praelati
1884 4327 2003 4398 (so-

2118 1861 2385 1933 frequenti
2415 1862 2732 1932 repetitione
2779 1862 2963 1916 monui
3014 1870 3088 1930 te,
3118 1870 3176 1915 ut
3207 1862 3452 1916 docendo
3482 1860 3706 1915 insiste-

2118 1967 2227 2018 res,
2262 1959 2313 2004 et
2342 1952 2494 2005 sicut
2519 1950 2702 2004 monui
2751 1958 2823 2017 te,
2867 1950 3119 2005 omnibus
3150 1950 3348 2015 modis,
3381 1950 3529 2004 omni
3558 1949 3704 2003 assi-

2118 2038 2319 2093 duitate
2375 2038 2479 2093 fac.
2526 2038 2629 2094 Ubi
2690 2038 2763 2092 ait
2814 2055 2827 2092 :
2877 2039 3098 2108 Rogavi,
3144 2054 3269 2094 cum
3316 2038 3407 2110 qui
3449 2038 3707 2108 praelatus

2119 2134 2252 2192 erat,
2288 2126 2474 2181 dicere
2502 2134 2689 2196 posset
2719 2134 2775 2180 ut
2804 2126 3072 2196 discipulo
3102 2126 3358 2197 pracepi,
3397 2126 3528 2180 satis
3550 2139 3707 2181 com-

2115 2214 2339 2269 mendat
2382 2214 2744 2279 Timotheum,
2791 2213 3072 2269 insinuans
3102 2230 3225 2269 eum
3270 2214 3431 2269 talem
3464 2214 3556 2285 qui
3596 2230 3707 2269 non

2117 2318 2184 2357 ex
2214 2302 2443 2372 imperio
2472 2302 2808 2357 coercendus
2835 2311 2999 2372 esset,
3029 2302 3127 2357 sed
3148 2319 3214 2357 ex
3243 2302 3477 2373 quadam
3507 2302 3706 2373 paritao

2116 2391 2183 2444 tis
2214 2390 2478 2463 dignitate
2509 2390 2891 2445 cohortandus.
2925 2390 3092 2460 Sicut,
3144 2390 3383 2462 inquam,
3425 2390 3618 2462 rogavi
3650 2393 3704 2446 te

2115 2483 2181 2533 ut
2210 2495 2534 2535 remaneres
2563 2480 2766 2550 Ephesi
2795 2479 2866 2533 ad
2886 2478 3247 2533 ordinandum
3277 2479 3351 2532 ibi
3381 2477 3706 2534 ecclesiasti-

2116 2583 2236 2622 cum
2268 2567 2542 2633 ordinum,
2569 2584 2699 2623 cum
2728 2583 2850 2638 ego,
2875 2568 3156 2623 conversis
3184 2566 3525 2638 Ephesianis,
3557 2568 3702 2623 irem

2114 2657 2179 2709 in
2212 2654 2611 2721 Macedoniam,
2649 2662 2707 2709 ut
2754 2655 3081 2711 Macedonas
3112 2655 3281 2710 verbo
3310 2655 3710 2726 praedicationis

2113 2751 2517 2816 converterem,
2570 2742 2624 2796 in
2654 2759 2761 2814 quo
2794 2751 2847 2798 et
2892 2751 2949 2798 tu
2979 2743 3108 2797 mihi
3155 2743 3497 2799 necessarius
3528 2759 3702 2810 esses,

2113 2838 2273 2902 teque
2303 2847 2520 2886 mecum
2547 2831 2748 2885 iturum
2777 2848 2845 2886 ex
2900 2832 3173 2887 voluntate
3197 2831 3467 2899 obtulisti;
3512 2831 3706 2887 videns

2112 2927 2291 2974 tamen
2323 2919 2469 2990 quod
2498 2920 2672 2988 major
2698 2920 2994 2975 necessitas
3026 2919 3382 2987 incumberet,
3414 2920 3595 2975 dimisi
3628 2928 3702 2989 te,

2111 3016 2168 3062 ut
2217 3008 2560 3078 Ephesianos
2612 3008 2931 3063 instrueres.
2992 3008 3092 3064 Hic
3148 3008 3383 3079 primum
3431 3009 3615 3080 incipit
3635 3009 3704 3065 de

2109 3096 2636 3166 pseudodoctoribus
2679 3096 3027 3167 repellendis,
3069 3096 3295 3153 dicens:
3346 3098 3701 3166 Remaneres,

2108 3184 2346 3255 inquam,
2382 3185 2506 3239 ideo
2550 3190 2617 3240 ut
2645 3184 3032 3241 denuntiares.
3068 3185 3331 3241 Nuntiare
3362 3186 3589 3242 dicimus
3618 3186 3706 3241 in-

2108 3279 2189 3327 ter
2216 3288 2414 3343 pares;
2448 3273 2769 3329 denuntiare
2798 3281 3020 3339 autem,.
3054 3282 3110 3328 ut
3138 3290 3169 3328 a
3198 3274 3426 3345 praelato
3453 3274 3701 3331 subditis.

2107 3361 2472 3416 Denuntiares
2528 3362 2713 3433 utique
2769 3362 3119 3434 quibusdam,
3170 3362 3225 3417 id
3275 3371 3357 3418 est
3385 3363 3702 3418 doctoribus

2106 3448 2214 3503 illis
2245 3449 2336 3520 qui
2366 3449 2699 3522 singularem
2747 3450 3053 3505 ductrinam
3097 3450 3359 3506 inducunt
3389 3466 3421 3507 a
3450 3466 3702 3506 commu-

2106 3537 2268 3592 nione
2318 3538 2581 3593 Ecclesiae
2624 3537 2979 3593 declinantes.
3026 3539 3159 3605 Hoc,
3211 3539 3453 3610 inquam,
3484 3539 3703 3593 denun-

2106 3626 2272 3680 tiares
2310 3626 2379 3682 3
2398 3626 2457 3681 1
2474 3626 2549 3682 2
2572 3642 2643 3682 ne
2676 3626 2940 3682 docerent
2960 3627 3135 3682 aliter
3157 3666 3171 3695 ,
3204 3626 3260 3681 id
3290 3634 3373 3681 est
3404 3627 3703 3698 quidquam

2106 3714 2343 3769 alienum
2365 3730 2395 3768 a
2415 3714 2665 3769 doctrina
2684 3730 2808 3769 mea
2830 3731 2934 3785 qua
2950 3714 3218 3785 Ephesios
3240 3714 3419 3780 docui,
3445 3723 3500 3770 et
3520 3723 3574 3769 tu
3596 3716 3702 3771 ad-

2106 3802 2213 3858 huc
2229 3803 2415 3858 doces.
2434 3801 2573 3871 Quia
2596 3803 2642 3856 si
2658 3802 2913 3858 doctores
2936 3810 2987 3858 te
3000 3803 3349 3859 denuntiante
3370 3803 3479 3858 illis
3495 3803 3705 3859 nollent

2106 3890 2386 3959 desistere,
2421 3890 2773 3946 denuntiares
2803 3891 3031 3946 subditis
3077 3908 3150 3947 ne
3197 3892 3563 3947 intenderent
3593 3892 3702 3947 do-

2106 3979 2295 4035 ctrinis
2311 3995 2519 4047 eorum,
2542 3978 2628 4034 vel
2649 3980 2899 4034 audirent
2917 3995 3031 4034 eos.
3049 3979 3213 4049 Cujus
3234 3980 3313 4035 rei
3326 3978 3501 4035 forma
3520 3980 3703 4037 adhuc

2107 4074 2354 4122 servatur
2382 4067 2438 4120 in
2457 4067 2724 4122 Ecclesia.
2760 4068 2915 4122 Prius
2946 4068 3089 4123 enim
3119 4084 3409 4138 perversus
3437 4068 3699 4139 praalatus

2106 4155 2175 4209 ab
2206 4154 2450 4211 Ecclesia
2478 4155 2817 4226 prohibetur.
2844 4154 2984 4223 Quia
3014 4155 3060 4209 si
3088 4155 3410 4211 inobediens
3440 4173 3547 4210 non
3570 4172 3699 4212 ces-

2106 4250 2207 4309 sat,
2245 4243 2469 4299 subditis
2501 4244 2696 4299 dehinc
2725 4243 3063 4299 interdicitur
3092 4244 3315 4300 obedire
3346 4244 3442 4299 illi.
3474 4245 3596 4300 Non
3625 4245 3706 4299 in-

2105 4331 2408 4397 tenderent,
2469 4332 2591 4387 dico
2638 4333 2855 4403 fabulis
2902 4332 3557 4403 pseudoprzedicatorum,
3606 4334 3702 4405 qui

406 4419 683 4475 lum'nodo
742 4432 874 4486 pura
926 4416 1001 4487 sit
1036 4414 1377 4470 consecratio
1427 4416 1660 4486 eorum),
1710 4415 1869 4469 datur
1915 4414 2074 4480 hisD
2105 4420 2286 4475 dicunt
2340 4420 2813 4475 circumcisionem
2860 4428 2913 4475 et
2941 4428 3129 4476 vetera
3158 4419 3420 4476 sacriﬁcia
3466 4422 3702 4476 tenenda

410 4524 549 4579 quos
602 4504 953 4570 sanctiﬁcant,
1010 4504 1056 4557 si
1100 4502 1281 4558 idonei
1311 4503 1417 4556 sint
1447 4503 1502 4556 in
1532 4504 1729 4574 quibus
1760 4502 2004 4559 habitare

408 4597 606 4652 debeat
661 4594 927 4665 Spiritus;
965 4608 1123 4648 «non
1180 4591 1326 4647 enim
1382 4591 1648 4646 habitabit
1676 4591 1731 4645 in
1776 4606 2003 4661 corpore

408 4685 625 4741 subdito
653 4682 894 4755 peccatis
924 4682 943 4752 (
976 4683 1105 4754 Sap.
1132 4697 1170 4747 ι,
1207 4682 1284 4753 4).
1324 4701 1345 4730 ν
1382 4679 1523 4747 Quia
1553 4679 1598 4733 si
1628 4678 1891 4750 quaeritur
1907 4694 2004 4734 cur

411 4773 629 4839 subditi,
690 4779 915 4842 propter
963 4778 1205 4841 peccata,
1259 4768 1516 4838 Spiritum
1566 4775 1813 4823 sanctum
1852 4767 2001 4822 acci-

410 4878 543 4933 pere
574 4877 681 4916 non
710 4867 1041 4925 mereantur,
1074 4873 1195 4914 cum
1225 4873 1326 4927 per
1355 4855 1712 4910 ministerium
1745 4855 2001 4925 praelato-

412 4968 534 5005 rum
581 4951 673 5021 qui
716 4957 1032 5019 peccatores
1080 4954 1205 5000 sunt
1251 4944 1617 5014 (solummodo
1642 4943 1791 5012 justa
1811 4944 1880 4998 sit
1908 4960 1999 4997 sa-

409 5039 581 5095 cratio
613 5038 824 5108 eorum)
853 5038 1010 5092 detur
1030 5036 1057 5090 ?
1085 5035 1169 5089 Ad
1191 5035 1294 5088 hoc
1315 5032 1752 5102 respondendum
1772 5040 1853 5087 est
1873 5032 2003 5103 quia

408 5144 439 5181 a
470 5129 604 5195 Deo,
640 5134 693 5181 et
722 5142 831 5181 non
861 5142 891 5179 a
921 5122 1168 5195 praelato,
1221 5121 1312 5192 qui
1343 5120 1485 5191 quod
1515 5136 1626 5175 non
1652 5120 1841 5175 habuit
1868 5120 1999 5176 dare

408 5231 517 5271 non
565 5215 771 5285 potuit;
829 5214 985 5267 datur
1028 5219 1210 5265 tamen
1239 5225 1340 5278 per
1366 5208 1730 5263 ministerium
1756 5208 1989 5279 praalati.

404 5306 518 5359 Nec
549 5303 668 5358 sine
700 5316 865 5358 causa
896 5302 1042 5354 Deus
1073 5315 1172 5369 per
1216 5297 1577 5351 ministerium
1612 5298 1712 5354 hoc
1743 5298 1872 5352 dare
1903 5314 2000 5354 vo-

408 5393 525 5459 luit,
586 5408 729 5457 cum,
773 5389 819 5443 si
868 5388 985 5442 sine
1032 5385 1297 5440 ministris
1329 5385 1557 5456 Spiritus
1589 5394 1808 5442 sanctus
1840 5385 1999 5441 dare-

404 5488 511 5550 tur,
570 5476 964 5550 unusquisque,
1014 5473 1398 5547 praesumendo
1444 5474 1708 5546 Spiritum
1754 5482 1999 5531 ssnctum

2106 4523 2229 4562 esse
2278 4507 2335 4561 in
2390 4522 2529 4562 nova
2572 4506 2717 4579 lege.
2757 4506 2963 4562 Fabula
3010 4506 3207 4563 dicitur
3234 4507 3365 4562 illud
3406 4508 3499 4563 ubi
3528 4509 3703 4565 verba

2104 4602 2310 4649 tantum
2366 4602 2507 4664 sunt,
2560 4611 2649 4650 res
2697 4604 2879 4651 autem
2910 4611 3019 4652 non
3050 4604 3169 4663 est;
3226 4596 3304 4652 sic
3352 4596 3408 4651 in
3450 4596 3701 4653 doctrina

2104 4699 2314 4738 eorum.
2368 4684 2548 4739 Verba
2598 4684 2819 4755 quidem
2869 4692 3024 4739 erant
3071 4684 3215 4739 nuda
3262 4702 3293 4739 a
3335 4685 3417 4741 rei
3445 4685 3739 4753 veritate,‘

2104 4770 2233 4842 quia
2265 4771 2604 4827 circumcisio
2635 4780 2689 4827 et
2718 4772 2812 4827 illa
2839 4790 2960 4845 quae
3004 4773 3295 4839 docebant,
3346 4773 3560 4830 salvare
3586 4790 3699 4831 non

2101 4867 2370 4929 poterant.
2390 4859 2759 4928 Intenderent,
2778 4861 3021 4933 inquam,
3042 4862 3239 4917 fabulis
3256 4866 3315 4918 et
3331 4864 3694 4935 genealogiis,

2100 4946 2155 5001 id
2184 4954 2268 5002 est
2298 4949 2643 5004 sermonibus
2672 4949 2741 5004 de
2768 4950 3121 5020 generatione
3171 4965 3271 5005 sua
3296 4950 3471 5006 factis.
3496 4951 3701 5007 Dicunt

2102 5035 2247 5090 enim
2277 5036 2423 5107 quod
2479 5037 2602 5102 sibi,
2636 5037 2777 5092 natis
2808 5039 2875 5093 de
2905 5053 3072 5095 carne
3105 5038 3387 5094 Abraham
3416 5047 3468 5094 et
3497 5038 3693 5108 David,

2101 5123 2247 5178 salus
2291 5123 2465 5179 solum
2512 5125 2837 5195 repromissa
2879 5127 2967 5193 sit,
3020 5134 3073 5182 et
3101 5142 3209 5182 non
3241 5127 3381 5181 aliis.
3417 5126 3697 5183 Genealo-

2100 5210 2227 5283 giis,
2253 5211 2399 5281 dico,
2431 5212 2848 5279 iuterminatis,
2878 5212 2933 5268 id
2963 5221 3047 5268 est
3075 5214 3363 5285 prohibitis
3389 5230 3458 5270 ne
3496 5214 3693 5285 aliquis

2100 5298 2333 5354 confidat
2362 5300 2418 5354 in
2444 5300 2573 5355 illis.
2606 5301 2706 5356 Vel
2733 5301 3112 5370 interminatis,
3146 5302 3202 5358 id
3234 5311 3314 5359 est
3344 5302 3552 5357 nullum
3583 5311 3694 5358 ter-

2097 5388 2324 5455 minum,
2357 5389 2670 5461 nullumque
2711 5389 2874 5446 tinem
2913 5391 3236 5446 habentibus
3271 5391 3363 5446 ubi
3396 5391 3696 5446 subsistant

2098 5477 2330 5549 probata
2356 5477 2492 5534 sicut
2520 5478 2724 5535 dicunt.
2758 5479 2815 5536 Si
2844 5480 2965 5551 quis
2994 5478 3138 5537 enim
3169 5480 3512 5552 considerat,
3536 5480 3691 5537 vide-
