3966 6050
253 285 353 342 429

823 286 1203 343 EXPOSITIO
1264 287 1337 341 IN
1390 283 1768 342 EPISTOLAS
1824 286 2047 342 PAULI.
2080 317 2148 328 -η
2177 288 2252 342 ΙΝ
2306 286 2531 342 EPIST.
2596 286 2748 341 IAD
2803 285 2948 339 TIM.

3428 285 3532 338 430

251 411 328 464 bit
356 412 555 466 multos
584 410 725 467 filios
757 413 989 468 Abrahae
1033 413 1333 469 secundum
1380 428 1602 468 carnem
1650 426 1844 482 repro-
1873 414 1929 473 A
1953 412 2023 467 3
2042 412 2101 468 1
2120 413 2189 468 3
2216 420 2266 467 et
2285 429 2384 483 per
2404 413 2507 467 hoc
2521 418 2783 466 errantes.
2806 393 3080 480 Sep'aratio
3098 408 3242 466 enim
3266 424 3297 461 a
3314 407 3542 463 veritate

250 499 425 567 batos,
466 509 522 555 ut
572 503 715 555 Esau
751 520 765 569 ;
818 502 1057 557 inveniet
1129 502 1289 557 etiam
1348 501 1565 571 multos,
1625 517 1735 556 non
1782 500 1851 554 de
1951 517 2106 556 error
2135 509 2234 557 est.
2268 501 2597 556 Aberrantes
2642 500 2827 571 utique
2866 500 3117 555 conversi
3147 501 3303 567 sunt,
3337 512 3448 551 non
3476 496 3544 550 ad

253 605 417 644 carne
445 590 715 644 Abraham
747 591 984 661 genitos,
1019 607 1154 662 quos
1186 599 1369 646 tamen
1400 592 1547 646 Deus
1579 589 1761 662 elegit,
1795 596 1853 643 ut
1952 589 2133 656 ﬁdem,
2168 590 2265 645 sed
2294 591 2357 644 in
2404 590 2812 661 vaniloquium,
2861 589 3146 659 loquentes
3180 603 3297 658 qua:
3327 602 3463 641 vana
3495 592 3548 640 et

252 678 375 734 Job.

331 767 462 834 Qua:
491 768 827 840 genealogiaa
854 772 1135 840 praestant
1156 770 1512 841 quaestiones,
1546 767 1600 821 id
1631 774 1712 822 est
1744 765 1855 819 liti-

1954 678 2162 733 inutilia
2238 686 2380 744 sunt,
2444 677 2912 734 circumcisionem
2981 676 3187 731 scilicet
3258 674 3549 729 tenendam

1958 784 2080 822 esse
2111 767 2374 823 dicentes.
2411 766 2615 834 Quibus
2636 782 2742 821 non
2776 764 2969 820 sutiicit
2998 767 3113 819 haec
3144 779 3285 818 vana
3317 763 3461 834 apud
3491 778 3550 817 se

256 854 366 928 gia,
419 864 470 910 et
526 857 701 911 nullas
751 856 1070 912 solutiones.
1115 858 1249 925 Hoc,
1304 858 1545 928 inquam,
1598 862 1859 926 praestant
1957 856 2127 926 loqui,
2162 856 2278 921 sed,
2311 855 2457 927 quod
2487 855 2725 909 deterius
2756 862 2857 919 est,
2894 856 3142 911 volentes
3164 869 3280 908 esse
3302 853 3552 907 doctores

254 946 435 1015 magis
469 962 637 1016 quam
666 944 1121 1013 wdiﬁcationem,
1159 962 1324 1016 quam
1356 944 1506 1000 nullo
1526 945 1688 999 modo
1718 960 1859 1014 prae-

258 1040 418 1087 stant.
452 1033 551 1089 Hic
580 1033 726 1088 enim
769 1034 948 1107 magis
979 1034 1268 1089 electivum
1299 1042 1380 1089 est
1410 1034 1479 1089 de
1509 1049 1619 1088 non
1646 1031 1863 1103 partici-

257 1121 513 1191 pantibus
543 1136 736 1194 agens.
790 1121 1217 1178 [Ediiicationem
1247 1122 1432 1194 utique
1465 1122 1728 1177 virtutum
1754 1136 1865 1175 non

257 1218 514 1281 praestant
546 1228 560 1276 ;
595 1227 717 1281 quae
760 1209 1048 1266 aediﬁcatio
1077 1219 1158 1267 est
1206 1226 1316 1265 non
1344 1228 1444 1282 per
1486 1208 1864 1266 circumcisio-

259 1314 408 1366 nem,
442 1298 538 1353 sed
573 1316 695 1371 qua:
737 1304 823 1355 est
867 1301 929 1355 in
975 1300 1102 1367 ﬁde,
1134 1299 1189 1354 id
1220 1308 1299 1354 est
1331 1316 1428 1371 per
1454 1298 1638 1353 ﬁdem.
1674 1297 1866 1354 Omnis

261 1387 408 1442 enim
450 1386 763 1456 justiﬁcatio
816 1396 899 1443 est
953 1405 1020 1443 ex
1068 1387 1195 1455 ﬁde,
1221 1405 1342 1460 quae
1371 1396 1431 1441 ut
1458 1387 1868 1442 fundamentum

256 1476 461 1543 jacitur
492 1494 506 1541 ;
541 1484 593 1531 et
624 1492 789 1546 super
839 1476 983 1531 hanc
1016 1476 1175 1548 quasi
1222 1476 1631 1531 fundamentum
1661 1483 1870 1531 caeteras

271 1563 492 1619 virtutes
522 1563 878 1620 aediﬁcantur.
928 1565 1128 1620 Probat
1180 1566 1324 1637 quod
1353 1565 1408 1619 in
1437 1564 1545 1619 fide
1597 1564 1663 1618 sit
1692 1563 1869 1619 aediﬁ-

264 1652 409 1706 catio
435 1652 556 1719 Dei,
590 1653 809 1708 dicens:
843 1653 899 1708 Si
929 1670 996 1708 ex
1019 1653 1126 1708 ﬁde
1143 1653 1392 1723 procedit
1412 1653 1557 1708 bona
1582 1652 1869 1708 conscien-

1964 945 2119 1015 legis,
2154 944 2209 998 id
2242 951 2323 999 est
2351 944 2610 999 docentes
2644 942 2908 998 tenendas
2938 958 3061 997 esse
3091 941 3343 996 carnales
3373 940 3555 995 obser-

1962 1033 2173 1088 vantias
2204 1033 2360 1103 legis.
2388 1033 2457 1085 Et
2489 1033 2592 1087 hoc
2622 1031 2753 1086 satis
2782 1030 3145 1101 impudenter,
3180 1047 3295 1086 non
3332 1029 3560 1085 intelli-

1963 1125 2157 1193 gentes
2187 1138 2365 1193 neque
2395 1136 2461 1175 ea
2490 1138 2612 1192 quae
2637 1122 2966 1191 loquuntur,
2998 1119 3053 1173 id
3084 1127 3165 1173 est
3186 1110 3559 1174 circumcisio-

1964 1227 2110 1277 nem,
2147 1226 2309 1281 quam
2342 1209 2559 1274 docent,
2619 1208 2742 1263 ideo
2792 1208 2889 1262 sub
2939 1208 3107 1264 veteri
3158 1207 3283 1279 lege
3312 1207 3368 1261 in
3395 1222 3562 1261 carne

1966 1299 2227 1366 tenuisse,
2257 1306 2315 1353 ut
2343 1296 2604 1369 ﬁguraret
2643 1295 3112 1352 circumcisionem
3162 1296 3344 1351 cordis
3375 1304 3564 1351 tenen-

1969 1388 2093 1443 dam
2125 1404 2248 1442 esse
2278 1386 2333 1440 in
2363 1395 2608 1456 tempore
2639 1386 2846 1457 gratiae,
2898 1393 2950 1439 et
2995 1401 3104 1440 non
3152 1384 3353 1439 carnis.
3381 1386 3564 1457 Neque

1972 1478 2135 1532 etiam
2162 1476 2534 1548 intelligentes
2566 1475 2875 1545 Scripturas
2906 1474 3295 1545 prophetarum
3327 1474 3392 1528 de
3435 1475 3563 1545 qui-

1973 1565 2092 1631 bus,
2128 1565 2182 1619 id
2213 1573 2293 1619 est
2330 1581 2430 1635 per
2480 1580 2613 1635 quas
2662 1565 2956 1633 a/ﬁrmant
3004 1562 3471 1619 circumcisionem
3515 1568 3569 1616 et

1972 1662 2161 1710 vetera
2192 1652 2481 1719 sacrificia,
2545 1668 2663 1722 quae
2697 1653 3010 1723 loquuntur,
3068 1652 3299 1706 tenenda
3354 1666 3477 1705 esse
3514 1650 3570 1704 in

263 1740 362 1807 tia,
394 1739 449 1794 id
479 1749 560 1795 est
604 1758 731 1811 spes
768 1756 779 1794 :
812 1757 877 1796 ex
924 1757 1022 1812 spe
1069 1749 1249 1796 autem
1297 1757 1490 1811 purum
1537 1756 1653 1805 cor,
1703 1748 1756 1795 et
1802 1740 1870 1795 de
1896 1771 1949 1830 Β
1971 1750 2216 1813 tempore
2245 1741 2456 1812 gratim,
2491 1741 2577 1797 vel
2600 1758 2629 1795 e
2663 1756 2947 1796 converso.
2970 1740 3092 1795 Non
3113 1739 3482 1811 intelligentes
3506 1754 3569 1794 ea

263 1844 405 1900 puro
454 1829 617 1884 corde
662 1829 920 1884 charitas.
970 1831 1230 1886 Charitas
1259 1844 1389 1884 vero
1422 1828 1489 1883 sit
1516 1829 1670 1897 ﬁnis,
1702 1828 1758 1882 id
1788 1836 1869 1883 est
1896 1826 1940 1830 ”
1971 1848 2091 1903 qua:
2126 1831 2421 1901 loquuntur
2479 1829 2547 1885 de
2588 1828 2870 1899 prophetis
2917 1829 2988 1883 ad
3031 1828 3375 1898 probandum
3424 1826 3570 1899 quod

269 1917 516 1988 impletio
545 1917 709 1972 totius
736 1920 1025 1990 praecepti,
1062 1934 1159 1972 seu
1179 1933 1335 1973 novae
1347 1933 1442 1972 seu
1469 1917 1673 1972 veteris
1705 1917 1864 1989 legis.

272 2006 415 2075 Quia
443 2007 487 2060 si
519 2007 620 2061 hoc
664 2007 827 2061 modo
876 2023 941 2062 ex
982 2006 1089 2061 tide
1119 2006 1362 2077 sequitur
1405 2005 1581 2061 omnis
1610 2005 1871 2077 praecepti

269 2094 539 2165 impletio,
570 2102 697 2149 tunc
728 2094 783 2148 in
826 2092 933 2149 fide
982 2102 1065 2150 est
1094 2095 1271 2149 omnis
1331 2093 1618 2150 aediﬁcatio
1665 2094 1785 2160 Dei,
1819 2101 1873 2149 et

274 2199 386 2238 non
436 2183 584 2238 alibi.
636 2184 741 2239 Sed
771 2183 827 2237 in
858 2182 965 2238 ﬁde
995 2191 1078 2238 est
1107 2183 1351 2253 impletio
1400 2183 1563 2238 totius
1607 2182 1867 2248 mandati,

270 2271 438 2341 igitur
466 2279 516 2327 et
543 2270 829 2327 aedificatio
874 2271 994 2326 Dei.
1030 2269 1171 2339 Quia
1219 2280 1536 2327 transverso
1566 2271 1759 2326 ordine
1793 2270 1872 2326 sic

268 2359 425 2430 ponit
457 2375 470 2415 :
507 2361 645 2415 Vere
678 2361 741 2414 in
773 2360 882 2429 ﬁde
914 2368 996 2415 est
1022 2359 1312 2415 aedificatio
1356 2359 1458 2415 Dei
1491 2378 1505 2426 ;
1539 2361 1672 2423 ﬁnis
1702 2360 1867 2425 enim,

269 2448 326 2502 id
386 2455 469 2503 est
526 2448 651 2518 quia
696 2448 938 2518 impletio
994 2448 1159 2503 totius
1217 2448 1477 2519 praecepti
1531 2448 1731 2503 veteris
1777 2464 1873 2503 seu

273 2552 433 2591 novae
461 2535 717 2608 legiscst
761 2536 1036 2602 charitas,
1068 2536 1123 2591 id
1173 2544 1255 2591 est
1279 2536 1498 2591 dilectio
1527 2536 1627 2591 Dei
1657 2544 1709 2591 et
1736 2551 1871 2607 pro-

273 2624 424 2694 ximi,
482 2625 537 2679 in
595 2642 701 2696 quo
777 2625 1035 2680 mandato
1102 2624 1355 2681 universa
1413 2624 1500 2680 lex
1555 2624 1756 2695 pendet
1820 2632 1875 2680 et

272 2714 549 2784 propheta:
610 2712 833 2784 (Matth.
879 2728 1020 2779 χχιι,
1054 2715 1166 2783 LO).
1201 2712 1307 2781 Qui
1336 2713 1481 2767 enim
1511 2714 1615 2769 hoc
1643 2713 1871 2767 manda-

272 2810 406 2867 tum,
442 2801 496 2855 id
526 2808 610 2855 est
640 2801 957 2856 charitatem
988 2800 1313 2872 impleverit,
1346 2816 1546 2857 novam
1567 2809 1617 2856 et
1636 2809 1875 2857 veterem

271 2889 454 2962 legem
482 2889 673 2960 procul
730 2890 896 2945 dubio
924 2890 1187 2960 implevit.
1216 2889 1315 2945 Vel
1345 2896 1522 2945 autem
1551 2890 1763 2962 legatur
1800 2888 1877 2945 ibi

275 2978 357 3034 sic
388 2978 763 3034 continuatim.
801 2978 902 3034 Ubi
932 2978 1006 3033 ait
1026 2978 1300 3049 superius,
1342 2995 1415 3035 ne
1436 2979 1701 3035 docerent
1732 2982 1790 3034 et
1806 2994 1876 3033 ne

276 3066 667 3133 intenderent,
702 3066 875 3121 innuit
896 3068 1160 3138 quosdam
1190 3083 1447 3138 perverse
1469 3076 1521 3122 et
1547 3068 1807 3123 docentes
1824 3073 1877 3122 et

284 3155 651 3211 intendentes.
708 3156 863 3211 Unde
910 3155 989 3226 sic
1036 3156 1111 3210 ait
1145 3172 1156 3210 :
1190 3155 1340 3211 Licet
1381 3155 1459 3209 illi
1488 3156 1698 3226 pseudo
1727 3155 1881 3210 aliter

276 3243 509 3299 doceant
537 3258 701 3315 quam
734 3259 858 3316 ego,
891 3224 1072 3298 tamen
1100 3245 1256 3314 ﬁnis,
1288 3244 1344 3297 id
1374 3251 1456 3298 est
1485 3224 1662 3299 omnis
1683 3243 1880 3314 imple-

280 3332 358 3387 tio
385 3332 528 3405 legis
558 3332 811 3388 charitas
858 3336 962 3399 est,
998 3332 1138 3388 sicut
1177 3348 1282 3405 ego
1313 3332 1502 3387 doceo.
1534 3332 1689 3388 Unde
1737 3332 1883 3403 quod

282 3419 389 3490 ipsi
445 3420 645 3475 docent
699 3427 886 3475 vetera
942 3436 1052 3476 non
1081 3428 1207 3475 sunt
1262 3420 1597 3476 reducenda.
1633 3420 1883 3475 Charitas

280 3508 532 3580 procedit
562 3508 627 3563 de
658 3524 799 3580 puro
846 3508 1028 3575 corde,
1060 3508 1117 3564 id
1147 3516 1228 3563 est
1257 3509 1325 3564 de
1354 3508 1883 3579 mundaintelligen-

280 3596 357 3651 tia
392 3616 405 3663 ;
442 3596 590 3667 quod
621 3596 818 3668 aliquis
846 3613 1041 3667 purum
1071 3597 1401 3654 intellectum
1432 3598 1625 3652 habeat
1653 3613 1884 3653 conser-

280 3701 423 3739 vans
455 3700 515 3738 se
545 3684 600 3737 in
647 3684 880 3755 puritate
935 3701 1043 3756 qua
1090 3686 1239 3740 Deus
1298 3685 1605 3756 puriticavit
1657 3702 1784 3740 eum
1831 3686 1888 3740 in

282 3772 575 3843 baptismo.
610 3772 928 3844 Intelligens
967 3773 1303 3843 diligendum
1363 3774 1463 3827 sibi
1496 3790 1618 3829 esse
1667 3782 1887 3829 creato-

282 3877 402 3916 rem
462 3876 640 3929 suum,
692 3876 795 3916 nec
838 3860 894 3915 in
955 3860 1135 3931 aliquo
1180 3859 1584 3917 offendendum.
1647 3862 1890 3917 Charitas

284 3949 451 4003 etiam
476 3948 785 4020 procedens
815 3948 883 4004 de
901 3950 1253 4005 conscientia
1284 3951 1445 4017 bona,
1470 3950 1525 4005 id
1555 3958 1636 4005 est
1665 3951 1733 4005 de
1764 3967 1879 4021 spe.

282 4038 411 4092 Non
442 4037 565 4109 quia
608 4036 943 4093 conscientia
989 4038 1058 4090 sit
1105 4037 1251 4092 idem
1300 4039 1444 4111 quod
1494 4055 1640 4110 spes,
1692 4039 1791 4093 sed
1828 4052 1892 4091 ea

288 4125 546 4181 affinitate
604 4141 711 4197 qua
765 4124 841 4179 illi
872 4126 959 4181 cui
986 4125 1145 4180 malm
1204 4126 1554 4182 conscientiae
1605 4125 1892 4197 scrupulus

287 4213 465 4282 abest,
503 4221 555 4268 et
584 4214 785 4285 ubique
812 4213 866 4267 in
898 4213 1077 4269 animo
1123 4229 1181 4269 se
1204 4214 1689 4286 circumspectans,
1726 4214 1891 4269 nihil-

289 4319 398 4374 que
429 4302 576 4373 quod
608 4318 734 4357 eum
763 4302 1014 4357 mordeat
1035 4302 1324 4359 inveniens
1358 4322 1372 4370 ;
1408 4304 1487 4359 sic
1514 4304 1731 4358 tandem
1768 4318 1893 4374 spe-

291 4406 419 4445 rare
448 4390 575 4446 licet
609 4406 621 4445 :
654 4391 746 4463 qui
795 4391 939 4446 enim
984 4407 1043 4447 se
1090 4399 1442 4462 peccatorem
1487 4391 1770 4463 conSpicit,
1820 4390 1893 4445 ti-

1966 1919 2204 1975 tenenda
2234 1919 2341 1972 sint
2381 1934 2443 1974 ea
2473 1935 2595 1989 quae
2624 1917 2839 1973 docent.
2862 1918 3051 1987 Neque
3072 1916 3436 1987 intelligentes
3464 1914 3569 1970 cir-

1968 2008 2360 2063 cumcisionem
2398 2015 2452 2062 et
2492 2005 2782 2072 sacriﬁcia,
2833 2006 2989 2074 cujus
3043 2005 3120 2061 rei
3176 2005 3432 2076 mysteria
3470 2020 3564 2060 es—

1974 2104 2114 2163 sent,
2148 2111 2273 2152 cum
2300 2095 2512 2164 tierent,
2547 2094 2615 2149 de
2646 2094 2841 2166 quibus
2872 2093 2975 2164 ipsi
3005 2093 3273 2148 afﬁrmant
3302 2093 3449 2165 quod
3476 2092 3567 2147 ad-

1974 2186 2079 2240 huc
2107 2184 2345 2239 tenenda
2375 2182 2500 2237 sint.
2537 2181 2675 2251 Quia
2713 2182 3039 2253 improbavit
3068 2190 3277 2252 partem
3310 2182 3568 2236 adversa-

1972 2272 2392 2340 riorum,dicens
2416 2288 2531 2326 non
2552 2271 2964 2342 intelligentes,
2986 2278 3091 2325 etc.
3116 2271 3231 2325 Hoc
3252 2269 3438 2341 utique
3458 2285 3570 2325 non

1974 2361 2262 2430 sufficeret,
2321 2360 2426 2414 nisi
2483 2368 2537 2414 et
2589 2367 2800 2429 partem
2858 2376 3009 2413 suam
3057 2358 3481 2427 commendaret,
3515 2366 3569 2415 et

1973 2466 2195 2507 causam
2226 2447 2712 2505 commendationis
2750 2448 3039 2503 insereret.
3075 2448 3266 2503 Posset
3287 2446 3431 2502 enim
3459 2447 3566 2503 ali-

1972 2547 2056 2596 ter
2085 2539 2164 2596 sic
2195 2538 2299 2610 ipsi
2329 2537 2509 2606 objici.
2542 2536 2597 2591 Si
2628 2535 2876 2591 doctrina
2908 2537 3405 2607 pseudodoctorum
3432 2552 3565 2607 per-

1973 2643 2135 2685 versa
2166 2635 2268 2695 est,
2301 2634 2391 2681 tua
2421 2641 2554 2682 vero
2608 2640 2719 2680 non
2748 2624 2943 2679 melius
2996 2625 3369 2696 approbanda,
3420 2624 3566 2681 unde

1972 2716 2170 2772 melius
2198 2714 2588 2770 adhaerendum
2618 2713 2940 2783 tibijudicas
2971 2729 3133 2785 quam
3163 2714 3270 2769 illis
3292 2715 3320 2769 ?
3350 2713 3433 2769 Ad
3463 2714 3567 2769 hoc

1973 2804 2354 2870 refellendum,
2386 2803 2689 2874 improbata
2714 2811 2869 2873 parte
2898 2802 3353 2871 adversariorum,
3388 2801 3571 2858 subdit

1978 2902 2031 2949 et
2056 2893 2322 2965 approbat
2350 2908 2526 2961 suam,
2558 2891 2785 2947 dicens:
2819 2891 3034 2948 Pseudo
3079 2892 3264 2963 utique
3315 2891 3570 2948 doctores

1974 2998 2085 3038 non
2111 2981 2424 3053 intelligunt
2454 2980 2655 3053 legem,
2690 2997 2791 3036 nos
2822 2988 3001 3036 autem
3032 2980 3252 3047 scimus,
3282 2980 3337 3034 id
3375 2988 3458 3035 est
3486 2979 3570 3034 in-

1976 3070 2273 3143 telligimus
2302 3070 2506 3140 legem.
2558 3069 2628 3123 Et
2682 3069 2903 3140 quidam
2950 3070 3182 3141 amplius
3228 3069 3378 3124 addit
3424 3068 3571 3140 quod

1980 3159 2121 3216 valet
2149 3159 2217 3213 ad
2245 3173 2485 3223 causam,
2521 3158 2708 3213 dicens
2744 3172 2754 3211 :
2787 3158 3005 3214 Scimus
3035 3160 3227 3230 utique
3257 3174 3366 3214 non
3394 3157 3573 3213 solum

1978 3249 2179 3319 legem,
2205 3247 2302 3301 sed
2332 3246 2496 3302 etiam
2524 3247 2625 3301 hoc
2673 3246 2738 3300 de
2785 3246 2908 3316 lege
2943 3247 3145 3302 scimus
3176 3248 3307 3319 quia
3366 3248 3460 3303 lex
3490 3250 3576 3303 est

1980 3338 2139 3402 bona,
2174 3335 2230 3389 id
2259 3342 2339 3389 est
2386 3334 2532 3388 utilis
2571 3342 2625 3389 et.
2670 3333 2982 3402 justiﬁcans
3014 3335 3363 3405 spiritualiter
3414 3334 3574 3390 intel-

1982 3420 2141 3485 lecta,
2174 3418 2473 3473 secundum
2505 3418 2652 3488 quod
2678 3434 2780 3472 nos
2813 3418 3186 3491 intelligimus.
3222 3418 3348 3487 Sed,
3384 3434 3580 3474 secun-

1984 3509 2112 3562 dum
2142 3506 2418 3562 carnalem
2451 3506 2783 3561 intellectum
2831 3521 3019 3561 eorum
3067 3506 3246 3577 potius
3276 3522 3385 3561 non
3413 3506 3578 3573 bona,

1986 3595 2115 3667 quia
2143 3594 2417 3651 neminem
2438 3593 2716 3663 justificat,
2751 3602 2804 3649 et
2831 3594 3068 3650 crudelis
3120 3603 3221 3650 est.
3255 3594 3410 3650 Unde
3438 3593 3588 3667 quod

1985 3682 2090 3754 ipsi
2121 3684 2189 3739 de
2219 3683 2344 3756 lege
2375 3683 2702 3754 intelligunt,
2738 3698 2848 3738 non
2900 3692 2982 3738 est
3030 3684 3423 3741 reducendum.
3464 3684 3584 3741 Lex

1986 3772 2171 3844 utique
2201 3772 2346 3826 bona
2374 3779 2477 3838 est,
2509 3773 2559 3826 si
2586 3772 2709 3844 quis
2730 3776 2933 3828 utatur
2962 3789 3048 3837 ea,
3078 3772 3133 3826 id
3164 3780 3245 3827 est
3276 3771 3587 3843 intelligen-

1988 3859 2060 3914 tia
2091 3859 2209 3928 ejus
2267 3860 2536 3931 legitime,
2572 3860 2627 3914 id
2685 3869 2766 3915 est
2815 3861 3111 3916 secundum
3160 3860 3306 3931 quod
3342 3860 3429 3915 lex
3469 3859 3588 3931 ipsa

1990 3949 2149 4004 docet
2179 3956 2232 4003 et
2261 3948 2527 4019 prazcipit,
2562 3948 2789 4015 scilicet,
2843 3957 2895 4004 ut
2926 3949 3279 4020 spiritualiter
3308 3948 3585 4021 intelliga-

1991 4044 2097 4091 tur.
2131 4036 2344 4092 Scimus
2374 4037 2559 4107 utique
2592 4037 2660 4091 de
2690 4037 2814 4110 lege
2842 4039 2988 4109 quod
3038 4038 3181 4093 bona
3209 4045 3310 4105 est,
3342 4040 3583 4094 scientes

1989 4126 2096 4179 hoc
2129 4124 2313 4191 etiam,
2349 4125 2418 4179 de
2448 4125 2639 4180 eadem
2669 4125 2813 4197 lege,
2840 4127 2970 4198 quia
3011 4128 3104 4182 lex
3152 4134 3305 4182 vetus
3349 4141 3465 4181 non
3501 4130 3586 4181 est

1989 4213 2176 4285 posita
2219 4214 2398 4279 iusto,
2432 4213 2489 4267 id
2514 4221 2598 4269 est
2628 4214 2727 4268 sub
2766 4230 2906 4269 nova
2935 4215 3057 4286 lege
3100 4212 3413 4284 justiticato.
3472 4214 3590 4270 Nec

1993 4301 2157 4356 etiam
2185 4301 2285 4355 sub
2316 4303 2437 4372 ipsa
2468 4301 2637 4358 veteri
2666 4301 2793 4373 lege
2819 4301 2999 4373 posita
3018 4310 3101 4356 est
3121 4302 3276 4356 alicui
3291 4303 3460 4372 justo.
3480 4302 3592 4358 Lex

1993 4390 2137 4445 enim
2170 4390 2294 4445 data
2324 4396 2407 4444 est
2436 4398 2494 4444 ut
2524 4390 2613 4445 vel
2644 4390 2864 4462 puniret
2903 4407 3077 4457 reum,
3112 4391 3199 4446 vel
3228 4406 3461 4462 peccare
3489 4407 3591 4447 vo-

283 4478 547 4534 mendum
577 4478 655 4533 illi
684 4487 766 4534 est
797 4480 866 4534 de
915 4487 1162 4551 peccato,
1217 4496 1327 4535 non
1358 4482 1706 4552 sperandum.
1742 4480 1890 4535 Cha-
1910 4482 1963 4542 D
1992 4478 2196 4534 lentem
2218 4486 2503 4535 coerceret
2532 4495 2600 4533 ne
2632 4478 2991 4550 delinqueret.
3027 4480 3135 4535 Sed
3167 4479 3259 4551 qui
3283 4480 3460 4549 justus
3488 4488 3590 4548 est,

290 4567 427 4621 ritas
458 4568 617 4622 etiam
645 4568 951 4639 procedens
981 4568 1046 4623 de
1093 4568 1202 4637 ﬁde
1251 4586 1367 4626 non
1414 4570 1569 4639 ﬁcta.
1603 4570 1717 4624 Nos
1747 4568 1895 4624 enim

290 4656 570 4712 credimus
602 4655 879 4711 Christum
898 4672 1089 4712 verum
1107 4657 1283 4711 Deum
1313 4664 1365 4711 et
1388 4674 1574 4712 verum
1597 4657 1893 4725 hominem,

292 4759 407 4799 non
452 4742 721 4817 ﬁngentes
772 4744 923 4799 illum
979 4744 1068 4800 vel
1119 4744 1395 4800 hominem
1443 4745 1560 4801 sine
1613 4747 1747 4812 Deo,
1808 4745 1897 4800 vel

293 4833 474 4887 Deum
532 4833 649 4887 sine
700 4832 941 4888 homine.
1002 4834 1071 4887 Et
1100 4840 1158 4887 ut
1187 4833 1406 4904 quidam
1449 4834 1658 4904 pseudo
1715 4832 1900 4889 dicunt

290 4920 552 4976 habuisse
582 4921 853 4976 Christum
884 4936 995 4976 non
1026 4936 1235 4990 verum,
1289 4923 1387 4977 sed
1416 4938 1637 4977 aereum
1669 4938 1890 4993 corpus.

295 5007 399 5063 Vel
426 5008 503 5063 ita
535 5026 548 5062 :
582 5010 713 5064 Fide
744 5010 867 5065 dico
894 5016 1085 5064 nostra
1114 5010 1336 5065 robusta
1366 5018 1419 5065 et
1449 5010 1744 5067 inviolabili
1790 5027 1902 5065 non

296 5093 441 5165 ﬁcta,
474 5096 530 5151 id
560 5105 641 5153 est
671 5112 780 5153 non
801 5096 987 5167 fragili
1016 5097 1086 5151 ad
1114 5098 1338 5153 modum
1359 5097 1538 5154 ﬁctilis
1566 5099 1734 5170 vasis,
1762 5098 1903 5155 sicut

293 5192 378 5240 est
408 5184 661 5240 doctrina
690 5185 1219 5256 pseudodoctorum.

372 5273 769 5331 Commendata
796 5282 952 5345 parte
981 5289 1108 5340 sua,
1144 5274 1421 5345 improbat
1457 5283 1670 5348 partem
1699 5276 1902 5332 adver-

299 5362 573 5418 sariorum
604 5364 791 5419 dicens
825 5381 838 5417 :
869 5364 908 5419 A
933 5364 1130 5436 quibus
1170 5364 1453 5428 charitate,
1498 5365 1733 5435 scilicet,
1767 5379 1904 5420 con-

298 5449 532 5506 scientia
562 5452 723 5523 bona,
756 5460 809 5507 et
838 5452 944 5507 tide
975 5469 989 5509 :
1028 5451 1257 5525 quidam
1312 5455 1671 5521 aberrantes,
1723 5453 1777 5507 id
1824 5459 1907 5507 est

297 5538 379 5593 illi
464 5540 803 5613 singularem
877 5540 1181 5598 doctrinam
1267 5543 1588 5600 inducentes
1674 5541 1907 5615 separati

1994 4582 2104 4623 non
2153 4574 2236 4622 est
2292 4568 2633 4623 coercendus
2667 4587 2680 4636 -,
2714 4583 2824 4623 non
2867 4567 3015 4622 enim
3059 4568 3393 4624 voluntatem
3435 4568 3597 4624 habet

1994 4656 2283 4727 peccandi,
2316 4672 2420 4712 nec
2449 4664 2532 4712 est
2559 4673 2660 4727 per
2675 4657 2856 4727 legem
2875 4656 3200 4727 puniendus.
3226 4658 3436 4714 Macula
3455 4656 3600 4712 enim

1996 4743 2053 4798 in
2083 4744 2176 4799 illo
2208 4743 2356 4798 nulla
2387 4753 2470 4799 est
2506 4745 2595 4816 qui
2647 4743 2972 4813 justiﬁcatus
3000 4753 3100 4800 est.
3165 4743 3317 4800 Unde
3367 4753 3416 4800 et
3439 4744 3599 4814 justis

1998 4831 2105 4886 illis
2136 4832 2228 4903 qui
2259 4832 2358 4886 sub
2390 4829 2564 4888 veteri
2592 4833 2717 4905 lege
2749 4831 2986 4900 fuerunt,
3017 4840 3273 4904 quantum
3292 4833 3361 4887 ad
3382 4849 3462 4900 se,
3491 4846 3601 4887 non

2000 4928 2145 4975 esset
2175 4922 2546 4976 necessarium
2600 4929 2783 4976 tenere
2828 4914 3030 4993 legem,
3091 4938 3194 4992 qua
3251 4928 3427 4978 tamen
3457 4936 3595 4977 con-

2001 5025 2133 5082 grue
2163 5009 2246 5062 usi
2278 5016 2419 5075 sunt,
2454 5026 2542 5079 ne,
2574 5009 2679 5064 illis
2710 5010 3090 5080 respuentibus
3111 5010 3310 5081 legem,
3345 5018 3595 5067 contem-

1999 5096 2114 5168 ptui
2144 5096 2298 5152 fieret
2345 5097 2453 5165 lex,
2506 5098 2689 5170 utique
2736 5099 3050 5154 auctoritate
3106 5115 3297 5154 eorum
3345 5100 3595 5157 devotius

2001 5193 2249 5241 tenerent
2280 5202 2403 5241 eam
2431 5186 2488 5240 hi
2514 5187 2709 5258 quibus
2752 5196 2974 5258 propter
3019 5196 3246 5259 peccata
3292 5190 3602 5245 necessaria

2004 5281 2137 5329 erat.
2173 5273 2302 5328 Ideo
2338 5274 2504 5329 etiam
2553 5275 2687 5343 justi
2741 5283 3026 5329 tenuerunt
3064 5284 3303 5332 veterem
3332 5277 3512 5347 legem
3542 5284 3603 5330 ut

2006 5362 2149 5434 quod
2192 5361 2313 5433 ipsa
2358 5363 2746 5434 praetigurabat
2789 5363 2857 5418 de
2903 5364 3115 5420 Christo
3165 5373 3215 5420 et
3260 5366 3328 5420 de
3357 5373 3601 5435 tempore

2005 5450 2215 5523 gratiae,
2276 5450 2380 5521 ipsi
2439 5458 2825 5506 attestarentur
2893 5452 3167 5523 implendo
3214 5454 3416 5525 legem.
3449 5455 3604 5509 Justo

2005 5538 2193 5610 utique
2213 5554 2323 5594 non
2354 5547 2437 5594 est
2465 5542 2644 5611 posita
2670 5540 2775 5605 lex,
2803 5540 2900 5595 sed
2930 5543 3181 5611 iniustis,
3207 5541 3262 5596 id
3291 5550 3375 5597 est
3403 5542 3604 5598 Iudaeis
