3966 6050
433 243 531 297 431

994 229 1049 283 S.
1092 222 1445 282 BRUNONIS
1485 215 2131 278 CARTHUSIANORUM
2166 215 2648 273 INSTITUTORIS
2687 215 2838 271 OPP.
2880 216 3057 272 PARS
3095 217 3162 272 II.

3624 221 3727 278 432

440 363 633 436 quibus
662 365 787 415 ante
816 356 998 428 legem
1027 354 1209 408 datam
1248 352 1463 421 Moyses
1504 346 1723 402 moralia
1754 352 2028 416 praecepta
2050 347 2100 404 A
2134 342 2283 436 Deus
2312 341 2706 436 credidit-mihi
2756 341 3133 436 Evangelium,
3187 342 3402 436 gratias
3434 360 3535 413 ago
3564 345 3635 411 ei,
3672 354 3725 400 et

434 434 601 517 dedit,
636 463 756 520 quae
787 460 895 500 non
941 441 1283 498 observando
1320 437 1502 507 injusti
1541 436 1663 491 facti
1693 442 1836 489 sunt.
1872 434 2019 502 Inju-

433 542 529 596 stis
561 539 762 608 utique,
798 538 983 589 etnon
1018 531 1277 594 subditis,
1312 528 1365 581 id
1396 536 1478 581 est
1506 524 1727 589 Judseis,
1760 523 1850 595 qui
1882 524 2016 591 Deo,

429 629 577 685 danti
606 644 706 698 per
737 627 978 693 Moysem
1009 621 1207 692 legem,
1243 617 1529 672 noluerunt
1560 614 1717 668 subdi
1746 623 1800 667 ut
1831 612 1900 666 ab
1933 611 2020 665 in-

414 716 636 788 justitiis
666 713 1010 769 recederent.
1046 708 1195 777 Quos
1226 714 1381 762 vocet
1413 705 1641 772 injustos
1665 710 1717 757 et
1748 717 1853 756 non
1884 700 2019 754 sub-

420 808 563 862 ditos
594 802 837 875 exponit,
868 800 1057 856 dicens
1092 815 1105 851 :
1140 797 1247 850 Lex
1277 794 1461 864 utique
1492 791 1671 862 posita
1697 798 1779 845 est
1809 791 2016 860 impiis,

421 896 480 950 id
512 902 593 951 est
621 888 945 961 irreligiosis
967 886 1146 941 animo
1178 891 1367 939 contra
1400 883 1594 945 Deum,
1623 884 1676 935 et
1705 878 2023 951 peccatori-

421 985 540 1050 bus,
579 982 631 1036 id
665 988 746 1035 est
786 977 919 1049 quod
949 974 1256 1046 irreligiose
1277 970 1534 1041 cogitant,
1556 967 1863 1037 irreligiose
1884 981 2021 1036 ope-

424 1072 688 1134 rantibus,
742 1071 795 1123 et
838 1064 1149 1128 sceleratis,
1192 1061 1244 1115 id
1279 1068 1360 1115 est
1409 1059 1487 1113 eis
1530 1058 1621 1128 qui
1650 1056 1896 1110 videntes
1928 1069 2021 1108 sa-

428 1160 671 1217 criﬁcare
702 1155 862 1210 idolis
919 1153 1005 1208 vel
1035 1148 1365 1219 liujusmodi,
1409 1145 1610 1217 placuit
1642 1144 1746 1198 illis
1778 1151 1835 1197 ut
1866 1141 2021 1196 simi-

429 1250 554 1304 liter
585 1244 1021 1318 przevaricarent.
1057 1241 1164 1294 Lex
1187 1238 1341 1293 etiam
1375 1235 1547 1306 posita
1571 1241 1652 1289 est
1666 1233 2022 1288 contamina-

430 1340 525 1407 tis,
554 1336 609 1390 id
640 1344 721 1391 est
751 1333 855 1387 illis
906 1330 996 1401 qui
1028 1326 1281 1383 violentia
1327 1331 1724 1380 tormentorum
1758 1319 2023 1389 compulsi

427 1435 550 1482 sunt
598 1421 906 1479 sacriﬁcare
950 1417 1137 1473 idolis.
1197 1417 1323 1470 Haec
1370 1421 1600 1484 quatuor
1630 1419 1819 1465 contra
1852 1410 2023 1463 Deum

432 1512 802 1587 principaliter
832 1508 982 1563 ﬁunt.
1027 1508 1233 1560 Caetera
1265 1520 1386 1573 quae
1417 1507 1716 1572 sequuntur
1744 1506 1933 1553 contra
1965 1512 2024 1551 se

431 1613 484 1659 et
513 1610 698 1659 contra
732 1598 1039 1670 proximum
1071 1594 1221 1660 fiunt,
1256 1608 1364 1646 non
1396 1590 1538 1662 quod
1587 1587 1767 1643 omnia
1800 1594 2025 1657 peccata

432 1699 623 1747 contra
654 1691 824 1743 Deum
858 1701 964 1740 non
1009 1683 1132 1747 sint,
1183 1681 1279 1736 sed
1325 1679 1452 1750 quia
1490 1687 1719 1748 quatuor
1762 1674 2022 1744 praedicta
2046 1704 2095 1762 B

433 1782 607 1835 Deum
638 1775 947 1848 specialiter
978 1773 1093 1826 sine
1124 1770 1303 1840 aliquo
1351 1767 1530 1821 medio
1562 1765 1811 1820 videntur
1847 1761 2023 1817 offen—

427 1869 580 1923 dere.
613 1865 793 1921 Posita
823 1870 905 1918 est
934 1862 1094 1916 etiam
1127 1859 1212 1912 lex
1242 1856 1564 1929 parricidis,
1598 1853 1652 1907 id
1684 1860 1765 1907 est
1795 1850 2022 1905 interfe-

434 1955 675 2013 ctoribus
722 1961 960 2024 patrum,
1020 1948 1235 2020 quibus,
1299 1961 1421 2000 eum
1470 1942 1697 1996 multum
1736 1941 2018 2005 deberent,

430 2062 497 2101 ex
528 2061 593 2100 eo
626 2043 770 2115 quod
802 2040 1048 2095 homines
1088 2042 1289 2099 essent,
1339 2033 1501 2103 longe
1549 2030 1673 2084 ideo
1716 2028 1891 2099 magis
1919 2044 2019 2097 pa-

429 2145 541 2189 tres
573 2140 755 2195 erant;
790 2126 1113 2183 matricidis
1134 2124 1295 2178 etiam
1314 2120 1562 2174 similiter
1587 2119 1655 2173 3
1674 2117 1828 2173 14
1851 2124 1902 2169 et
1925 2117 2019 2171 ho-

428 2222 671 2286 micidis,
706 2227 757 2273 et
773 2215 1120 2289 fornicariis,
1146 2213 1199 2266 id
1213 2220 1295 2265 est
1314 2207 1708 2264 maculantibus
1730 2222 1788 2259 se
1811 2204 2021 2258 adulte-

424 2312 522 2375 rio,
556 2309 643 2364 vel
672 2306 913 2379 quolibet
963 2317 1163 2374 genere
1193 2296 1583 2361 fornicationis,
1616 2303 1668 2349 et
1692 2293 2017 2349 concubito-

426 2401 578 2455 ribus
596 2396 1001 2457 masculorum,
1024 2389 1168 2462 quod
1190 2387 1427 2444 deterius
1450 2394 1549 2449 est,
1568 2383 1764 2455 quibus
1778 2398 1883 2435 non
1908 2380 2016 2434 suf-

424 2488 534 2544 ﬁcit
564 2503 623 2542 se
654 2484 945 2550 maculare,
980 2480 1083 2534 nisi
1115 2478 1276 2533 etiam
1324 2481 1673 2543 corrumpant
1722 2471 1857 2525 alios
1890 2489 1903 2535 ;
1965 2476 2017 2523 et

418 2577 733 2651 plagiariis,
768 2574 821 2626 id
852 2580 933 2625 est
963 2569 1155 2641 plagas
1198 2564 1443 2637 proximo
1473 2560 1825 2651 inferentibus
1859 2578 1873 2651 -,
1908 2557 2011 2624 vel,

427 2648 726 2739 plagiariis
782 2660 936 2732 quasi
995 2654 1338 2728 plagiosipis,
1400 2652 1453 2706 id
1485 2658 1566 2705 est
1597 2650 1813 2739 plagam
1954 2662 2013 2700 re

420 2734 545 2809 viva
576 2750 950 2813 inferentibus,
1002 2753 1058 2799 ut
1108 2745 1152 2798 si
1205 2743 1326 2813 quis
1377 2740 1643 2794 furaretur
1672 2736 1813 2807 patri
1846 2734 2014 2789 ﬁlium

429 2858 609 2907 suum,
660 2839 747 2894 vel
797 2833 1121 2906 hujusmodi.
1156 2829 1508 2887 Mendacibus
1539 2826 1697 2881 etiam
1731 2824 1824 2896 qui
1852 2823 2011 2877 falla-

421 2931 520 2987 ciis
549 2929 879 2991 incumbunt,
942 2923 1194 2995 quodque
1241 2917 1523 2972 mendacio
1572 2914 1724 2969 Pauli
1771 2913 2012 2968 deterius

422 3027 504 3075 est
531 3019 798 3091 perjuris,
832 3014 915 3069 his
946 3020 998 3067 et
1031 3007 1336 3078 bujusmodi
1366 3005 1540 3076 posita
1573 3004 1779 3058 estlex.
1812 3003 2012 3091 Prmter

418 3088 543 3164 haec
568 3088 733 3162 etiam
758 3102 1009 3173 imposita
1038 3107 1119 3154 est
1147 3097 1223 3152 illi
1252 3098 1301 3150 si
1329 3095 1461 3168 quid
1489 3093 1647 3149 aliud
1677 3107 1710 3147 a
1740 3088 2012 3162 praedictis

421 3197 569 3269 quod
597 3196 934 3250 adversatur
975 3204 1128 3244 sana:
1158 3186 1453 3249 doctrinae,
1487 3182 1541 3236 id
1590 3189 1673 3236 est
1702 3178 1931 3234 naturali
1961 3185 2012 3269 et

420 3265 614 3340 morali
646 3282 775 3354 legi.
812 3277 1032 3334 Moralia
1065 3275 1210 3331 enim
1250 3279 1520 3344 praecepta
1569 3270 1705 3324 sicut
1734 3268 1789 3322 in
1817 3265 2008 3331 veteri,

426 3374 504 3428 sic
560 3372 615 3426 in
661 3386 800 3425 nova
857 3368 980 3439 lege
1011 3364 1332 3436 perdurant.
1372 3360 1527 3416 Unde
1558 3358 1631 3413 ait
1665 3375 1677 3414 :
1717 3359 1847 3425 Qua:
1879 3369 2015 3409 sana

423 3460 669 3523 doctrina
697 3462 781 3514 est
812 3455 1121 3513 secundum
1152 3451 1539 3519 Evangelium,
1573 3446 1627 3501 id
1659 3454 1740 3500 est
1772 3443 2015 3515 sequitur

421 3566 616 3605 novam
649 3549 848 3619 legem.
884 3540 1247 3614 Evangelium
1274 3538 1398 3593 dico
1423 3537 1634 3608 gloriae,
1670 3534 1725 3588 id
1756 3540 1839 3588 est
1870 3530 2015 3602 quod

430 3638 693 3711 prtedicat
725 3634 1026 3707 gloriosum
1058 3632 1249 3683 Deum.
1285 3626 1383 3681 Vel
1409 3622 1769 3693 Evangelium
1787 3619 2010 3711 gloriae,

422 3708 475 3780 id
506 3734 589 3781 est
618 3724 765 3795 quod
810 3718 1162 3791 sequentibus
1211 3732 1271 3770 se
1318 3714 1411 3768 dat
1441 3720 1697 3767 aeternam
1745 3708 2007 3778 gloriam.

425 3812 629 3868 Gloriae
659 3811 781 3866 dico
816 3810 911 3863 Dei
941 3808 1107 3863 beati.
1162 3801 1392 3872 Qualem
1442 3800 1586 3855 enim
1630 3795 2017 3851 beatitudinem

420 3903 568 3958 Deus
598 3900 779 3963 habet,
815 3897 980 3951 talem
1010 3895 1079 3948 ab
1110 3908 1173 3947 eo
1205 3889 1442 3945 habituri
1487 3895 1611 3942 sunt
1650 3885 1842 3940 sancti.
1877 3885 2016 3938 Bea-

427 4000 516 4045 tus
556 3989 698 4043 enim
748 3985 942 4041 dicitur
989 3982 1077 4037 cui
1120 3980 1254 4034 nihil
1301 3976 1529 4040 deﬁcit;
1564 3974 1765 4030 sanctis
1815 3981 2014 4037 autem,

427 4095 548 4135 cum
581 4076 795 4131 Christo
823 4073 955 4128 nihil
993 4069 1296 4125 defuturum
1346 4074 1445 4120 est.
1500 4066 1612 4120 Hoc
1644 4079 1842 4118 nomen
1872 4063 2018 4116 Deus

428 4167 576 4222 nullo
608 4163 877 4233 adjectivo
925 4160 1148 4231 indiget,
1199 4165 1255 4211 ut
1293 4155 1503 4209 dicatur
1547 4153 1753 4216 beatus,
1802 4150 1887 4207 vel
1916 4150 2019 4203 ali-

430 4256 559 4328 quid
592 4256 808 4318 horum,
842 4251 938 4306 sed
969 4257 1025 4303 ut
1055 4249 1304 4301 innueret
1329 4241 1627 4311 cujusmodi
1654 4240 1885 4328 gloriam
1916 4238 2021 4328 ha—

428 4326 639 4399 biturus
694 4342 764 4395 sit
816 4341 962 4394 Deus
1014 4345 1067 4391 et
1121 4336 1346 4390 daturus
1395 4331 1506 4387 suis
1552 4329 1806 4401 apposuit
1849 4326 2018 4396 beati,

2129 447 2237 486 non
2270 432 2398 503 legi,
2433 447 2530 502 pro
2561 432 2665 486 hoc
2696 430 2978 496 beneficio,
3013 439 3064 485 et
3092 445 3188 501 pro
3217 430 3299 484 his
3331 447 3451 502 qum
3478 448 3721 504 sequun-

2127 528 2231 585 tur,
2266 520 2356 592 qui
2373 521 2520 575 Deus
2537 521 2996 576 existimavitmc
3016 520 3260 588 ﬁdelem.
3287 520 3385 575 Hic
3423 520 3571 576 aiunt
3602 522 3722 593 qui-

2120 610 2247 664 dam
2278 610 2540 664 insidiosa
2569 625 2690 663 esse
2725 609 2892 663 verba
2943 608 3111 674 Pauli,
3145 609 3296 679 quasi
3325 609 3550 665 diceret.
3586 611 3719 668 Inde

2121 698 2328 769 gratias
2359 714 2463 770 ago
2493 699 2609 753 Deo
2641 698 2789 769 quia,
2822 713 2943 752 cum
2981 696 3214 751 inﬁdelis
3245 714 3443 766 essem,
3477 698 3605 754 fecit
3632 716 3721 755 me

2120 784 2356 841 ﬁdelem.
2393 786 2661 857 Quodque
2719 786 2919 857 dignus
2959 802 3138 840 essem
3186 786 3277 857 qui
3322 785 3496 841 fidelis
3528 785 3719 843 ﬁerem

2121 875 2462 941 existimavit,
2497 875 2551 929 id
2583 882 2663 929 est
2717 873 3055 944 providentia
3105 874 3206 929 Dei
3237 892 3357 946 quae
3388 874 3504 930 falli
3547 877 3722 933 nescit

2121 964 2189 1017 ab
2220 963 2369 1018 initio
2400 962 2804 1034 prmordinavit,
2864 978 3057 1034 meque
3087 962 3285 1019 factum
3334 962 3552 1019 ﬁdelem
3582 978 3719 1020 con—

2123 1051 2359 1116 fortavit,
2391 1052 2444 1106 id
2475 1060 2556 1107 est
2604 1050 2798 1106 fortem
2848 1050 2992 1120 fecit,
3027 1052 3174 1123 quod
3201 1068 3378 1123 neque
3409 1069 3578 1121 mors,
3615 1070 3719 1108 ne-

2122 1158 2227 1212 que
2259 1141 2469 1213 gladius
2500 1140 2699 1210 poterit
2730 1156 2815 1194 me
2847 1156 3105 1211 separare
3137 1157 3167 1194 a
3198 1142 3456 1197 charitate
3487 1144 3622 1211 ejus.
3646 1143 3733 1197 Et

2121 1238 2410 1300 postquam
2442 1229 2573 1283 mihi
2604 1229 2834 1284 credidit
2876 1229 3238 1301 Evangelium
3276 1231 3452 1300 pacis,
3503 1248 3718 1302 ponens

2122 1333 2209 1371 me
2243 1319 2302 1371 in
2324 1319 2667 1382 ministerio,
2702 1316 2752 1370 id
2786 1325 2868 1371 est
2897 1316 2950 1370 in
2982 1316 3100 1387 ipso
3132 1334 3295 1387 opere
3326 1318 3661 1388 prmdicandi
3701 1338 3716 1385 ;

2125 1405 2307 1458 multis
2336 1406 2480 1459 enim
2537 1404 2770 1476 prtelatis
2800 1406 3038 1459 creditur
3066 1406 3427 1478 Evangelium
3460 1426 3475 1474 ;
3509 1408 3599 1479 qui
3633 1415 3719 1461 ta-

2123 1510 2248 1547 men
2278 1501 2555 1564 torpentes
2600 1510 2709 1548 non
2758 1493 3065 1548 ministrant
3114 1495 3345 1549 subditis
3393 1497 3539 1567 quod
3593 1512 3718 1551 cre-

2124 1583 2293 1635 ditum
2324 1591 2405 1637 est
2439 1583 2561 1636 illis.
2614 1582 2823 1636 Positus
2882 1600 3000 1637 sum
3056 1583 3110 1636 in
3158 1584 3457 1639 ministerio
3510 1584 3725 1640 Christi

2124 1673 2275 1736 Jesu,
2309 1671 2364 1725 id
2391 1680 2472 1725 est
2501 1672 2569 1725 ad
2601 1672 2866 1725 honorem
2898 1679 2948 1727 et
2979 1671 3209 1743 gloriam
3231 1672 3428 1727 Christi
3458 1673 3587 1727 Jesu
3609 1674 3722 1728 Do-

2124 1760 2252 1813 mini
2286 1760 2479 1814 nostri.
2522 1760 2621 1815 V'el
2649 1760 2971 1815 confortavit
3001 1777 3087 1815 me
3119 1761 3170 1814 in
3208 1761 3421 1815 Christo
3449 1761 3577 1816 Jesu
3606 1762 3716 1816 Do-

2125 1848 2270 1901 mino
2297 1857 2501 1913 nostro,
2538 1848 2629 1919 qui
2658 1848 2789 1903 mihi
2819 1848 2997 1903 caedes
3027 1850 3319 1915 anhelanti,
3353 1849 3407 1902 in
3438 1849 3524 1904 via
3552 1865 3723 1920 appa-

2127 1936 2254 1991 ruit.
2296 1937 2414 2008 Ego
2446 1936 2629 2008 utique
2658 1935 2835 1991 ﬁdelis
2868 1936 3041 1992 factus
3072 1954 3211 2006 sum,
3256 1946 3365 1994 etc.
3382 1979 3396 2005 ,
3429 1947 3715 2010 postquam

2122 2025 2389 2079 deserens
2411 2026 2590 2096 legem
2604 2025 2817 2079 subdidi
2834 2042 2921 2080 me
2944 2026 3130 2097 gratiae
3153 2027 3390 2095 Dei.Qui
3409 2029 3568 2098 prius
3591 2043 3715 2081 cum

2121 2129 2298 2168 essem
2328 2114 2430 2167 sub
2476 2114 2599 2186 lege
2644 2115 2697 2168 in
2754 2115 2937 2169 omnia
2981 2115 3124 2169 mala
3173 2116 3563 2185 praecipitabat.
3612 2116 3719 2171 Fui

2120 2202 2265 2255 enim
2295 2210 2423 2257 tunc
2475 2203 2887 2275 blasphe-mans,
2936 2198 3209 2257 Christum
3240 2203 3427 2259 dicens
3457 2221 3581 2258 eum
3610 2205 3715 2259 lio-

2122 2290 2322 2345 minem
2354 2291 2469 2345 sine
2500 2292 2633 2360 Deo,
2686 2290 2855 2345 ﬁlium
2904 2290 3042 2346 fabri
3091 2300 3143 2346 et
3174 2292 3391 2347 similia.
3427 2293 3521 2347 Fui
3552 2293 3717 2347 etiam

2122 2384 2451 2450 persecutor
2481 2380 2843 2451 quorumlibet
2867 2381 3369 2451 justorum(Actor.
3393 2396 3473 2450 1x,
3512 2382 3581 2449 l).
3617 2381 3716 2436 Fui

2121 2468 2283 2522 etiam
2316 2470 2776 2535 contumeliosus,
2811 2469 2936 2540 quia
2980 2470 3027 2523 si
3073 2485 3208 2540 quos
3251 2470 3718 2540 comprehendere

2116 2564 2364 2625 poteram
2423 2556 2765 2612 contumeliis
2797 2564 2849 2610 et
2890 2556 3204 2611 verberibus
3235 2557 3537 2613 afficiebam
3573 2576 3587 2624 ;
3620 2557 3718 2613 sed

2115 2644 2206 2715 qui
2236 2645 2372 2700 adeo
2419 2661 2705 2715 perversus
2764 2646 2865 2698 sub
2912 2645 3033 2715 lege
3065 2661 3245 2711 eram,
3281 2647 3461 2700 statim
3497 2654 3551 2700 ut
3579 2647 3720 2702 hanc

2128 2732 2307 2786 dimisi
2336 2738 2667 2788 consecutus
2706 2750 2832 2788 sum
2853 2734 3320 2798 misericordiam,
3349 2734 3401 2788 id
3423 2742 3506 2789 est
3526 2734 3719 2789 remis-

2122 2820 2333 2875 sionem
2363 2830 2734 2890 peccatorum.
2776 2822 2855 2876 De
2885 2822 2987 2877 hoc
3017 2831 3198 2877 autem
3242 2831 3565 2877 consecutus
3595 2838 3718 2877 sum

2120 2909 2570 2975 misericordiam,
2607 2909 2748 2980 quia,
2802 2910 2857 2964 id
2898 2919 2981 2965 est
3021 2911 3163 2983 quod
3194 2913 3459 2982 ignorans
3499 2914 3630 2983 feci,
3662 2910 3719 2965 id

2122 3005 2203 3052 est
2231 2998 2548 3070 ignoranter
2604 2998 2845 3068 peccavi,
2906 3007 2957 3053 et
3014 2999 3143 3069 quia
3171 3000 3444 3054 Christum
3487 3000 3719 3071 ignora-

2041 3059 2086 3118 Ο
2118 3059 2282 3151 ωιιηῖ
2297 3086 2419 3141 ideo
2449 3088 2512 3141 in
2554 3059 2966 3142 incredulitate
2996 3059 3302 3142 manebam.
3337 3088 3425 3142 Sic
3455 3059 3579 3159 quiia
3610 3103 3712 3157 pro

2114 3174 2261 3244 quod
2292 3175 2522 3245 legimus
2557 3194 2570 3241 ;
2606 3191 2714 3230 non
2766 3175 2910 3230 enim
2958 3175 3227 3231 sufficeret
3274 3177 3344 3231 ad
3386 3192 3622 3241 causam,
3656 3184 3717 3231 ut

2114 3263 2243 3333 quia
2271 3263 2593 3335 ignoranter
2624 3264 2953 3334 peccaverit,
2974 3264 3097 3319 ideo
3117 3265 3546 3320 misericordiam
3576 3281 3712 3321 con-

2116 3360 2333 3407 secutus
2366 3352 2452 3406 sit.
2504 3352 2624 3407 Alio
2681 3353 2843 3407 modo
2876 3361 3053 3407 tamen
3097 3354 3222 3425 quia
3249 3354 3449 3425 legitur
3478 3354 3548 3408 ad
3580 3370 3711 3408 cau-

2116 3456 2251 3495 sam.
2284 3440 2454 3509 Quasi
2502 3441 2709 3497 diceret
2756 3441 2950 3513 aliquis
2985 3457 2996 3495 :
3030 3443 3110 3496 Tu
3158 3442 3284 3497 olim
3314 3443 3415 3496 sub
3446 3441 3587 3514 lege,
3622 3442 3710 3497 le-

2116 3544 2240 3600 gem
2272 3529 2613 3598 przedicabas
2644 3530 2955 3585 tenendam.
3002 3531 3081 3584 Tu
3112 3546 3260 3597 vero,
3303 3530 3490 3585 relicta
3520 3530 3711 3584 eadem

2114 3616 2257 3687 lege,
2292 3617 2473 3689 legem
2504 3618 2773 3687 pradicas
2805 3618 3237 3690 relinquendam.
3272 3618 3367 3672 Cui
3399 3634 3534 3690 ergo
3561 3618 3716 3673 credi

2118 3705 2329 3771 debeat,
2365 3705 2452 3761 vel
2485 3706 2580 3760 tibi
2610 3706 2710 3761 sub
2739 3706 2882 3778 lege,
2917 3707 3003 3763 vel
3035 3707 3132 3761 tibi
3167 3724 3277 3762 non
3309 3707 3409 3762 sub
3437 3706 3563 3779 lege
3595 3723 3721 3761 am-

2119 3793 2376 3866 bigimus.
2732 3865 2737 3869 θ

2192 3883 2395 3937 Contra
2425 3882 2528 3938 hoc
2558 3882 2659 3937 ait:
2694 3882 2823 3937 Mihi
2841 3883 2943 3937 sub
2964 3883 3088 3956 lege
3107 3899 3217 3938 non
3238 3882 3334 3937 fuit
3355 3882 3715 3953 credendum,

2120 3970 2241 4041 quia
2272 3970 2529 4041 ignorans
2558 3970 2681 4037 feci,
2698 3979 2750 4026 et
2763 3972 2889 4042 quia
2908 3971 3177 4042 ignoravi,
3193 3970 3395 4042 ideo'jn
3412 3971 3716 4026 increduli-

2118 4065 2228 4113 tate
2264 4059 2333 4113 3
2351 4058 2411 4113 1
2429 4059 2499 4114 5
2533 4059 2728 4113 mansi.
2762 4060 2875 4115 Nec
2898 4059 3072 4113 solum
3095 4059 3543 4125 misericordiam,
3568 4059 3623 4114 id
3638 4067 3725 4115 est

2122 4147 2499 4202 remissionem
2528 4156 2871 4217 peccatorum
2904 4156 3228 4203 consecutus
3267 4165 3405 4214 sum,
3427 4148 3523 4203 sed
3555 4148 3722 4202 etiam

2121 4236 2311 4305 gratia
2342 4237 2566 4291 Domini
2585 4238 2769 4291 nostri
2786 4237 3092 4292 abundavit
3122 4240 3184 4291 in
3209 4253 3294 4291 me
3317 4253 3483 4307 super
3502 4236 3722 4291 miseri-

2123 4314 2365 4379 cordiam
2401 4340 2413 4378 :
2449 4324 2572 4394 quia
2604 4332 2655 4378 et
2685 4333 2909 4395 peccata
2953 4324 3180 4392 remisit,
3227 4334 3279 4379 et
3336 4325 3534 4379 multas
3585 4325 3722 4380 alias

430 4432 590 4505 quasi
628 4431 833 4486 diceret
866 4445 879 4481 :
916 4426 1104 4482 Gloria
1150 4440 1314 4495 quam
1362 4423 1507 4476 Deus
1551 4419 1713 4473 habet
1743 4426 1796 4472 et
1824 4416 1933 4484 dat,
1969 4413 2094 4472 etD
2123 4411 2331 4505 gratias
2361 4411 2526 4505 dedit,
2561 4419 2616 4465 ut
2646 4411 3012 4482 cognitionem
3061 4411 3258 4505 divin—ae
3294 4414 3564 4505 essentia),
3600 4422 3714 4505 etc‘.

432 4503 535 4576 sibi
564 4527 616 4575 et
649 4518 1061 4591 quibuscunque
1108 4512 1218 4577 dat,
1260 4509 1470 4565 suﬁicit.
1504 4510 1571 4563 Et
1600 4506 1721 4579 quia
1756 4520 1891 4560 sana
1920 4503 2023 4558 do-

432 4609 609 4668 ctrina
638 4616 691 4663 et
748 4604 1104 4675 Evangelium
1161 4616 1220 4655 se
1274 4599 1507 4654 invicem
1539 4602 1867 4667 sequuntur,
1900 4592 2024 4646 ideo

430 4702 549 4756 htec
579 4705 781 4753 tantum
828 4692 1059 4749 tenenda
1100 4696 1224 4745 sunt
1282 4696 1334 4744 et
1380 4702 1489 4741 non
1520 4681 1883 4739 reinducenda
1912 4681 2025 4736 cir-

433 4787 693 4843 cumcisio
724 4794 777 4840 et
808 4791 1011 4838 vetera.
1062 4779 1161 4835 Hic
1208 4776 1511 4851 ingreditqr
1540 4772 1831 4828 ostendere
1880 4767 2027 4840 quod

438 4876 566 4948 quia
594 4874 818 4930 recessit
849 4887 880 4927 a
906 4868 1074 4925 veteri
1123 4868 1266 4939 lege,
1313 4852 1496 4919 omnia
1526 4862 1666 4916 bona
1697 4858 1800 4914 sibi
1830 4856 2029 4948 collata

441 4944 583 5031 sint;
615 4964 701 5019 cui
731 4962 841 5033 legi
897 4957 1133 5032 quandiu
1174 4954 1420 5019 adhaesit,
1454 4965 1669 5021 semper
1697 4948 1751 5002 in
1778 4944 2028 5017 ρι’ωοὶρὶ-

444 5056 572 5109 (ium
602 5052 865 5107 malorum
892 5049 1022 5104 ruit.

513 5142 666 5199 Unde
690 5141 766 5195 sic
779 5140 851 5194 ait
874 5155 886 5191 :
919 5136 1068 5206 Quod
1090 5130 1443 5202 Evangelium
1464 5125 1745 5184 creditum
1763 5122 2023 5191 estmihi,

433 5232 489 5288 id
518 5238 599 5286 est
630 5228 880 5300 praevidit
928 5221 1307 5278 misericordia
1357 5217 1455 5272 Dei
1506 5232 1592 5270 me
1636 5214 1910 5279 idoneum,
1944 5210 2028 5266 cui

433 5320 679 5377 crederet
738 5313 1116 5385 Evangelium.
1174 5305 1532 5379 Evangelium
1592 5311 1775 5357 autem
1824 5301 2027 5355 bonum

436 5408 679 5464 nuntium
710 5404 926 5468 dicitur,
969 5417 1040 5456 eu
1091 5399 1236 5454 enim
1285 5397 1488 5450 bonum
1522 5392 1848 5463 ;angelium
1895 5403 2027 5445 vero

439 5497 735 5554 nuntium.
766 5491 920 5549 Unde
938 5488 1165 5563 angelus
1186 5484 1428 5542 nuntius
1444 5481 1659 5537 dicitur.
1673 5481 1740 5536 Et
1760 5479 1883 5535 ideo
1904 5476 2029 5549 quia

2127 4500 2227 4557 Vel
2256 4499 2427 4553 aliter.
2462 4500 2601 4554 Dum
2629 4508 2949 4570 persecutor
2989 4516 3141 4556 eram
3188 4500 3453 4556 Ecclesia:
3501 4501 3721 4569 Christi,

2125 4588 2353 4643 multum
2382 4588 2556 4643 zelum
2583 4587 2721 4659 legis
2750 4588 2931 4654 habui,
2966 4589 3064 4644 sed
3107 4596 3290 4644 tamen
3334 4604 3478 4645 nunc
3522 4605 3724 4660 super-

2127 4676 2418 4732 abundavit
2446 4676 2617 4749 gratia
2646 4676 2745 4731 Dei
2777 4677 2830 4730 in
2860 4692 2968 4743 me,
3002 4677 3129 4748 quia
3160 4677 3204 4731 si
3228 4684 3376 4731 tanta
3395 4677 3725 4747 oportuisset

2124 4782 2213 4821 me
2241 4765 2352 4836 pati
2383 4782 2483 4836 pro
2513 4765 2685 4820 veteri
2716 4764 2838 4837 lege
2866 4773 3066 4836 quanta
3113 4781 3215 4836 pro
3263 4766 3478 4821 Christo
3518 4765 3719 4836 patior,

2125 4854 2311 4924 utique
2343 4853 2685 4909 defecissem.
2720 4853 2928 4909 Cmtera
2972 4854 3112 4910 sicut
3161 4853 3309 4909 dicta
3340 4861 3484 4908 sunt.
3516 4854 3723 4924 Super-

2123 4942 2438 5011 abundavit,
2487 4942 2725 5013 inquam,
2760 4941 2940 5013 gratia
2971 4958 3102 4997 cum
3146 4942 3255 5011 ﬁde
3285 4946 3342 4997 et
3372 4942 3678 5000 dilectione
3701 4962 3719 4998 :

2128 5031 2252 5102 quia
2282 5029 2417 5085 ﬁdes
2448 5038 2501 5085 et
2530 5030 2745 5086 dilectio
2776 5030 2877 5086 Dei
2921 5046 3138 5102 semper
3185 5038 3472 5086 creverunt
3502 5031 3554 5084 in
3585 5047 3675 5086 me
3708 5049 3724 5098 ;

2126 5137 2247 5192 quw
2277 5117 2411 5174 fides
2442 5127 2495 5173 et
2523 5118 2744 5175 dilectio
2775 5123 2859 5175 est
2888 5120 2952 5174 in
2977 5120 3192 5175 Christo
3214 5121 3361 5186 Jesu,
3386 5119 3441 5174 id
3462 5119 3728 5175 esthabe-

2128 5216 2215 5262 tur
2243 5224 2344 5279 per
2390 5207 2659 5263 Christum
2709 5208 2915 5274 Jesum,
2971 5215 3025 5263 et
3071 5224 3180 5264 non
3211 5224 3309 5279 per
3334 5208 3535 5281 legem.
3569 5209 3725 5265 Hauc

2127 5305 2305 5352 autem
2336 5292 2767 5353 misericordiam
2798 5313 2957 5369 quam
2987 5312 3090 5368 ego
3119 5305 3440 5354 consecutus
3472 5313 3610 5363 sum,
3644 5296 3726 5351 fa-

2128 5386 2232 5443 cile
2252 5395 2334 5442 est
2364 5394 2416 5443 et
2446 5402 2544 5442 vos
2595 5385 2875 5457 consequi.
2927 5386 2997 5441 Ut
3035 5386 3179 5440 enim
3223 5392 3540 5457 peccatores
3584 5382 3725 5440 salvi

2127 5474 2336 5546 ﬁerent,
2369 5475 2615 5533 Christus
2644 5475 2800 5531 Jesus
2829 5474 2886 5529 in
2932 5474 3074 5531 hunc
3104 5474 3253 5533 venit
3299 5474 3579 5547 mundum.
3613 5471 3725 5530 Sed
