3966 6050
262 206 366 260 633

900 199 1283 256 EXPOSITIO
1321 199 1396 255 IN
1433 197 1809 257 EPISTOLAS
1847 200 2070 258 PAULI.
2109 229 2179 240 —
2218 199 2293 254 IN
2329 199 2546 256 EPIST.
2587 201 2611 255 Ι
2647 201 2741 256 AD
2771 199 2911 256 TIM.

3450 207 3556 262 434

266 334 558 398 antequam
586 325 690 380 hoc
717 324 879 391 dicat,
929 325 1198 396 prmponit
1225 324 1748 381 commendationem
1778 325 1858 380 rei
1882 327 1931 386 Α
1959 340 2069 380 uno
2097 321 2370 390 militaret,
2421 322 2701 395 implesset
2731 325 2875 397 quod
2905 324 3132 390 dixerat,
3183 327 3417 400 milites,
3450 331 3548 386 sed

263 432 430 488 quam
463 415 704 470 dicturus
734 422 816 468 est
845 414 924 470 sic
957 431 970 468 :
1006 417 1194 471 Sermo
1243 417 1352 470 iste
1379 431 1537 486 quem
1570 415 1725 469 vobis
1746 430 1864 469 ma-

264 503 464 558 nifesto
488 546 502 568 ,
554 511 636 557 est
666 503 879 573 ﬁdelis,
926 502 982 557 id
1011 511 1090 556 est
1119 502 1244 556 talis
1273 503 1357 557 cui
1390 503 1525 557 tides
1554 503 1863 558 adhibenda

263 593 353 662 sit,
388 603 440 647 et
469 591 561 663 qui
589 592 728 646 bene
757 592 824 645 sit
853 591 1150 647 credibilis.
1191 591 1306 646 Nec
1344 592 1518 646 solum
1550 590 1727 646 ﬁdelis
1757 599 1856 657 est,

265 682 364 736 sed
395 683 572 737 etiam
593 681 796 752 dignus
816 683 1161 752 acceptione,
1195 679 1251 734 id
1280 687 1362 734 est
1387 679 1479 751 qui
1508 679 1858 750 acceptabilis

265 785 390 825 esse
421 770 634 824 debeat.
669 769 801 824 Sunt
831 769 974 823 enim
1024 769 1178 823 multi
1229 784 1508 823 sermones
1545 769 1856 834 credibiles,

263 874 374 913 non
403 866 583 912 tamen
614 857 930 928 acceptione
960 857 1148 930 digni,
1203 857 1328 928 quia
1358 857 1590 912 inutiles.
1637 857 1734 912 Hic
1763 873 1860 911 au-

265 955 376 1002 tem
406 962 586 1002 sermo
611 989 625 1015 ,
658 955 711 1001 et
737 946 1012 1002 credibilis
1035 990 1050 1011 ,
1084 954 1133 1002 et
1167 954 1422 1016 acceptus
1443 986 1458 1012 ,
1512 946 1640 1016 quia
1689 946 1854 1000 utilis.

263 1036 475 1106 Dignus
523 1037 707 1108 utique
737 1035 1054 1105 acceptione
1095 1049 1204 1089 non
1252 1049 1359 1087 una
1388 1034 1474 1088 vel
1521 1034 1576 1088 in
1599 1049 1708 1088 uno
1741 1033 1858 1089 solo

259 1131 510 1194 tempore
538 1131 596 1178 ut
625 1130 778 1178 vetus
804 1122 910 1190 lex,
932 1123 1028 1177 sed
1045 1124 1219 1186 omni,
1244 1123 1298 1176 id
1329 1130 1411 1176 est
1440 1130 1492 1176 et
1523 1123 1577 1175 in
1606 1123 1859 1192 praesenti

261 1221 316 1267 et
345 1213 400 1266 in
432 1211 636 1278 futuro,
680 1220 734 1267 et
771 1211 1065 1267 secundum
1108 1226 1306 1281 corpus
1343 1218 1393 1265 et
1415 1211 1710 1266 secundum
1743 1210 1860 1264 aui-

261 1317 406 1354 mam
428 1343 441 1367 ,
494 1301 621 1371 quia
667 1301 720 1354 in
771 1300 918 1356 omni
948 1309 1208 1370 tempore,
1240 1307 1291 1353 ct
1321 1298 1618 1354 secundum
1650 1307 1858 1352 utrum-

264 1407 372 1460 que
402 1390 589 1444 salvat.
625 1390 742 1458 Hic,
776 1390 1017 1461 inquam,
1053 1397 1133 1444 est
1165 1387 1255 1442 ille
1287 1403 1482 1451 sermo,
1508 1391 1658 1459 quia,
1695 1387 1748 1441 id
1777 1395 1857 1441 est

261 1478 411 1549 quod
450 1477 703 1533 Christus
733 1478 892 1532 .lesus
914 1478 1070 1532 venit
1095 1479 1158 1531 in
1186 1476 1464 1531 mundum
1489 1475 1656 1539 hunc,
1692 1476 1747 1530 id
1776 1483 1858 1530 est

261 1566 400 1620 adeo
429 1566 848 1636 despicabilem,
891 1573 942 1620 et
975 1565 1028 1618 in
1059 1580 1164 1637 quo
1191 1573 1266 1620 tot
1294 1564 1538 1619 miserias
1572 1581 1693 1618 eum
1747 1564 1859 1634 pati

1963 421 2020 468 ut
2052 429 2268 483 semper
2296 420 2348 468 et
2377 412 2430 466 in
2461 413 2712 467 omnibus
2746 429 2805 468 se
2826 413 2966 469 velle
2985 431 3107 469 eum
3126 414 3355 472 militare
3377 425 3556 473 osten-

1960 503 2142 558 deret:
2164 502 2233 558 3
2252 501 2309 558 1
2326 502 2402 556 6
2420 502 2910 558 addiditmilitiam
2943 503 3165 572 bonam,
3182 505 3236 558 id
3250 513 3328 559 est
3341 506 3546 562 utilem.

1959 591 2098 646 Utile
2129 591 2270 645 enim
2303 591 2406 645 erit
2436 591 2514 646 sic
2544 598 2594 645 te
2624 590 2875 645 militare.
2905 593 3265 658 Commendo,
3300 593 3544 666 inquam,

1958 683 2024 734 ut
2053 680 2268 734 milites
2297 679 2351 733 in
2381 679 2488 733 illis
2517 679 2834 749 prophetiis,
2886 679 2940 734 id
2973 688 3053 736 est
3075 681 3129 735 in
3160 682 3307 736 omni
3339 683 3548 739 visione

1919 776 2009 840 cet
2040 768 2312 823 intellectu
2362 784 2521 839 quem
2563 767 2736 822 habes
2780 768 2850 823 de
2898 769 3033 824 Deo.
3083 770 3368 841 Prophetia
3407 772 3552 827 enim

1957 859 2134 923 visio;
2171 859 2438 928 propheta
2461 857 2654 912 videns
2678 857 2894 912 dicitur.
2919 858 3112 913 Milites
3133 875 3332 915 moneo
3351 876 3554 916 secun-

1959 946 2093 1001 dum
2118 946 2446 1018 prophetias
2476 945 2857 1017 praecedentes
2887 948 2947 1001 in
2977 951 3050 1012 te,
3075 947 3128 1002 id
3151 955 3231 1003 est
3251 949 3549 1003 secundum

1961 1035 2107 1106 quod
2139 1042 2384 1103 tempore
2414 1034 2738 1104 praecedenti
2770 1035 2993 1090 edoctus
3023 1052 3082 1090 es
3113 1036 3169 1089 in
3198 1037 3367 1091 sacris
3397 1036 3548 1093 Scri-

1958 1123 2153 1192 pturis.
2207 1122 2520 1176 Timotheus
2560 1122 2702 1176 enim
2746 1131 2902 1193 patre
2942 1124 3177 1194 gentilis,
3213 1133 3388 1180 matre
3418 1139 3551 1181 vero

1959 1210 2268 1264 Christiana
2299 1210 2476 1264 editus
2505 1210 2651 1280 (Act.
2675 1225 2792 1278 xvr,
2830 1211 2902 1282 1),
2937 1213 3006 1265 ab
3036 1211 3154 1282 ipsa
3175 1213 3403 1282 pueritia
3435 1221 3550 1268 tra-

1959 1299 2103 1352 ditus
2135 1307 2214 1353 est
2248 1299 2421 1353 sacris
2452 1298 2645 1352 litteris
2675 1299 3017 1354 imbuendus.
3051 1301 3207 1356 Unde
3240 1302 3314 1355 ait
3341 1318 3549 1357 secun-

1958 1387 2090 1442 dum
2111 1388 2436 1460 prophetias
2461 1390 2524 1442 in
2549 1392 2602 1443 te
2623 1387 3024 1459 prrecedentes.
3054 1389 3149 1444 Vel
3171 1389 3324 1444 aliter
3347 1407 3358 1445 :
3379 1390 3549 1445 Com-

1959 1476 2159 1530 mendo
2193 1477 2288 1530 tibi
2334 1484 2388 1529 ut
2436 1477 2635 1531 milites
2663 1477 2964 1532 secundum
2994 1477 3307 1548 praphetias
3337 1494 3548 1547 praece-

1960 1559 2153 1614 dentes
2204 1560 2256 1613 in
2299 1567 2371 1627 te,
2417 1560 2470 1613 id
2522 1561 2700 1615 estde
2733 1568 2804 1615 te.
2842 1562 3043 1632 Spiritu
3078 1563 3219 1616 enim
3250 1563 3550 1633 prophetiae

259 1655 518 1724 oportuit.
571 1655 761 1721 Venit,
794 1655 1048 1725 inquam,
1091 1655 1272 1709 sal-vos
1291 1655 1478 1724 facere
1515 1658 1851 1726 peccatores,
1876 1682 1929 1743 Β
1961 1647 2208 1714 edoctus,
2242 1648 2515 1718 assumpsi
2555 1657 2605 1704 te
2638 1649 2688 1702 in
2721 1665 2856 1718 opus
2885 1650 3193 1722 Evangelii.
3215 1650 3349 1705 Vide
3369 1659 3549 1705 autem

260 1743 355 1813 qui
387 1743 430 1796 si
460 1759 560 1813 per
581 1743 757 1813 legem
798 1742 995 1797 salvari
1025 1751 1266 1812 possent,
1293 1742 1486 1796 frustra
1517 1743 1663 1796 Deus
1703 1742 1860 1796 Chri-
1881 1736 1923 1743 ⁷
1959 1752 2027 1791 ne
2059 1737 2451 1809 degenerando
2482 1753 2512 1791 a
2551 1736 2656 1791 fide
2704 1739 3026 1793 mendacem
3068 1739 3236 1794 facias
3269 1739 3549 1810 Spiritum,

259 1839 405 1885 stum
437 1848 590 1885 suum
621 1831 675 1885 in
701 1832 950 1886 miserias
974 1832 1133 1898 hujus
1159 1830 1345 1885 mundi
1367 1831 1683 1901 deponeret.
1712 1832 1854 1899 Quo-

261 1937 393 1975 rum
415 1928 765 1990 peccatorum
789 1936 893 1992 ego
914 1929 966 1975 et
988 1921 1296 1991 quicunque
1318 1919 1511 1992 legalis
1540 1921 1778 1990 primus,
1801 1918 1858 1972 id

259 2016 344 2063 est
373 2009 680 2079 praecipuus
712 2017 765 2063 et
812 2009 1134 2064 deterrimus
1183 2025 1327 2062 sum.
1363 2007 1674 2062 Deteriores
1713 2006 1857 2061 enim

258 2096 467 2150 invenit
497 2098 644 2152 Deus
673 2097 909 2163 Iudaeos,
943 2097 1053 2169 legi
1083 2097 1423 2150 adbterentes
1444 2141 1457 2165 ,
1491 2111 1651 2166 quam
1685 2111 1856 2167 quos-

258 2202 476 2256 cunque
503 2186 743 2258 exleges.

333 2272 492 2342 Quod
524 2291 689 2345 supra
719 2275 898 2346 posuit
926 2275 1197 2342 absolute,
1231 2274 1318 2330 hic
1341 2274 1489 2344 ponit
1514 2289 1637 2329 cum
1667 2289 1852 2340 causa,

259 2363 451 2417 dicens
476 2380 489 2416 :
516 2364 662 2418 Licet
692 2363 1018 2418 deterrimus
1048 2364 1101 2416 in
1132 2363 1512 2434 peccatoribus
1541 2379 1744 2427 essem,
1768 2371 1855 2416 ta-

257 2467 385 2504 men
419 2456 754 2508 consecutus
784 2468 908 2508 sum
944 2452 1410 2516 misericordiam,
1432 2452 1574 2515 ideo,
1601 2456 1664 2505 ut
1692 2450 1854 2506 Chri-

257 2545 382 2594 stus
403 2540 562 2596 JcSus
584 2543 644 2595 in
667 2558 753 2596 me
772 2542 974 2612 primo,
1001 2540 1054 2593 id
1073 2549 1150 2594 est
1172 2541 1405 2594 maxime
1427 2547 1738 2610 peccatore,
1769 2539 1854 2594 vel

256 2629 517 2699 primum,
549 2629 602 2683 id
620 2637 702 2684 est
721 2630 957 2684 maxime
987 2629 1304 2684 ostenderet
1347 2629 1723 2699 patientiam;
1747 2643 1856 2681 non

258 2717 313 2771 in
347 2718 585 2788 qualibet
616 2733 724 2772 una
754 2734 833 2784 re,
869 2717 964 2772 sed
994 2717 1396 2771 omnimodam.
1437 2716 1663 2771 Pertulit
1711 2716 1855 2770 enim

259 2821 348 2860 me
381 2806 877 2876 blasphemantem,
928 2814 1372 2877 persequentem,
1420 2813 1472 2860 et
1499 2804 1854 2860 contumelias

257 2894 465 2950 sanctis
511 2894 850 2950 inferentem.
906 2894 1138 2949 Omnem
1168 2894 1354 2965 utique
1396 2893 1708 2965 patientiam
1757 2909 1853 2948 os-

259 2983 433 3037 tendit
463 2983 514 3035 in
543 2999 659 3048 me,
694 2983 767 3037 ad
788 2983 1254 3054 informationem
1304 2999 1496 3037 eorum
1539 2983 1633 3054 qui
1676 2983 1854 3037 credi-

262 3072 382 3125 turi
403 3076 542 3126 sunt
562 3073 672 3140 illi,
697 3072 750 3125 id
773 3079 854 3126 est
884 3079 940 3124 ut
959 3087 1059 3141 per
1079 3087 1166 3125 me
1195 3071 1417 3125 doceret
1433 3071 1634 3125 nemini
1655 3071 1852 3140 despe-

258 3159 489 3213 randum
516 3203 529 3225 ,
581 3168 802 3230 propter
829 3159 1213 3213 immanitatem
1247 3159 1535 3224 scelerum,
1569 3159 1697 3230 quin
1728 3174 1850 3214 cre-

152 3285 159 3292 .
258 3247 347 3300 dat
375 3247 430 3301 in
462 3264 604 3302 eum.
639 3247 904 3304 Credituri
935 3255 1058 3302 sunt
1087 3247 1229 3302 enim
1261 3247 1339 3300 illi
1367 3249 1430 3302 in
1460 3249 1633 3302 vitam
1681 3251 1844 3303 (eter-

260 3353 416 3404 nam,
450 3336 504 3390 id
536 3345 613 3391 est
644 3344 701 3391 ut
731 3353 828 3408 per
859 3335 1017 3391 fidem
1048 3337 1186 3391 hanc
1218 3336 1450 3390 habeant
1477 3335 1642 3390 vitam
1688 3344 1852 3390 mter-

259 3441 404 3478 nam.
440 3425 507 3480 Et
536 3425 969 3497 quandoquidem
1003 3425 1248 3480 Christus
1292 3425 1505 3479 salvare
1539 3433 1853 3494 peccatores

260 3513 434 3579 venit,
488 3514 558 3568 ad
591 3514 735 3586 quod
763 3512 850 3568 lex
880 3512 1215 3569 insufﬁciens
1245 3513 1375 3579 fuit,
1432 3513 1648 3568 Christo
1676 3513 1855 3584 igitur

261 3605 381 3675 regi
427 3604 761 3659 saeculorum
790 3602 916 3657 inde
965 3603 1032 3657 sit
1064 3605 1242 3658 honor
1265 3607 1320 3658 et
1340 3603 1518 3672 gloria
1551 3620 1567 3656 :
1597 3601 1724 3674 quia
1754 3617 1855 3656 nec

260 3691 389 3762 legi,
425 3708 524 3746 nec
555 3691 643 3745 alii
689 3699 888 3762 praeter
916 3691 1184 3746 Christum
1215 3691 1445 3745 debetur
1490 3689 1617 3745 inde
1655 3690 1851 3760 gratia.

331 3782 438 3833 Aut
469 3780 549 3834 sic
578 3780 940 3835 continuatur.
973 3780 1217 3834 Christus
1255 3780 1309 3833 in
1349 3796 1436 3834 me
1467 3779 1705 3833 ostendit
1733 3794 1854 3833 om-

259 3883 384 3922 nem
416 3867 728 3938 patientiam
755 3887 770 3932 ;
801 3867 879 3922 illi
909 3876 1089 3922 autem
1120 3867 1336 3922 Christo
1365 3867 1502 3938 Regi
1534 3867 1855 3922 saeculorum

258 3955 603 4020 immortali,
645 3955 701 4009 id
729 3965 810 4010 est
836 3954 1174 4021 immutabili,
1209 3955 1300 4026 qui
1330 3971 1549 4025 semper
1575 3955 1629 4008 in
1661 3955 1855 4009 eodem

260 4051 363 4110 est,
397 4047 454 4098 et
472 4044 762 4112 invisibili,
786 4043 841 4098 id
870 4052 952 4099 est
973 4044 1128 4112 cujus
1153 4043 1411 4098 deitatem
1437 4043 1581 4097 nulla
1611 4051 1855 4098 creatura

262 4130 462 4186 sufﬁcit
491 4131 832 4202 intelligere;
883 4131 1008 4186 huic
1055 4133 1171 4186 Deo
1198 4131 1440 4186 Creatori
1485 4131 1586 4185 soli
1615 4131 1856 4202 (salvere

261 4219 406 4275 enim
438 4219 588 4274 solus
619 4223 850 4290 potest),
886 4219 1009 4274 huic
1039 4227 1186 4275 tanto
1224 4227 1276 4274 et
1321 4219 1415 4273 tali
1452 4221 1528 4274 sit
1576 4221 1752 4274 honor
1800 4223 1855 4275 et

257 4308 458 4378 gloria.
487 4308 674 4362 Honor
699 4307 922 4373 dicitur,
980 4315 1038 4362 ut
1068 4309 1137 4363 de
1166 4308 1450 4363 virtutibus
1472 4351 1485 4374 ,
1531 4309 1850 4376 humilitate,

1959 1825 2049 1896 qui
2077 1833 2134 1878 ut
2165 1833 2217 1879 te
2247 1825 2507 1898 eligerem
2549 1826 2730 1880 docuit
2777 1842 2883 1880 me.
2938 1827 3166 1881 Militare
3215 1828 3401 1896 debes,
3437 1835 3549 1882 tum

1959 1913 2081 1984 quia
2113 1913 2309 1968 bonum
2341 1922 2392 1968 et
2423 1914 2552 1968 utile
2581 1923 2663 1968 est
2697 1929 2710 1968 :
2743 1922 2850 1968 tum
2894 1915 3019 1986 quia
3063 1916 3202 1971 bene
3241 1923 3416 1986 potes,
3449 1917 3550 1971 ha-

1958 2003 2090 2057 bens
2117 2002 2284 2070 ﬁdem
2313 2019 2412 2072 per
2459 2019 2615 2073 quam
2658 2003 2816 2072 plene
2860 2002 3182 2071 justiticatus
3229 2020 3308 2070 es,
3340 2004 3549 2059 habens

1957 2091 2130 2146 etiam
2154 2092 2565 2146 conscientiam
2587 2092 2787 2147 bonam
2809 2112 2827 2159 ,-
2846 2107 2954 2146 non
2967 2093 3106 2147 enim
3123 2093 3216 2146 tibi
3230 2092 3549 2164 praedicanti

1955 2179 2122 2247 objici
2152 2188 2330 2249 potest
2361 2179 2505 2249 quod
2538 2180 2676 2234 bene
2706 2181 2904 2235 doceas
2934 2188 2986 2234 et
3014 2180 3155 2235 male
3186 2181 3353 2236 vivas.
3385 2181 3546 2236 Modo

1953 2267 2239 2338 paulisper
2298 2269 2587 2322 revertitur
2644 2269 2709 2321 ad
2767 2269 3249 2338 pseudodoctores,
3312 2269 3545 2324 dicens:

1955 2374 2126 2427 quam
2157 2356 2356 2411 bonam
2388 2357 2776 2411 conscientiam
2801 2357 3027 2428 quidam
3058 2359 3442 2428 repulerunta
3463 2374 3544 2412 se.

1957 2444 2060 2512 Qui
2093 2445 2234 2499 enim
2269 2461 2527 2515 perverse
2557 2446 2668 2516 agit
2699 2453 2748 2500 et
2768 2446 3070 2511 docet,non
3092 2446 3254 2501 habet
3275 2447 3417 2500 unde
3440 2447 3544 2501 sibi

1954 2533 2092 2587 bene
2145 2534 2399 2588 conscius
2447 2534 2515 2586 sit
2551 2547 2562 2586 :
2597 2542 2648 2588 et
2679 2535 2806 2604 quia
2849 2534 3168 2604 repulerunt
3215 2535 3376 2601 hanc,
3422 2534 3546 2590 ideo

1953 2624 2456 2694 naufragaverunt
2487 2624 2640 2677 circa
2654 2623 2841 2691 ﬁdem,
2869 2622 2922 2676 id
2939 2631 3021 2677 est
3043 2621 3323 2693 fregerunt
3349 2639 3543 2678 navem

1954 2726 2128 2779 suam,
2181 2711 2578 2766 circumeuntes
2625 2710 2807 2776 tidem,
2853 2719 2905 2764 et
2937 2725 3045 2766 non
3073 2711 3444 2783 ingredientes
3473 2711 3538 2765 ad

1953 2815 2093 2853 eam.
2155 2801 2242 2854 Ex
2281 2799 2476 2872 quibus
2526 2799 3048 2869 pseudodoctoribus
3095 2799 3542 2872 naufragantibus

1952 2890 2038 2942 est
2060 2889 2390 2959 Hymenteus
2411 2887 2804 2942 etAlearander
2823 2885 3096 2957 principes
3119 2904 3304 2942 eorum
3330 2889 3420 2960 qui
3441 2888 3547 2944 cir-

1955 2975 2340 3030 cumcisionem
2390 2975 2656 3030 reducere
2696 2975 2967 3040 volebant,
3017 2994 3150 3049 quos
3194 2991 3298 3049 ego
3331 2978 3542 3034 tradidi

1953 3065 2182 3120 Satanae
2212 3065 2260 3133 (l
2290 3063 2411 3120 Cor.
2443 3079 2498 3126 ν,
2520 3066 2593 3134 5),
2627 3064 2680 3117 id
2709 3073 2789 3118 est
2821 3065 3069 3135 separavi
3101 3066 3538 3120 excommunica-

1952 3160 2037 3206 tos
2067 3153 2134 3206 ab
2164 3152 2429 3207 Ecclesia.
2478 3153 2593 3207 Nec
2639 3152 2764 3207 ideo
2795 3161 2850 3206 ut
2894 3153 2947 3208 in
2972 3161 3233 3209 aeternum
3262 3160 3490 3224 pereant
3523 3171 3537 3207 :

1954 3241 2049 3294 sed
2079 3245 2145 3296 ut
2176 3241 2254 3295 sic
2301 3241 2527 3296 discant
2576 3257 2692 3296 non
2726 3242 3132 3313 blasphemare,
3165 3241 3219 3296 id
3243 3249 3324 3296 est
3351 3251 3409 3296 ut
3436 3243 3542 3298 hoc

1953 3329 2116 3383 modo
2148 3329 2375 3384 correcti
2408 3337 2460 3383 et
2506 3328 2848 3398 pmnitentes,
2899 3330 3177 3401 quiescant
3206 3346 3238 3384 a
3266 3330 3543 3400 perversi-

1954 3424 2064 3471 tate
2097 3433 2214 3484 sua,
2249 3425 2300 3472 et
2325 3418 2436 3485 jam
2481 3433 2588 3471 non
2620 3417 3062 3487 blasphemantes
3093 3417 3409 3472 auferantur
3437 3419 3543 3473 ite-

1955 3522 2077 3560 rum
2106 3506 2339 3570 Satanae,
2374 3505 2574 3575 recepti
2605 3505 2659 3558 in
2691 3506 2864 3559 sinum
2906 3506 3185 3561 Ecclesiae.
3227 3507 3366 3560 Nota
3395 3506 3542 3576 quod

1955 3594 2421 3649 excommunicare
2468 3601 2548 3648 est
2594 3594 2811 3648 tradere
2854 3595 3082 3659 Satanze,
3135 3593 3261 3665 quia
3289 3609 3412 3649 cum
3444 3610 3544 3648 ex-

1956 3683 2381 3737 communicatur
2446 3682 2586 3753 quis,
2652 3682 2864 3737 Satana:
2911 3683 3154 3749 traditur,
3227 3682 3381 3751 cujus
3427 3689 3545 3737 erat

1956 3772 2269 3844 priusquam
2299 3787 2398 3841 per
2422 3770 2747 3841 baptismum
2775 3769 3186 3838 justiﬁcaretur.

2579 3967 2803 4025 CAPUT
2831 3970 2898 4024 Il.

2031 4153 2052 4182 ι
2089 4131 2338 4187 Obsecro
2367 4130 2531 4202 igitur
2569 4129 2801 4200 primum
2851 4130 3089 4186 omnium
3138 4130 3252 4186 ﬁeri
3278 4131 3544 4188 obsecra-

1959 4243 1979 4268 «
2018 4219 2212 4286 tiones,
2248 4219 2543 4287 orationes,
2589 4218 3002 4289 postulationes,
3046 4219 3341 4291 gratiarum
3370 4220 3544 4276 actio-

1960 4330 1982 4358 ι
2018 4325 2136 4374 nes,
2174 4323 2274 4378 pro
2304 4308 2552 4362 omnibus
2583 4307 2913 4374 hominibus,
2947 4323 3049 4378 pro
3082 4307 3324 4380 regibus,
3360 4315 3412 4363 et
3442 4324 3544 4380 pro

258 4395 569 4466 prudentia,
622 4402 672 4450 et
702 4396 1029 4466 hujusmodi,
1078 4412 1199 4468 qua:
1226 4398 1392 4451 homo
1419 4404 1597 4467 potest
1626 4397 1848 4450 habere.
1882 4393 1985 4452 D4:
2022 4396 2272 4452 omnibus
2329 4396 2420 4467 qui
2468 4397 2520 4450 in
2575 4395 2899 4450 sublimitate
2948 4402 3073 4450 sunt
3137 4396 3432 4466 constituti,
3486 4405 3544 4452 ut

258 4483 446 4538 Gloria
476 4483 669 4539 dicitur
691 4484 760 4538 de
789 4484 872 4538 his
901 4501 1022 4556 quae
1044 4485 1142 4540 Dei
1173 4484 1348 4540 solum
1380 4491 1504 4539 sunt
1531 4492 1582 4539 et
1610 4501 1717 4539 non
1757 4485 1856 4539 ho-

257 4572 444 4640 minis,
479 4580 538 4626 ut
565 4588 852 4645 resurgere
883 4574 1039 4627 tertia
1069 4573 1177 4639 die,
1203 4581 1255 4628 et
1284 4573 1612 4642 hujusmodi.
1645 4574 1850 4640 Honor,

259 4660 506 4731 inquam,
539 4661 617 4715 illi
647 4661 716 4716 sit
745 4669 796 4716 et
823 4661 994 4735 gloria
1024 4663 1087 4716 in
1137 4664 1344 4718 swcala
1373 4662 1716 4733 praesentium
1747 4678 1855 4717 δίε-

259 4750 522 4805 culorum
551 4750 918 4814 consecutiva,
955 4757 1007 4804 et
1032 4751 1136 4806 hoc
1165 4751 1312 4822 quod
1341 4765 1535 4821 precor
1563 4766 1749 4815 amen,
1802 4748 1858 4804 id

260 4844 346 4892 est
387 4845 539 4892 certe
585 4837 660 4891 ita
704 4838 825 4893 erit.
878 4837 1334 4910 Quandoquidem
1378 4855 1444 4893 ex
1487 4838 1700 4893 Christo
1728 4838 1857 4892 Jesu

261 4925 442 4980 omnis
464 4910 713 4992 salvatio,
741 4933 793 4982 et
820 4942 883 4980 ex
925 4928 1048 4998 lege
1088 4927 1251 4995 nulla,
1295 4927 1452 4990 ideo,
1493 4941 1524 4981 ο
1567 4926 1849 4981 Timothee

259 5015 369 5084 ﬁli,
403 5015 732 5069 commendo
773 5017 874 5070 tibi
895 5014 998 5071 hoc
1015 5019 1382 5088 praceptum,
1419 5022 1476 5068 ut
1505 5014 1560 5068 in
1607 5014 1858 5070 omnibus

258 5103 444 5174 palam
477 5103 544 5157 sit
592 5110 646 5158 te
675 5103 808 5158 nulli
837 5119 1000 5174 posse
1031 5119 1258 5174 parcere
1285 5104 1372 5158 vel
1399 5103 1634 5159 tolerare
1671 5105 1725 5158 in
1756 5105 1860 5159 hac

260 5207 342 5246 re.
377 5192 494 5247 Hoc
539 5191 684 5247 enim
731 5201 1064 5263 praeceptum
1096 5200 1176 5247 est
1225 5193 1369 5264 quod
1409 5192 1718 5263 transgredi
1749 5208 1859 5247 non

259 5280 408 5343 licet,
444 5296 766 5351 summaque
815 5280 909 5334 tibi
937 5279 1246 5336 obedientia
1289 5281 1744 5346 commendatum,
1793 5285 1863 5337 ut

260 5370 481 5424 milites
513 5368 850 5424 excludendo
879 5369 949 5423 ab
978 5369 1224 5424 Ecclesia
1243 5370 1736 5440 pseudodoctores;
1762 5370 1862 5423 mi-

258 5459 384 5513 lites
405 5501 418 5524 ,
469 5458 631 5514 etiam
661 5457 1000 5529 disponendo
1031 5459 1193 5512 alium
1252 5458 1676 5514 ecclesiasticum
1705 5459 1859 5512 ordi-

260 5563 412 5614 nem,
442 5547 644 5604 milites
674 5547 859 5618 utique
888 5547 1089 5605 bonam
1108 5548 1406 5604 militiam.
1431 5547 1488 5604 Si
1509 5547 1679 5604 semel
1697 5547 1783 5603 vel
1805 5547 1861 5604 in

1961 4509 1982 4532 α
2020 4486 2258 4557 quietam
2299 4491 2350 4539 et
2396 4483 2746 4556 tranquillam
2793 4484 2960 4538 vitam
3009 4499 3262 4556 agamus,
3314 4485 3369 4538 in
3399 4485 3549 4541 omni

1959 4596 1982 4621 ιι
2018 4574 2220 4645 pietate
2249 4579 2301 4626 et
2330 4573 2596 4628 castitate.
2644 4573 2757 4627 Hoc
2789 4573 2931 4627 enim
2962 4571 3163 4628 bonum
3197 4581 3278 4628 est
3309 4581 3361 4628 et
3387 4589 3554 4630 acce-

1964 4684 1984 4712 α
2021 4670 2169 4733 ptum
2211 4676 2397 4716 coram
2433 4661 2713 4716 Salvatore
2747 4669 2938 4716 nostro
2959 4661 3102 4723 Deo,
3132 4660 3221 4732 qui
3243 4676 3433 4717 omnes
3453 4662 3553 4716 ho-

1962 4771 1984 4801 (
2022 4751 2195 4804 mines
2225 4750 2340 4805 vult
2377 4749 2556 4805 salvos
2585 4749 2726 4813 fieri,
2759 4757 2810 4804 et
2839 4750 2906 4803 ad
2939 4749 3275 4821 agnitionem
3307 4750 3553 4806 veritatis

1963 4862 1984 4888 α
2021 4839 2227 4894 venire.
2262 4839 2415 4895 Unus
2447 4839 2592 4894 enim
2621 4840 2787 4905 Deus,
2823 4855 2958 4893 unus
2990 4847 3039 4894 et
3071 4839 3340 4894 Mediator
3368 4839 3468 4894 Dei
3499 4847 3553 4895 et

1962 4950 1983 4974 α
2020 4927 2297 4982 hominum
2345 4928 2508 4983 homo
2539 4927 2790 4982 Christus
2819 4927 2996 4993 Jesus,
3030 4927 3119 4998 qui
3149 4927 3296 4981 dedit
3323 4927 3549 4983 redem-

1966 5039 1986 5062 α
2022 5015 2261 5086 ptionem
2316 5015 2663 5085 semetipsum
2717 5031 2819 5086 pro
2865 5015 3137 5070 omnibus.
3188 5015 3352 5085 Cujus
3393 5016 3553 5071 testi-

1964 5125 1985 5154 α
2022 5103 2264 5159 monium
2297 5104 2632 5174 temporibus
2662 5104 2775 5158 suis
2805 5102 3180 5159 conﬁrmatum
3223 5112 3324 5174 est,
3359 5105 3413 5159 in
3445 5120 3552 5177 quo

1965 5214 1987 5243 ι
2023 5192 2231 5264 positus
2263 5208 2382 5246 sum
2412 5208 2516 5266 ego
2548 5193 2872 5263 praedicator
2901 5200 2952 5247 et
2981 5193 3261 5264 apostolus
3292 5193 3367 5265 (Il
3395 5196 3538 5250 Tim.

1965 5300 1984 5334 ι
2020 5297 2058 5347 ι,
2094 5283 2208 5350 11).
2251 5281 2547 5336 Veritatem
2585 5281 2730 5345 dico,
2764 5297 2873 5334 non
2903 5281 3166 5348 mentior;
3199 5282 3388 5337 doctor
3413 5299 3555 5354 gen-

1964 5393 1985 5418 «
2024 5371 2153 5424 tium
2186 5371 2240 5424 in
2278 5369 2385 5425 fide
2417 5379 2468 5425 et
2498 5371 2746 5424 veritate.
2793 5369 2930 5424 Volo
2961 5386 3095 5440 ergo
3127 5370 3274 5424 viros
3305 5386 3467 5424 orare
3496 5371 3551 5425 in

1965 5482 1986 5505 α
2023 5459 2170 5514 omni
2214 5459 2353 5527 loco,
2384 5459 2624 5514 levantes
2654 5473 2818 5529 puras
2849 5474 3041 5513 manus
3077 5458 3193 5513 sine
3238 5459 3319 5512 ira
3352 5466 3400 5512 et
3431 5459 3548 5513 dis-

1951 5567 1990 5598 ι(
2025 5547 2350 5621 captatione.
2396 5547 2651 5603 Similiter
2699 5554 2752 5604 et
2788 5547 2873 5619 (al
2886 5587 2928 5616 .,
2971 5550 3176 5619 autem)
3207 5546 3463 5604 mulieres
3490 5547 3546 5605 in
