3966 6050
424 158 530 215 435

960 157 1017 212 S.
1070 154 1423 212 BRUNONIS
1470 153 2119 211 CARTHUSIANORUM
2160 152 2644 211 INSTITUTORIS
2682 154 2839 213 OPP.
2888 156 3066 213 PARS
3114 158 3181 212 II.

3614 161 3718 214 436

427 300 449 330 ι
485 281 671 335 habitu
700 287 887 335 ornato
926 294 1049 335 cum
1080 278 1415 335 verecundia
1436 286 1488 333 et
1510 278 1807 334 sobrietate
1827 292 2025 333 ornan-
2044 280 2101 338 A
2130 284 2391 349 quantum
2429 277 2485 331 in
2533 294 2592 333 se
2631 286 2733 347 est,
2780 278 2836 332 in
2865 279 2982 335 Deo
3011 295 3119 335 non
3151 287 3409 347 remanet,
3444 281 3543 336 sed
3570 281 3724 337 beni-

428 391 451 420 ι
488 378 569 425 tes
600 386 679 434 se,
713 384 823 424 non
856 369 910 422 in
939 368 1096 423 tortis
1126 367 1403 436 ,crinibus,
1450 375 1541 422 aut
1568 383 1713 435 auro,
1747 375 1839 422 aut
1866 382 2020 421 mar-

429 481 451 504 «
485 458 690 531 garitis,
715 458 800 512 vel
818 464 968 512 veste
992 457 1230 527 pretiosa
1252 457 1302 528 (Ι
1318 460 1473 512 Petr.
1497 472 1578 526 ιιι,
1601 458 1654 525 3)
1691 472 1703 512 :
1738 456 1854 526 sed,
1879 455 2023 527 quod

431 568 452 598 «
488 547 644 602 decet
688 545 965 610 mulieres,
1000 548 1377 615 promittentes
1426 545 1679 615 pietatem
1724 561 1824 615 per
1857 558 2024 616 opera

431 657 453 686 ι
490 636 649 690 bona.
682 635 874 689 Mulier
923 634 977 688 in
1010 633 1223 689 silentio
1267 635 1442 689 discat
1486 650 1609 689 cum
1660 634 1808 688 omni
1837 634 2023 702 subje-

433 747 455 771 α
493 725 689 780 ctione.
724 725 937 779 Docere
968 731 1149 777 autem
1170 722 1384 777 mulieri
1406 738 1515 777 non
1539 723 1791 792 permitto
1822 723 1871 793 (I
1901 724 2021 778 Cor.

434 839 456 861 ι
489 828 608 878 xw,
642 812 753 883 34),
785 828 964 882 neque
995 811 1263 866 dominari
1292 812 1349 865 in
1379 811 1574 870 virum.
1601 811 1698 866 sed
1720 811 1915 866 essein
1946 810 2025 865 si-

442 920 462 951 ‹
492 902 679 956 lentio.
716 901 888 955 Adam
933 900 1076 954 enim
1125 900 1333 971 primus
1375 899 1637 954 formatus
1668 908 1749 954 est
1781 900 1945 968 (Gen.
1986 917 2024 967 ι,

437 1014 458 1037 α
492 992 604 1060 27),
641 989 840 1044 deinde
868 990 1004 1057 Eva,
1058 996 1109 1043 et
1140 989 1313 1042 Adam
1340 1004 1450 1044 non
1482 997 1563 1043 est
1590 989 1865 1054 seductus,
1901 1005 2027 1042 mu-

439 1100 461 1129 ¢
496 1079 595 1133 lier
626 1086 803 1133 autem
850 1078 1070 1132 seducta
1122 1077 1178 1131 in
1206 1078 1649 1149 praevaricatione
1682 1076 1799 1131 fuit.
1836 1077 2028 1132 Salva-

440 1192 461 1213 α
494 1167 637 1221 bitur
664 1174 845 1221 autem
874 1182 974 1235 per
1004 1164 1234 1220 ﬁliorum
1265 1166 1671 1237 generationem
1705 1166 1750 1219 si
1780 1181 2029 1237 perman-

440 1278 461 1306 ι
498 1255 625 1310 serit
674 1254 1116 1325 (permanserint)
1146 1254 1202 1307 in
1229 1253 1355 1320 fide,
1390 1263 1441 1309 et
1470 1254 1780 1321 dilectione,
1815 1262 1868 1310 et
1896 1270 2026 1308 san-

442 1368 463 1391 ‹‹
502 1343 825 1400 ctiticatione
855 1358 978 1399 cum
1006 1342 1319 1397 sobrietate.
1359 1363 1380 1393 ι

1082 1499 1398 1539 ΕΧΡΟΞΙΤΙΟ.

2122 366 2385 438 gnitatem
2416 366 2517 421 Dei
2548 366 2809 436 injustitia
2837 368 3128 439 impiorum
3160 370 3376 424 avertit.

2194 455 2349 509 Unde
2379 454 2434 508 in
2463 456 2579 510 Deo
2610 455 2808 526 duplex
2840 456 3092 512 voluntas
3115 458 3513 513 consideratur.
3539 458 3724 514 Altera

2123 543 2473 613 benignitatis
2504 552 2556 598 et
2580 544 2903 611 clementiae,
2928 561 3033 617 qua
3064 562 3255 602 omnes
3286 546 3398 601 vult
3426 547 3608 602 salvos
3639 547 3730 602 fie—

2123 630 2204 698 ri;
2231 632 2394 687 altera
2433 641 2515 687 est
2564 633 2815 689 voluntas
2854 635 3077 703 justitia:
3119 635 3241 701 Dei,
3295 651 3401 706 qua
3429 636 3602 691 malos
3632 652 3726 691 re-

2125 720 2337 791 probat,
2384 721 2556 776 bonos
2602 722 2772 795 eligit.
2828 723 3141 778 Secundum
3177 731 3358 779 autem
3394 724 3731 781 voluntatem

2128 809 2478 880 benignitatis
2509 810 2630 877 Dei,
2680 811 2929 882 praecipit
2972 812 3266 882 Apostolus
3295 828 3454 868 orare
3480 828 3577 883 pro
3604 829 3729 869 om-

2128 897 2308 963 nibus,
2374 906 2433 952 ut
2483 899 2629 969 quod
2680 901 2829 954 Deus
2875 900 2963 971 pie
3005 900 3139 971 vult,
3187 909 3240 955 et
3283 917 3401 968 nos,
3447 902 3729 973 sequendo

2128 985 2384 1056 pietatem
2416 987 2550 1055 ejus,
2584 987 2834 1054 velimus,
2869 996 3036 1060 utque
3069 988 3318 1044 voluntas
3348 989 3449 1044 Dei
3477 988 3569 1044 fiat
3596 1006 3726 1045 ore-

2132 1090 2271 1139 mus,
2308 1075 2452 1144 quod
2483 1075 2528 1129 si
2575 1091 2683 1130 non
2711 1076 2885 1143 fieret,
2918 1092 2950 1131 a
2978 1077 3267 1133 clementia
3310 1078 3411 1133 Dei
3440 1078 3732 1134 dissentire

2131 1161 2459 1217 videremur.
2498 1163 2595 1218 Vel
2646 1164 2802 1219 aliter
2841 1166 3206 1235 praecedentia
3235 1166 3507 1238 legamus,
3542 1175 3599 1220 ut
3629 1166 3733 1221 de-

2132 1251 2305 1305 missa
2334 1251 2535 1306 mentio
2568 1252 2623 1305 in
2653 1252 2737 1306 bis
2773 1268 2881 1307 non
2916 1252 3002 1308 sit.
3059 1252 3289 1310 Obsecro
3327 1254 3454 1322 ﬁeri
3482 1256 3739 1312 obsecra-

2136 1340 2338 1404 tiones,
2372 1339 2429 1394 id
2461 1348 2545 1395 est
2588 1342 2967 1411 adjurationes
3015 1341 3159 1408 illas,
3210 1351 3267 1397 ut
3296 1343 3351 1396 in
3379 1343 3610 1411 hetania,
3643 1344 3738 1398 ubi

2136 1428 2416 1495 adjuratur
2445 1445 2543 1499 per
2572 1429 2905 1500 passionem,
2959 1446 3057 1501 per
3087 1431 3545 1487 resurrectionem
3571 1440 3623 1487 et
3654 1432 3735 1488 si-

2134 1517 2355 1583 militer,
2390 1518 2544 1587 quasi
2594 1518 2638 1571 si
2677 1519 2798 1589 quis
2847 1518 3122 1587 adjuraret
3171 1520 3343 1575 Deum
3372 1536 3470 1590 pro
3502 1535 3735 1576 conver-

515 1614 805 1683 Postquam
836 1611 1031 1667 Paulus
1062 1608 1342 1665 admonuit
1370 1606 1709 1661 Timotheum
1741 1612 1798 1659 ut
1827 1604 2032 1660 milita-
2063 1636 2116 1697 B
2140 1606 2291 1660 sione
2323 1606 2611 1674 cujuslibet
2660 1606 3082 1673 sceleratissimi,
3117 1608 3261 1679 quod
3300 1608 3390 1663 vix
3420 1624 3452 1662 a
3480 1609 3596 1664 Deo
3625 1609 3736 1663 im-

444 1708 542 1766 ret,
579 1710 973 1772 consequenter
1015 1699 1251 1754 insinuat
1297 1697 1351 1750 in
1398 1695 1591 1768 quibus
1636 1711 1759 1749 eum
1798 1694 2034 1749 militare

445 1789 739 1860 praecipiat,
788 1790 978 1845 dicens
1013 1807 1026 1843 :
1054 1784 1507 1856 Quandoquidem
1540 1784 1790 1838 Christus
1820 1783 2035 1838 salvare

446 1887 765 1949 peccatores
824 1878 969 1934 venit
1019 1877 1073 1930 in
1126 1877 1270 1930 hunc
1310 1873 1591 1941 mundum,
1638 1873 1691 1926 in
1746 1872 1899 1941 cujus
1957 1871 2036 1926 rei

444 1967 808 2037 przedicandae
871 1965 1171 2021 ministerio
1236 1979 1324 2018 me
1381 1961 1674 2027 constituit,
1737 1968 1790 2015 ut
1849 1967 1901 2014 et
1942 1975 2039 2030 per

447 2073 571 2111 eum
620 2055 937 2123 salvemini,
987 2061 1039 2109 et
1086 2052 1401 2123 prazdicatio
1458 2066 1579 2104 mea
1618 2050 1673 2103 in
1716 2048 1870 2104 vobis
1920 2048 2039 2102 fru~

447 2144 663 2201 ctiﬁcet.
718 2144 919 2215 Igitur,
970 2143 1024 2197 id
1064 2150 1147 2196 est
1195 2148 1419 2211 propter
1464 2140 1582 2194 haec
1611 2137 1911 2208 praemissa,
1945 2139 2040 2193 ob-

451 2249 606 2289 secro
646 2240 705 2287 ut
752 2232 936 2287 oretis.
976 2230 1094 2286 Nisi
1143 2230 1288 2284 enim
1318 2230 1466 2283 Deus
1496 2244 1592 2298 per
1622 2226 1877 2296 Spiritum
1908 2241 2041 2280 san-

452 2324 601 2374 ctum
648 2324 907 2387 operetur
962 2315 1018 2370 in
1073 2314 1330 2370 cordibus
1394 2311 1609 2379 vestris,
1659 2326 1841 2365 sermo
1888 2326 2042 2365 meus

456 2405 529 2463 3
547 2406 607 2461 1
628 2406 693 2461 ’7
710 2404 913 2460 inutilis
930 2403 1051 2459 erit.
1068 2403 1310 2458 Obsecro
1326 2401 1493 2473 igitur
1502 2401 1752 2473 primum
1764 2400 2038 2465 omnium,

444 2494 499 2549 id
530 2504 611 2550 est
632 2494 972 2566 potissimum
994 2500 1117 2548 ante
1136 2492 1315 2547 omnia
1335 2492 1461 2560 ﬁeri
1479 2490 1907 2554 obsecrationes,
1932 2496 2036 2543 etc.

451 2584 591 2653 Quia
621 2583 755 2639 vidit
799 2582 1094 2653 Apostolus
1125 2582 1181 2635 in
1206 2580 1352 2636 omni
1382 2595 1587 2650 genere
1615 2577 1875 2633 orationis
1904 2592 2043 2647 prai-

450 2673 636 2730 valere
683 2671 1106 2727 celebrationem
1152 2669 1353 2737 missa),
1415 2668 1469 2722 in
1527 2684 1633 2738 qua
1679 2666 1945 2721 memoria
1985 2664 2044 2719 fit

447 2760 721 2832 passionis
749 2760 966 2827 Christi,
1016 2775 1115 2830 per
1164 2774 1329 2830 quam
1369 2772 1530 2812 omne
1556 2755 1835 2810 hominum
1867 2770 2042 2825 genus

448 2850 791 2920 redemptum
840 2856 941 2914 est,
992 2847 1115 2902 ideo
1164 2862 1287 2902 cum
1318 2854 1369 2901 et
1417 2845 1539 2899 aliis
1567 2844 1746 2899 modis
1777 2843 2044 2898 orandum

446 2939 534 3009 sit,
565 2938 670 2995 hoc
699 2953 873 3010 genus
903 2936 1185 3001 orationis,
1219 2934 1343 3006 quia
1374 2933 1675 3005 praevalere
1705 2933 1858 2999 vidit,
1895 2948 2042 3002 prae-

447 3027 647 3100 posuit,
679 3026 869 3081 dicens
904 3041 916 3080 :
953 3025 1189 3079 Primum
1221 3023 1483 3091 omnium,
1518 3022 1572 3077 id
1605 3029 1685 3076 est
1705 3028 1830 3077 ante
1860 3021 2043 3076 omnia

448 3117 675 3173 obsecro
706 3114 825 3172 ﬁeri
872 3114 1298 3171 obsecrationes.
1333 3113 1627 3168 Orationes
1649 3110 1768 3165 illas
1799 3127 1918 3182 qua:
1948 3110 2045 3165 ob-

449 3205 799 3274 secrationes,
834 3204 889 3258 id
919 3210 1003 3258 est
1045 3204 1194 3274 juxta
1223 3209 1274 3257 et
1304 3209 1596 3272 antequam
1626 3215 1822 3271 corpus
1852 3199 2046 3254 Domi-

450 3294 633 3350 nicum
662 3300 924 3357 sacretur,
977 3292 1293 3363 praecedunt
1332 3291 1414 3363 (ut
1456 3290 1510 3344 in
1540 3289 1810 3361 principio
1840 3289 2047 3359 missae)

452 3390 613 3441 vocat
640 3381 1065 3448 obsecrationes,
1100 3381 1254 3453 quasi
1276 3380 1428 3449 juxta
1459 3378 1819 3435 sacrationem
1852 3378 2049 3433 dictas.

455 3472 741 3528 Orationes
770 3479 948 3526 autem
980 3477 1033 3525 et
1057 3470 1490 3541 postulationes,
1526 3476 1577 3523 et
1605 3469 1927 3538 gratiarum
1956 3483 2051 3523 ac-

455 3564 637 3619 tiones
666 3560 786 3616 fieri
816 3561 1067 3615 obsecro.
1101 3558 1391 3613 Orationes
1418 3564 1577 3613 vocat
1595 3573 1790 3627 preces
1821 3556 1963 3621 illas,
1995 3555 2050 3609 in

459 3652 676 3723 quibus,
711 3666 833 3706 cum
875 3649 1150 3714 dicuntur,
1201 3646 1500 3701 substantia
1530 3645 1619 3699 illa
1648 3645 1807 3715 panis
1836 3652 1888 3699 et
1918 3644 2047 3711 vini,

458 3740 515 3795 in
562 3739 717 3794 altari
756 3738 1020 3809 apposita,
1064 3736 1260 3790 transit
1306 3736 1361 3789 in
1414 3750 1615 3803 corpus
1644 3741 1694 3787 et
1726 3732 2051 3804 sanguinem

462 3828 682 3884 Christi.
735 3826 1129 3881 Postulationes
1171 3832 1325 3880 vocat
1368 3838 1561 3893 preces
1600 3838 1721 3892 qum
1764 3820 1899 3875 fiunt
1929 3828 2054 3892 post

463 3915 921 3978 communionem,
944 3922 1000 3967 ut
1028 3912 1158 3967 illud
1192 3927 1203 3965 :
1242 3935 1262 3960 α
1291 3910 1495 3967 Perﬁce
1520 3911 1575 3964 in
1595 3911 1771 3975 nobis,
1798 3910 2047 3976 Domine,

463 4005 608 4076 quod
636 4012 723 4058 tua
762 4010 947 4057 sancta
994 4001 1291 4067 continent,
1345 4024 1365 4048 υ
1399 4000 1452 4054 id
1484 4008 1565 4054 est
1614 4007 1899 4070 postquam
1951 4014 2052 4054 nos

461 4092 657 4165 pavisti
688 4093 791 4147 hoc
819 4105 1047 4161 corpore
1076 4096 1130 4144 et
1158 4088 1425 4161 sanguine
1456 4095 1564 4156 tuo,
1597 4094 1765 4141 restat
1793 4088 1896 4142 hoc
1927 4102 2053 4158 qua-

465 4182 511 4237 si
541 4198 606 4237 ex
635 4181 839 4245 debito,
890 4188 944 4233 ut
977 4178 1121 4249 quod
1150 4178 1237 4249 pie
1269 4176 1480 4248 coepisti
1512 4175 1787 4247 perficias,
1820 4191 2053 4247 pascens

462 4286 564 4327 nos
594 4268 925 4325 indeﬁcienti
973 4268 1094 4324 cibo
1140 4266 1331 4338 gloria:
1369 4274 1473 4320 tute
1505 4266 1557 4319 in
1588 4264 1760 4329 caelis,
1793 4265 1936 4335 quod
1966 4264 2055 4320 hic

2140 1694 2339 1765 petrari
2368 1710 2532 1765 posse
2566 1694 2870 1763 videretur;
2903 1695 3069 1767 impio
3100 1703 3280 1750 autem
3301 1696 3394 1752 illo
3420 1713 3519 1768 per
3538 1714 3735 1769 preces

2133 1782 2266 1851 justi
2297 1798 2564 1837 converso
2615 1783 2836 1848 faceret,
2884 1784 3064 1853 justus
3103 1785 3381 1840 orationes
3422 1802 3520 1857 pro
3559 1802 3643 1851 eo,
3677 1794 3737 1841 ut

2139 1872 2287 1927 Deus
2316 1887 2437 1927 cum
2470 1870 2575 1926 fide
2595 1872 2747 1927 daret
2767 1872 2844 1927 illi
2860 1872 3088 1929 virtutes
3109 1890 3228 1945 quae
3249 1883 3565 1945 sequuntur.
3602 1874 3738 1942 Qui-

2142 1960 2244 2014 bus
2275 1960 2513 2031 acceptis
2549 1960 2663 2029 jam
2711 1969 2979 2016 restarent
3027 1962 3427 2032 postulationes
3456 1963 3616 2032 (sicut
3648 1963 3737 2017 di-

2142 2057 2286 2103 ctum
2318 2051 2421 2119 est)
2452 2066 2549 2119 pro
2571 2049 2777 2105 co'lesti
2798 2050 2973 2122 gloria
2994 2067 3116 2121 qua:
3129 2051 3243 2121 jam
3265 2051 3483 2107 habenti
3504 2052 3734 2107 virtutes

2141 2137 2389 2192 debetur.
2425 2140 2530 2193 Pro
2560 2138 2643 2192 his
2674 2146 2855 2193 autem
2876 2139 3150 2206 omnibus,
3176 2140 3229 2194 id
3252 2148 3333 2195 est
3351 2141 3733 2211 conversione,

2140 2225 2491 2297 possessione
2539 2227 2815 2291 virtutum,
2846 2227 3202 2283 concessione
3230 2228 3466 2284 caelestis
3522 2229 3735 2301 gloriae,

2144 2322 2441 2385 sequuntur
2490 2316 2784 2388 gratiarum
2829 2316 3108 2382 actiones;
3154 2318 3299 2389 quod
3344 2316 3470 2373 fecit
3499 2318 3739 2375 Justinus

2143 2404 2448 2474 presbyter,
2482 2405 2590 2475 qui,
2624 2413 2877 2476 suscepto
2921 2405 3110 2475 spiritu
3158 2405 3432 2459 Laurentii
3477 2406 3531 2460 in
3561 2406 3734 2473 ccelis,

2143 2493 2197 2547 in
2227 2493 2495 2548 actionem
2525 2493 2827 2565 gratiarum
2877 2492 3203 2550 sacriﬁcium
3232 2494 3409 2548 laudis
3439 2494 3555 2549 Deo
3584 2494 3739 2549 obtu-

2141 2581 2220 2636 lit.
2257 2581 2505 2638 Obsecro
2533 2590 2714 2637 autem
2744 2583 2847 2637 hoc
2878 2581 2997 2637 fieri
3025 2599 3127 2654 pro
3156 2582 3406 2638 omnibus
3426 2582 3739 2638 hominibus

2143 2670 2305 2740 (sicut
2335 2671 2539 2727 dictum
2572 2671 2696 2742 est).

2215 2758 2351 2826 Quia
2390 2759 2641 2814 fortassis
2688 2768 2941 2830 putarent
2985 2761 3208 2832 quidam
3257 2776 3366 2817 non
3415 2778 3537 2816 esse
3576 2777 3739 2817 oran—

2144 2847 2271 2902 dum
2301 2865 2404 2918 pro
2456 2848 2794 2919 principibus
2838 2858 2891 2904 et
2920 2850 3184 2921 tyrannis,
3217 2849 3310 2922 qui
3338 2858 3593 2920 premunt
3622 2851 3735 2906 Ec-

2144 2936 2366 2992 clesiam
2399 2937 2518 3006 Dei,
2569 2937 2814 3010 adjungit
2847 2956 2860 2992 :
2896 2937 2985 2994 Sic
3016 2939 3138 2995 dico
3185 2940 3451 2993 orandum
3483 2955 3585 3011 pro
3613 2955 3738 2994 om-

2147 3026 2325 3092 nibus,
2376 3033 2432 3081 ut
2475 3042 2577 3082 nec
2624 3027 2783 3082 etiam
2828 3035 3207 3098 persecutores
3244 3028 3507 3085 Ecclesiae
3555 3028 3741 3085 exclu-

2148 3115 2293 3181 dam,
2320 3115 2418 3170 sed
2446 3123 2599 3170 orate
2648 3116 2809 3171 etiam
2836 3133 2937 3187 pro
2969 3116 3205 3189 regibus,
3256 3121 3313 3173 et
3351 3133 3452 3189 pro
3480 3119 3739 3174 omnibus

2148 3206 2243 3276 qui
2263 3205 2325 3258 in
2370 3203 2724 3261 sublimitate
2754 3205 3001 3260 saeculari
3031 3211 3185 3271 sunt,
3230 3222 3326 3261 seu
3357 3206 3605 3274 ducibus,
3640 3223 3739 3262 seu

2149 3292 2485 3348 consulibus.
2518 3294 2584 3348 Et
2613 3309 2714 3365 pro
2744 3294 2825 3349 eis
2852 3309 2949 3350 vos
2978 3310 3142 3350 orare
3172 3310 3279 3350 non
3302 3295 3477 3349 solum
3496 3294 3747 3366 proﬁciet

2150 3382 2275 3447 illis,
2315 3382 2413 3437 sed
2439 3382 2603 3437 etiam
2642 3382 2817 3438 vobis.
2859 3383 2944 3437 Ad
2974 3384 3091 3439 haec
3120 3388 3217 3450 ut,
3258 3383 3364 3437 illis
3393 3400 3423 3439 a
3453 3384 3743 3455 tyrannide

2150 3486 2249 3525 sua
2280 3470 2640 3536 cessantibus,
2676 3488 2909 3543 agamus
2928 3472 3103 3527 vitam
3133 3474 3383 3544 quietam
3413 3488 3447 3526 a
3476 3488 3741 3543 persecu-

2152 3559 2317 3625 tione,
2350 3575 2451 3614 nec
2480 3559 2533 3613 in
2563 3574 2672 3613 una
2700 3575 2778 3625 re,
2812 3559 2910 3614 sed
2939 3562 3117 3615 etiam
3150 3562 3544 3632 tranquillam,
3577 3561 3631 3615 id
3661 3570 3745 3616 est

2151 3648 2204 3702 in
2227 3648 2372 3702 omni
2402 3664 2462 3703 re
2494 3648 2746 3718 quietam.
2767 3648 3151 3720 Tranquillitas
3173 3648 3434 3704 Ecclesiae
3449 3649 3745 3719 plurimum

2150 3737 2373 3807 prodest
2402 3736 2728 3807 quibusdam
2760 3736 3146 3806 tenerioribus,
3178 3738 3270 3809 qui
3300 3738 3355 3793 in
3384 3752 3518 3808 pace
3546 3738 3747 3794 Eccle—

2153 3826 2247 3879 sia:
2271 3825 2709 3893 justiﬁcationem
2757 3841 2911 3879 suam
2963 3834 3317 3891 conservant;
3352 3842 3491 3896 quos
3534 3826 3580 3880 si
3627 3835 3745 3883 tor-

2152 3922 2335 3968 menta
2362 3914 2920 3984 comprehenderent,
2952 3913 3195 3969 fortassis
3243 3930 3274 3969 a
3304 3914 3408 3969 fide
3438 3915 3742 3971 recederet.

2158 4003 2227 4057 3
2247 4002 2397 4057 18
2448 4003 2515 4057 Et
2544 4002 2667 4057 ideo
2698 4003 2961 4057 orandum
2992 4019 3115 4058 esse
3146 4004 3273 4059 dicit
3301 4019 3403 4074 pro
3442 4004 3664 4075 regibus
3694 4012 3751 4059 et

2153 4091 2505 4161 principibus.
2538 4094 2779 4162 Agamus
2812 4092 2933 4148 dico
2952 4092 3117 4147 vitam
3140 4091 3481 4163 tranquillam
3504 4094 3565 4147 in
3589 4096 3749 4149 omni

2151 4180 2388 4250 pietate,
2419 4179 2474 4233 id
2519 4187 2599 4235 est
2646 4179 2932 4251 religione,
2982 4185 3039 4235 et
3088 4180 3144 4234 in
3184 4181 3331 4235 omni
3369 4183 3658 4247 castitate,
3691 4181 3749 4235 id

2156 4276 2238 4323 est
2266 4268 2320 4327 in
2352 4268 2658 4340 integritate
2689 4268 2813 4322 fidei
2838 4287 2852 4335 ;
2886 4285 3007 4339 qua)
3038 4268 3083 4322 si
3112 4269 3421 4339 persecutio
3440 4269 3745 4339 ingrueret,

465 4359 520 4413 in
550 4359 708 4413 altari
737 4357 1086 4428 praelibamus
1132 4355 1427 4410 Postulatio
1476 4354 1620 4409 enim
1650 4354 1868 4420 dicitur,
1901 4353 2053 4425 quasi
2074 4359 2125 4420 D
2156 4373 2266 4411 non
2292 4357 2371 4412 sic
2401 4358 2453 4410 in
2484 4356 2735 4412 omnibus
2775 4357 2982 4428 integra
3010 4358 3359 4427 perduraret,
3396 4358 3521 4413 ideo
3548 4373 3748 4413 moneo

466 4446 643 4502 oratio
673 4446 812 4501 facta
859 4446 927 4500 de
959 4462 1018 4501 re
1060 4462 1181 4516 qua:
1203 4445 1314 4513 jam
1345 4443 1717 4499 misericordia
1749 4442 1835 4497 vel
1862 4442 2055 4497 merito

465 4535 714 4591 debetur.
746 4535 1054 4589 Gratiarum
1098 4533 1337 4588 actiones
1366 4540 1545 4597 vocat,
1578 4540 1635 4586 ut
1662 4531 1794 4585 illud
1826 4531 1971 4602 quod
1999 4530 2057 4585 in

466 4623 573 4679 ﬁne
612 4623 795 4677 missae
842 4622 1036 4677 dicitur
1065 4622 1467 4677 Benedicamus
1508 4620 1757 4685 Domino,
1794 4621 1902 4675 Deo
1928 4636 2056 4692 gra-

465 4716 596 4769 tias.
630 4714 696 4768 Ut
727 4713 831 4767 hoc
877 4711 1119 4767 dicentes
1174 4711 1460 4765 innuamus
1507 4715 1676 4763 totum
1707 4707 2053 4762 referendum

462 4819 586 4858 esse
615 4800 804 4873 gratiae
834 4801 933 4854 Dei
965 4801 1108 4872 quod
1138 4799 1303 4864 dedit,
1338 4805 1391 4853 et
1423 4796 1567 4868 quod
1597 4796 1653 4850 in
1682 4804 1940 4850 aeternum
1968 4796 2058 4850 da-

458 4899 614 4946 turus
636 4896 735 4945 est.
760 4891 886 4945 Haec
898 4897 1079 4945 autem
1101 4889 1329 4943 obsecro
1350 4886 1465 4941 ﬁeri
1486 4902 1588 4958 pro
1609 4886 1864 4939 omnibus
1886 4885 2059 4939 homi-

460 4977 645 5045 nibus,
678 4986 733 5033 ut
764 4978 896 5033 salvi
926 4977 1053 5031 fiant
1082 4994 1146 5032 ex
1178 4976 1450 5031 voluntate
1486 4973 1605 5027 Dei.
1645 4972 1804 5039 Quod
1836 4973 1881 5025 si
1911 4989 2056 5043 qua:-

458 5068 597 5122 ritur
629 5082 724 5121 cur
754 5082 854 5136 pro
887 5066 1141 5121 omnibus
1187 5065 1370 5132 jubeat
1398 5078 1557 5117 orare
1591 5060 1898 5131 Apostolus,
1933 5077 2055 5117 cum

456 5156 672 5227 quidam
705 5172 735 5207 a
765 5157 880 5209 Deo
928 5153 1204 5225 reprobati
1253 5152 1379 5218 sint,
1433 5165 1529 5220 pro
1576 5150 1772 5220 quibus
1814 5149 1908 5220 qui
1938 5157 2057 5204 orat

455 5244 669 5299 videtur
700 5242 977 5299 offendere
1030 5244 1221 5304 Deum,
1278 5240 1368 5310 qui
1416 5254 1511 5293 eos
1542 5238 1821 5308 reprobat.
1856 5238 2059 5292 Contra

454 5335 573 5390 haec
602 5334 797 5389 dicitur
828 5331 971 5403 quod
994 5332 1140 5385 Deus
1164 5329 1383 5399 quidem
1408 5344 1474 5381 ex
1511 5326 1842 5397 benignitate
1873 5334 1925 5381 et
1956 5327 2059 5382 cle-

458 5423 662 5479 mentia
694 5436 789 5477 sua
816 5419 943 5475 velit
976 5433 1191 5476 omnem
1224 5416 1494 5473 hominem
1517 5415 1722 5470 salvum
1747 5413 1884 5480 ﬁeri,
1910 5415 2056 5487 quia,

2155 4461 2312 4500 orare
2342 4460 2438 4515 pro
2468 4445 2738 4499 omnibus.
2777 4447 2880 4501 Hoc
2933 4446 3087 4501 enim
3114 4452 3172 4499 ut
3223 4454 3409 4500 oretur
3436 4462 3538 4517 pro
3568 4446 3751 4500 omni-

2157 4533 2257 4587 bus
2288 4532 2514 4599 bonum,
2548 4534 2602 4587 id
2634 4542 2715 4588 est
2744 4533 2873 4588 utile
2905 4538 2989 4589 est
3020 4534 3089 4588 ad
3132 4533 3435 4603 profectum
3465 4534 3749 4601 Ecclesiae,

2156 4627 2211 4677 et
2244 4620 2349 4677 tale
2378 4621 2581 4676 bonum
2602 4622 2746 4693 quod
2770 4622 2838 4676 sit
2858 4627 3153 4694 acceptum
3174 4630 3223 4676 et
3246 4630 3457 4695 gratum
3474 4623 3610 4678 Deo.
3634 4624 3754 4679 Nec

2157 4711 2290 4765 sicut
2321 4710 2376 4764 in
2407 4718 2648 4780 tempore
2678 4711 2912 4781 placeat,
2963 4719 3015 4765 et
3047 4711 3100 4764 in
3150 4719 3393 4781 tempore
3440 4711 3747 4782 displiceat,

2157 4800 2254 4853 sed
2285 4799 2363 4853 sic
2392 4807 2671 4869 acceptum
2703 4808 2760 4855 ut
2791 4799 2858 4853 sit
2888 4815 3079 4855 coram
3096 4801 3223 4866 Deo,
3258 4800 3310 4854 id
3340 4807 3421 4855 est
3448 4808 3505 4854 ut
3534 4816 3754 4871 semper

2156 4894 2369 4942 maneat
2399 4888 2453 4963 in
2483 4889 2654 4942 oculis
2686 4886 3012 4958 beneplaciti
3052 4888 3187 4956 ejus.
3238 4890 3353 4943 Deo
3400 4888 3523 4944 dico
3552 4889 3753 4944 Salva-

2161 4978 2278 5029 tore
2310 4979 2521 5040 nostro,
2566 4977 2661 5047 qui
2690 4976 2962 5046 quomodo
2995 4991 3095 5030 nos
3126 4975 3374 5042 salvavit,
3409 4978 3529 5031 vult
3558 4992 3752 5032 omnes

2159 5064 2413 5117 homines
2444 5065 2623 5118 salvos
2655 5065 2800 5133 ﬁeri,
2835 5066 3136 5119 secundum
3158 5065 3491 5120 voluntatem
3514 5064 3757 5135 benigni-

2158 5150 2279 5203 tatis
2329 5166 2460 5217 suae,
2512 5151 2648 5205 sicut
2698 5167 2861 5221 supra
2893 5152 3094 5207 dictum
3122 5162 3222 5207 est.
3256 5155 3323 5207 Et
3356 5160 3410 5206 ut
3440 5152 3573 5206 salvi
3602 5152 3751 5218 ﬁant,

2158 5238 2271 5293 vult
2302 5254 2493 5293 omnes
2510 5240 2700 5294 venire
2720 5238 2791 5293 ad
2808 5241 3157 5308 agnitionem
3178 5243 3457 5303 veritatis,
3478 5240 3533 5295 id
3553 5249 3636 5294 est
3664 5256 3756 5295 ve-

2157 5344 2235 5382 re:
2266 5326 2391 5382 ﬁdei
2432 5344 2530 5397 per
2568 5342 2729 5398 quam
2759 5328 2860 5383 iter
2888 5335 2968 5382 est
2997 5329 3065 5381 ad
3095 5328 3346 5382 salutem.
3382 5329 3578 5384 Probat
3606 5328 3753 5399 quod

2157 5415 2309 5472 dixit.
2347 5418 2485 5472 Vere
2516 5417 2663 5472 Deus
2710 5417 2822 5473 vult
2852 5431 3042 5472 omnes
3074 5416 3254 5473 salvos
3285 5416 3436 5484 fieri;
3471 5418 3617 5490 quod
3646 5433 3749 5488 pa-
