3966 6050
318 112 426 169 437

951 115 1326 174 EXPOSITIO
1358 118 1430 173 IN
1467 117 1847 174 EPISTOLAS
1892 116 2120 173 PAULI.
2153 147 2222 157 —
2250 116 2326 172 IN
2357 117 2573 174 EPIST.
2626 118 2649 173 Ι
2686 117 2780 173 AD
2825 118 2966 173 TIM.

3507 118 3611 173 438

319 246 394 294 tet
418 255 484 295 ex
516 256 600 306 eo,
633 242 765 313 quia
790 257 940 297 unus
971 248 1053 298 est
1097 244 1261 309 Deus,
1293 243 1350 297 id
1401 251 1483 298 est
1527 251 1745 299 creator
1790 258 1913 298 om-
1941 243 1996 302 A
2016 241 2214 297 dicant.
2242 241 2383 311 Quia
2414 241 2461 297 si
2489 241 2742 313 discipuli
2783 242 2893 297 mei
2925 242 3037 299 veri
3086 249 3245 312 sunt,
3280 247 3493 298 constat
3521 257 3610 296 me

322 328 495 383 nium.
531 328 774 401 Cumque
805 331 949 385 Deus
1006 331 1244 387 omnium
1291 340 1501 387 creator
1544 332 1647 399 sit,
1701 347 1811 387 non
1841 339 1923 386 est

320 431 485 471 causa
530 434 697 489 quare
746 418 1131 491 benignitatem
1182 435 1334 474 suam
1368 427 1532 493 neget
1561 420 1674 489 uni,
1734 428 1785 474 et
1832 420 1923 475 det

323 504 483 559 alteri
546 514 829 573 creaturae,
872 523 1035 579 quam
1086 508 1281 579 impius
1350 509 1536 581 utique
1586 508 1690 563 sibi
1735 517 1916 581 negat,

323 593 452 662 quia
481 592 644 664 impie
674 595 804 667 agit,
839 596 987 650 salva
1018 604 1070 650 et
1097 596 1315 669 integra
1344 598 1672 667 perdurante
1702 597 1768 651 ad
1797 612 1920 651 om-

320 696 421 736 nes
452 682 784 753 benignitate
816 684 934 739 Dei.
962 685 1091 739 Inde
1113 685 1271 739 etiam
1292 686 1475 756 palam
1503 693 1584 741 est
1605 686 1750 757 quod
1773 686 1920 739 Deus

320 770 451 825 velit
481 787 672 826 omnes
699 772 879 827 salvos
909 770 1048 841 ﬁeri,
1082 773 1205 845 quia
1233 790 1371 829 unus
1407 782 1489 829 est
1517 774 1794 830 mediator
1822 776 1921 830 Dei

321 862 379 913 et
413 859 733 925 hominum,
766 868 819 915 et
844 876 951 917 non
983 860 1166 931 plures
1215 862 1563 918 mediatores.
1597 862 1753 918 Unde
1782 878 1918 918 con-

320 955 425 1001 stat
452 949 575 1018 quia
606 949 858 1003 omnibus
902 966 1055 1022 aeque
1103 950 1232 1005 velit
1273 950 1560 1021 proﬁcere,
1621 950 1790 1005 factus
1838 959 1921 1005 est

318 1036 559 1090 omnium
592 1037 877 1092 mediator.
928 1038 1172 1093 Christus
1217 1040 1483 1094 mediator
1524 1039 1740 1105 dicitur,
1793 1039 1920 1110 quia

317 1123 429 1178 duo
451 1132 693 1179 extrema
724 1133 775 1180 et
804 1142 836 1180 a
866 1142 924 1181 se
951 1143 1176 1197 prorsus
1222 1127 1416 1193 divisa,
1470 1129 1645 1183 Deum
1690 1126 1916 1194 scilicet,

312 1211 373 1265 in
407 1229 515 1283 quo
546 1213 722 1267 omnis
745 1214 969 1291 justitia,
1005 1222 1057 1270 et
1117 1215 1251 1270 nihil
1298 1215 1589 1284 iniustitiae,
1641 1224 1693 1270 et
1736 1216 1917 1270 homi-

317 1316 465 1367 nem,
501 1301 554 1355 in
585 1318 693 1372 quo
724 1303 900 1357 omnis
932 1303 1193 1372 injustitia
1222 1312 1275 1358 et
1308 1304 1439 1358 nihil
1483 1304 1731 1372 justitize,
1780 1320 1916 1360 con-

316 1388 518 1444 cordes
548 1389 675 1445 fecit
703 1407 805 1461 per
832 1400 1165 1463 assumptam
1196 1392 1298 1446 sibi
1332 1393 1734 1458 humanitatem,
1759 1392 1917 1462 justi-

317 1475 490 1532 ﬁcans
520 1479 816 1534 hominem.
851 1480 1049 1535 Probat
1095 1481 1275 1536 adhuc
1322 1483 1495 1536 Deum
1540 1481 1678 1537 velle
1726 1497 1916 1536 omnes

314 1565 513 1620 salvari
543 1567 732 1622 dicens
769 1583 781 1622 :
814 1569 911 1623 Hic
942 1577 1119 1623 autem
1151 1569 1439 1638 mediator,
1481 1586 1600 1625 cum
1631 1570 1684 1623 in
1715 1570 1916 1624 deitate

315 1654 590 1726 gloriosus
622 1665 786 1721 esset,
820 1658 983 1711 homo
1005 1656 1179 1712 factus
1208 1666 1308 1723 est,
1332 1666 1441 1711 tam
1462 1658 1584 1713 vilis
1608 1675 1696 1713 res
1722 1666 1775 1713 et
1805 1666 1915 1712 tam

317 1743 708 1798 contumeliosa
748 1746 893 1815 quod
926 1762 1201 1816 nunquam
1251 1745 1425 1813 ﬁeret,
1459 1746 1563 1800 nisi
1612 1747 1772 1801 vellet
1803 1747 1916 1801 sal—

314 1845 447 1885 vare
492 1832 759 1888 homines.
814 1834 910 1888 llic
958 1842 1140 1889 autem
1183 1835 1453 1890 mediator
1501 1843 1583 1889 est
1634 1835 1912 1901 Christus,

313 1918 606 1974 immolans
638 1919 966 1977 sacriﬁcium
1017 1938 1117 1993 pro
1166 1923 1322 1977 nobis
1380 1924 1732 1994 semetipsum
1758 1924 1875 1978 Deo
1899 1964 1912 1991 ,

313 2004 370 2061 et
399 2023 496 2061 rex
528 2008 771 2079 dirigens
802 2024 900 2065 nos
931 2010 999 2063 ad
1048 2011 1424 2066 salvationem.
1476 2012 1574 2066 Hic
1614 2020 1794 2065 autem
1835 2019 1917 2065 est

308 2096 473 2151 Jesus
505 2096 741 2152 salvator
769 2114 931 2169 quem
960 2099 1063 2153 hoc
1094 2115 1292 2154 nomen
1310 2100 1562 2171 designat
1584 2099 1915 2154 Salvatorem

312 2184 577 2251 omnium,
633 2188 730 2257 qui
777 2186 1027 2241 Christus
1070 2188 1227 2242 Jesus
1255 2188 1408 2242 dedit
1450 2189 1910 2260 redemptionem,

306 2287 415 2328 nec
445 2287 637 2327 aurum
669 2274 755 2330 vel
787 2284 1073 2347 argentum
1099 2319 1111 2341 ,
1146 2277 1243 2331 sed
1288 2277 1656 2349 semetipsum
1686 2278 1914 2347 pretium

309 2361 465 2416 dedit
492 2378 594 2433 pro
627 2364 887 2419 omnibus
918 2364 1271 2418 redimendis.

390 2449 498 2505 Sed
544 2450 670 2505 licet
718 2466 827 2506 non
872 2453 1122 2507 omnibus
1165 2452 1399 2523 pretium
1447 2452 1580 2507 illud
1628 2452 1908 2523 profuerit,

312 2537 442 2608 quia
503 2538 555 2592 in
604 2539 879 2610 impietate
941 2541 1386 2611 perduraverunt,
1439 2542 1687 2596 Christus
1735 2548 1911 2596 tamen

307 2626 546 2696 pretium
578 2627 746 2691 dedit,
781 2629 924 2700 quod
956 2628 1225 2684 sut’ﬁciens
1256 2638 1400 2685 esset
1451 2629 1603 2684 saluti
1649 2630 1907 2698 omnium,

311 2714 358 2768 si
390 2730 583 2769 omnes
614 2717 741 2771 boni
772 2734 894 2772 esse
931 2718 1157 2773 vellent.
1219 2720 1287 2773 Et
1333 2719 1456 2790 quia
1512 2733 1613 2789 pro
1659 2718 1911 2774 omnibus

309 2802 743 2873 redemptionem
791 2805 959 2871 dedit,
1011 2821 1203 2861 omnes
1250 2822 1403 2877 asque
1448 2807 1658 2861 salvere
1704 2807 1905 2873 voluit,

309 2892 477 2960 cujus
498 2891 578 2946 rei
607 2892 857 2963 (scilicet,
893 2894 1039 2965 quod
1069 2909 1258 2949 omnes
1286 2894 1399 2948 vult
1444 2894 1623 2950 salvos
1658 2893 1794 2965 ﬁeri)
1829 2898 1911 2950 te-

2022 330 2304 386 doctorem
2336 347 2526 387 eorum
2561 346 2671 385 non
2692 347 2814 386 esse
2838 331 3177 386 mendacem.
3195 330 3331 399 Quia
3356 329 3617 401 praedica-

2022 426 2192 473 torem
2225 426 2277 473 et
2305 419 2623 489 Apostolum
2653 435 2712 473 se
2741 419 3003 485 nominat,
3035 434 3144 474 non
3175 418 3419 473 elationis
3449 417 3616 472 verba

2022 515 2162 572 sunt,
2197 507 2295 562 sed
2324 515 2383 562 ut
2424 524 2520 578 per
2567 508 2705 563 hanc
2752 507 3127 562 auctoritatem
3170 507 3437 562 dictorum
3482 521 3615 561 suo-

2020 612 2142 649 rum
2171 595 2333 651 ﬁdem
2384 596 2721 651 corroboret.
3558 646 3561 647 ν

2095 683 2335 740 319
2367 684 2633 753 Quoniam
2681 684 2900 757 quidem
2951 683 3280 740 sufﬁcienter
3325 684 3611 755 probatum

2021 780 2101 827 est
2122 774 2391 828 orandum
2422 790 2543 829 esse
2577 789 2677 843 pro
2708 774 2960 828 omnibus
2988 773 3317 837 hominibus,
3342 789 3465 844 ergo
3495 774 3613 828 volo

2019 879 2213 919 omnes
2238 863 2402 927 viros,
2436 871 2488 916 et
2518 862 2776 917 mulieres
2807 878 2989 929 orare,
3022 870 3077 916 ut
3098 862 3397 918 secundum
3426 860 3617 917 volun-

2019 958 2182 1004 tatem
2214 950 2311 1004 Dei
2344 951 2637 1004 salventur.
2693 951 2827 1005 Volo
2870 950 3053 1022 utique
3109 950 3257 1005 viros
3303 965 3460 1005 orare
3506 965 3617 1004 non

2019 1045 2225 1092 tantum
2256 1038 2310 1091 in
2338 1038 2591 1106 ecclesia,
2627 1038 2722 1093 sed
2745 1039 2903 1093 etiam
2925 1039 2988 1093 in
3012 1041 3169 1093 omni
3191 1040 3325 1103 loco,
3352 1038 3617 1093 habentes

2016 1142 2192 1197 puras
2224 1143 2449 1191 manus,
2475 1135 2577 1181 etc.
2614 1127 2712 1182 llic
2761 1127 2918 1182 docet
2967 1127 3155 1197 quales
3203 1143 3263 1181 se
3312 1141 3616 1197 praeparare

2018 1214 2253 1269 debeant
2290 1215 2355 1268 ad
2394 1215 2683 1269 orandum.
2732 1216 2897 1268 Puras
2942 1230 3138 1270 manus
3183 1223 3339 1270 vocat
3384 1214 3616 1268 mundas

2019 1301 2352 1370 affectiones,
2405 1310 2463 1356 ut
2505 1302 2638 1356 nihil
2699 1303 2866 1357 velint
2907 1303 3027 1357 dari
3076 1303 3177 1356 sibi
3208 1318 3241 1356 a
3283 1304 3420 1369 Deo,
3471 1301 3616 1373 quod

2017 1391 2191 1445 Deum
2222 1391 2353 1445 dare
2395 1389 2549 1444 nefas
2600 1391 2687 1456 sit,
2721 1390 2818 1445 sed
2872 1390 3101 1445 maxime
3143 1390 3380 1445 omnium
3428 1390 3613 1444 salva-

2016 1478 2217 1533 tionem
2249 1479 2548 1549 postulent.
2608 1481 2788 1534 Puras
2824 1478 2946 1534 dico
3000 1481 3248 1534 levantes
3286 1494 3383 1548 per
3427 1477 3613 1533 incre-

1946 1600 1997 1659 Β
2017 1575 2199 1621 menta
2230 1567 2359 1620 boni
2388 1567 2570 1637 operis
2592 1574 2642 1621 et
2664 1567 2766 1637 pia:
2808 1567 3085 1633 orationis,
3120 1575 3172 1621 et
3200 1568 3306 1621 hoc
3341 1568 3464 1621 sine
3502 1568 3611 1631 ira,

2017 1653 2071 1708 id
2102 1662 2185 1708 est
2214 1654 2329 1709 sine
2360 1655 2483 1709 odio
2526 1654 2773 1724 proximi.
2809 1654 2913 1722 Qui
2943 1654 3084 1709 enim
3132 1655 3245 1709 odit
3289 1653 3612 1724 proximum,

2017 1742 2087 1796 ab
2113 1743 2315 1797 unitate
2333 1743 2592 1797 Ecclesia:
2605 1760 2663 1797 se
2680 1742 2955 1812 discerpit.
2978 1745 3044 1796 Et
3058 1742 3173 1797 sine
3187 1743 3610 1814 disceptatione,

2016 1830 2071 1883 id
2104 1838 2185 1883 est
2206 1831 2324 1884 sine
2350 1830 2673 1895 difﬁdentia,
2694 1838 2863 1898 orate,
2896 1829 3023 1884 facti
3045 1830 3179 1884 tales
3200 1829 3390 1901 quales
3421 1828 3616 1884 timore

2014 1919 2222 1989 peccati
2251 1934 2361 1972 non
2398 1926 2649 1988 oporteat
2679 1918 2980 1988 disceptare
3008 1933 3077 1972 an
3103 1919 3250 1972 Deus
3293 1917 3517 1972 daturus
3546 1916 3617 1972 sit

2016 2006 2172 2061 vobis
2222 2007 2368 2077 quod
2436 2006 2635 2076 petitis,
2688 2021 2879 2062 necne.
2921 2004 3085 2073 Quasi
3147 2006 3395 2060 diceret:
3449 2005 3613 2059 Orate

2016 2110 2138 2150 cum
2176 2094 2466 2150 dilectione
2504 2096 2602 2149 Dei
2638 2104 2691 2150 et
2732 2094 2983 2165 proximi.
3010 2096 3264 2150 Mulieres
3292 2095 3466 2149 etiam
3489 2109 3614 2149 cum

2013 2182 2143 2237 viris
2173 2183 2296 2237 volo
2329 2198 2506 2250 orare,
2542 2182 2789 2237 similiter
2837 2183 2954 2237 sine
2997 2182 3079 2237 ira
3124 2191 3177 2237 et
3222 2181 3615 2252 disceptatione

2014 2272 2308 2326 existentes
2336 2272 2400 2326 in
2424 2272 2641 2337 habitu,
2666 2287 2774 2326 non
2807 2271 2897 2343 qui
2916 2271 3225 2337 ornetillas,
3261 2271 3358 2326 sed
3390 2274 3611 2338 ornato,

2010 2359 2066 2414 id
2095 2367 2177 2415 est
2207 2360 2295 2431 qui
2325 2369 2544 2415 ornetur
2572 2360 2642 2414 ab
2667 2359 2796 2426 illis,
2830 2360 2976 2431 quod
3022 2366 3167 2413 tanta
3197 2358 3266 2413 sit
3311 2358 3615 2414 reverentia

2013 2448 2296 2503 mulierum
2328 2456 2385 2502 ut
2415 2448 2574 2502 etiam
2604 2464 2785 2502 earum
2831 2447 3154 2503 vestimenta
3199 2447 3485 2502 videantur
3514 2462 3610 2501 or-

2011 2545 2154 2603 nata,
2191 2537 2315 2608 quia
2345 2544 2548 2592 sanctze
2590 2536 2848 2590 mulieres
2890 2535 2997 2590 illis
3043 2544 3278 2590 utantur.
3328 2537 3611 2590 Manentes

2012 2642 2140 2681 cum
2170 2626 2527 2689 verecundia,
2556 2624 2951 2695 utpudibundae
2967 2624 3150 2678 omnia
3168 2623 3381 2689 faciant,
3405 2627 3461 2679 et
3482 2640 3606 2677 cum

2010 2715 2312 2769 sobrietate
2331 2713 2457 2783 cibi,
2489 2721 2650 2784 potus
2680 2721 2735 2768 et
2763 2713 3075 2768 verborum.
3118 2712 3254 2767 Cum
3285 2711 3407 2767 aliis
3436 2712 3608 2767 virtu-

2011 2802 2154 2857 tibus
2182 2803 2282 2856 has
2313 2802 2451 2856 duas
2480 2802 2715 2857 maxime
2746 2801 3091 2857 commendat
3110 2800 3447 2867 mulieribus,
3481 2801 3610 2871 quia

2011 2890 2145 2945 vidit
2188 2906 2284 2945 eas
2330 2890 2565 2945 maxime
2630 2890 2877 2945 laborare
2920 2889 3112 2945 morbo
3157 2888 3506 2959 impudicitiae
3554 2895 3609 2943 et

308 2954 650 3035 stimonium
670 2954 1070 3049 conﬁrmatam
1087 2989 1190 3049 est,
1214 2982 1335 3054 quia
1360 2983 1503 3053 quod
1526 2954 1803 3053 propheta:
1835 2991 1907 3037 te-
1934 2954 1979 3014 Ο
2008 2979 2467 3049 intemperantiae.
2490 2979 2743 3034 Mulieres
2768 2979 2892 3034 dico
2912 2982 3182 3035 amantes
3202 2954 3388 3033 senon
3418 2977 3473 3030 in
3490 2984 3603 3031 tor-

308 3066 437 3120 stati
465 3076 589 3121 sunt
617 3077 742 3124 ante
773 3069 1048 3124 Christum
1078 3071 1146 3126 de
1175 3086 1241 3126 eo
1273 3070 1568 3137 Salvatore,
1612 3070 1902 3126 conﬁrma-

310 3154 389 3209 vit
417 3155 687 3222 Christus,
720 3158 996 3229 implendo
1024 3160 1207 3214 omnia
1254 3176 1375 3230 quae
1403 3159 1472 3213 de
1513 3175 1572 3213 se
1620 3160 1903 3230 prophetae

305 3240 685 3309 praadixerant.
718 3242 846 3297 Haec
873 3250 1050 3297 autem
1073 3260 1173 3313 per
1192 3243 1559 3313 impletionem
1586 3242 1903 3298 conﬁrmata

305 3335 432 3381 sunt
464 3331 803 3401 temporibus
832 3332 951 3386 suis
972 3374 988 3398 ,
1022 3332 1076 3386 id
1106 3339 1188 3386 est
1233 3331 1491 3403 congruis
1515 3374 1528 3395 ,
1561 3339 1618 3385 ut
1649 3331 1902 3386 nativitas

302 3415 499 3470 Christi
530 3419 765 3489 quodam
802 3427 1044 3490 tempore
1091 3420 1147 3474 in
1192 3420 1318 3482 alio,
1372 3420 1555 3489 passio
1604 3426 1657 3474 et
1703 3428 1902 3475 caetera

301 3503 371 3560 de
400 3505 617 3561 Christo
647 3507 881 3562 diversis
912 3508 1268 3578 temporibus.
1302 3508 1422 3561 Nisi
1452 3507 1595 3561 enim
1627 3508 1900 3562 Christum

301 3593 609 3648 testimonia
664 3597 1050 3667 pr0phetarum
1098 3596 1529 3666 prmcessissent,
1577 3613 1768 3666 parum
1815 3597 1899 3652 vel

301 3681 436 3736 nihil
465 3684 783 3739 crederetur
813 3684 881 3751 ei,
918 3685 1061 3756 quod
1109 3684 1254 3739 idem
1302 3685 1491 3751 innuit,
1532 3701 1653 3740 cum
1685 3686 1899 3742 duobus

299 3770 582 3841 discipulis
629 3781 753 3843 post
797 3774 1257 3829 resurrectionem
1320 3790 1590 3844 apparens
1636 3774 1753 3829 ait:
1792 3795 1813 3825 ι
1851 3774 1896 3829 Ο

300 3858 444 3913 stulti
476 3868 528 3914 et
558 3862 691 3915 tardi
722 3862 890 3917 corde
922 3862 989 3916 ad
1021 3862 1358 3918 credendum
1388 3863 1443 3915 in
1472 3862 1557 3916 his
1586 3879 1707 3934 quae
1734 3862 1896 3917 locuti

302 3956 423 4003 sunt
444 3950 727 4019 prophetae
748 3952 903 4018 (Luc.
922 3965 1085 4015 xXIv,
1107 3952 1220 4019 25),
1248 3974 1269 3997 ι»
1294 3958 1397 4005 etc.
1424 3950 1583 4019 Quod
1600 3950 1759 4005 etiam
1779 3951 1896 4020 ipse

296 4035 426 4090 alibi
458 4036 513 4089 in
542 4034 843 4107 Evangelio
870 4034 945 4089 ait
978 4052 991 4087 :
1024 4036 1084 4089 In
1114 4035 1218 4089 hoc
1264 4042 1346 4088 est
1391 4034 1615 4089 verbum
1659 4051 1850 4089 verum
1877 4052 1891 4088 :

299 4124 445 4193 quod
476 4123 614 4178 alius
641 4130 724 4177 est
754 4122 845 4194 qui
875 4122 1126 4186 seminat,
1160 4130 1213 4177 et
1241 4122 1378 4176 alius
1406 4122 1498 4193 qui
1526 4123 1678 4177 metit
1708 4124 1890 4191 (Joan.

297 4226 373 4279 Iv,
435 4214 547 4281 37).
587 4232 609 4261 ι
672 4212 951 4281 Propheta:
1006 4212 1225 4282 quidem
1274 4212 1694 4278 seminaverunt,
1743 4211 1895 4266 Chri-

298 4308 414 4355 stus
443 4308 627 4356 autem
655 4315 778 4355 cum
808 4299 1066 4370 apostolis
1098 4300 1211 4353 suis
1242 4299 1465 4354 seminis
1512 4299 1720 4355 fructus
1769 4300 1887 4354 col-

292 4388 447 4461 legit.
482 4389 563 4443 Ad
594 4389 738 4443 idem
770 4389 1130 4458 probandum,
1167 4388 1311 4460 quod
1348 4390 1497 4443 Deus
1543 4388 1655 4443 vult
1697 4403 1888 4443 omnes

291 4478 475 4532 salvos
506 4477 643 4543 ﬁeri,
677 4476 1053 4532 auctoritatem
1083 4492 1242 4532 suam
1275 4476 1512 4543 adducit,
1553 4477 1742 4531 dicens
1777 4493 1789 4531 :
1823 4478 1888 4531 In

291 4582 417 4639 quo,
451 4564 509 4619 id
537 4573 620 4620 est
649 4565 703 4619 in
737 4579 843 4636 qua
875 4582 930 4620 re
952 4565 1320 4635 praedicanda,
1345 4565 1550 4621 scilicet
1570 4566 1714 4636 quod
1740 4566 1887 4633 Deus

287 4669 387 4725 pro
418 4654 596 4710 salute
624 4654 867 4709 omnium
896 4653 1128 4724 pretium
1182 4654 1394 4709 dederit
1438 4653 1787 4725 semetipsum
1837 4662 1889 4708 et

288 4750 490 4797 caetera
521 4759 641 4813 quae
670 4742 956 4812 praemissa
986 4750 1129 4808 sunt,
1154 4758 1259 4814 ego
1284 4745 1500 4813 positus
1531 4760 1655 4797 sum
1678 4742 1886 4814 praedi-

286 4835 449 4886 cator
475 4847 506 4883 a
534 4832 670 4897 Deo,
704 4839 763 4884 ut
790 4831 892 4885 hoc
930 4830 1218 4901 praedicem
1267 4830 1539 4896 omnibus,
1573 4839 1625 4884 et
1672 4846 1888 4900 magna:

285 4918 566 4991 dignitatis
594 4919 941 4989 przedicator,
974 4919 1102 4990 quia
1151 4919 1309 4973 etiam
1354 4920 1652 4991 Apostolus
1684 4919 1753 4973 ad
1784 4920 1887 4973 hoc

284 5007 697 5077 prmdicandum
723 5007 1071 5073 constitutus,
1107 5014 1158 5061 et
1186 5023 1290 5078 ego
1330 5008 1522 5078 procul
1567 5008 1736 5062 dubio
1765 5008 1886 5063 dico

280 5096 586 5163 veritaten,
619 5110 722 5151 nec
751 5095 805 5149 in
836 5096 1077 5167 qualibet
1120 5110 1228 5150 una
1274 5104 1428 5165 parte
1472 5096 1567 5150 sed
1608 5097 1684 5150 ita
1740 5096 1885 5167 quod

280 5200 399 5238 non
429 5184 625 5238 alicubi
677 5185 941 5249 mentior,
992 5192 1045 5239 et
1088 5199 1192 5254 ego
1235 5184 1346 5253 jam
1395 5184 1715 5239 constitutus
1765 5200 1886 5239 sum

278 5272 474 5327 doctor
500 5274 759 5342 gentium
789 5275 851 5329 in
870 5274 977 5343 [ide
998 5276 1055 5328 et
1076 5273 1337 5337 veritate,
1363 5272 1416 5326 id
1440 5280 1522 5327 est
1550 5272 1662 5341 jam
1685 5273 1884 5328 multos

279 5360 584 5433 discipulos
613 5362 795 5428 docui,
829 5361 920 5433 qui
951 5360 1143 5417 ﬁdeles
1189 5368 1313 5416 sunt
1345 5369 1397 5416 et
1427 5361 1709 5417 veritatem
1736 5378 1882 5432 prae-

2006 3067 2073 3122 tis
2093 3069 2363 3134 crinibus,
2390 3073 2490 3123 aut
2515 3085 2677 3135 auro,
2705 3072 2807 3123 aut
2825 3069 3174 3138 margaritis,
3198 3067 3282 3123 vel
3304 3070 3449 3122 veste
3468 3082 3603 3137 pre-

2008 3158 2171 3221 tiosa,
2209 3155 2263 3209 id
2292 3164 2375 3210 est
2406 3172 2519 3211 non
2551 3156 2831 3211 studentes
2852 3155 3018 3210 cultui
3037 3171 3348 3227 corporum,
3382 3155 3479 3209 sed
3505 3171 3605 3225 per

2005 3244 2147 3299 bona
2167 3259 2333 3314 Opera
2354 3261 2475 3316 quae
2496 3244 2629 3299 foris
2652 3252 2968 3314 operantur,
2992 3246 3391 3315 promittentes
3421 3244 3604 3315 pieta-

2007 3336 2140 3399 tem,
2174 3333 2229 3385 id
2259 3339 2339 3387 est
2368 3332 2423 3387 in
2455 3333 2738 3403 propatulo
2777 3332 3050 3387 mittentes
3095 3332 3413 3403 religionem
3440 3348 3600 3387 men-

2002 3420 2070 3474 tis
2097 3437 2198 3492 per
2217 3424 2419 3476 bonam
2436 3422 2819 3493 operationem
2840 3420 3129 3474 exhibitam
3151 3419 3303 3474 foris.
3345 3421 3406 3473 In
3435 3436 3603 3475 oran-

2002 3508 2073 3562 do
2106 3506 2227 3562 volo
2260 3508 2407 3561 viros
2431 3515 2481 3561 et
2502 3506 2755 3561 mulieres
2783 3506 2987 3560 similes
3009 3522 3130 3561 esse
3156 3525 3169 3572 ;
3206 3506 3302 3560 sed
3324 3506 3378 3559 in
3397 3507 3602 3561 docen-

2001 3596 2092 3661 do,
2125 3595 2211 3651 vel
2250 3595 2637 3665 interrogando
2696 3594 2819 3650 volo
2868 3594 3161 3648 dissimiles
3204 3610 3347 3649 esse.
3400 3595 3601 3649 Mulier

2001 3684 2145 3739 enim
2176 3685 2377 3751 discat,
2413 3683 2595 3739 audiat
2638 3698 2946 3737 sermonem
2976 3682 3030 3735 in
3078 3682 3328 3747 ecclesia,
3367 3698 3477 3737 non
3507 3682 3597 3736 in-

2001 3772 2348 3843 terrogando,
2384 3788 2562 3843 neque
2592 3771 2997 3841 respondendo,
3032 3771 3127 3825 sed
3157 3771 3225 3824 sit
3256 3773 3316 3825 in
3345 3772 3593 3837 silentio,

1999 3869 2051 3916 et
2081 3861 2127 3915 si
2158 3862 2210 3914 in
2240 3861 2421 3932 aliquo
2453 3860 2685 3924 haesitat,
2718 3875 2842 3914 cum
2872 3859 3083 3915 venerit
3125 3859 3367 3925 domum,
3416 3859 3594 3913 virum

1999 3949 2315 4021 interroget.
2348 3949 2534 4004 Discat
2563 3955 2742 4002 autem
2772 3948 2826 4001 in
2857 3947 3072 4002 silentio
3113 3964 3243 4003 cum
3274 3949 3432 4001 omni
3460 3948 3592 4003 sub-

1989 4038 2256 4109 jectione,
2285 4046 2409 4108 post
2436 4037 2581 4091 viros
2611 4037 2806 4091 stando
2838 4036 3013 4107 capite
3056 4037 3255 4102 velato,
3288 4045 3509 4106 aspectu
3539 4036 3593 4090 in

1996 4133 2198 4179 terram
2232 4123 2357 4179 ﬁxo.
2393 4125 2526 4179 Cum
2558 4124 2703 4178 enim
2741 4125 2797 4178 in
2840 4124 3071 4180 ecclesia
3108 4125 3480 4189 convenimus,
3516 4124 3590 4177 ibi

1994 4213 2169 4268 Judici
2200 4221 2676 4283 repraesentamur,
2712 4229 2872 4283 quem
2904 4229 3005 4282 per
3042 4212 3416 4267 seductionem
3463 4228 3590 4266 mu-

1918 4307 1970 4366 1)
1993 4301 2142 4356 lieris
2172 4301 2227 4354 in
2266 4301 2401 4355 iram
2432 4300 2851 4371 provocavimus
2878 4320 2890 4365 ;
2926 4301 3079 4368 cujus
3105 4300 3183 4355 rei
3224 4316 3434 4355 memor
3461 4316 3587 4355 mu-

1988 4389 2108 4453 lier,
2144 4389 2288 4460 quod
2319 4390 2481 4443 totius
2510 4388 2829 4459 perditionis
2874 4396 3061 4443 auctor
3104 4387 3287 4455 fuerit,
3347 4388 3403 4443 in
3457 4405 3591 4455 prae-

1990 4478 2161 4532 sentia
2190 4477 2395 4532 Judicis
2426 4476 2652 4530 multum
2686 4476 2848 4531 debet
2880 4476 3253 4532 verecundari.
3288 4477 3355 4531 Ut
3384 4477 3586 4543 discat,

1989 4567 2233 4621 concedo
2261 4566 2494 4621 mulieri.
2530 4568 2730 4621 Docere
2759 4570 2954 4620 autem
2992 4564 3169 4619 virum
3198 4565 3447 4619 doctrina
3476 4565 3587 4634 spi-

1990 4654 2132 4708 ritali
2152 4655 2281 4709 illud
2300 4656 2462 4710 nullo
2483 4654 2645 4709 modo
2662 4654 2933 4726 permitto
2952 4654 3203 4722 mulieri,
3218 4669 3394 4723 neque
3415 4652 3585 4706 domi-

1987 4744 2118 4799 nari
2138 4743 2317 4815 aliquo
2346 4742 2573 4814 spiritali
2620 4741 2860 4797 dominio
2889 4742 2952 4795 in
2988 4743 3191 4805 virum,
3241 4741 3335 4795 sed
3364 4756 3582 4811 semper

1987 4848 2103 4887 esse
2126 4848 2233 4887 non
2262 4832 2438 4887 solum
2469 4834 2530 4886 in
2561 4831 2789 4887 silentio
2834 4828 3204 4901 interrogandi
3236 4828 3322 4883 vel
3352 4844 3583 4899 respon-

1988 4920 2171 4987 dendi,
2204 4921 2299 4974 sed
2332 4920 2489 4975 etiam
2522 4919 2575 4974 in
2624 4918 2838 4974 silentio
2891 4918 3273 4975 confabulandi
3321 4934 3445 4974 cum
3477 4918 3583 4973 ali-

1988 5024 2096 5079 quo
2124 5009 2176 5062 in
2217 5008 2446 5064 ecclesia

2058 5098 2187 5152 Ideo
2214 5097 2407 5152 mulier
2436 5113 2543 5152 non
2594 5097 2757 5152 debet
2804 5095 3071 5151 dominari
3110 5094 3164 5149 in
3204 5095 3397 5165 virum,
3445 5098 3579 5170 quia

1987 5186 2163 5240 Adam
2194 5187 2411 5256 primus
2430 5188 2709 5256 formatus
2731 5188 2835 5249 est,
2861 5184 3059 5238 deinde
3071 5184 3201 5239 Eva.
3228 5184 3375 5239 Ordo
3396 5193 3579 5240 autem

1986 5274 2278 5329 creationis
2307 5290 2496 5328 eorum
2528 5273 2707 5344 signat
2746 5272 2921 5329 virum
2968 5272 3166 5327 debere
3215 5273 3480 5327 dominari
3527 5274 3582 5328 in

1984 5362 2286 5430 mulierem,
2320 5379 2429 5419 non
2459 5362 2745 5419 mulierem
2776 5362 2829 5416 in
2860 5360 3051 5417 virum.
3092 5361 3224 5415 Cum
3276 5360 3420 5417 enim
3453 5369 3579 5419 ante
