  <div class='ocr_page' id='page_1' title='image "/cluster/home/n/w/nwhite01/storage/ocr_20150623/153/hvd.32044054760111/225.png"; bbox 0 0 3966 6050; ppageno 0'>
   <div class='ocr_carea' id='block_1_1' title="bbox 396 142 498 194">
    <p class='ocr_par' dir='ltr' id='par_1_1' title="bbox 396 142 498 194">
     <span class='ocr_line' id='line_1_1' title="bbox 396 142 498 194; baseline -0.02 0"><span class='ocrx_word' id='word_1_1' title='bbox 396 142 498 194; x_wconf 75' lang='grc'>439</span> 
     </span>
    </p>
   </div>
   <div class='ocr_carea' id='block_1_2' title="bbox 930 116 3128 179">
    <p class='ocr_par' dir='ltr' id='par_1_2' title="bbox 930 116 3128 179">
     <span class='ocr_line' id='line_1_2' title="bbox 930 116 3128 179; baseline -0.004 0"><span class='ocrx_word' id='word_1_2' title='bbox 930 124 986 179; x_wconf 90' lang='lat' dir='ltr'>S.</span> <span class='ocrx_word' id='word_1_3' title='bbox 1028 118 1384 177; x_wconf 85' lang='lat' dir='ltr'>BRUNONIS</span> <span class='ocrx_word' id='word_1_4' title='bbox 1415 116 2062 176; x_wconf 81' lang='lat' dir='ltr'>CARTHUSIANORUM</span> <span class='ocrx_word' id='word_1_5' title='bbox 2106 117 2593 175; x_wconf 86' lang='lat' dir='ltr'>INSTITUTORIS</span> <span class='ocrx_word' id='word_1_6' title='bbox 2636 118 2788 176; x_wconf 90' lang='lat' dir='ltr'>OPP.</span> <span class='ocrx_word' id='word_1_7' title='bbox 2838 118 3015 173; x_wconf 82' lang='lat' dir='ltr'>PARS</span> <span class='ocrx_word' id='word_1_8' title='bbox 3060 118 3128 172; x_wconf 92' lang='lat' dir='ltr'>II.</span> 
     </span>
    </p>
   </div>
   <div class='ocr_carea' id='block_1_3' title="bbox 3588 124 3692 178">
    <p class='ocr_par' dir='ltr' id='par_1_3' title="bbox 3588 124 3692 178">
     <span class='ocr_line' id='line_1_3' title="bbox 3588 124 3692 178; baseline 0 -1"><span class='ocrx_word' id='word_1_9' title='bbox 3588 124 3692 178; x_wconf 73' lang='grc'>440</span> 
     </span>
    </p>
   </div>
   <div class='ocr_carea' id='block_1_4' title="bbox 396 242 3696 321">
    <p class='ocr_par' dir='ltr' id='par_1_4' title="bbox 396 242 3696 321">
     <span class='ocr_line' id='line_1_4' title="bbox 396 242 3696 321; baseline -0.004 -8"><span class='ocrx_word' id='word_1_10' title='bbox 396 258 692 321; x_wconf 84' lang='lat' dir='ltr'>hominem,</span> <span class='ocrx_word' id='word_1_11' title='bbox 727 251 815 309; x_wconf 91' lang='lat' dir='ltr'>vel</span> <span class='ocrx_word' id='word_1_12' title='bbox 836 250 1027 306; x_wconf 90' lang='lat' dir='ltr'>eodem</span> <span class='ocrx_word' id='word_1_13' title='bbox 1056 255 1330 301; x_wconf 89' lang='lat' dir='ltr'>momento</span> <span class='ocrx_word' id='word_1_14' title='bbox 1364 262 1486 301; x_wconf 92' lang='lat' dir='ltr'>cum</span> <span class='ocrx_word' id='word_1_15' title='bbox 1534 244 1771 308; x_wconf 87' lang='lat' dir='ltr'>homine,</span> <span class='ocrx_word' id='word_1_16' title='bbox 1822 242 2063 312; x_wconf 87' lang='lat' dir='ltr'>Deus,A</span> <span class='ocrx_word' id='word_1_17' title='bbox 2102 263 2122 292; x_wconf 75' lang='grc' dir='ltr'><strong>α</strong></span> <span class='ocrx_word' id='word_1_18' title='bbox 2156 242 2411 313; x_wconf 90' lang='lat' dir='ltr'>primum,</span> <span class='ocrx_word' id='word_1_19' title='bbox 2482 252 2534 299; x_wconf 92' lang='lat' dir='ltr'>et</span> <span class='ocrx_word' id='word_1_20' title='bbox 2583 244 2660 299; x_wconf 92' lang='lat' dir='ltr'>sic</span> <span class='ocrx_word' id='word_1_21' title='bbox 2706 244 3031 312; x_wconf 82' lang='lat' dir='ltr'>ministrent,</span> <span class='ocrx_word' id='word_1_22' title='bbox 3084 242 3288 297; x_wconf 90' lang='lat' dir='ltr'>nullum</span> <span class='ocrx_word' id='word_1_23' title='bbox 3337 243 3543 300; x_wconf 89' lang='lat' dir='ltr'>crimen</span> <span class='ocrx_word' id='word_1_24' title='bbox 3593 246 3696 301; x_wconf 86' lang='lat' dir='ltr'>ha-</span> 
     </span>
    </p>
   </div>
   <div class='ocr_carea' id='block_1_5' title="bbox 397 333 1993 410">
    <p class='ocr_par' dir='ltr' id='par_1_5' title="bbox 397 333 1993 410">
     <span class='ocr_line' id='line_1_5' title="bbox 397 333 1993 410; baseline -0.011 -9"><span class='ocrx_word' id='word_1_25' title='bbox 397 349 443 402; x_wconf 90' lang='lat' dir='ltr'>si</span> <span class='ocrx_word' id='word_1_26' title='bbox 471 346 650 410; x_wconf 78' lang='lat' dir='ltr'>vellet,</span> <span class='ocrx_word' id='word_1_27' title='bbox 684 356 873 399; x_wconf 90' lang='lat' dir='ltr'>creare</span> <span class='ocrx_word' id='word_1_28' title='bbox 902 344 1088 409; x_wconf 83' lang='lat' dir='ltr'>posset</span> <span class='ocrx_word' id='word_1_29' title='bbox 1118 336 1421 409; x_wconf 76' lang='lat' dir='ltr'>mulierem,</span> <span class='ocrx_word' id='word_1_30' title='bbox 1456 350 1566 388; x_wconf 89' lang='lat' dir='ltr'>non</span> <span class='ocrx_word' id='word_1_31' title='bbox 1622 333 1737 388; x_wconf 89' lang='lat' dir='ltr'>sine</span> <span class='ocrx_word' id='word_1_32' title='bbox 1769 349 1823 387; x_wconf 89' lang='lat' dir='ltr'>re</span> <span class='ocrx_word' id='word_1_33' title='bbox 1854 340 1993 387; x_wconf 90' lang='lat' dir='ltr'>tem-</span> 
     </span>
    </p>
   </div>
   <div class='ocr_carea' id='block_1_6' title="bbox 397 420 1996 506">
    <p class='ocr_par' dir='ltr' id='par_1_6' title="bbox 397 420 1996 506">
     <span class='ocr_line' id='line_1_6' title="bbox 397 420 1996 506; baseline -0.011 -16"><span class='ocrx_word' id='word_1_34' title='bbox 397 451 532 506; x_wconf 89' lang='lat' dir='ltr'>pore</span> <span class='ocrx_word' id='word_1_35' title='bbox 564 430 923 504; x_wconf 81' lang='lat' dir='ltr'>posteriorem</span> <span class='ocrx_word' id='word_1_36' title='bbox 953 424 1066 480; x_wconf 93' lang='lat' dir='ltr'>viro</span> <span class='ocrx_word' id='word_1_37' title='bbox 1097 424 1240 489; x_wconf 79' lang='lat' dir='ltr'>fecit,</span> <span class='ocrx_word' id='word_1_38' title='bbox 1278 424 1399 478; x_wconf 90' lang='lat' dir='ltr'>ideo</span> <span class='ocrx_word' id='word_1_39' title='bbox 1428 422 1601 476; x_wconf 86' lang='lat' dir='ltr'>adhuc</span> <span class='ocrx_word' id='word_1_40' title='bbox 1653 420 1850 475; x_wconf 82' lang='lat' dir='ltr'>mulier</span> <span class='ocrx_word' id='word_1_41' title='bbox 1888 435 1996 474; x_wconf 89' lang='lat' dir='ltr'>non</span> 
     </span>
    </p>
   </div>
   <div class='ocr_carea' id='block_1_7' title="bbox 398 512 1999 578">
    <p class='ocr_par' dir='ltr' id='par_1_7' title="bbox 398 512 1999 578">
     <span class='ocr_line' id='line_1_7' title="bbox 398 512 1999 578; baseline -0.01 0"><span class='ocrx_word' id='word_1_42' title='bbox 398 523 559 578; x_wconf 91' lang='lat' dir='ltr'>debet</span> <span class='ocrx_word' id='word_1_43' title='bbox 590 521 643 575; x_wconf 89' lang='lat' dir='ltr'>in</span> <span class='ocrx_word' id='word_1_44' title='bbox 677 518 846 573; x_wconf 90' lang='lat' dir='ltr'>virum</span> <span class='ocrx_word' id='word_1_45' title='bbox 877 513 1183 577; x_wconf 83' lang='lat' dir='ltr'>dominari;</span> <span class='ocrx_word' id='word_1_46' title='bbox 1216 512 1413 567; x_wconf 89' lang='lat' dir='ltr'>etenim</span> <span class='ocrx_word' id='word_1_47' title='bbox 1446 512 1620 567; x_wconf 88' lang='lat' dir='ltr'>Adam</span> <span class='ocrx_word' id='word_1_48' title='bbox 1662 526 1775 564; x_wconf 91' lang='lat' dir='ltr'>non</span> <span class='ocrx_word' id='word_1_49' title='bbox 1808 513 1893 567; x_wconf 79' lang='lat' dir='ltr'>(st</span> <span class='ocrx_word' id='word_1_50' title='bbox 1920 525 1999 563; x_wconf 89' lang='lat' dir='ltr'>se-</span> 
     </span>
    </p>
   </div>
   <div class='ocr_carea' id='block_1_8' title="bbox 400 599 1995 673">
    <p class='ocr_par' dir='ltr' id='par_1_8' title="bbox 400 599 1995 673">
     <span class='ocr_line' id='line_1_8' title="bbox 400 599 1995 673; baseline -0.011 -6"><span class='ocrx_word' id='word_1_51' title='bbox 400 613 604 667; x_wconf 83' lang='lat' dir='ltr'>ductus</span> <span class='ocrx_word' id='word_1_52' title='bbox 635 607 727 662; x_wconf 89' lang='lat' dir='ltr'>illo</span> <span class='ocrx_word' id='word_1_53' title='bbox 757 605 921 659; x_wconf 90' lang='lat' dir='ltr'>modo</span> <span class='ocrx_word' id='word_1_54' title='bbox 954 618 1059 673; x_wconf 92' lang='lat' dir='ltr'>quo</span> <span class='ocrx_word' id='word_1_55' title='bbox 1099 601 1310 666; x_wconf 87' lang='lat' dir='ltr'>mulier,</span> <span class='ocrx_word' id='word_1_56' title='bbox 1345 608 1401 655; x_wconf 90' lang='lat' dir='ltr'>ut</span> <span class='ocrx_word' id='word_1_57' title='bbox 1447 599 1697 654; x_wconf 90' lang='lat' dir='ltr'>crederet</span> <span class='ocrx_word' id='word_1_58' title='bbox 1727 614 1785 653; x_wconf 91' lang='lat' dir='ltr'>se</span> <span class='ocrx_word' id='word_1_59' title='bbox 1831 604 1995 670; x_wconf 90' lang='lat' dir='ltr'>gustu</span> 
     </span>
    </p>
   </div>
   <div class='ocr_carea' id='block_1_9' title="bbox 395 685 1996 771">
    <p class='ocr_par' dir='ltr' id='par_1_9' title="bbox 395 685 1996 771">
     <span class='ocr_line' id='line_1_9' title="bbox 395 685 1996 771; baseline -0.009 -17"><span class='ocrx_word' id='word_1_60' title='bbox 395 699 544 771; x_wconf 90' lang='lat' dir='ltr'>pomi</span> <span class='ocrx_word' id='word_1_61' title='bbox 574 696 690 752; x_wconf 87' lang='lat' dir='ltr'>ﬁeri</span> <span class='ocrx_word' id='word_1_62' title='bbox 723 697 914 758; x_wconf 88' lang='lat' dir='ltr'>Deum,</span> <span class='ocrx_word' id='word_1_63' title='bbox 963 691 1060 745; x_wconf 87' lang='lat' dir='ltr'>sed</span> <span class='ocrx_word' id='word_1_64' title='bbox 1092 690 1147 743; x_wconf 90' lang='lat' dir='ltr'>in</span> <span class='ocrx_word' id='word_1_65' title='bbox 1196 691 1299 745; x_wconf 88' lang='lat' dir='ltr'>hoc</span> <span class='ocrx_word' id='word_1_66' title='bbox 1346 687 1565 760; x_wconf 85' lang='lat' dir='ltr'>quidem</span> <span class='ocrx_word' id='word_1_67' title='bbox 1596 688 1852 742; x_wconf 91' lang='lat' dir='ltr'>seductus</span> <span class='ocrx_word' id='word_1_68' title='bbox 1900 685 1996 739; x_wconf 85' lang='lat' dir='ltr'>fuit</span> 
     </span>
    </p>
   </div>
   <div class='ocr_carea' id='block_1_10' title="bbox 395 776 1996 860">
    <p class='ocr_par' dir='ltr' id='par_1_10' title="bbox 395 776 1996 860">
     <span class='ocr_line' id='line_1_10' title="bbox 395 776 1996 860; baseline -0.009 -18"><span class='ocrx_word' id='word_1_69' title='bbox 395 789 538 860; x_wconf 87' lang='lat' dir='ltr'>quia,</span> <span class='ocrx_word' id='word_1_70' title='bbox 576 785 835 839; x_wconf 86' lang='lat' dir='ltr'>suadente</span> <span class='ocrx_word' id='word_1_71' title='bbox 868 781 969 834; x_wconf 88' lang='lat' dir='ltr'>sibi</span> <span class='ocrx_word' id='word_1_72' title='bbox 1000 779 1223 833; x_wconf 88' lang='lat' dir='ltr'>muliere</span> <span class='ocrx_word' id='word_1_73' title='bbox 1271 794 1431 849; x_wconf 91' lang='lat' dir='ltr'>quam</span> <span class='ocrx_word' id='word_1_74' title='bbox 1481 778 1627 832; x_wconf 87' lang='lat' dir='ltr'>Deus</span> <span class='ocrx_word' id='word_1_75' title='bbox 1675 776 1729 829; x_wconf 92' lang='lat' dir='ltr'>in</span> <span class='ocrx_word' id='word_1_76' title='bbox 1786 776 1996 843; x_wconf 90' lang='lat' dir='ltr'>adjuto-</span> 
     </span>
    </p>
   </div>
   <div class='ocr_carea' id='block_1_11' title="bbox 393 863 1990 939">
    <p class='ocr_par' dir='ltr' id='par_1_11' title="bbox 393 863 1990 939">
     <span class='ocr_line' id='line_1_11' title="bbox 393 863 1990 939; baseline -0.009 -8"><span class='ocrx_word' id='word_1_77' title='bbox 393 878 531 931; x_wconf 91' lang='lat' dir='ltr'>rium</span> <span class='ocrx_word' id='word_1_78' title='bbox 564 874 665 929; x_wconf 88' lang='lat' dir='ltr'>sibi</span> <span class='ocrx_word' id='word_1_79' title='bbox 695 873 937 935; x_wconf 85' lang='lat' dir='ltr'>dederat,</span> <span class='ocrx_word' id='word_1_80' title='bbox 974 878 1263 939; x_wconf 88' lang='lat' dir='ltr'>utrumque</span> <span class='ocrx_word' id='word_1_81' title='bbox 1294 865 1617 921; x_wconf 81' lang='lat' dir='ltr'>existimavit</span> <span class='ocrx_word' id='word_1_82' title='bbox 1646 881 1810 935; x_wconf 88' lang='lat' dir='ltr'>posse</span> <span class='ocrx_word' id='word_1_83' title='bbox 1852 863 1990 931; x_wconf 84' lang='lat' dir='ltr'>ﬁeri,</span> 
     </span>
    </p>
   </div>
   <div class='ocr_carea' id='block_1_12' title="bbox 392 953 1995 1029">
    <p class='ocr_par' dir='ltr' id='par_1_12' title="bbox 392 953 1995 1029">
     <span class='ocr_line' id='line_1_12' title="bbox 392 953 1995 1029; baseline -0.009 -9"><span class='ocrx_word' id='word_1_84' title='bbox 392 974 444 1020; x_wconf 88' lang='lat' dir='ltr'>et</span> <span class='ocrx_word' id='word_1_85' title='bbox 473 964 628 1018; x_wconf 85' lang='lat' dir='ltr'>uxori</span> <span class='ocrx_word' id='word_1_86' title='bbox 659 979 718 1017; x_wconf 89' lang='lat' dir='ltr'>se</span> <span class='ocrx_word' id='word_1_87' title='bbox 748 975 956 1015; x_wconf 89' lang='lat' dir='ltr'>morem</span> <span class='ocrx_word' id='word_1_88' title='bbox 999 974 1217 1029; x_wconf 85' lang='lat' dir='ltr'>gerere,</span> <span class='ocrx_word' id='word_1_89' title='bbox 1251 964 1303 1010; x_wconf 87' lang='lat' dir='ltr'>et</span> <span class='ocrx_word' id='word_1_90' title='bbox 1359 955 1554 1025; x_wconf 84' lang='lat' dir='ltr'>patrati</span> <span class='ocrx_word' id='word_1_91' title='bbox 1599 953 1822 1009; x_wconf 87' lang='lat' dir='ltr'>sceleris</span> <span class='ocrx_word' id='word_1_92' title='bbox 1878 961 1995 1008; x_wconf 90' lang='lat' dir='ltr'>acta</span> 
     </span>
    </p>
   </div>
   <div class='ocr_carea' id='block_1_13' title="bbox 392 1043 1995 1125">
    <p class='ocr_par' dir='ltr' id='par_1_13' title="bbox 392 1043 1995 1125">
     <span class='ocr_line' id='line_1_13' title="bbox 392 1043 1995 1125; baseline -0.007 -17"><span class='ocrx_word' id='word_1_93' title='bbox 392 1052 708 1125; x_wconf 77' lang='lat' dir='ltr'>pcenitentia</span> <span class='ocrx_word' id='word_1_94' title='bbox 737 1066 769 1104; x_wconf 90' lang='lat' dir='ltr'>a</span> <span class='ocrx_word' id='word_1_95' title='bbox 802 1051 914 1103; x_wconf 87' lang='lat' dir='ltr'>Deo</span> <span class='ocrx_word' id='word_1_96' title='bbox 947 1063 1004 1102; x_wconf 88' lang='lat' dir='ltr'>se</span> <span class='ocrx_word' id='word_1_97' title='bbox 1034 1062 1194 1116; x_wconf 85' lang='lat' dir='ltr'>posse</span> <span class='ocrx_word' id='word_1_98' title='bbox 1239 1044 1453 1099; x_wconf 81' lang='lat' dir='ltr'>veniam</span> <span class='ocrx_word' id='word_1_99' title='bbox 1500 1043 1766 1097; x_wconf 91' lang='lat' dir='ltr'>obtinere.</span> <span class='ocrx_word' id='word_1_100' title='bbox 1819 1043 1995 1097; x_wconf 83' lang='lat' dir='ltr'>Adam</span> 
     </span>
    </p>
   </div>
   <div class='ocr_carea' id='block_1_14' title="bbox 393 1132 1993 1203">
    <p class='ocr_par' dir='ltr' id='par_1_14' title="bbox 393 1132 1993 1203">
     <span class='ocr_line' id='line_1_14' title="bbox 393 1132 1993 1203; baseline -0.008 -7"><span class='ocrx_word' id='word_1_101' title='bbox 393 1159 501 1197; x_wconf 91' lang='lat' dir='ltr'>non</span> <span class='ocrx_word' id='word_1_102' title='bbox 523 1150 603 1195; x_wconf 90' lang='lat' dir='ltr'>est</span> <span class='ocrx_word' id='word_1_103' title='bbox 621 1140 897 1203; x_wconf 88' lang='lat' dir='ltr'>seductus,</span> <span class='ocrx_word' id='word_1_104' title='bbox 927 1137 1132 1191; x_wconf 87' lang='lat' dir='ltr'>mulier</span> <span class='ocrx_word' id='word_1_105' title='bbox 1144 1138 1338 1189; x_wconf 84' lang='lat' dir='ltr'>autem</span> <span class='ocrx_word' id='word_1_106' title='bbox 1358 1133 1589 1187; x_wconf 86' lang='lat' dir='ltr'>seducta</span> <span class='ocrx_word' id='word_1_107' title='bbox 1601 1132 1737 1202; x_wconf 76' lang='lat' dir='ltr'>fuit,</span> <span class='ocrx_word' id='word_1_108' title='bbox 1764 1132 1993 1185; x_wconf 89' lang='lat' dir='ltr'>credens</span> 
     </span>
    </p>
   </div>
   <div class='ocr_carea' id='block_1_15' title="bbox 395 1221 1989 1294">
    <p class='ocr_par' dir='ltr' id='par_1_15' title="bbox 395 1221 1989 1294">
     <span class='ocr_line' id='line_1_15' title="bbox 395 1221 1989 1294; baseline -0.007 -9"><span class='ocrx_word' id='word_1_109' title='bbox 395 1248 453 1285; x_wconf 89' lang='lat' dir='ltr'>se</span> <span class='ocrx_word' id='word_1_110' title='bbox 476 1230 595 1285; x_wconf 79' lang='lat' dir='ltr'>fieri</span> <span class='ocrx_word' id='word_1_111' title='bbox 626 1231 770 1283; x_wconf 90' lang='lat' dir='ltr'>Deos</span> <span class='ocrx_word' id='word_1_112' title='bbox 804 1235 858 1281; x_wconf 89' lang='lat' dir='ltr'>ut</span> <span class='ocrx_word' id='word_1_113' title='bbox 890 1241 1116 1294; x_wconf 88' lang='lat' dir='ltr'>serpens</span> <span class='ocrx_word' id='word_1_114' title='bbox 1140 1230 1397 1289; x_wconf 86' lang='lat' dir='ltr'>suaserat,</span> <span class='ocrx_word' id='word_1_115' title='bbox 1424 1223 1482 1275; x_wconf 87' lang='lat' dir='ltr'>in</span> <span class='ocrx_word' id='word_1_116' title='bbox 1502 1221 1989 1292; x_wconf 66' lang='lat' dir='ltr'>praevaricatione,</span> 
     </span>
    </p>
   </div>
   <div class='ocr_carea' id='block_1_16' title="bbox 394 1309 1991 1385">
    <p class='ocr_par' dir='ltr' id='par_1_16' title="bbox 394 1309 1991 1385">
     <span class='ocr_line' id='line_1_16' title="bbox 394 1309 1991 1385; baseline -0.007 -12"><span class='ocrx_word' id='word_1_117' title='bbox 394 1319 448 1373; x_wconf 95' lang='lat' dir='ltr'>id</span> <span class='ocrx_word' id='word_1_118' title='bbox 480 1327 559 1373; x_wconf 92' lang='lat' dir='ltr'>est</span> <span class='ocrx_word' id='word_1_119' title='bbox 590 1318 643 1371; x_wconf 93' lang='lat' dir='ltr'>in</span> <span class='ocrx_word' id='word_1_120' title='bbox 673 1325 795 1373; x_wconf 90' lang='lat' dir='ltr'>actu</span> <span class='ocrx_word' id='word_1_121' title='bbox 822 1313 1054 1385; x_wconf 87' lang='lat' dir='ltr'>peccati,</span> <span class='ocrx_word' id='word_1_122' title='bbox 1089 1312 1297 1367; x_wconf 88' lang='lat' dir='ltr'>scilicet</span> <span class='ocrx_word' id='word_1_123' title='bbox 1338 1310 1392 1363; x_wconf 93' lang='lat' dir='ltr'>in</span> <span class='ocrx_word' id='word_1_124' title='bbox 1438 1310 1772 1364; x_wconf 91' lang='lat' dir='ltr'>comestione</span> <span class='ocrx_word' id='word_1_125' title='bbox 1822 1309 1991 1378; x_wconf 88' lang='lat' dir='ltr'>pomi.</span> 
     </span>
    </p>
   </div>
   <div class='ocr_carea' id='block_1_17' title="bbox 392 1398 1994 1477">
    <p class='ocr_par' dir='ltr' id='par_1_17' title="bbox 392 1398 1994 1477">
     <span class='ocr_line' id='line_1_17' title="bbox 392 1398 1994 1477; baseline -0.007 -15"><span class='ocrx_word' id='word_1_126' title='bbox 392 1409 462 1462; x_wconf 89' lang='lat' dir='ltr'>Et</span> <span class='ocrx_word' id='word_1_127' title='bbox 493 1414 714 1477; x_wconf 89' lang='lat' dir='ltr'>propter</span> <span class='ocrx_word' id='word_1_128' title='bbox 746 1412 821 1458; x_wconf 91' lang='lat' dir='ltr'>tot</span> <span class='ocrx_word' id='word_1_129' title='bbox 852 1417 1046 1457; x_wconf 85' lang='lat' dir='ltr'>causas</span> <span class='ocrx_word' id='word_1_130' title='bbox 1085 1400 1281 1453; x_wconf 90' lang='lat' dir='ltr'>mulier</span> <span class='ocrx_word' id='word_1_131' title='bbox 1328 1414 1543 1468; x_wconf 89' lang='lat' dir='ltr'>semper</span> <span class='ocrx_word' id='word_1_132' title='bbox 1592 1398 1781 1466; x_wconf 87' lang='lat' dir='ltr'>subjici</span> <span class='ocrx_word' id='word_1_133' title='bbox 1831 1398 1994 1452; x_wconf 88' lang='lat' dir='ltr'>debet</span> 
     </span>
    </p>
   </div>
   <div class='ocr_carea' id='block_1_18' title="bbox 392 1486 1994 1563">
    <p class='ocr_par' dir='ltr' id='par_1_18' title="bbox 392 1486 1994 1563">
     <span class='ocr_line' id='line_1_18' title="bbox 392 1486 1994 1563; baseline -0.007 -13"><span class='ocrx_word' id='word_1_134' title='bbox 392 1496 529 1559; x_wconf 88' lang='lat' dir='ltr'>viro,</span> <span class='ocrx_word' id='word_1_135' title='bbox 557 1510 665 1548; x_wconf 91' lang='lat' dir='ltr'>non</span> <span class='ocrx_word' id='word_1_136' title='bbox 696 1491 937 1563; x_wconf 66' lang='lat' dir='ltr'>praeferri</span> <span class='ocrx_word' id='word_1_137' title='bbox 964 1509 976 1557; x_wconf 88' lang='lat'><strong>;</strong></span> <span class='ocrx_word' id='word_1_138' title='bbox 1011 1488 1249 1559; x_wconf 88' lang='lat' dir='ltr'>spiritali</span> <span class='ocrx_word' id='word_1_139' title='bbox 1264 1487 1573 1558; x_wconf 53' lang='lat' dir='ltr'>praelatione</span> <span class='ocrx_word' id='word_1_140' title='bbox 1595 1487 1737 1556; x_wconf 89' lang='lat' dir='ltr'>dico,</span> <span class='ocrx_word' id='word_1_141' title='bbox 1771 1486 1816 1539; x_wconf 91' lang='lat' dir='ltr'>si</span> <span class='ocrx_word' id='word_1_142' title='bbox 1848 1487 1994 1541; x_wconf 90' lang='lat' dir='ltr'>enim</span> 
     </span>
    </p>
   </div>
   <div class='ocr_carea' id='block_1_19' title="bbox 390 1574 1993 1647">
    <p class='ocr_par' dir='ltr' id='par_1_19' title="bbox 390 1574 1993 1647">
     <span class='ocr_line' id='line_1_19' title="bbox 390 1574 1993 1647; baseline -0.007 -9"><span class='ocrx_word' id='word_1_143' title='bbox 390 1599 580 1638; x_wconf 89' lang='lat' dir='ltr'>servos</span> <span class='ocrx_word' id='word_1_144' title='bbox 612 1582 793 1647; x_wconf 87' lang='lat' dir='ltr'>habet,</span> <span class='ocrx_word' id='word_1_145' title='bbox 836 1580 960 1634; x_wconf 88' lang='lat' dir='ltr'>licet</span> <span class='ocrx_word' id='word_1_146' title='bbox 990 1579 1129 1633; x_wconf 86' lang='lat' dir='ltr'>bene</span> <span class='ocrx_word' id='word_1_147' title='bbox 1174 1576 1436 1631; x_wconf 88' lang='lat' dir='ltr'>dominari</span> <span class='ocrx_word' id='word_1_148' title='bbox 1484 1576 1539 1629; x_wconf 88' lang='lat' dir='ltr'>in</span> <span class='ocrx_word' id='word_1_149' title='bbox 1588 1576 1695 1630; x_wconf 91' lang='lat' dir='ltr'>illis</span> <span class='ocrx_word' id='word_1_150' title='bbox 1745 1574 1993 1629; x_wconf 82' lang='lat' dir='ltr'>saeculari</span> 
     </span>
    </p>
   </div>
   <div class='ocr_carea' id='block_1_20' title="bbox 388 1664 1995 1734">
    <p class='ocr_par' dir='ltr' id='par_1_20' title="bbox 388 1664 1995 1734">
     <span class='ocr_line' id='line_1_20' title="bbox 388 1664 1995 1734; baseline -0.006 -7"><span class='ocrx_word' id='word_1_151' title='bbox 388 1671 648 1727; x_wconf 89' lang='lat' dir='ltr'>dominio.</span> <span class='ocrx_word' id='word_1_152' title='bbox 702 1671 886 1724; x_wconf 86' lang='lat' dir='ltr'>Potest</span> <span class='ocrx_word' id='word_1_153' title='bbox 947 1668 1107 1722; x_wconf 87' lang='lat' dir='ltr'>etiam</span> <span class='ocrx_word' id='word_1_154' title='bbox 1158 1666 1351 1721; x_wconf 91' lang='lat' dir='ltr'>mulier</span> <span class='ocrx_word' id='word_1_155' title='bbox 1400 1665 1715 1720; x_wconf 86' lang='lat' dir='ltr'>mulieribus</span> <span class='ocrx_word' id='word_1_156' title='bbox 1764 1664 1995 1734; x_wconf 89' lang='lat' dir='ltr'>spiritali</span> 
     </span>
    </p>
   </div>
   <div class='ocr_carea' id='block_1_21' title="bbox 389 1753 1996 1831">
    <p class='ocr_par' dir='ltr' id='par_1_21' title="bbox 389 1753 1996 1831">
     <span class='ocr_line' id='line_1_21' title="bbox 389 1753 1996 1831; baseline -0.005 -16"><span class='ocrx_word' id='word_1_157' title='bbox 389 1762 552 1815; x_wconf 87' lang='lat' dir='ltr'>modo</span> <span class='ocrx_word' id='word_1_158' title='bbox 583 1775 843 1831; x_wconf 72' lang='lat' dir='ltr'>praeesse,</span> <span class='ocrx_word' id='word_1_159' title='bbox 879 1757 976 1812; x_wconf 91' lang='lat' dir='ltr'>sed</span> <span class='ocrx_word' id='word_1_160' title='bbox 1008 1756 1123 1811; x_wconf 92' lang='lat' dir='ltr'>viro</span> <span class='ocrx_word' id='word_1_161' title='bbox 1154 1771 1456 1826; x_wconf 87' lang='lat' dir='ltr'>nunquam.</span> <span class='ocrx_word' id='word_1_162' title='bbox 1497 1756 1577 1809; x_wconf 91' lang='lat' dir='ltr'>Ne</span> <span class='ocrx_word' id='word_1_163' title='bbox 1626 1762 1806 1808; x_wconf 89' lang='lat' dir='ltr'>autem</span> <span class='ocrx_word' id='word_1_164' title='bbox 1834 1753 1996 1820; x_wconf 86' lang='lat' dir='ltr'>alicui</span> 
     </span>
    </p>
   </div>
   <div class='ocr_carea' id='block_1_22' title="bbox 308 1842 1993 1919">
    <p class='ocr_par' dir='ltr' id='par_1_22' title="bbox 308 1842 1993 1919">
     <span class='ocr_line' id='line_1_22' title="bbox 308 1842 1993 1919; baseline -0.005 -15"><span class='ocrx_word' id='word_1_165' title='bbox 308 1910 317 1919; x_wconf 59' lang='grc'><em>,</em></span> <span class='ocrx_word' id='word_1_166' title='bbox 390 1850 669 1903; x_wconf 85' lang='lat' dir='ltr'>videretur</span> <span class='ocrx_word' id='word_1_167' title='bbox 699 1847 982 1901; x_wconf 89' lang='lat' dir='ltr'>mulierem</span> <span class='ocrx_word' id='word_1_168' title='bbox 1012 1861 1120 1900; x_wconf 90' lang='lat' dir='ltr'>non</span> <span class='ocrx_word' id='word_1_169' title='bbox 1169 1860 1333 1915; x_wconf 90' lang='lat' dir='ltr'>posse</span> <span class='ocrx_word' id='word_1_170' title='bbox 1383 1843 1604 1909; x_wconf 87' lang='lat' dir='ltr'>salvari,</span> <span class='ocrx_word' id='word_1_171' title='bbox 1663 1842 1785 1914; x_wconf 89' lang='lat' dir='ltr'>quia</span> <span class='ocrx_word' id='word_1_172' title='bbox 1831 1858 1993 1898; x_wconf 89' lang='lat' dir='ltr'>causa</span> 
     </span>
    </p>
   </div>
   <div class='ocr_carea' id='block_1_23' title="bbox 388 1932 1993 2006">
    <p class='ocr_par' dir='ltr' id='par_1_23' title="bbox 388 1932 1993 2006">
     <span class='ocr_line' id='line_1_23' title="bbox 388 1932 1993 2006; baseline -0.004 -13"><span class='ocrx_word' id='word_1_173' title='bbox 388 1939 549 1994; x_wconf 87' lang='lat' dir='ltr'>fuerit</span> <span class='ocrx_word' id='word_1_174' title='bbox 578 1938 739 1993; x_wconf 83' lang='lat' dir='ltr'>totius</span> <span class='ocrx_word' id='word_1_175' title='bbox 770 1935 1111 2006; x_wconf 88' lang='lat' dir='ltr'>perditionis,</span> <span class='ocrx_word' id='word_1_176' title='bbox 1148 1942 1200 1989; x_wconf 91' lang='lat' dir='ltr'>et</span> <span class='ocrx_word' id='word_1_177' title='bbox 1243 1933 1369 2006; x_wconf 86' lang='lat' dir='ltr'>quia</span> <span class='ocrx_word' id='word_1_178' title='bbox 1417 1933 1562 1988; x_wconf 91' lang='lat' dir='ltr'>idem</span> <span class='ocrx_word' id='word_1_179' title='bbox 1614 1932 1811 1986; x_wconf 90' lang='lat' dir='ltr'>Paulus</span> <span class='ocrx_word' id='word_1_180' title='bbox 1856 1932 1993 1986; x_wconf 89' lang='lat' dir='ltr'>adeo</span> 
     </span>
    </p>
   </div>
   <div class='ocr_carea' id='block_1_24' title="bbox 386 2021 1993 2090">
    <p class='ocr_par' dir='ltr' id='par_1_24' title="bbox 386 2021 1993 2090">
     <span class='ocr_line' id='line_1_24' title="bbox 386 2021 1993 2090; baseline -0.005 -9"><span class='ocrx_word' id='word_1_181' title='bbox 386 2028 685 2083; x_wconf 89' lang='lat' dir='ltr'>detestatus</span> <span class='ocrx_word' id='word_1_182' title='bbox 715 2026 784 2080; x_wconf 89' lang='lat' dir='ltr'>sit</span> <span class='ocrx_word' id='word_1_183' title='bbox 834 2024 1135 2089; x_wconf 87' lang='lat' dir='ltr'>mulierem,</span> <span class='ocrx_word' id='word_1_184' title='bbox 1186 2023 1367 2076; x_wconf 89' lang='lat' dir='ltr'>subdit</span> <span class='ocrx_word' id='word_1_185' title='bbox 1412 2022 1482 2077; x_wconf 92' lang='lat' dir='ltr'>de</span> <span class='ocrx_word' id='word_1_186' title='bbox 1528 2022 1701 2076; x_wconf 90' lang='lat' dir='ltr'>salute</span> <span class='ocrx_word' id='word_1_187' title='bbox 1759 2022 1875 2090; x_wconf 89' lang='lat' dir='ltr'>ejus</span> <span class='ocrx_word' id='word_1_188' title='bbox 1906 2021 1993 2074; x_wconf 84' lang='lat' dir='ltr'>di-</span> 
     </span>
    </p>
   </div>
   <div class='ocr_carea' id='block_1_25' title="bbox 387 2109 1989 2175">
    <p class='ocr_par' dir='ltr' id='par_1_25' title="bbox 387 2109 1989 2175">
     <span class='ocr_line' id='line_1_25' title="bbox 387 2109 1989 2175; baseline -0.005 -4"><span class='ocrx_word' id='word_1_189' title='bbox 387 2132 517 2171; x_wconf 90' lang='lat' dir='ltr'>cens</span> <span class='ocrx_word' id='word_1_190' title='bbox 545 2131 556 2169; x_wconf 90' lang='lat'><strong>:</strong></span> <span class='ocrx_word' id='word_1_191' title='bbox 584 2115 728 2170; x_wconf 90' lang='lat' dir='ltr'>Licet</span> <span class='ocrx_word' id='word_1_192' title='bbox 776 2112 968 2167; x_wconf 89' lang='lat' dir='ltr'>mulier</span> <span class='ocrx_word' id='word_1_193' title='bbox 1014 2113 1238 2167; x_wconf 88' lang='lat' dir='ltr'>seducta</span> <span class='ocrx_word' id='word_1_194' title='bbox 1286 2112 1353 2165; x_wconf 91' lang='lat' dir='ltr'>sit</span> <span class='ocrx_word' id='word_1_195' title='bbox 1402 2126 1510 2165; x_wconf 91' lang='lat' dir='ltr'>non</span> <span class='ocrx_word' id='word_1_196' title='bbox 1560 2111 1785 2165; x_wconf 90' lang='lat' dir='ltr'>seducto</span> <span class='ocrx_word' id='word_1_197' title='bbox 1834 2109 1989 2175; x_wconf 88' lang='lat' dir='ltr'>viro,</span> 
     </span>
    </p>
   </div>
   <div class='ocr_carea' id='block_1_26' title="bbox 398 2197 1993 2270">
    <p class='ocr_par' dir='ltr' id='par_1_26' title="bbox 398 2197 1993 2270">
     <span class='ocr_line' id='line_1_26' title="bbox 398 2197 1993 2270; baseline -0.005 -11"><span class='ocrx_word' id='word_1_198' title='bbox 398 2210 590 2259; x_wconf 86' lang='lat' dir='ltr'>tamen</span> <span class='ocrx_word' id='word_1_199' title='bbox 612 2202 807 2257; x_wconf 89' lang='lat' dir='ltr'>mulier</span> <span class='ocrx_word' id='word_1_200' title='bbox 835 2202 1166 2256; x_wconf 84' lang='lat' dir='ltr'>salvabitur.</span> <span class='ocrx_word' id='word_1_201' title='bbox 1201 2201 1321 2255; x_wconf 79' lang='lat' dir='ltr'>Non</span> <span class='ocrx_word' id='word_1_202' title='bbox 1356 2199 1532 2254; x_wconf 88' lang='lat' dir='ltr'>solum</span> <span class='ocrx_word' id='word_1_203' title='bbox 1562 2199 1716 2270; x_wconf 86' lang='lat' dir='ltr'>virgo</span> <span class='ocrx_word' id='word_1_204' title='bbox 1747 2197 1833 2253; x_wconf 84' lang='lat' dir='ltr'>vel</span> <span class='ocrx_word' id='word_1_205' title='bbox 1863 2212 1993 2253; x_wconf 89' lang='lat' dir='ltr'>con-</span> 
     </span>
    </p>
   </div>
   <div class='ocr_carea' id='block_1_27' title="bbox 388 2288 1989 2360">
    <p class='ocr_par' dir='ltr' id='par_1_27' title="bbox 388 2288 1989 2360">
     <span class='ocr_line' id='line_1_27' title="bbox 388 2288 1989 2360; baseline -0.002 -15"><span class='ocrx_word' id='word_1_206' title='bbox 388 2293 586 2360; x_wconf 84' lang='lat' dir='ltr'>tinens,</span> <span class='ocrx_word' id='word_1_207' title='bbox 622 2291 717 2346; x_wconf 90' lang='lat' dir='ltr'>sed</span> <span class='ocrx_word' id='word_1_208' title='bbox 740 2290 901 2346; x_wconf 89' lang='lat' dir='ltr'>etiam</span> <span class='ocrx_word' id='word_1_209' title='bbox 926 2289 1133 2344; x_wconf 88' lang='lat' dir='ltr'>vadens</span> <span class='ocrx_word' id='word_1_210' title='bbox 1154 2305 1255 2359; x_wconf 82' lang='lat' dir='ltr'>per</span> <span class='ocrx_word' id='word_1_211' title='bbox 1275 2290 1697 2359; x_wconf 82' lang='lat' dir='ltr'>generationem</span> <span class='ocrx_word' id='word_1_212' title='bbox 1717 2288 1989 2356; x_wconf 80' lang='lat' dir='ltr'>ﬁliorum,</span> 
     </span>
    </p>
   </div>
   <div class='ocr_carea' id='block_1_28' title="bbox 387 2375 1991 2449">
    <p class='ocr_par' dir='ltr' id='par_1_28' title="bbox 387 2375 1991 2449">
     <span class='ocr_line' id='line_1_28' title="bbox 387 2375 1991 2449; baseline -0.003 -14"><span class='ocrx_word' id='word_1_213' title='bbox 387 2381 443 2435; x_wconf 93' lang='lat' dir='ltr'>id</span> <span class='ocrx_word' id='word_1_214' title='bbox 463 2389 545 2435; x_wconf 91' lang='lat' dir='ltr'>est</span> <span class='ocrx_word' id='word_1_215' title='bbox 568 2380 731 2435; x_wconf 90' lang='lat' dir='ltr'>etiam</span> <span class='ocrx_word' id='word_1_216' title='bbox 752 2388 938 2449; x_wconf 87' lang='lat' dir='ltr'>nupta.</span> <span class='ocrx_word' id='word_1_217' title='bbox 956 2379 1070 2434; x_wconf 84' lang='lat' dir='ltr'>Hac</span> <span class='ocrx_word' id='word_1_218' title='bbox 1083 2376 1391 2433; x_wconf 90' lang='lat' dir='ltr'>conditione</span> <span class='ocrx_word' id='word_1_219' title='bbox 1406 2376 1526 2431; x_wconf 91' lang='lat' dir='ltr'>dico</span> <span class='ocrx_word' id='word_1_220' title='bbox 1544 2376 1613 2432; x_wconf 86' lang='lat'><strong>3</strong></span> <span class='ocrx_word' id='word_1_221' title='bbox 1625 2375 1783 2431; x_wconf 77' lang='lat'>20</span> <span class='ocrx_word' id='word_1_222' title='bbox 1796 2378 1845 2431; x_wconf 96' lang='lat' dir='ltr'>si</span> <span class='ocrx_word' id='word_1_223' title='bbox 1863 2392 1991 2447; x_wconf 81' lang='lat' dir='ltr'>per-</span> 
     </span>
    </p>
   </div>
   <div class='ocr_carea' id='block_1_29' title="bbox 386 2464 1991 2538">
    <p class='ocr_par' dir='ltr' id='par_1_29' title="bbox 386 2464 1991 2538">
     <span class='ocr_line' id='line_1_29' title="bbox 386 2464 1991 2538; baseline -0.003 -13"><span class='ocrx_word' id='word_1_224' title='bbox 386 2472 667 2525; x_wconf 80' lang='lat' dir='ltr'>manserit</span> <span class='ocrx_word' id='word_1_225' title='bbox 698 2471 760 2523; x_wconf 89' lang='lat' dir='ltr'>in</span> <span class='ocrx_word' id='word_1_226' title='bbox 791 2469 919 2537; x_wconf 89' lang='lat' dir='ltr'>ﬁde,</span> <span class='ocrx_word' id='word_1_227' title='bbox 954 2472 1008 2523; x_wconf 88' lang='lat' dir='ltr'>et</span> <span class='ocrx_word' id='word_1_228' title='bbox 1040 2468 1185 2538; x_wconf 91' lang='lat' dir='ltr'>quod</span> <span class='ocrx_word' id='word_1_229' title='bbox 1210 2482 1393 2520; x_wconf 91' lang='lat' dir='ltr'>sanam</span> <span class='ocrx_word' id='word_1_230' title='bbox 1418 2464 1578 2520; x_wconf 91' lang='lat' dir='ltr'>ﬁdem</span> <span class='ocrx_word' id='word_1_231' title='bbox 1609 2466 1825 2531; x_wconf 87' lang='lat' dir='ltr'>habeat,</span> <span class='ocrx_word' id='word_1_232' title='bbox 1858 2470 1914 2521; x_wconf 91' lang='lat' dir='ltr'>et</span> <span class='ocrx_word' id='word_1_233' title='bbox 1936 2466 1991 2520; x_wconf 89' lang='lat' dir='ltr'>in</span> 
     </span>
    </p>
   </div>
   <div class='ocr_carea' id='block_1_30' title="bbox 388 2554 1989 2626">
    <p class='ocr_par' dir='ltr' id='par_1_30' title="bbox 388 2554 1989 2626">
     <span class='ocr_line' id='line_1_30' title="bbox 388 2554 1989 2626; baseline -0.004 -13"><span class='ocrx_word' id='word_1_234' title='bbox 388 2558 692 2614; x_wconf 82' lang='lat' dir='ltr'>dilectione</span> <span class='ocrx_word' id='word_1_235' title='bbox 726 2557 826 2611; x_wconf 90' lang='lat' dir='ltr'>Dei</span> <span class='ocrx_word' id='word_1_236' title='bbox 843 2564 897 2610; x_wconf 91' lang='lat' dir='ltr'>et</span> <span class='ocrx_word' id='word_1_237' title='bbox 916 2555 1169 2626; x_wconf 84' lang='lat' dir='ltr'>proximi,</span> <span class='ocrx_word' id='word_1_238' title='bbox 1196 2559 1251 2609; x_wconf 87' lang='lat' dir='ltr'>et</span> <span class='ocrx_word' id='word_1_239' title='bbox 1271 2554 1326 2609; x_wconf 88' lang='lat' dir='ltr'>in</span> <span class='ocrx_word' id='word_1_240' title='bbox 1348 2554 1799 2622; x_wconf 85' lang='lat' dir='ltr'>sanctiﬁcatione</span> <span class='ocrx_word' id='word_1_241' title='bbox 1829 2570 1989 2625; x_wconf 89' lang='lat' dir='ltr'>quam</span> 
     </span>
    </p>
   </div>
   <div class='ocr_carea' id='block_1_31' title="bbox 386 2642 1990 2715">
    <p class='ocr_par' dir='ltr' id='par_1_31' title="bbox 386 2642 1990 2715">
     <span class='ocr_line' id='line_1_31' title="bbox 386 2642 1990 2715; baseline -0.001 -14"><span class='ocrx_word' id='word_1_242' title='bbox 386 2646 598 2715; x_wconf 87' lang='lat' dir='ltr'>accepit</span> <span class='ocrx_word' id='word_1_243' title='bbox 626 2645 682 2699; x_wconf 93' lang='lat' dir='ltr'>in</span> <span class='ocrx_word' id='word_1_244' title='bbox 731 2644 1019 2714; x_wconf 89' lang='lat' dir='ltr'>baptismo.</span> <span class='ocrx_word' id='word_1_245' title='bbox 1074 2643 1433 2698; x_wconf 88' lang='lat' dir='ltr'>Permanserit</span> <span class='ocrx_word' id='word_1_246' title='bbox 1482 2642 1605 2697; x_wconf 91' lang='lat' dir='ltr'>dico</span> <span class='ocrx_word' id='word_1_247' title='bbox 1654 2642 1708 2695; x_wconf 92' lang='lat' dir='ltr'>in</span> <span class='ocrx_word' id='word_1_248' title='bbox 1737 2642 1822 2695; x_wconf 91' lang='lat' dir='ltr'>his</span> <span class='ocrx_word' id='word_1_249' title='bbox 1859 2660 1990 2698; x_wconf 85' lang='lat' dir='ltr'>cum</span> 
     </span>
    </p>
   </div>
   <div class='ocr_carea' id='block_1_32' title="bbox 385 2730 1989 2804">
    <p class='ocr_par' dir='ltr' id='par_1_32' title="bbox 385 2730 1989 2804">
     <span class='ocr_line' id='line_1_32' title="bbox 385 2730 1989 2804; baseline -0.003 -15"><span class='ocrx_word' id='word_1_250' title='bbox 385 2734 703 2799; x_wconf 81' lang='lat' dir='ltr'>sobrietate,</span> <span class='ocrx_word' id='word_1_251' title='bbox 732 2748 893 2804; x_wconf 91' lang='lat' dir='ltr'>quam</span> <span class='ocrx_word' id='word_1_252' title='bbox 924 2732 1047 2787; x_wconf 90' lang='lat' dir='ltr'>ideo</span> <span class='ocrx_word' id='word_1_253' title='bbox 1078 2732 1272 2801; x_wconf 91' lang='lat' dir='ltr'>repetit</span> <span class='ocrx_word' id='word_1_254' title='bbox 1309 2732 1454 2801; x_wconf 93' lang='lat' dir='ltr'>quod</span> <span class='ocrx_word' id='word_1_255' title='bbox 1477 2731 1530 2784; x_wconf 91' lang='lat' dir='ltr'>in</span> <span class='ocrx_word' id='word_1_256' title='bbox 1562 2732 1664 2786; x_wconf 90' lang='lat' dir='ltr'>hac</span> <span class='ocrx_word' id='word_1_257' title='bbox 1694 2730 1989 2801; x_wconf 90' lang='lat' dir='ltr'>plurimum</span> 
     </span>
    </p>
   </div>
   <div class='ocr_carea' id='block_1_33' title="bbox 384 2820 1988 2893">
    <p class='ocr_par' dir='ltr' id='par_1_33' title="bbox 384 2820 1988 2893">
     <span class='ocr_line' id='line_1_33' title="bbox 384 2820 1988 2893; baseline -0.002 -16"><span class='ocrx_word' id='word_1_258' title='bbox 384 2821 595 2878; x_wconf 85' lang='lat' dir='ltr'>soleant</span> <span class='ocrx_word' id='word_1_259' title='bbox 642 2836 871 2893; x_wconf 86' lang='lat' dir='ltr'>peccare</span> <span class='ocrx_word' id='word_1_260' title='bbox 918 2821 1197 2885; x_wconf 90' lang='lat' dir='ltr'>mulieres,</span> <span class='ocrx_word' id='word_1_261' title='bbox 1249 2820 1373 2874; x_wconf 92' lang='lat' dir='ltr'>ideo</span> <span class='ocrx_word' id='word_1_262' title='bbox 1421 2820 1743 2891; x_wconf 86' lang='lat' dir='ltr'>conjugatas</span> <span class='ocrx_word' id='word_1_263' title='bbox 1791 2820 1988 2873; x_wconf 89' lang='lat' dir='ltr'>salvari</span> 
     </span>
    </p>
   </div>
   <div class='ocr_carea' id='block_1_34' title="bbox 384 2907 1987 2981">
    <p class='ocr_par' dir='ltr' id='par_1_34' title="bbox 384 2907 1987 2981">
     <span class='ocr_line' id='line_1_34' title="bbox 384 2907 1987 2981; baseline -0.002 -16"><span class='ocrx_word' id='word_1_264' title='bbox 384 2926 549 2981; x_wconf 89' lang='lat' dir='ltr'>posse</span> <span class='ocrx_word' id='word_1_265' title='bbox 579 2910 730 2975; x_wconf 88' lang='lat' dir='ltr'>dixit,</span> <span class='ocrx_word' id='word_1_266' title='bbox 765 2908 907 2981; x_wconf 89' lang='lat' dir='ltr'>quia,</span> <span class='ocrx_word' id='word_1_267' title='bbox 942 2908 988 2962; x_wconf 89' lang='lat' dir='ltr'>si</span> <span class='ocrx_word' id='word_1_268' title='bbox 1019 2908 1088 2963; x_wconf 90' lang='lat' dir='ltr'>de</span> <span class='ocrx_word' id='word_1_269' title='bbox 1121 2907 1422 2980; x_wconf 84' lang='lat' dir='ltr'>virginibus</span> <span class='ocrx_word' id='word_1_270' title='bbox 1452 2907 1539 2963; x_wconf 89' lang='lat' dir='ltr'>vel</span> <span class='ocrx_word' id='word_1_271' title='bbox 1588 2907 1764 2961; x_wconf 90' lang='lat' dir='ltr'>viduis</span> <span class='ocrx_word' id='word_1_272' title='bbox 1811 2907 1987 2961; x_wconf 90' lang='lat' dir='ltr'>solum</span> 
     </span>
    </p>
   </div>
   <div class='ocr_carea' id='block_1_35' title="bbox 385 2996 1986 3069">
    <p class='ocr_par' dir='ltr' id='par_1_35' title="bbox 385 2996 1986 3069">
     <span class='ocr_line' id='line_1_35' title="bbox 385 2996 1986 3069; baseline -0.001 -16"><span class='ocrx_word' id='word_1_273' title='bbox 385 2998 636 3065; x_wconf 91' lang='lat' dir='ltr'>dixisset,</span> <span class='ocrx_word' id='word_1_274' title='bbox 694 3006 978 3069; x_wconf 88' lang='lat' dir='ltr'>putaretur</span> <span class='ocrx_word' id='word_1_275' title='bbox 1032 2996 1364 3051; x_wconf 86' lang='lat' dir='ltr'>intellexisse</span> <span class='ocrx_word' id='word_1_276' title='bbox 1413 2996 1616 3051; x_wconf 89' lang='lat' dir='ltr'>salvari</span> <span class='ocrx_word' id='word_1_277' title='bbox 1665 3012 1773 3050; x_wconf 87' lang='lat' dir='ltr'>non</span> <span class='ocrx_word' id='word_1_278' title='bbox 1821 3012 1986 3067; x_wconf 89' lang='lat' dir='ltr'>posse</span> 
     </span>
    </p>
   </div>
   <div class='ocr_carea' id='block_1_36' title="bbox 385 3085 1986 3160">
    <p class='ocr_par' dir='ltr' id='par_1_36' title="bbox 385 3085 1986 3160">
     <span class='ocr_line' id='line_1_36' title="bbox 385 3085 1986 3160; baseline -0.001 -18"><span class='ocrx_word' id='word_1_279' title='bbox 385 3089 726 3160; x_wconf 86' lang='lat' dir='ltr'>conjugatas,</span> <span class='ocrx_word' id='word_1_280' title='bbox 757 3104 877 3158; x_wconf 71' lang='lat' dir='ltr'>quae</span> <span class='ocrx_word' id='word_1_281' title='bbox 906 3103 1027 3142; x_wconf 91' lang='lat' dir='ltr'>cum</span> <span class='ocrx_word' id='word_1_282' title='bbox 1056 3085 1332 3140; x_wconf 61' lang='lat' dir='ltr'>salvandaa</span> <span class='ocrx_word' id='word_1_283' title='bbox 1363 3085 1488 3154; x_wconf 90' lang='lat' dir='ltr'>sint,</span> <span class='ocrx_word' id='word_1_284' title='bbox 1512 3093 1724 3141; x_wconf 89' lang='lat' dir='ltr'>constat</span> <span class='ocrx_word' id='word_1_285' title='bbox 1754 3101 1853 3156; x_wconf 91' lang='lat' dir='ltr'>per</span> <span class='ocrx_word' id='word_1_286' title='bbox 1883 3086 1986 3141; x_wconf 91' lang='lat' dir='ltr'>hoc</span> 
     </span>
    </p>
   </div>
   <div class='ocr_carea' id='block_1_37' title="bbox 386 3174 1984 3249">
    <p class='ocr_par' dir='ltr' id='par_1_37' title="bbox 386 3174 1984 3249">
     <span class='ocr_line' id='line_1_37' title="bbox 386 3174 1984 3249; baseline -0.001 -18"><span class='ocrx_word' id='word_1_287' title='bbox 386 3176 455 3233; x_wconf 87' lang='lat' dir='ltr'>de</span> <span class='ocrx_word' id='word_1_288' title='bbox 485 3177 660 3233; x_wconf 91' lang='lat' dir='ltr'>salute</span> <span class='ocrx_word' id='word_1_289' title='bbox 690 3177 964 3249; x_wconf 81' lang='lat' dir='ltr'>virginum</span> <span class='ocrx_word' id='word_1_290' title='bbox 1010 3183 1063 3231; x_wconf 90' lang='lat' dir='ltr'>et</span> <span class='ocrx_word' id='word_1_291' title='bbox 1108 3175 1414 3230; x_wconf 87' lang='lat' dir='ltr'>viduarum.</span> <span class='ocrx_word' id='word_1_292' title='bbox 1468 3174 1563 3230; x_wconf 89' lang='lat' dir='ltr'>Vel</span> <span class='ocrx_word' id='word_1_293' title='bbox 1610 3175 1984 3230; x_wconf 89' lang='lat' dir='ltr'>continuemus</span> 
     </span>
    </p>
   </div>
   <div class='ocr_carea' id='block_1_38' title="bbox 384 3264 1984 3335">
    <p class='ocr_par' dir='ltr' id='par_1_38' title="bbox 384 3264 1984 3335">
     <span class='ocr_line' id='line_1_38' title="bbox 384 3264 1984 3335; baseline -0.001 -15"><span class='ocrx_word' id='word_1_294' title='bbox 384 3265 542 3321; x_wconf 89' lang='lat' dir='ltr'>aliter</span> <span class='ocrx_word' id='word_1_295' title='bbox 574 3282 589 3320; x_wconf 87' lang='lat'><strong>:</strong></span> <span class='ocrx_word' id='word_1_296' title='bbox 620 3266 767 3321; x_wconf 90' lang='lat' dir='ltr'>Licet</span> <span class='ocrx_word' id='word_1_297' title='bbox 782 3266 1013 3320; x_wconf 87' lang='lat' dir='ltr'>mulieri</span> <span class='ocrx_word' id='word_1_298' title='bbox 1033 3281 1148 3320; x_wconf 88' lang='lat' dir='ltr'>non</span> <span class='ocrx_word' id='word_1_299' title='bbox 1170 3265 1479 3335; x_wconf 87' lang='lat' dir='ltr'>permittam</span> <span class='ocrx_word' id='word_1_300' title='bbox 1510 3265 1703 3320; x_wconf 82' lang='lat' dir='ltr'>docere</span> <span class='ocrx_word' id='word_1_301' title='bbox 1725 3265 1780 3317; x_wconf 88' lang='lat' dir='ltr'>in</span> <span class='ocrx_word' id='word_1_302' title='bbox 1800 3264 1984 3320; x_wconf 85' lang='lat' dir='ltr'>Eccle-</span> 
     </span>
    </p>
   </div>
   <div class='ocr_carea' id='block_1_39' title="bbox 386 3354 1983 3423">
    <p class='ocr_par' dir='ltr' id='par_1_39' title="bbox 386 3354 1983 3423">
     <span class='ocr_line' id='line_1_39' title="bbox 386 3354 1983 3423; baseline 0 -15"><span class='ocrx_word' id='word_1_303' title='bbox 386 3354 487 3419; x_wconf 86' lang='lat' dir='ltr'>sia,</span> <span class='ocrx_word' id='word_1_304' title='bbox 523 3362 700 3409; x_wconf 87' lang='lat' dir='ltr'>tamen</span> <span class='ocrx_word' id='word_1_305' title='bbox 728 3355 1058 3419; x_wconf 82' lang='lat' dir='ltr'>salvabiiur,</span> <span class='ocrx_word' id='word_1_306' title='bbox 1090 3354 1144 3407; x_wconf 90' lang='lat' dir='ltr'>id</span> <span class='ocrx_word' id='word_1_307' title='bbox 1168 3362 1247 3408; x_wconf 91' lang='lat' dir='ltr'>est</span> <span class='ocrx_word' id='word_1_308' title='bbox 1266 3354 1464 3423; x_wconf 91' lang='lat' dir='ltr'>poterit</span> <span class='ocrx_word' id='word_1_309' title='bbox 1486 3354 1838 3408; x_wconf 88' lang='lat' dir='ltr'>salvationem</span> <span class='ocrx_word' id='word_1_310' title='bbox 1870 3370 1983 3408; x_wconf 91' lang='lat' dir='ltr'>me-</span> 
     </span>
    </p>
   </div>
   <div class='ocr_carea' id='block_1_40' title="bbox 386 3442 1982 3514">
    <p class='ocr_par' dir='ltr' id='par_1_40' title="bbox 386 3442 1982 3514">
     <span class='ocr_line' id='line_1_40' title="bbox 386 3442 1982 3514; baseline 0.001 -18"><span class='ocrx_word' id='word_1_311' title='bbox 386 3442 494 3497; x_wconf 90' lang='lat' dir='ltr'>reri</span> <span class='ocrx_word' id='word_1_312' title='bbox 521 3459 623 3514; x_wconf 84' lang='lat' dir='ltr'>per</span> <span class='ocrx_word' id='word_1_313' title='bbox 650 3445 1078 3513; x_wconf 80' lang='lat' dir='ltr'>generationem</span> <span class='ocrx_word' id='word_1_314' title='bbox 1112 3443 1382 3510; x_wconf 85' lang='lat' dir='ltr'>ﬁliorum,</span> <span class='ocrx_word' id='word_1_315' title='bbox 1422 3442 1477 3495; x_wconf 93' lang='lat' dir='ltr'>id</span> <span class='ocrx_word' id='word_1_316' title='bbox 1525 3450 1606 3497; x_wconf 90' lang='lat' dir='ltr'>est</span> <span class='ocrx_word' id='word_1_317' title='bbox 1636 3442 1982 3512; x_wconf 90' lang='lat' dir='ltr'>spiritualiter</span> 
     </span>
    </p>
   </div>
   <div class='ocr_carea' id='block_1_41' title="bbox 381 3530 1983 3603">
    <p class='ocr_par' dir='ltr' id='par_1_41' title="bbox 381 3530 1983 3603">
     <span class='ocr_line' id='line_1_41' title="bbox 381 3530 1983 3603; baseline 0 -18"><span class='ocrx_word' id='word_1_318' title='bbox 381 3530 701 3586; x_wconf 89' lang='lat' dir='ltr'>instruendo</span> <span class='ocrx_word' id='word_1_319' title='bbox 732 3531 877 3587; x_wconf 88' lang='lat' dir='ltr'>domi</span> <span class='ocrx_word' id='word_1_320' title='bbox 910 3531 1049 3586; x_wconf 89' lang='lat' dir='ltr'>ﬁlios</span> <span class='ocrx_word' id='word_1_321' title='bbox 1080 3546 1225 3596; x_wconf 90' lang='lat' dir='ltr'>suos,</span> <span class='ocrx_word' id='word_1_322' title='bbox 1288 3530 1583 3586; x_wconf 86' lang='lat' dir='ltr'>salvabitur</span> <span class='ocrx_word' id='word_1_323' title='bbox 1628 3532 1731 3586; x_wconf 90' lang='lat' dir='ltr'>hac</span> <span class='ocrx_word' id='word_1_324' title='bbox 1760 3532 1884 3603; x_wconf 89' lang='lat' dir='ltr'>lege</span> <span class='ocrx_word' id='word_1_325' title='bbox 1937 3534 1983 3585; x_wconf 69' lang='lat' dir='ltr'>si</span> 
     </span>
    </p>
   </div>
   <div class='ocr_carea' id='block_1_42' title="bbox 384 3618 1977 3691">
    <p class='ocr_par' dir='ltr' id='par_1_42' title="bbox 384 3618 1977 3691">
     <span class='ocr_line' id='line_1_42' title="bbox 384 3618 1977 3691; baseline 0.001 -18"><span class='ocrx_word' id='word_1_326' title='bbox 384 3619 671 3691; x_wconf 88' lang='lat' dir='ltr'>(quantum</span> <span class='ocrx_word' id='word_1_327' title='bbox 700 3620 757 3674; x_wconf 91' lang='lat' dir='ltr'>in</span> <span class='ocrx_word' id='word_1_328' title='bbox 786 3620 878 3675; x_wconf 91' lang='lat' dir='ltr'>illa</span> <span class='ocrx_word' id='word_1_329' title='bbox 900 3620 1025 3690; x_wconf 90' lang='lat' dir='ltr'>erit)</span> <span class='ocrx_word' id='word_1_330' title='bbox 1049 3618 1143 3673; x_wconf 90' lang='lat' dir='ltr'>ﬁlii</span> <span class='ocrx_word' id='word_1_331' title='bbox 1173 3620 1290 3688; x_wconf 88' lang='lat' dir='ltr'>ejus</span> <span class='ocrx_word' id='word_1_332' title='bbox 1320 3622 1743 3691; x_wconf 77' lang='lat' dir='ltr'>permanserint</span> <span class='ocrx_word' id='word_1_333' title='bbox 1766 3622 1829 3674; x_wconf 85' lang='lat' dir='ltr'>in</span> <span class='ocrx_word' id='word_1_334' title='bbox 1849 3621 1977 3687; x_wconf 90' lang='lat' dir='ltr'>ﬁde,</span> 
     </span>
    </p>
   </div>
   <div class='ocr_carea' id='block_1_43' title="bbox 384 3709 1980 3778">
    <p class='ocr_par' dir='ltr' id='par_1_43' title="bbox 384 3709 1980 3778">
     <span class='ocr_line' id='line_1_43' title="bbox 384 3709 1980 3778; baseline 0 -14"><span class='ocrx_word' id='word_1_335' title='bbox 384 3713 439 3764; x_wconf 88' lang='lat' dir='ltr'>et</span> <span class='ocrx_word' id='word_1_336' title='bbox 451 3710 772 3775; x_wconf 85' lang='lat' dir='ltr'>dilectione,</span> <span class='ocrx_word' id='word_1_337' title='bbox 796 3710 1341 3778; x_wconf 88' lang='lat' dir='ltr'>etsanctiﬁcatione,</span> <span class='ocrx_word' id='word_1_338' title='bbox 1357 3724 1486 3765; x_wconf 88' lang='lat' dir='ltr'>cum</span> <span class='ocrx_word' id='word_1_339' title='bbox 1501 3710 1820 3775; x_wconf 86' lang='lat' dir='ltr'>sobrietate,</span> <span class='ocrx_word' id='word_1_340' title='bbox 1844 3709 1980 3764; x_wconf 82' lang='lat' dir='ltr'>sicut</span> 
     </span>
    </p>
   </div>
   <div class='ocr_carea' id='block_1_44' title="bbox 383 3796 733 3851">
    <p class='ocr_par' dir='ltr' id='par_1_44' title="bbox 383 3796 733 3851">
     <span class='ocr_line' id='line_1_44' title="bbox 383 3796 733 3851; baseline -0.006 0"><span class='ocrx_word' id='word_1_341' title='bbox 383 3796 584 3851; x_wconf 90' lang='lat' dir='ltr'>dictum</span> <span class='ocrx_word' id='word_1_342' title='bbox 632 3805 733 3851; x_wconf 90' lang='lat' dir='ltr'>est.</span> 
     </span>
    </p>
   </div>
   <div class='ocr_carea' id='block_1_45' title="bbox 1021 3920 1384 3976">
    <p class='ocr_par' dir='ltr' id='par_1_45' title="bbox 1021 3920 1384 3976">
     <span class='ocr_line' id='line_1_45' title="bbox 1021 3920 1384 3976; baseline -0.003 -2"><span class='ocrx_word' id='word_1_343' title='bbox 1021 3920 1245 3976; x_wconf 78' lang='lat' dir='ltr'>CAPUT</span> <span class='ocrx_word' id='word_1_344' title='bbox 1293 3921 1384 3974; x_wconf 91' lang='lat' dir='ltr'>III.</span> 
     </span>
    </p>
   </div>
   <div class='ocr_carea' id='block_1_46' title="bbox 456 4051 1973 4124">
    <p class='ocr_par' dir='ltr' id='par_1_46' title="bbox 456 4051 1973 4124">
     <span class='ocr_line' id='line_1_46' title="bbox 456 4051 1973 4124; baseline 0.003 -21"><span class='ocrx_word' id='word_1_345' title='bbox 456 4073 477 4103; x_wconf 77' lang='grc' dir='ltr'>ι</span> <span class='ocrx_word' id='word_1_346' title='bbox 513 4051 713 4107; x_wconf 89' lang='lat' dir='ltr'>Fidelis</span> <span class='ocrx_word' id='word_1_347' title='bbox 745 4067 943 4106; x_wconf 85' lang='lat' dir='ltr'>sermo.</span> <span class='ocrx_word' id='word_1_348' title='bbox 978 4052 1033 4107; x_wconf 93' lang='lat' dir='ltr'>Si</span> <span class='ocrx_word' id='word_1_349' title='bbox 1084 4053 1205 4123; x_wconf 89' lang='lat' dir='ltr'>quis</span> <span class='ocrx_word' id='word_1_350' title='bbox 1253 4052 1631 4123; x_wconf 87' lang='lat' dir='ltr'>episcopatum</span> <span class='ocrx_word' id='word_1_351' title='bbox 1681 4053 1973 4124; x_wconf 89' lang='lat' dir='ltr'>desiderat,</span> 
     </span>
    </p>
   </div>
   <div class='ocr_carea' id='block_1_47' title="bbox 386 4140 1980 4214">
    <p class='ocr_par' dir='ltr' id='par_1_47' title="bbox 386 4140 1980 4214">
     <span class='ocr_line' id='line_1_47' title="bbox 386 4140 1980 4214; baseline 0.004 -23"><span class='ocrx_word' id='word_1_352' title='bbox 386 4160 408 4191; x_wconf 72' lang='grc' dir='ltr'><strong>α</strong></span> <span class='ocrx_word' id='word_1_353' title='bbox 442 4140 642 4195; x_wconf 89' lang='lat' dir='ltr'>bonum</span> <span class='ocrx_word' id='word_1_354' title='bbox 674 4155 811 4210; x_wconf 83' lang='lat' dir='ltr'>Opus</span> <span class='ocrx_word' id='word_1_355' title='bbox 850 4140 1141 4196; x_wconf 90' lang='lat' dir='ltr'>desiderat.</span> <span class='ocrx_word' id='word_1_356' title='bbox 1195 4141 1419 4212; x_wconf 90' lang='lat' dir='ltr'>Oportet</span> <span class='ocrx_word' id='word_1_357' title='bbox 1467 4142 1611 4196; x_wconf 90' lang='lat' dir='ltr'>enim</span> <span class='ocrx_word' id='word_1_358' title='bbox 1660 4142 1980 4214; x_wconf 89' lang='lat' dir='ltr'>episcopum</span> 
     </span>
    </p>
   </div>
   <div class='ocr_carea' id='block_1_48' title="bbox 393 4229 1974 4299">
    <p class='ocr_par' dir='ltr' id='par_1_48' title="bbox 393 4229 1974 4299">
     <span class='ocr_line' id='line_1_48' title="bbox 393 4229 1974 4299; baseline 0.003 -16"><span class='ocrx_word' id='word_1_359' title='bbox 393 4253 414 4276; x_wconf 80' lang='grc' dir='ltr'>α</span> <span class='ocrx_word' id='word_1_360' title='bbox 448 4229 979 4299; x_wconf 89' lang='lat' dir='ltr'>irreprehensibilem</span> <span class='ocrx_word' id='word_1_361' title='bbox 1026 4246 1148 4285; x_wconf 90' lang='lat' dir='ltr'>esse</span> <span class='ocrx_word' id='word_1_362' title='bbox 1194 4230 1352 4286; x_wconf 90' lang='lat' dir='ltr'>unius</span> <span class='ocrx_word' id='word_1_363' title='bbox 1402 4232 1588 4287; x_wconf 85' lang='lat' dir='ltr'>uxoris</span> <span class='ocrx_word' id='word_1_364' title='bbox 1631 4230 1825 4297; x_wconf 84' lang='lat' dir='ltr'>virum,</span> <span class='ocrx_word' id='word_1_365' title='bbox 1880 4249 1974 4287; x_wconf 84' lang='lat' dir='ltr'>so-</span> 
     </span>
    </p>
   </div>
   <div class='ocr_carea' id='block_1_49' title="bbox 2026 1600 2078 1659">
    <p class='ocr_par' dir='ltr' id='par_1_49' title="bbox 2026 1600 2078 1659">
     <span class='ocr_line' id='line_1_49' title="bbox 2026 1600 2078 1659; baseline 0 0"><span class='ocrx_word' id='word_1_366' title='bbox 2026 1600 2078 1659; x_wconf 93' lang='lat' dir='ltr'><strong>B</strong></span> 
     </span>
    </p>
   </div>
   <div class='ocr_carea' id='block_1_50' title="bbox 2102 332 3690 403">
    <p class='ocr_par' dir='ltr' id='par_1_50' title="bbox 2102 332 3690 403">
     <span class='ocr_line' id='line_1_50' title="bbox 2102 332 3690 403; baseline 0.003 -18"><span class='ocrx_word' id='word_1_367' title='bbox 2102 355 2123 379; x_wconf 85' lang='lat'><strong><em>«</em></strong></span> <span class='ocrx_word' id='word_1_368' title='bbox 2161 332 2369 387; x_wconf 90' lang='lat' dir='ltr'>bentes.</span> <span class='ocrx_word' id='word_1_369' title='bbox 2404 333 2656 389; x_wconf 86' lang='lat' dir='ltr'>Mulieres</span> <span class='ocrx_word' id='word_1_370' title='bbox 2688 333 2932 387; x_wconf 89' lang='lat' dir='ltr'>similiter</span> <span class='ocrx_word' id='word_1_371' title='bbox 2974 332 3220 403; x_wconf 89' lang='lat' dir='ltr'>pudicas,</span> <span class='ocrx_word' id='word_1_372' title='bbox 3256 348 3365 388; x_wconf 88' lang='lat' dir='ltr'>non</span> <span class='ocrx_word' id='word_1_373' title='bbox 3392 334 3690 390; x_wconf 90' lang='lat' dir='ltr'>detrahen-</span> 
     </span>
    </p>
   </div>
   <div class='ocr_carea' id='block_1_51' title="bbox 2102 421 3693 489">
    <p class='ocr_par' dir='ltr' id='par_1_51' title="bbox 2102 421 3693 489">
     <span class='ocr_line' id='line_1_51' title="bbox 2102 421 3693 489; baseline 0.003 -16"><span class='ocrx_word' id='word_1_374' title='bbox 2102 429 2259 485; x_wconf 82' lang='lat' dir='ltr'>«tes,</span> <span class='ocrx_word' id='word_1_375' title='bbox 2313 422 2547 489; x_wconf 90' lang='lat' dir='ltr'>sobrias,</span> <span class='ocrx_word' id='word_1_376' title='bbox 2602 422 2790 477; x_wconf 91' lang='lat' dir='ltr'>ﬁdeles</span> <span class='ocrx_word' id='word_1_377' title='bbox 2838 422 2892 475; x_wconf 89' lang='lat' dir='ltr'>in</span> <span class='ocrx_word' id='word_1_378' title='bbox 2951 421 3220 475; x_wconf 90' lang='lat' dir='ltr'>omnibus.</span> <span class='ocrx_word' id='word_1_379' title='bbox 3270 421 3537 477; x_wconf 90' lang='lat' dir='ltr'>Diacones</span> <span class='ocrx_word' id='word_1_380' title='bbox 3588 423 3693 478; x_wconf 92' lang='lat' dir='ltr'>sint</span> 
     </span>
    </p>
   </div>
   <div class='ocr_carea' id='block_1_52' title="bbox 2101 510 3695 584">
    <p class='ocr_par' dir='ltr' id='par_1_52' title="bbox 2101 510 3695 584">
     <span class='ocr_line' id='line_1_52' title="bbox 2101 510 3695 584; baseline 0.005 -24"><span class='ocrx_word' id='word_1_381' title='bbox 2101 531 2123 559; x_wconf 69' lang='grc' dir='ltr'><strong><em>α</em></strong></span> <span class='ocrx_word' id='word_1_382' title='bbox 2158 510 2317 564; x_wconf 90' lang='lat' dir='ltr'>unius</span> <span class='ocrx_word' id='word_1_383' title='bbox 2348 512 2533 566; x_wconf 90' lang='lat' dir='ltr'>uxoris</span> <span class='ocrx_word' id='word_1_384' title='bbox 2566 512 2687 577; x_wconf 86' lang='lat' dir='ltr'>viri,</span> <span class='ocrx_word' id='word_1_385' title='bbox 2724 511 2814 584; x_wconf 89' lang='lat' dir='ltr'>qui</span> <span class='ocrx_word' id='word_1_386' title='bbox 2859 510 2983 565; x_wconf 91' lang='lat' dir='ltr'>ﬁliis</span> <span class='ocrx_word' id='word_1_387' title='bbox 3032 511 3144 565; x_wconf 91' lang='lat' dir='ltr'>suis</span> <span class='ocrx_word' id='word_1_388' title='bbox 3194 510 3333 565; x_wconf 90' lang='lat' dir='ltr'>bene</span> <span class='ocrx_word' id='word_1_389' title='bbox 3364 513 3606 582; x_wconf 68' lang='lat' dir='ltr'>prazsint,</span> <span class='ocrx_word' id='word_1_390' title='bbox 3640 521 3695 568; x_wconf 90' lang='lat' dir='ltr'>et</span> 
     </span>
    </p>
   </div>
   <div class='ocr_carea' id='block_1_53' title="bbox 2102 600 3693 673">
    <p class='ocr_par' dir='ltr' id='par_1_53' title="bbox 2102 600 3693 673">
     <span class='ocr_line' id='line_1_53' title="bbox 2102 600 3693 673; baseline 0.002 -21"><span class='ocrx_word' id='word_1_391' title='bbox 2102 620 2122 646; x_wconf 85' lang='grc' dir='ltr'>α</span> <span class='ocrx_word' id='word_1_392' title='bbox 2160 600 2273 653; x_wconf 91' lang='lat' dir='ltr'>suis</span> <span class='ocrx_word' id='word_1_393' title='bbox 2306 600 2578 655; x_wconf 90' lang='lat' dir='ltr'>domibus.</span> <span class='ocrx_word' id='word_1_394' title='bbox 2613 600 2716 670; x_wconf 86' lang='lat' dir='ltr'>Qui</span> <span class='ocrx_word' id='word_1_395' title='bbox 2743 600 2885 656; x_wconf 91' lang='lat' dir='ltr'>enim</span> <span class='ocrx_word' id='word_1_396' title='bbox 2920 600 3058 655; x_wconf 88' lang='lat' dir='ltr'>bene</span> <span class='ocrx_word' id='word_1_397' title='bbox 3086 600 3527 666; x_wconf 86' lang='lat' dir='ltr'>ministraverint,</span> <span class='ocrx_word' id='word_1_398' title='bbox 3562 619 3693 673; x_wconf 87' lang='lat' dir='ltr'>gra-</span> 
     </span>
    </p>
   </div>
   <div class='ocr_carea' id='block_1_54' title="bbox 2101 688 3694 760">
    <p class='ocr_par' dir='ltr' id='par_1_54' title="bbox 2101 688 3694 760">
     <span class='ocr_line' id='line_1_54' title="bbox 2101 688 3694 760; baseline 0.003 -19"><span class='ocrx_word' id='word_1_399' title='bbox 2101 711 2121 733; x_wconf 83' lang='grc' dir='ltr'>α</span> <span class='ocrx_word' id='word_1_400' title='bbox 2159 688 2285 742; x_wconf 93' lang='lat' dir='ltr'>dum</span> <span class='ocrx_word' id='word_1_401' title='bbox 2328 689 2430 743; x_wconf 93' lang='lat' dir='ltr'>sibi</span> <span class='ocrx_word' id='word_1_402' title='bbox 2481 690 2678 745; x_wconf 89' lang='lat' dir='ltr'>bonum</span> <span class='ocrx_word' id='word_1_403' title='bbox 2726 690 3025 760; x_wconf 86' lang='lat' dir='ltr'>acquirent,</span> <span class='ocrx_word' id='word_1_404' title='bbox 3062 697 3113 743; x_wconf 92' lang='lat' dir='ltr'>et</span> <span class='ocrx_word' id='word_1_405' title='bbox 3159 689 3386 744; x_wconf 90' lang='lat' dir='ltr'>multum</span> <span class='ocrx_word' id='word_1_406' title='bbox 3439 690 3694 747; x_wconf 73' lang='lat' dir='ltr'>fiduciam</span> 
     </span>
    </p>
   </div>
   <div class='ocr_carea' id='block_1_55' title="bbox 2102 776 3691 850">
    <p class='ocr_par' dir='ltr' id='par_1_55' title="bbox 2102 776 3691 850">
     <span class='ocr_line' id='line_1_55' title="bbox 2102 776 3691 850; baseline 0.003 -20"><span class='ocrx_word' id='word_1_407' title='bbox 2102 799 2122 822; x_wconf 88' lang='grc'>‹‹</span> <span class='ocrx_word' id='word_1_408' title='bbox 2157 777 2213 830; x_wconf 90' lang='lat' dir='ltr'>in</span> <span class='ocrx_word' id='word_1_409' title='bbox 2243 776 2348 831; x_wconf 92' lang='lat' dir='ltr'>ﬁde</span> <span class='ocrx_word' id='word_1_410' title='bbox 2380 794 2501 850; x_wconf 78' lang='lat' dir='ltr'>quae</span> <span class='ocrx_word' id='word_1_411' title='bbox 2531 787 2612 833; x_wconf 90' lang='lat' dir='ltr'>est</span> <span class='ocrx_word' id='word_1_412' title='bbox 2640 780 2694 833; x_wconf 89' lang='lat' dir='ltr'>in</span> <span class='ocrx_word' id='word_1_413' title='bbox 2726 779 2936 834; x_wconf 88' lang='lat' dir='ltr'>Christo</span> <span class='ocrx_word' id='word_1_414' title='bbox 2966 779 3114 833; x_wconf 86' lang='lat' dir='ltr'>Jesu.</span> <span class='ocrx_word' id='word_1_415' title='bbox 3167 780 3296 834; x_wconf 86' lang='lat' dir='ltr'>Haec</span> <span class='ocrx_word' id='word_1_416' title='bbox 3346 779 3441 833; x_wconf 89' lang='lat' dir='ltr'>tibi</span> <span class='ocrx_word' id='word_1_417' title='bbox 3488 780 3691 847; x_wconf 90' lang='lat' dir='ltr'>scribo,</span> 
     </span>
    </p>
   </div>
   <div class='ocr_carea' id='block_1_56' title="bbox 2101 864 3697 939">
    <p class='ocr_par' dir='ltr' id='par_1_56' title="bbox 2101 864 3697 939">
     <span class='ocr_line' id='line_1_56' title="bbox 2101 864 3697 939; baseline 0.003 -21"><span class='ocrx_word' id='word_1_418' title='bbox 2101 888 2121 912; x_wconf 79' lang='grc' dir='ltr'>α</span> <span class='ocrx_word' id='word_1_419' title='bbox 2159 864 2233 919; x_wconf 91' lang='lat' dir='ltr'>ﬁli</span> <span class='ocrx_word' id='word_1_420' title='bbox 2282 866 2579 934; x_wconf 90' lang='lat' dir='ltr'>Timothee,</span> <span class='ocrx_word' id='word_1_421' title='bbox 2629 883 2855 939; x_wconf 85' lang='lat' dir='ltr'>sperans</span> <span class='ocrx_word' id='word_1_422' title='bbox 2902 883 2989 921; x_wconf 89' lang='lat' dir='ltr'>me</span> <span class='ocrx_word' id='word_1_423' title='bbox 3048 867 3234 922; x_wconf 88' lang='lat' dir='ltr'>venire</span> <span class='ocrx_word' id='word_1_424' title='bbox 3282 868 3352 922; x_wconf 91' lang='lat' dir='ltr'>ad</span> <span class='ocrx_word' id='word_1_425' title='bbox 3382 876 3430 923; x_wconf 91' lang='lat' dir='ltr'>te</span> <span class='ocrx_word' id='word_1_426' title='bbox 3477 869 3601 924; x_wconf 88' lang='lat' dir='ltr'>cito.</span> <span class='ocrx_word' id='word_1_427' title='bbox 3638 869 3697 925; x_wconf 92' lang='lat' dir='ltr'>Si</span> 
     </span>
    </p>
   </div>
   <div class='ocr_carea' id='block_1_57' title="bbox 2106 955 3700 1027">
    <p class='ocr_par' dir='ltr' id='par_1_57' title="bbox 2106 955 3700 1027">
     <span class='ocr_line' id='line_1_57' title="bbox 2106 955 3700 1027; baseline 0.005 -23"><span class='ocrx_word' id='word_1_428' title='bbox 2106 975 2123 1004; x_wconf 68' lang='grc' dir='ltr'><strong>ε</strong></span> <span class='ocrx_word' id='word_1_429' title='bbox 2158 962 2336 1009; x_wconf 90' lang='lat' dir='ltr'>autem</span> <span class='ocrx_word' id='word_1_430' title='bbox 2368 956 2675 1021; x_wconf 88' lang='lat' dir='ltr'>tardavero,</span> <span class='ocrx_word' id='word_1_431' title='bbox 2710 964 2765 1010; x_wconf 94' lang='lat' dir='ltr'>ut</span> <span class='ocrx_word' id='word_1_432' title='bbox 2796 955 2934 1012; x_wconf 88' lang='lat' dir='ltr'>scias</span> <span class='ocrx_word' id='word_1_433' title='bbox 2965 957 3238 1027; x_wconf 87' lang='lat' dir='ltr'>quomodo</span> <span class='ocrx_word' id='word_1_434' title='bbox 3282 964 3531 1027; x_wconf 88' lang='lat' dir='ltr'>oporteat</span> <span class='ocrx_word' id='word_1_435' title='bbox 3560 965 3612 1012; x_wconf 92' lang='lat' dir='ltr'>te</span> <span class='ocrx_word' id='word_1_436' title='bbox 3641 958 3700 1012; x_wconf 90' lang='lat' dir='ltr'>in</span> 
     </span>
    </p>
   </div>
   <div class='ocr_carea' id='block_1_58' title="bbox 2102 1044 3693 1116">
    <p class='ocr_par' dir='ltr' id='par_1_58' title="bbox 2102 1044 3693 1116">
     <span class='ocr_line' id='line_1_58' title="bbox 2102 1044 3693 1116; baseline 0.004 -23"><span class='ocrx_word' id='word_1_437' title='bbox 2102 1064 2123 1093; x_wconf 74' lang='grc' dir='ltr'><strong><em>α</em></strong></span> <span class='ocrx_word' id='word_1_438' title='bbox 2160 1044 2323 1098; x_wconf 92' lang='lat' dir='ltr'>domo</span> <span class='ocrx_word' id='word_1_439' title='bbox 2355 1044 2454 1099; x_wconf 91' lang='lat' dir='ltr'>Dei</span> <span class='ocrx_word' id='word_1_440' title='bbox 2487 1045 2821 1111; x_wconf 82' lang='lat' dir='ltr'>conversari,</span> <span class='ocrx_word' id='word_1_441' title='bbox 2871 1062 2989 1116; x_wconf 78' lang='lat' dir='ltr'>quae</span> <span class='ocrx_word' id='word_1_442' title='bbox 3029 1053 3108 1099; x_wconf 89' lang='lat' dir='ltr'>est</span> <span class='ocrx_word' id='word_1_443' title='bbox 3140 1044 3383 1100; x_wconf 89' lang='lat' dir='ltr'>Ecclesia</span> <span class='ocrx_word' id='word_1_444' title='bbox 3417 1046 3515 1100; x_wconf 90' lang='lat' dir='ltr'>Dei</span> <span class='ocrx_word' id='word_1_445' title='bbox 3563 1046 3693 1113; x_wconf 89' lang='lat' dir='ltr'>vivi,</span> 
     </span>
    </p>
   </div>
   <div class='ocr_carea' id='block_1_59' title="bbox 2102 1132 3697 1190">
    <p class='ocr_par' dir='ltr' id='par_1_59' title="bbox 2102 1132 3697 1190">
     <span class='ocr_line' id='line_1_59' title="bbox 2102 1132 3697 1190; baseline 0.006 -9"><span class='ocrx_word' id='word_1_446' title='bbox 2102 1154 2123 1181; x_wconf 71' lang='grc' dir='ltr'>α</span> <span class='ocrx_word' id='word_1_447' title='bbox 2168 1132 2421 1187; x_wconf 87' lang='lat' dir='ltr'>columna</span> <span class='ocrx_word' id='word_1_448' title='bbox 2452 1142 2505 1188; x_wconf 91' lang='lat' dir='ltr'>et</span> <span class='ocrx_word' id='word_1_449' title='bbox 2558 1132 2954 1189; x_wconf 89' lang='lat' dir='ltr'>ﬁrmamentum</span> <span class='ocrx_word' id='word_1_450' title='bbox 3004 1134 3264 1189; x_wconf 89' lang='lat' dir='ltr'>veritatis.</span> <span class='ocrx_word' id='word_1_451' title='bbox 3314 1135 3381 1188; x_wconf 84' lang='lat' dir='ltr'>Et</span> <span class='ocrx_word' id='word_1_452' title='bbox 3410 1134 3697 1190; x_wconf 85' lang='lat' dir='ltr'>manifeste</span> 
     </span>
    </p>
   </div>
   <div class='ocr_carea' id='block_1_60' title="bbox 2102 1223 3696 1294">
    <p class='ocr_par' dir='ltr' id='par_1_60' title="bbox 2102 1223 3696 1294">
     <span class='ocr_line' id='line_1_60' title="bbox 2102 1223 3696 1294; baseline 0.005 -23"><span class='ocrx_word' id='word_1_453' title='bbox 2102 1242 2123 1270; x_wconf 70' lang='grc' dir='ltr'><strong>α</strong></span> <span class='ocrx_word' id='word_1_454' title='bbox 2158 1238 2418 1292; x_wconf 86' lang='lat' dir='ltr'>magnum</span> <span class='ocrx_word' id='word_1_455' title='bbox 2452 1230 2533 1277; x_wconf 90' lang='lat' dir='ltr'>est</span> <span class='ocrx_word' id='word_1_456' title='bbox 2563 1223 2781 1292; x_wconf 91' lang='lat' dir='ltr'>pietatis</span> <span class='ocrx_word' id='word_1_457' title='bbox 2827 1232 3257 1288; x_wconf 88' lang='lat' dir='ltr'>sacramentum,</span> <span class='ocrx_word' id='word_1_458' title='bbox 3289 1224 3432 1294; x_wconf 91' lang='lat' dir='ltr'>quod</span> <span class='ocrx_word' id='word_1_459' title='bbox 3464 1223 3696 1279; x_wconf 82' lang='lat' dir='ltr'>manife-</span> 
     </span>
    </p>
   </div>
   <div class='ocr_carea' id='block_1_61' title="bbox 2101 1311 3693 1382">
    <p class='ocr_par' dir='ltr' id='par_1_61' title="bbox 2101 1311 3693 1382">
     <span class='ocr_line' id='line_1_61' title="bbox 2101 1311 3693 1382; baseline 0.001 -19"><span class='ocrx_word' id='word_1_460' title='bbox 2101 1333 2120 1355; x_wconf 84' lang='lat'><strong>«</strong></span> <span class='ocrx_word' id='word_1_461' title='bbox 2153 1318 2352 1364; x_wconf 89' lang='lat' dir='ltr'>statum</span> <span class='ocrx_word' id='word_1_462' title='bbox 2385 1320 2466 1365; x_wconf 91' lang='lat' dir='ltr'>est</span> <span class='ocrx_word' id='word_1_463' title='bbox 2500 1311 2553 1373; x_wconf 87' lang='lat' dir='ltr'>in</span> <span class='ocrx_word' id='word_1_464' title='bbox 2583 1326 2769 1375; x_wconf 89' lang='lat' dir='ltr'>carne,</span> <span class='ocrx_word' id='word_1_465' title='bbox 2806 1320 2858 1367; x_wconf 92' lang='lat' dir='ltr'>et</span> <span class='ocrx_word' id='word_1_466' title='bbox 2907 1311 3258 1379; x_wconf 85' lang='lat' dir='ltr'>justiﬁcatum</span> <span class='ocrx_word' id='word_1_467' title='bbox 3290 1320 3371 1366; x_wconf 91' lang='lat' dir='ltr'>est</span> <span class='ocrx_word' id='word_1_468' title='bbox 3398 1313 3453 1365; x_wconf 91' lang='lat' dir='ltr'>in</span> <span class='ocrx_word' id='word_1_469' title='bbox 3484 1312 3693 1382; x_wconf 87' lang='lat' dir='ltr'>spiritu,</span> 
     </span>
    </p>
   </div>
   <div class='ocr_carea' id='block_1_62' title="bbox 2101 1400 3691 1472">
    <p class='ocr_par' dir='ltr' id='par_1_62' title="bbox 2101 1400 3691 1472">
     <span class='ocr_line' id='line_1_62' title="bbox 2101 1400 3691 1472; baseline 0.001 -21"><span class='ocrx_word' id='word_1_470' title='bbox 2101 1420 2121 1444; x_wconf 78' lang='grc' dir='ltr'>α</span> <span class='ocrx_word' id='word_1_471' title='bbox 2157 1400 2405 1468; x_wconf 84' lang='lat' dir='ltr'>apparuit</span> <span class='ocrx_word' id='word_1_472' title='bbox 2436 1400 2666 1471; x_wconf 84' lang='lat' dir='ltr'>angelis,</span> <span class='ocrx_word' id='word_1_473' title='bbox 2703 1400 3052 1470; x_wconf 56' lang='lat' dir='ltr'>praedicatum</span> <span class='ocrx_word' id='word_1_474' title='bbox 3081 1408 3163 1454; x_wconf 87' lang='lat' dir='ltr'>est</span> <span class='ocrx_word' id='word_1_475' title='bbox 3200 1401 3472 1472; x_wconf 88' lang='lat' dir='ltr'>gentibus,</span> <span class='ocrx_word' id='word_1_476' title='bbox 3507 1400 3691 1456; x_wconf 83' lang='lat' dir='ltr'>credi-</span> 
     </span>
    </p>
   </div>
   <div class='ocr_carea' id='block_1_63' title="bbox 2100 1488 3581 1561">
    <p class='ocr_par' dir='ltr' id='par_1_63' title="bbox 2100 1488 3581 1561">
     <span class='ocr_line' id='line_1_63' title="bbox 2100 1488 3581 1561; baseline 0.002 -20"><span class='ocrx_word' id='word_1_477' title='bbox 2100 1510 2111 1533; x_wconf 75' lang='grc' dir='ltr'>ι</span> <span class='ocrx_word' id='word_1_478' title='bbox 2159 1495 2269 1541; x_wconf 90' lang='lat' dir='ltr'>tum</span> <span class='ocrx_word' id='word_1_479' title='bbox 2302 1495 2383 1542; x_wconf 91' lang='lat' dir='ltr'>est</span> <span class='ocrx_word' id='word_1_480' title='bbox 2412 1488 2467 1542; x_wconf 90' lang='lat' dir='ltr'>in</span> <span class='ocrx_word' id='word_1_481' title='bbox 2498 1489 2719 1557; x_wconf 91' lang='lat' dir='ltr'>mundo,</span> <span class='ocrx_word' id='word_1_482' title='bbox 2754 1496 3092 1559; x_wconf 90' lang='lat' dir='ltr'>assumptum</span> <span class='ocrx_word' id='word_1_483' title='bbox 3123 1496 3205 1544; x_wconf 90' lang='lat' dir='ltr'>est</span> <span class='ocrx_word' id='word_1_484' title='bbox 3237 1488 3293 1542; x_wconf 90' lang='lat' dir='ltr'>in</span> <span class='ocrx_word' id='word_1_485' title='bbox 3330 1489 3521 1561; x_wconf 82' lang='lat' dir='ltr'>gloria.</span> <span class='ocrx_word' id='word_1_486' title='bbox 3563 1514 3581 1536; x_wconf 82' lang='grc' dir='ltr'>ιι</span> 
     </span>
    </p>
   </div>
   <div class='ocr_carea' id='block_1_64' title="bbox 2741 1632 3105 1693">
    <p class='ocr_par' dir='ltr' id='par_1_64' title="bbox 2741 1632 3105 1693">
     <span class='ocr_line' id='line_1_64' title="bbox 2741 1632 3105 1693; baseline 0.003 -1"><span class='ocrx_word' id='word_1_487' title='bbox 2741 1653 3061 1693; x_wconf 73' lang='lat' dir='ltr'>exrosmo.</span> <span class='ocrx_word' id='word_1_488' title='bbox 3100 1632 3105 1635; x_wconf 16' lang='grc' dir='ltr'><strong>Α</strong></span> 
     </span>
    </p>
   </div>
   <div class='ocr_carea' id='block_1_65' title="bbox 2169 1753 3695 1824">
    <p class='ocr_par' dir='ltr' id='par_1_65' title="bbox 2169 1753 3695 1824">
     <span class='ocr_line' id='line_1_65' title="bbox 2169 1753 3695 1824; baseline 0.004 -18"><span class='ocrx_word' id='word_1_489' title='bbox 2169 1754 2458 1824; x_wconf 89' lang='lat' dir='ltr'>Postquam</span> <span class='ocrx_word' id='word_1_490' title='bbox 2491 1754 2935 1809; x_wconf 87' lang='lat' dir='ltr'>communitatem</span> <span class='ocrx_word' id='word_1_491' title='bbox 2965 1753 3225 1810; x_wconf 66' lang='lat' dir='ltr'>Ecclesia:</span> <span class='ocrx_word' id='word_1_492' title='bbox 3260 1755 3535 1810; x_wconf 90' lang='lat' dir='ltr'>admonuit</span> <span class='ocrx_word' id='word_1_493' title='bbox 3565 1773 3695 1812; x_wconf 86' lang='lat' dir='ltr'>ora-</span> 
     </span>
    </p>
   </div>
   <div class='ocr_carea' id='block_1_66' title="bbox 2095 1842 3694 1915">
    <p class='ocr_par' dir='ltr' id='par_1_66' title="bbox 2095 1842 3694 1915">
     <span class='ocr_line' id='line_1_66' title="bbox 2095 1842 3694 1915; baseline 0.004 -21"><span class='ocrx_word' id='word_1_494' title='bbox 2095 1858 2171 1909; x_wconf 90' lang='lat' dir='ltr'>re,</span> <span class='ocrx_word' id='word_1_495' title='bbox 2208 1850 2259 1895; x_wconf 90' lang='lat' dir='ltr'>et</span> <span class='ocrx_word' id='word_1_496' title='bbox 2290 1856 2363 1895; x_wconf 79' lang='lat' dir='ltr'>ex</span> <span class='ocrx_word' id='word_1_497' title='bbox 2394 1842 2495 1897; x_wconf 91' lang='lat' dir='ltr'>hoc</span> <span class='ocrx_word' id='word_1_498' title='bbox 2526 1843 2801 1912; x_wconf 90' lang='lat' dir='ltr'>publicum</span> <span class='ocrx_word' id='word_1_499' title='bbox 2834 1852 3168 1915; x_wconf 67' lang='lat' dir='ltr'>prmceptum</span> <span class='ocrx_word' id='word_1_500' title='bbox 3198 1844 3253 1898; x_wconf 92' lang='lat' dir='ltr'>in</span> <span class='ocrx_word' id='word_1_501' title='bbox 3299 1846 3547 1899; x_wconf 88' lang='lat' dir='ltr'>omnibus</span> <span class='ocrx_word' id='word_1_502' title='bbox 3597 1848 3694 1901; x_wconf 87' lang='lat' dir='ltr'>de-</span> 
     </span>
    </p>
   </div>
   <div class='ocr_carea' id='block_1_67' title="bbox 2095 1929 3694 2005">
    <p class='ocr_par' dir='ltr' id='par_1_67' title="bbox 2095 1929 3694 2005">
     <span class='ocr_line' id='line_1_67' title="bbox 2095 1929 3694 2005; baseline 0.004 -22"><span class='ocrx_word' id='word_1_503' title='bbox 2095 1929 2188 1997; x_wconf 90' lang='lat' dir='ltr'>dit,</span> <span class='ocrx_word' id='word_1_504' title='bbox 2223 1931 2408 1984; x_wconf 91' lang='lat' dir='ltr'>subdit</span> <span class='ocrx_word' id='word_1_505' title='bbox 2436 1932 2686 2002; x_wconf 66' lang='lat' dir='ltr'>queedam</span> <span class='ocrx_word' id='word_1_506' title='bbox 2736 1933 2911 1987; x_wconf 88' lang='lat' dir='ltr'>divisa</span> <span class='ocrx_word' id='word_1_507' title='bbox 2961 1941 3251 2003; x_wconf 63' lang='lat' dir='ltr'>praecepta,</span> <span class='ocrx_word' id='word_1_508' title='bbox 3304 1951 3425 2005; x_wconf 65' lang='lat' dir='ltr'>quae</span> <span class='ocrx_word' id='word_1_509' title='bbox 3472 1951 3581 1989; x_wconf 90' lang='lat' dir='ltr'>non</span> <span class='ocrx_word' id='word_1_510' title='bbox 3624 1936 3694 1991; x_wconf 89' lang='lat' dir='ltr'>de</span> 
     </span>
    </p>
   </div>
   <div class='ocr_carea' id='block_1_68' title="bbox 2094 2018 3689 2089">
    <p class='ocr_par' dir='ltr' id='par_1_68' title="bbox 2094 2018 3689 2089">
     <span class='ocr_line' id='line_1_68' title="bbox 2094 2018 3689 2089; baseline 0.004 -18"><span class='ocrx_word' id='word_1_511' title='bbox 2094 2018 2343 2072; x_wconf 87' lang='lat' dir='ltr'>omnibus</span> <span class='ocrx_word' id='word_1_512' title='bbox 2374 2029 2560 2089; x_wconf 80' lang='lat' dir='ltr'>agant,</span> <span class='ocrx_word' id='word_1_513' title='bbox 2597 2021 2805 2077; x_wconf 88' lang='lat' dir='ltr'>scilicet</span> <span class='ocrx_word' id='word_1_514' title='bbox 2858 2022 2925 2076; x_wconf 90' lang='lat' dir='ltr'>de</span> <span class='ocrx_word' id='word_1_515' title='bbox 2963 2022 3269 2077; x_wconf 89' lang='lat' dir='ltr'>sacerdotio</span> <span class='ocrx_word' id='word_1_516' title='bbox 3300 2030 3353 2076; x_wconf 90' lang='lat' dir='ltr'>et</span> <span class='ocrx_word' id='word_1_517' title='bbox 3380 2023 3689 2089; x_wconf 90' lang='lat' dir='ltr'>diaconatu,</span> 
     </span>
    </p>
   </div>
   <div class='ocr_carea' id='block_1_69' title="bbox 2092 2106 3694 2181">
    <p class='ocr_par' dir='ltr' id='par_1_69' title="bbox 2092 2106 3694 2181">
     <span class='ocr_line' id='line_1_69' title="bbox 2092 2106 3694 2181; baseline 0.005 -22"><span class='ocrx_word' id='word_1_518' title='bbox 2092 2106 2369 2161; x_wconf 88' lang='lat' dir='ltr'>insinuans</span> <span class='ocrx_word' id='word_1_519' title='bbox 2400 2108 2591 2179; x_wconf 87' lang='lat' dir='ltr'>quales</span> <span class='ocrx_word' id='word_1_520' title='bbox 2610 2151 2624 2174; x_wconf 95' lang='lat'>,</span> <span class='ocrx_word' id='word_1_521' title='bbox 2658 2118 2710 2164; x_wconf 92' lang='lat' dir='ltr'>et</span> <span class='ocrx_word' id='word_1_522' title='bbox 2740 2110 3013 2181; x_wconf 90' lang='lat' dir='ltr'>quomodo</span> <span class='ocrx_word' id='word_1_523' title='bbox 3044 2110 3114 2164; x_wconf 93' lang='lat' dir='ltr'>ad</span> <span class='ocrx_word' id='word_1_524' title='bbox 3143 2110 3277 2165; x_wconf 91' lang='lat' dir='ltr'>istos</span> <span class='ocrx_word' id='word_1_525' title='bbox 3333 2111 3553 2166; x_wconf 88' lang='lat' dir='ltr'>ordines</span> <span class='ocrx_word' id='word_1_526' title='bbox 3586 2112 3694 2167; x_wconf 91' lang='lat' dir='ltr'>sint</span> 
     </span>
    </p>
   </div>
   <div class='ocr_carea' id='block_1_70' title="bbox 2090 2196 3695 2269">
    <p class='ocr_par' dir='ltr' id='par_1_70' title="bbox 2090 2196 3695 2269">
     <span class='ocr_line' id='line_1_70' title="bbox 2090 2196 3695 2269; baseline 0.005 -21"><span class='ocrx_word' id='word_1_527' title='bbox 2090 2196 2463 2266; x_wconf 78' lang='lat' dir='ltr'>promovendi.</span> <span class='ocrx_word' id='word_1_528' title='bbox 2490 2196 2646 2264; x_wconf 87' lang='lat' dir='ltr'>Quod</span> <span class='ocrx_word' id='word_1_529' title='bbox 2669 2206 3001 2268; x_wconf 63' lang='lat' dir='ltr'>praeceptum</span> <span class='ocrx_word' id='word_1_530' title='bbox 3024 2198 3148 2269; x_wconf 91' lang='lat' dir='ltr'>quia</span> <span class='ocrx_word' id='word_1_531' title='bbox 3169 2199 3301 2255; x_wconf 89' lang='lat' dir='ltr'>vidit</span> <span class='ocrx_word' id='word_1_532' title='bbox 3327 2216 3619 2255; x_wconf 88' lang='lat' dir='ltr'>onerosum</span> <span class='ocrx_word' id='word_1_533' title='bbox 3641 2209 3695 2256; x_wconf 94' lang='lat' dir='ltr'>et</span> 
     </span>
    </p>
   </div>
   <div class='ocr_carea' id='block_1_71' title="bbox 2093 2284 3690 2358">
    <p class='ocr_par' dir='ltr' id='par_1_71' title="bbox 2093 2284 3690 2358">
     <span class='ocr_line' id='line_1_71' title="bbox 2093 2284 3690 2358; baseline 0.004 -21"><span class='ocrx_word' id='word_1_534' title='bbox 2093 2284 2314 2339; x_wconf 87' lang='lat' dir='ltr'>difﬁcile</span> <span class='ocrx_word' id='word_1_535' title='bbox 2346 2285 2691 2355; x_wconf 89' lang='lat' dir='ltr'>quibusdam,</span> <span class='ocrx_word' id='word_1_536' title='bbox 2717 2295 3007 2358; x_wconf 85' lang='lat' dir='ltr'>antequam</span> <span class='ocrx_word' id='word_1_537' title='bbox 3038 2296 3303 2358; x_wconf 88' lang='lat' dir='ltr'>proponat</span> <span class='ocrx_word' id='word_1_538' title='bbox 3323 2290 3690 2355; x_wconf 85' lang='lat' dir='ltr'>commendat,</span> 
     </span>
    </p>
   </div>
   <div class='ocr_carea' id='block_1_72' title="bbox 2092 2372 3688 2446">
    <p class='ocr_par' dir='ltr' id='par_1_72' title="bbox 2092 2372 3688 2446">
     <span class='ocr_line' id='line_1_72' title="bbox 2092 2372 3688 2446; baseline 0.003 -21"><span class='ocrx_word' id='word_1_539' title='bbox 2092 2372 2281 2427; x_wconf 89' lang='lat' dir='ltr'>dicens</span> <span class='ocrx_word' id='word_1_540' title='bbox 2316 2389 2327 2427; x_wconf 87' lang='lat'><strong>:</strong></span> <span class='ocrx_word' id='word_1_541' title='bbox 2359 2373 2454 2428; x_wconf 85' lang='lat' dir='ltr'>llic</span> <span class='ocrx_word' id='word_1_542' title='bbox 2483 2392 2666 2430; x_wconf 83' lang='lat' dir='ltr'>sermo</span> <span class='ocrx_word' id='word_1_543' title='bbox 2706 2392 2867 2446; x_wconf 88' lang='lat' dir='ltr'>quem</span> <span class='ocrx_word' id='word_1_544' title='bbox 2917 2375 3155 2431; x_wconf 90' lang='lat' dir='ltr'>dicturus</span> <span class='ocrx_word' id='word_1_545' title='bbox 3204 2385 3329 2431; x_wconf 89' lang='lat' dir='ltr'>sunt</span> <span class='ocrx_word' id='word_1_546' title='bbox 3373 2378 3556 2445; x_wconf 86' lang='lat' dir='ltr'>ﬁdelis</span> <span class='ocrx_word' id='word_1_547' title='bbox 3587 2386 3688 2444; x_wconf 90' lang='lat' dir='ltr'>est,</span> 
     </span>
    </p>
   </div>
   <div class='ocr_carea' id='block_1_73' title="bbox 2092 2460 3689 2532">
    <p class='ocr_par' dir='ltr' id='par_1_73' title="bbox 2092 2460 3689 2532">
     <span class='ocr_line' id='line_1_73' title="bbox 2092 2460 3689 2532; baseline 0.004 -19"><span class='ocrx_word' id='word_1_548' title='bbox 2092 2460 2146 2514; x_wconf 90' lang='lat' dir='ltr'>id</span> <span class='ocrx_word' id='word_1_549' title='bbox 2178 2470 2260 2515; x_wconf 89' lang='lat' dir='ltr'>est</span> <span class='ocrx_word' id='word_1_550' title='bbox 2291 2462 2442 2518; x_wconf 91' lang='lat' dir='ltr'>credi</span> <span class='ocrx_word' id='word_1_551' title='bbox 2472 2463 2654 2532; x_wconf 87' lang='lat' dir='ltr'>debet,</span> <span class='ocrx_word' id='word_1_552' title='bbox 2687 2472 2739 2519; x_wconf 88' lang='lat' dir='ltr'>et</span> <span class='ocrx_word' id='word_1_553' title='bbox 2770 2465 2973 2519; x_wconf 86' lang='lat' dir='ltr'>nemini</span> <span class='ocrx_word' id='word_1_554' title='bbox 3017 2473 3097 2521; x_wconf 91' lang='lat' dir='ltr'>est</span> <span class='ocrx_word' id='word_1_555' title='bbox 3129 2480 3416 2520; x_wconf 89' lang='lat' dir='ltr'>onerosus.</span> <span class='ocrx_word' id='word_1_556' title='bbox 3450 2466 3549 2522; x_wconf 73' lang='lat' dir='ltr'>llic</span> <span class='ocrx_word' id='word_1_557' title='bbox 3579 2467 3689 2521; x_wconf 90' lang='lat' dir='ltr'>uti-</span> 
     </span>
    </p>
   </div>
   <div class='ocr_carea' id='block_1_74' title="bbox 2092 2554 3691 2627">
    <p class='ocr_par' dir='ltr' id='par_1_74' title="bbox 2092 2554 3691 2627">
     <span class='ocr_line' id='line_1_74' title="bbox 2092 2554 3691 2627; baseline 0.004 -23"><span class='ocrx_word' id='word_1_558' title='bbox 2092 2567 2195 2622; x_wconf 90' lang='lat' dir='ltr'>que</span> <span class='ocrx_word' id='word_1_559' title='bbox 2225 2559 2310 2605; x_wconf 88' lang='lat' dir='ltr'>est</span> <span class='ocrx_word' id='word_1_560' title='bbox 2343 2568 2521 2607; x_wconf 89' lang='lat' dir='ltr'>sermo</span> <span class='ocrx_word' id='word_1_561' title='bbox 2548 2569 2710 2623; x_wconf 90' lang='lat' dir='ltr'>quem</span> <span class='ocrx_word' id='word_1_562' title='bbox 2732 2554 3056 2608; x_wconf 91' lang='lat' dir='ltr'>commendo</span> <span class='ocrx_word' id='word_1_563' title='bbox 3090 2572 3101 2607; x_wconf 95' lang='lat'><strong>:</strong></span> <span class='ocrx_word' id='word_1_564' title='bbox 3134 2559 3351 2627; x_wconf 84' lang='lat' dir='ltr'>oportet</span> <span class='ocrx_word' id='word_1_565' title='bbox 3370 2556 3691 2627; x_wconf 86' lang='lat' dir='ltr'>episcopum</span> 
     </span>
    </p>
   </div>
   <div class='ocr_carea' id='block_1_75' title="bbox 2091 2642 3689 2714">
    <p class='ocr_par' dir='ltr' id='par_1_75' title="bbox 2091 2642 3689 2714">
     <span class='ocr_line' id='line_1_75' title="bbox 2091 2642 3689 2714; baseline 0.002 -20"><span class='ocrx_word' id='word_1_566' title='bbox 2091 2656 2206 2694; x_wconf 88' lang='lat' dir='ltr'>esse</span> <span class='ocrx_word' id='word_1_567' title='bbox 2237 2642 2807 2711; x_wconf 84' lang='lat' dir='ltr'>irreprehensibilem.</span> <span class='ocrx_word' id='word_1_568' title='bbox 2842 2642 2939 2697; x_wconf 89' lang='lat' dir='ltr'>Hic</span> <span class='ocrx_word' id='word_1_569' title='bbox 2959 2650 3140 2697; x_wconf 90' lang='lat' dir='ltr'>autem</span> <span class='ocrx_word' id='word_1_570' title='bbox 3159 2660 3260 2713; x_wconf 91' lang='lat' dir='ltr'>per</span> <span class='ocrx_word' id='word_1_571' title='bbox 3282 2644 3596 2714; x_wconf 88' lang='lat' dir='ltr'>episcopum</span> <span class='ocrx_word' id='word_1_572' title='bbox 3615 2645 3689 2699; x_wconf 91' lang='lat' dir='ltr'>si-</span> 
     </span>
    </p>
   </div>
   <div class='ocr_carea' id='block_1_76' title="bbox 2089 2726 3687 2801">
    <p class='ocr_par' dir='ltr' id='par_1_76' title="bbox 2089 2726 3687 2801">
     <span class='ocr_line' id='line_1_76' title="bbox 2089 2726 3687 2801; baseline 0.004 -21"><span class='ocrx_word' id='word_1_573' title='bbox 2089 2726 2308 2800; x_wconf 87' lang='lat' dir='ltr'>gniﬁcat</span> <span class='ocrx_word' id='word_1_574' title='bbox 2363 2731 2721 2785; x_wconf 89' lang='lat' dir='ltr'>sacerdotem.</span> <span class='ocrx_word' id='word_1_575' title='bbox 2785 2731 3067 2801; x_wconf 83' lang='lat' dir='ltr'>Supertlue</span> <span class='ocrx_word' id='word_1_576' title='bbox 3129 2732 3272 2786; x_wconf 89' lang='lat' dir='ltr'>enim</span> <span class='ocrx_word' id='word_1_577' title='bbox 3329 2732 3687 2801; x_wconf 87' lang='lat' dir='ltr'>Timotheum,</span> 
     </span>
    </p>
   </div>
   <div class='ocr_carea' id='block_1_77' title="bbox 2091 2817 3686 2892">
    <p class='ocr_par' dir='ltr' id='par_1_77' title="bbox 2091 2817 3686 2892">
     <span class='ocr_line' id='line_1_77' title="bbox 2091 2817 3686 2892; baseline 0.004 -23"><span class='ocrx_word' id='word_1_578' title='bbox 2091 2817 2179 2888; x_wconf 90' lang='lat' dir='ltr'>qui</span> <span class='ocrx_word' id='word_1_579' title='bbox 2212 2818 2572 2886; x_wconf 90' lang='lat' dir='ltr'>Ephesiorum</span> <span class='ocrx_word' id='word_1_580' title='bbox 2601 2819 2889 2889; x_wconf 89' lang='lat' dir='ltr'>episcopus</span> <span class='ocrx_word' id='word_1_581' title='bbox 2918 2829 3051 2886; x_wconf 91' lang='lat' dir='ltr'>erat,</span> <span class='ocrx_word' id='word_1_582' title='bbox 3096 2822 3163 2875; x_wconf 90' lang='lat' dir='ltr'>de</span> <span class='ocrx_word' id='word_1_583' title='bbox 3210 2820 3514 2875; x_wconf 91' lang='lat' dir='ltr'>ordinando</span> <span class='ocrx_word' id='word_1_584' title='bbox 3564 2822 3686 2892; x_wconf 86' lang='lat' dir='ltr'>epi-</span> 
     </span>
    </p>
   </div>
   <div class='ocr_carea' id='block_1_78' title="bbox 2090 2906 3676 2981">
    <p class='ocr_par' dir='ltr' id='par_1_78' title="bbox 2090 2906 3676 2981">
     <span class='ocr_line' id='line_1_78' title="bbox 2090 2906 3676 2981; baseline 0.003 -21"><span class='ocrx_word' id='word_1_585' title='bbox 2090 2921 2256 2976; x_wconf 89' lang='lat' dir='ltr'>scopo</span> <span class='ocrx_word' id='word_1_586' title='bbox 2287 2906 2537 2976; x_wconf 89' lang='lat' dir='ltr'>Ephesiis</span> <span class='ocrx_word' id='word_1_587' title='bbox 2565 2907 2870 2977; x_wconf 87' lang='lat' dir='ltr'>instrueret,</span> <span class='ocrx_word' id='word_1_588' title='bbox 2921 2925 3043 2964; x_wconf 90' lang='lat' dir='ltr'>cum</span> <span class='ocrx_word' id='word_1_589' title='bbox 3095 2925 3159 2964; x_wconf 93' lang='lat' dir='ltr'>eo</span> <span class='ocrx_word' id='word_1_590' title='bbox 3204 2909 3276 2963; x_wconf 90' lang='lat' dir='ltr'>ibi</span> <span class='ocrx_word' id='word_1_591' title='bbox 3307 2910 3676 2981; x_wconf 90' lang='lat' dir='ltr'>episcopante,</span> 
     </span>
    </p>
   </div>
   <div class='ocr_carea' id='block_1_79' title="bbox 2089 2994 3685 3066">
    <p class='ocr_par' dir='ltr' id='par_1_79' title="bbox 2089 2994 3685 3066">
     <span class='ocr_line' id='line_1_79' title="bbox 2089 2994 3685 3066; baseline 0.004 -18"><span class='ocrx_word' id='word_1_592' title='bbox 2089 2994 2254 3049; x_wconf 91' lang='lat' dir='ltr'>alium</span> <span class='ocrx_word' id='word_1_593' title='bbox 2283 2995 2483 3049; x_wconf 87' lang='lat' dir='ltr'>ibidem</span> <span class='ocrx_word' id='word_1_594' title='bbox 2533 2996 2835 3066; x_wconf 87' lang='lat' dir='ltr'>episcOpari</span> <span class='ocrx_word' id='word_1_595' title='bbox 2886 2997 3184 3052; x_wconf 86' lang='lat' dir='ltr'>absurdum</span> <span class='ocrx_word' id='word_1_596' title='bbox 3234 3007 3397 3064; x_wconf 91' lang='lat' dir='ltr'>esset,</span> <span class='ocrx_word' id='word_1_597' title='bbox 3432 3014 3532 3055; x_wconf 89' lang='lat' dir='ltr'>nec</span> <span class='ocrx_word' id='word_1_598' title='bbox 3563 3016 3685 3055; x_wconf 87' lang='lat' dir='ltr'>cre-</span> 
     </span>
    </p>
   </div>
   <div class='ocr_carea' id='block_1_80' title="bbox 2086 3083 3687 3159">
    <p class='ocr_par' dir='ltr' id='par_1_80' title="bbox 2086 3083 3687 3159">
     <span class='ocr_line' id='line_1_80' title="bbox 2086 3083 3687 3159; baseline 0.004 -22"><span class='ocrx_word' id='word_1_599' title='bbox 2086 3083 2325 3138; x_wconf 89' lang='lat' dir='ltr'>dendum</span> <span class='ocrx_word' id='word_1_600' title='bbox 2357 3092 2455 3138; x_wconf 92' lang='lat' dir='ltr'>est.</span> <span class='ocrx_word' id='word_1_601' title='bbox 2491 3084 2754 3139; x_wconf 63' lang='lat' dir='ltr'>Praaterea</span> <span class='ocrx_word' id='word_1_602' title='bbox 2785 3086 2830 3139; x_wconf 90' lang='lat' dir='ltr'>si</span> <span class='ocrx_word' id='word_1_603' title='bbox 2874 3087 2941 3140; x_wconf 87' lang='lat' dir='ltr'>de</span> <span class='ocrx_word' id='word_1_604' title='bbox 2994 3086 3313 3142; x_wconf 90' lang='lat' dir='ltr'>diaconibus</span> <span class='ocrx_word' id='word_1_605' title='bbox 3357 3097 3687 3159; x_wconf 61' lang='lat' dir='ltr'>praeceptum</span> 
     </span>
    </p>
   </div>
   <div class='ocr_carea' id='block_1_81' title="bbox 2086 3174 3688 3248">
    <p class='ocr_par' dir='ltr' id='par_1_81' title="bbox 2086 3174 3688 3248">
     <span class='ocr_line' id='line_1_81' title="bbox 2086 3174 3688 3248; baseline 0.004 -21"><span class='ocrx_word' id='word_1_606' title='bbox 2086 3174 2234 3228; x_wconf 88' lang='lat' dir='ltr'>daret</span> <span class='ocrx_word' id='word_1_607' title='bbox 2265 3175 2656 3244; x_wconf 66' lang='lat' dir='ltr'>(praetermisso</span> <span class='ocrx_word' id='word_1_608' title='bbox 2687 3176 3009 3231; x_wconf 88' lang='lat' dir='ltr'>sacerdotali</span> <span class='ocrx_word' id='word_1_609' title='bbox 3040 3177 3232 3231; x_wconf 90' lang='lat' dir='ltr'>ordine</span> <span class='ocrx_word' id='word_1_610' title='bbox 3279 3177 3370 3248; x_wconf 89' lang='lat' dir='ltr'>qui</span> <span class='ocrx_word' id='word_1_611' title='bbox 3401 3179 3688 3248; x_wconf 50' lang='lat' dir='ltr'>pra‘cedit)</span> 
     </span>
    </p>
   </div>
   <div class='ocr_carea' id='block_1_82' title="bbox 2084 3263 3689 3324">
    <p class='ocr_par' dir='ltr' id='par_1_82' title="bbox 2084 3263 3689 3324">
     <span class='ocr_line' id='line_1_82' title="bbox 2084 3263 3689 3324; baseline 0.004 -7"><span class='ocrx_word' id='word_1_612' title='bbox 2084 3263 2353 3318; x_wconf 89' lang='lat' dir='ltr'>absonum</span> <span class='ocrx_word' id='word_1_613' title='bbox 2398 3263 2677 3319; x_wconf 87' lang='lat' dir='ltr'>videretur</span> <span class='ocrx_word' id='word_1_614' title='bbox 2716 3273 2767 3320; x_wconf 90' lang='lat' dir='ltr'>et</span> <span class='ocrx_word' id='word_1_615' title='bbox 2815 3265 3248 3320; x_wconf 88' lang='lat' dir='ltr'>inordinabiliter</span> <span class='ocrx_word' id='word_1_616' title='bbox 3296 3266 3517 3322; x_wconf 82' lang='lat' dir='ltr'>factum.</span> <span class='ocrx_word' id='word_1_617' title='bbox 3570 3269 3689 3324; x_wconf 85' lang='lat' dir='ltr'>Nec</span> 
     </span>
    </p>
   </div>
   <div class='ocr_carea' id='block_1_83' title="bbox 2083 3352 3682 3427">
    <p class='ocr_par' dir='ltr' id='par_1_83' title="bbox 2083 3352 3682 3427">
     <span class='ocr_line' id='line_1_83' title="bbox 2083 3352 3682 3427; baseline 0.004 -22"><span class='ocrx_word' id='word_1_618' title='bbox 2083 3352 2279 3406; x_wconf 89' lang='lat' dir='ltr'>mirum</span> <span class='ocrx_word' id='word_1_619' title='bbox 2309 3353 2353 3407; x_wconf 93' lang='lat' dir='ltr'>si</span> <span class='ocrx_word' id='word_1_620' title='bbox 2383 3370 2480 3423; x_wconf 90' lang='lat' dir='ltr'>per</span> <span class='ocrx_word' id='word_1_621' title='bbox 2519 3354 2833 3425; x_wconf 80' lang='lat' dir='ltr'>episc0pum</span> <span class='ocrx_word' id='word_1_622' title='bbox 2883 3355 3062 3427; x_wconf 89' lang='lat' dir='ltr'>signat</span> <span class='ocrx_word' id='word_1_623' title='bbox 3104 3356 3505 3426; x_wconf 81' lang='lat' dir='ltr'>presbyterum,</span> <span class='ocrx_word' id='word_1_624' title='bbox 3556 3373 3682 3413; x_wconf 93' lang='lat' dir='ltr'>cum</span> 
     </span>
    </p>
   </div>
   <div class='ocr_carea' id='block_1_84' title="bbox 2083 3440 3687 3516">
    <p class='ocr_par' dir='ltr' id='par_1_84' title="bbox 2083 3440 3687 3516">
     <span class='ocr_line' id='line_1_84' title="bbox 2083 3440 3687 3516; baseline 0.004 -23"><span class='ocrx_word' id='word_1_625' title='bbox 2083 3440 2139 3493; x_wconf 92' lang='lat' dir='ltr'>in</span> <span class='ocrx_word' id='word_1_626' title='bbox 2168 3442 2269 3496; x_wconf 89' lang='lat' dir='ltr'>hac</span> <span class='ocrx_word' id='word_1_627' title='bbox 2296 3442 2489 3497; x_wconf 89' lang='lat' dir='ltr'>eadem</span> <span class='ocrx_word' id='word_1_628' title='bbox 2519 3442 2783 3513; x_wconf 90' lang='lat' dir='ltr'>Epistola,</span> <span class='ocrx_word' id='word_1_629' title='bbox 2832 3460 2932 3513; x_wconf 91' lang='lat' dir='ltr'>per</span> <span class='ocrx_word' id='word_1_630' title='bbox 2986 3444 3365 3515; x_wconf 78' lang='lat' dir='ltr'>presbyterum</span> <span class='ocrx_word' id='word_1_631' title='bbox 3413 3445 3687 3516; x_wconf 84' lang='lat' dir='ltr'>signiﬁcet</span> 
     </span>
    </p>
   </div>
   <div class='ocr_carea' id='block_1_85' title="bbox 2084 3529 3687 3605">
    <p class='ocr_par' dir='ltr' id='par_1_85' title="bbox 2084 3529 3687 3605">
     <span class='ocr_line' id='line_1_85' title="bbox 2084 3529 3687 3605; baseline 0.004 -22"><span class='ocrx_word' id='word_1_632' title='bbox 2084 3529 2418 3600; x_wconf 91' lang='lat' dir='ltr'>episcopum.</span> <span class='ocrx_word' id='word_1_633' title='bbox 2452 3532 2520 3585; x_wconf 92' lang='lat' dir='ltr'>Et</span> <span class='ocrx_word' id='word_1_634' title='bbox 2551 3531 2678 3601; x_wconf 91' lang='lat' dir='ltr'>quia</span> <span class='ocrx_word' id='word_1_635' title='bbox 2712 3531 2979 3587; x_wconf 83' lang='lat' dir='ltr'>volentem</span> <span class='ocrx_word' id='word_1_636' title='bbox 3010 3533 3315 3603; x_wconf 90' lang='lat' dir='ltr'>episcopari</span> <span class='ocrx_word' id='word_1_637' title='bbox 3337 3533 3687 3605; x_wconf 86' lang='lat' dir='ltr'>irrepreben-</span> 
     </span>
    </p>
   </div>
   <div class='ocr_carea' id='block_1_86' title="bbox 2084 3618 3687 3695">
    <p class='ocr_par' dir='ltr' id='par_1_86' title="bbox 2084 3618 3687 3695">
     <span class='ocr_line' id='line_1_86' title="bbox 2084 3618 3687 3695; baseline 0.005 -24"><span class='ocrx_word' id='word_1_638' title='bbox 2084 3618 2297 3673; x_wconf 89' lang='lat' dir='ltr'>sibilem</span> <span class='ocrx_word' id='word_1_639' title='bbox 2330 3635 2450 3673; x_wconf 89' lang='lat' dir='ltr'>esse</span> <span class='ocrx_word' id='word_1_640' title='bbox 2483 3636 2711 3674; x_wconf 89' lang='lat' dir='ltr'>necesse</span> <span class='ocrx_word' id='word_1_641' title='bbox 2743 3629 2844 3686; x_wconf 89' lang='lat' dir='ltr'>est,</span> <span class='ocrx_word' id='word_1_642' title='bbox 2878 3621 3002 3677; x_wconf 90' lang='lat' dir='ltr'>ideo</span> <span class='ocrx_word' id='word_1_643' title='bbox 3034 3623 3082 3677; x_wconf 88' lang='lat' dir='ltr'>si</span> <span class='ocrx_word' id='word_1_644' title='bbox 3113 3624 3241 3694; x_wconf 81' lang='lat' dir='ltr'>quis</span> <span class='ocrx_word' id='word_1_645' title='bbox 3257 3623 3535 3678; x_wconf 85' lang='lat' dir='ltr'>desiderat</span> <span class='ocrx_word' id='word_1_646' title='bbox 3567 3626 3687 3695; x_wconf 82' lang='lat' dir='ltr'>epi-</span> 
     </span>
    </p>
   </div>
   <div class='ocr_carea' id='block_1_87' title="bbox 2082 3708 3681 3779">
    <p class='ocr_par' dir='ltr' id='par_1_87' title="bbox 2082 3708 3681 3779">
     <span class='ocr_line' id='line_1_87' title="bbox 2082 3708 3681 3779; baseline 0.003 -17"><span class='ocrx_word' id='word_1_647' title='bbox 2082 3712 2395 3778; x_wconf 80' lang='lat' dir='ltr'>scopatum,</span> <span class='ocrx_word' id='word_1_648' title='bbox 2429 3708 2485 3762; x_wconf 89' lang='lat' dir='ltr'>id</span> <span class='ocrx_word' id='word_1_649' title='bbox 2525 3717 2605 3761; x_wconf 90' lang='lat' dir='ltr'>est</span> <span class='ocrx_word' id='word_1_650' title='bbox 2654 3726 2817 3779; x_wconf 88' lang='lat' dir='ltr'>super</span> <span class='ocrx_word' id='word_1_651' title='bbox 2863 3710 2964 3765; x_wconf 91' lang='lat' dir='ltr'>sibi</span> <span class='ocrx_word' id='word_1_652' title='bbox 3007 3712 3331 3766; x_wconf 85' lang='lat' dir='ltr'>commissos</span> <span class='ocrx_word' id='word_1_653' title='bbox 3375 3711 3681 3778; x_wconf 88' lang='lat' dir='ltr'>intendere,</span> 
     </span>
    </p>
   </div>
   <div class='ocr_carea' id='block_1_88' title="bbox 2084 3793 3683 3869">
    <p class='ocr_par' dir='ltr' id='par_1_88' title="bbox 2084 3793 3683 3869">
     <span class='ocr_line' id='line_1_88' title="bbox 2084 3793 3683 3869; baseline 0.005 -22"><span class='ocrx_word' id='word_1_654' title='bbox 2084 3793 2171 3849; x_wconf 89' lang='lat' dir='ltr'>hic</span> <span class='ocrx_word' id='word_1_655' title='bbox 2202 3795 2478 3851; x_wconf 88' lang='lat' dir='ltr'>desiderat</span> <span class='ocrx_word' id='word_1_656' title='bbox 2508 3812 2615 3852; x_wconf 89' lang='lat' dir='ltr'>non</span> <span class='ocrx_word' id='word_1_657' title='bbox 2665 3814 2853 3852; x_wconf 88' lang='lat' dir='ltr'>aurum</span> <span class='ocrx_word' id='word_1_658' title='bbox 2876 3841 2890 3868; x_wconf 93' lang='lat'>,</span> <span class='ocrx_word' id='word_1_659' title='bbox 2929 3815 3037 3855; x_wconf 87' lang='lat' dir='ltr'>non</span> <span class='ocrx_word' id='word_1_660' title='bbox 3086 3800 3319 3865; x_wconf 86' lang='lat' dir='ltr'>divitias,</span> <span class='ocrx_word' id='word_1_661' title='bbox 3354 3816 3460 3854; x_wconf 92' lang='lat' dir='ltr'>non</span> <span class='ocrx_word' id='word_1_662' title='bbox 3480 3801 3683 3869; x_wconf 83' lang='lat' dir='ltr'>jucun-</span> 
     </span>
    </p>
   </div>
   <div class='ocr_carea' id='block_1_89' title="bbox 2080 3882 3682 3956">
    <p class='ocr_par' dir='ltr' id='par_1_89' title="bbox 2080 3882 3682 3956">
     <span class='ocr_line' id='line_1_89' title="bbox 2080 3882 3682 3956; baseline 0.006 -20"><span class='ocrx_word' id='word_1_663' title='bbox 2080 3882 2303 3938; x_wconf 89' lang='lat' dir='ltr'>ditatem</span> <span class='ocrx_word' id='word_1_664' title='bbox 2370 3885 2571 3951; x_wconf 73' lang='lat' dir='ltr'>szeculi,</span> <span class='ocrx_word' id='word_1_665' title='bbox 2643 3887 2742 3941; x_wconf 90' lang='lat' dir='ltr'>sed</span> <span class='ocrx_word' id='word_1_666' title='bbox 2789 3904 2945 3956; x_wconf 84' lang='lat' dir='ltr'>opus,</span> <span class='ocrx_word' id='word_1_667' title='bbox 3010 3888 3063 3942; x_wconf 93' lang='lat' dir='ltr'>id</span> <span class='ocrx_word' id='word_1_668' title='bbox 3121 3897 3204 3943; x_wconf 90' lang='lat' dir='ltr'>est</span> <span class='ocrx_word' id='word_1_669' title='bbox 3277 3889 3524 3944; x_wconf 86' lang='lat' dir='ltr'>laborem</span> <span class='ocrx_word' id='word_1_670' title='bbox 3585 3890 3682 3945; x_wconf 86' lang='lat' dir='ltr'>bo-</span> 
     </span>
    </p>
   </div>
   <div class='ocr_carea' id='block_1_90' title="bbox 2080 3973 3682 4049">
    <p class='ocr_par' dir='ltr' id='par_1_90' title="bbox 2080 3973 3682 4049">
     <span class='ocr_line' id='line_1_90' title="bbox 2080 3973 3682 4049; baseline 0.004 -24"><span class='ocrx_word' id='word_1_671' title='bbox 2080 3988 2239 4038; x_wconf 84' lang='lat' dir='ltr'>num,</span> <span class='ocrx_word' id='word_1_672' title='bbox 2286 3973 2341 4026; x_wconf 91' lang='lat' dir='ltr'>id</span> <span class='ocrx_word' id='word_1_673' title='bbox 2400 3982 2482 4028; x_wconf 91' lang='lat' dir='ltr'>est</span> <span class='ocrx_word' id='word_1_674' title='bbox 2520 3974 2703 4030; x_wconf 90' lang='lat' dir='ltr'>utilem</span> <span class='ocrx_word' id='word_1_675' title='bbox 2773 3976 2875 4030; x_wconf 90' lang='lat' dir='ltr'>sibi</span> <span class='ocrx_word' id='word_1_676' title='bbox 2932 3984 2984 4031; x_wconf 92' lang='lat' dir='ltr'>et</span> <span class='ocrx_word' id='word_1_677' title='bbox 3040 3976 3125 4030; x_wconf 80' lang='lat' dir='ltr'>liis</span> <span class='ocrx_word' id='word_1_678' title='bbox 3182 3993 3346 4047; x_wconf 90' lang='lat' dir='ltr'>supra</span> <span class='ocrx_word' id='word_1_679' title='bbox 3402 3994 3537 4049; x_wconf 89' lang='lat' dir='ltr'>quos</span> <span class='ocrx_word' id='word_1_680' title='bbox 3592 3977 3682 4032; x_wconf 87' lang='lat' dir='ltr'>in-</span> 
     </span>
    </p>
   </div>
   <div class='ocr_carea' id='block_1_91' title="bbox 2079 4060 3678 4137">
    <p class='ocr_par' dir='ltr' id='par_1_91' title="bbox 2079 4060 3678 4137">
     <span class='ocr_line' id='line_1_91' title="bbox 2079 4060 3678 4137; baseline 0.004 -23"><span class='ocrx_word' id='word_1_681' title='bbox 2079 4060 2267 4115; x_wconf 90' lang='lat' dir='ltr'>tendit.</span> <span class='ocrx_word' id='word_1_682' title='bbox 2338 4062 2644 4133; x_wconf 84' lang='lat' dir='ltr'>EpiscOpus</span> <span class='ocrx_word' id='word_1_683' title='bbox 2691 4064 2833 4119; x_wconf 89' lang='lat' dir='ltr'>enim</span> <span class='ocrx_word' id='word_1_684' title='bbox 2908 4066 3389 4137; x_wconf 81' lang='lat' dir='ltr'>superintendens</span> <span class='ocrx_word' id='word_1_685' title='bbox 3462 4066 3678 4135; x_wconf 90' lang='lat' dir='ltr'>dicitur,</span> 
     </span>
    </p>
   </div>
   <div class='ocr_carea' id='block_1_92' title="bbox 2079 4151 3685 4224">
    <p class='ocr_par' dir='ltr' id='par_1_92' title="bbox 2079 4151 3685 4224">
     <span class='ocr_line' id='line_1_92' title="bbox 2079 4151 3685 4224; baseline 0.004 -21"><span class='ocrx_word' id='word_1_686' title='bbox 2079 4164 2276 4220; x_wconf 90' lang='lat' dir='ltr'>scopos</span> <span class='ocrx_word' id='word_1_687' title='bbox 2325 4151 2467 4205; x_wconf 89' lang='lat' dir='ltr'>enim</span> <span class='ocrx_word' id='word_1_688' title='bbox 2518 4154 2784 4217; x_wconf 85' lang='lat' dir='ltr'>intentio,</span> <span class='ocrx_word' id='word_1_689' title='bbox 2820 4152 2908 4222; x_wconf 91' lang='lat' dir='ltr'>epi</span> <span class='ocrx_word' id='word_1_690' title='bbox 2946 4170 3117 4224; x_wconf 83' lang='lat' dir='ltr'>super</span> <span class='ocrx_word' id='word_1_691' title='bbox 3169 4153 3574 4224; x_wconf 88' lang='lat' dir='ltr'>interpretatur.</span> <span class='ocrx_word' id='word_1_692' title='bbox 3618 4156 3685 4209; x_wconf 87' lang='lat' dir='ltr'>Et</span> 
     </span>
    </p>
   </div>
   <div class='ocr_carea' id='block_1_93' title="bbox 2618 4241 3377 4312">
    <p class='ocr_par' dir='ltr' id='par_1_93' title="bbox 2618 4241 3377 4312">
     <span class='ocr_line' id='line_1_93' title="bbox 2618 4241 3377 4312; baseline 0.001 -17"><span class='ocrx_word' id='word_1_693' title='bbox 2618 4241 2894 4295; x_wconf 87' lang='lat' dir='ltr'>desiderat</span> <span class='ocrx_word' id='word_1_694' title='bbox 2970 4242 3343 4312; x_wconf 89' lang='lat' dir='ltr'>episcopatum</span> <span class='ocrx_word' id='word_1_695' title='bbox 3366 4286 3377 4308; x_wconf 92' lang='lat'>,</span> 
     </span>
    </p>
   </div>
   <div class='ocr_carea' id='block_1_94' title="bbox 2078 4239 3682 4312">
    <p class='ocr_par' dir='ltr' id='par_1_94' title="bbox 2078 4239 3682 4312">
     <span class='ocr_line' id='line_1_94' title="bbox 2078 4239 3682 4312; baseline 0.004 -21"><span class='ocrx_word' id='word_1_696' title='bbox 2078 4239 2331 4308; x_wconf 89' lang='lat' dir='ltr'>quoniam</span> <span class='ocrx_word' id='word_1_697' title='bbox 2434 4240 2524 4311; x_wconf 90' lang='lat' dir='ltr'>qui</span> <span class='ocrx_word' id='word_1_698' title='bbox 2618 4241 2894 4295; x_wconf 88' lang='lat' dir='ltr'>desiderat</span> <span class='ocrx_word' id='word_1_699' title='bbox 2970 4242 3377 4312; x_wconf 88' lang='lat' dir='ltr'>episcopatum,</span> <span class='ocrx_word' id='word_1_700' title='bbox 3465 4244 3682 4312; x_wconf 87' lang='lat' dir='ltr'>operari</span> 
     </span>
    </p>
   </div>
   <div class='ocr_carea' id='block_1_95' title="bbox 381 4310 3678 4402">
    <p class='ocr_par' dir='ltr' id='par_1_95' title="bbox 381 4310 3678 4402">
     <span class='ocr_line' id='line_1_95' title="bbox 381 4310 3678 4402; baseline 0.005 -31"><span class='ocrx_word' id='word_1_701' title='bbox 381 4310 640 4382; x_wconf 85' lang='lat' dir='ltr'>«brium,</span> <span class='ocrx_word' id='word_1_702' title='bbox 691 4326 958 4385; x_wconf 90' lang='lat' dir='ltr'>ornatum,</span> <span class='ocrx_word' id='word_1_703' title='bbox 1008 4318 1347 4389; x_wconf 86' lang='lat' dir='ltr'>prudentem,</span> <span class='ocrx_word' id='word_1_704' title='bbox 1398 4321 1673 4391; x_wconf 91' lang='lat' dir='ltr'>pudicum,</span> <span class='ocrx_word' id='word_1_705' title='bbox 1731 4321 1973 4392; x_wconf 88' lang='lat' dir='ltr'>hospita-</span> <span class='ocrx_word' id='word_1_706' title='bbox 1999 4318 2051 4377; x_wconf 92' lang='lat' dir='ltr'>D</span> <span class='ocrx_word' id='word_1_707' title='bbox 2088 4326 2319 4382; x_wconf 76' lang='lat'>321</span> <span class='ocrx_word' id='word_1_708' title='bbox 2361 4310 2561 4383; x_wconf 88' lang='lat' dir='ltr'>bonum</span> <span class='ocrx_word' id='word_1_709' title='bbox 2594 4329 2886 4397; x_wconf 89' lang='lat' dir='ltr'>desiderat,</span> <span class='ocrx_word' id='word_1_710' title='bbox 2918 4310 3050 4402; x_wconf 81' lang='lat' dir='ltr'>ergo</span> <span class='ocrx_word' id='word_1_711' title='bbox 3099 4310 3313 4401; x_wconf 81' lang='lat' dir='ltr'>oportet</span> <span class='ocrx_word' id='word_1_712' title='bbox 3343 4310 3678 4402; x_wconf 78' lang='lat' dir='ltr'>episcopum,</span> 
     </span>
    </p>
   </div>
   <div class='ocr_carea' id='block_1_96' title="bbox 381 4405 1978 4479">
    <p class='ocr_par' dir='ltr' id='par_1_96' title="bbox 381 4405 1978 4479">
     <span class='ocr_line' id='line_1_96' title="bbox 381 4405 1978 4479; baseline 0.005 -22"><span class='ocrx_word' id='word_1_713' title='bbox 381 4426 405 4457; x_wconf 74' lang='grc' dir='ltr'><strong><em>α</em></strong></span> <span class='ocrx_word' id='word_1_714' title='bbox 438 4405 567 4475; x_wconf 89' lang='lat' dir='ltr'>lem,</span> <span class='ocrx_word' id='word_1_715' title='bbox 617 4406 912 4475; x_wconf 89' lang='lat' dir='ltr'>doctorem,</span> <span class='ocrx_word' id='word_1_716' title='bbox 967 4422 1074 4462; x_wconf 92' lang='lat' dir='ltr'>non</span> <span class='ocrx_word' id='word_1_717' title='bbox 1124 4408 1477 4479; x_wconf 88' lang='lat' dir='ltr'>vinolentum,</span> <span class='ocrx_word' id='word_1_718' title='bbox 1528 4426 1636 4465; x_wconf 89' lang='lat' dir='ltr'>non</span> <span class='ocrx_word' id='word_1_719' title='bbox 1684 4425 1978 4479; x_wconf 88' lang='lat' dir='ltr'>percusso-</span> 
     </span>
    </p>
   </div>
   <div class='ocr_carea' id='block_1_97' title="bbox 380 4494 1977 4570">
    <p class='ocr_par' dir='ltr' id='par_1_97' title="bbox 380 4494 1977 4570">
     <span class='ocr_line' id='line_1_97' title="bbox 380 4494 1977 4570; baseline 0.006 -27"><span class='ocrx_word' id='word_1_720' title='bbox 380 4514 403 4543; x_wconf 75' lang='grc' dir='ltr'>ι</span> <span class='ocrx_word' id='word_1_721' title='bbox 441 4510 573 4562; x_wconf 91' lang='lat' dir='ltr'>rem,</span> <span class='ocrx_word' id='word_1_722' title='bbox 619 4494 716 4550; x_wconf 89' lang='lat' dir='ltr'>sed</span> <span class='ocrx_word' id='word_1_723' title='bbox 766 4496 1095 4565; x_wconf 90' lang='lat' dir='ltr'>modestum,</span> <span class='ocrx_word' id='word_1_724' title='bbox 1146 4513 1254 4552; x_wconf 92' lang='lat' dir='ltr'>non</span> <span class='ocrx_word' id='word_1_725' title='bbox 1303 4498 1623 4570; x_wconf 90' lang='lat' dir='ltr'>litigiosum,</span> <span class='ocrx_word' id='word_1_726' title='bbox 1658 4514 1766 4553; x_wconf 93' lang='lat' dir='ltr'>non</span> <span class='ocrx_word' id='word_1_727' title='bbox 1820 4500 1977 4569; x_wconf 91' lang='lat' dir='ltr'>cupi-</span> 
     </span>
    </p>
   </div>
   <div class='ocr_carea' id='block_1_98' title="bbox 376 4582 1977 4655">
    <p class='ocr_par' dir='ltr' id='par_1_98' title="bbox 376 4582 1977 4655">
     <span class='ocr_line' id='line_1_98' title="bbox 376 4582 1977 4655; baseline 0.006 -24"><span class='ocrx_word' id='word_1_728' title='bbox 376 4604 401 4631; x_wconf 73' lang='grc' dir='ltr'><strong><em>α</em></strong></span> <span class='ocrx_word' id='word_1_729' title='bbox 435 4582 583 4649; x_wconf 90' lang='lat' dir='ltr'>dum,</span> <span class='ocrx_word' id='word_1_730' title='bbox 618 4582 715 4638; x_wconf 92' lang='lat' dir='ltr'>sed</span> <span class='ocrx_word' id='word_1_731' title='bbox 748 4599 859 4638; x_wconf 67' lang='lat' dir='ltr'>sua:</span> <span class='ocrx_word' id='word_1_732' title='bbox 887 4584 1069 4639; x_wconf 90' lang='lat' dir='ltr'>domui</span> <span class='ocrx_word' id='word_1_733' title='bbox 1101 4585 1239 4640; x_wconf 91' lang='lat' dir='ltr'>bene</span> <span class='ocrx_word' id='word_1_734' title='bbox 1270 4586 1642 4655; x_wconf 69' lang='lat' dir='ltr'>praepositum,</span> <span class='ocrx_word' id='word_1_735' title='bbox 1695 4584 1833 4641; x_wconf 89' lang='lat' dir='ltr'>ﬁlios</span> <span class='ocrx_word' id='word_1_736' title='bbox 1881 4587 1977 4642; x_wconf 89' lang='lat' dir='ltr'>ha-</span> 
     </span>
    </p>
   </div>
   <div class='ocr_carea' id='block_1_99' title="bbox 377 4671 1975 4747">
    <p class='ocr_par' dir='ltr' id='par_1_99' title="bbox 377 4671 1975 4747">
     <span class='ocr_line' id='line_1_99' title="bbox 377 4671 1975 4747; baseline 0.003 -22"><span class='ocrx_word' id='word_1_737' title='bbox 377 4694 399 4718; x_wconf 76' lang='lat' dir='ltr'><strong><em>u</em></strong></span> <span class='ocrx_word' id='word_1_738' title='bbox 434 4671 655 4727; x_wconf 88' lang='lat' dir='ltr'>bentem</span> <span class='ocrx_word' id='word_1_739' title='bbox 720 4671 967 4727; x_wconf 87' lang='lat' dir='ltr'>subditos</span> <span class='ocrx_word' id='word_1_740' title='bbox 1016 4688 1136 4729; x_wconf 91' lang='lat' dir='ltr'>cum</span> <span class='ocrx_word' id='word_1_741' title='bbox 1203 4673 1351 4728; x_wconf 92' lang='lat' dir='ltr'>omni</span> <span class='ocrx_word' id='word_1_742' title='bbox 1421 4674 1684 4728; x_wconf 89' lang='lat' dir='ltr'>castitate.</span> <span class='ocrx_word' id='word_1_743' title='bbox 1752 4674 1809 4728; x_wconf 94' lang='lat' dir='ltr'>Si</span> <span class='ocrx_word' id='word_1_744' title='bbox 1856 4676 1975 4747; x_wconf 91' lang='lat' dir='ltr'>quis</span> 
     </span>
    </p>
   </div>
   <div class='ocr_carea' id='block_1_100' title="bbox 374 4761 1973 4833">
    <p class='ocr_par' dir='ltr' id='par_1_100' title="bbox 374 4761 1973 4833">
     <span class='ocr_line' id='line_1_100' title="bbox 374 4761 1973 4833; baseline 0.003 -19"><span class='ocrx_word' id='word_1_745' title='bbox 374 4782 395 4807; x_wconf 80' lang='grc' dir='ltr'>α</span> <span class='ocrx_word' id='word_1_746' title='bbox 433 4770 611 4815; x_wconf 89' lang='lat' dir='ltr'>autem</span> <span class='ocrx_word' id='word_1_747' title='bbox 654 4761 838 4815; x_wconf 92' lang='lat' dir='ltr'>domui</span> <span class='ocrx_word' id='word_1_748' title='bbox 864 4777 976 4815; x_wconf 65' lang='lat' dir='ltr'>suae</span> <span class='ocrx_word' id='word_1_749' title='bbox 1005 4777 1245 4831; x_wconf 64' lang='lat' dir='ltr'>praeesse</span> <span class='ocrx_word' id='word_1_750' title='bbox 1294 4762 1488 4827; x_wconf 91' lang='lat' dir='ltr'>nescit,</span> <span class='ocrx_word' id='word_1_751' title='bbox 1540 4763 1814 4833; x_wconf 92' lang='lat' dir='ltr'>quomodo</span> <span class='ocrx_word' id='word_1_752' title='bbox 1864 4765 1973 4819; x_wconf 89' lang='lat' dir='ltr'>Ec-</span> 
     </span>
    </p>
   </div>
   <div class='ocr_carea' id='block_1_101' title="bbox 373 4847 1969 4923">
    <p class='ocr_par' dir='ltr' id='par_1_101' title="bbox 373 4847 1969 4923">
     <span class='ocr_line' id='line_1_101' title="bbox 373 4847 1969 4923; baseline 0.004 -24"><span class='ocrx_word' id='word_1_753' title='bbox 373 4869 395 4899; x_wconf 74' lang='grc' dir='ltr'>ι</span> <span class='ocrx_word' id='word_1_754' title='bbox 432 4847 615 4903; x_wconf 69' lang='grc' dir='ltr'>οΙθεὶεΒ</span> <span class='ocrx_word' id='word_1_755' title='bbox 642 4849 742 4904; x_wconf 91' lang='lat' dir='ltr'>Dei</span> <span class='ocrx_word' id='word_1_756' title='bbox 790 4848 1131 4919; x_wconf 87' lang='lat' dir='ltr'>diligentiam</span> <span class='ocrx_word' id='word_1_757' title='bbox 1161 4849 1379 4904; x_wconf 88' lang='lat' dir='ltr'>habebit</span> <span class='ocrx_word' id='word_1_758' title='bbox 1408 4850 1435 4903; x_wconf 80' lang='lat'><strong><em>?</em></strong></span> <span class='ocrx_word' id='word_1_759' title='bbox 1463 4852 1583 4904; x_wconf 90' lang='lat' dir='ltr'>Non</span> <span class='ocrx_word' id='word_1_760' title='bbox 1618 4853 1969 4923; x_wconf 83' lang='lat' dir='ltr'>neOphytum,</span> 
     </span>
    </p>
   </div>
   <div class='ocr_carea' id='block_1_102' title="bbox 372 4936 1970 5006">
    <p class='ocr_par' dir='ltr' id='par_1_102' title="bbox 372 4936 1970 5006">
     <span class='ocr_line' id='line_1_102' title="bbox 372 4936 1970 5006; baseline 0.004 -18"><span class='ocrx_word' id='word_1_761' title='bbox 372 4958 393 4981; x_wconf 84' lang='lat'><strong>«</strong></span> <span class='ocrx_word' id='word_1_762' title='bbox 432 4951 500 4989; x_wconf 91' lang='lat' dir='ltr'>ne</span> <span class='ocrx_word' id='word_1_763' title='bbox 530 4936 585 4989; x_wconf 91' lang='lat' dir='ltr'>in</span> <span class='ocrx_word' id='word_1_764' title='bbox 618 4938 931 5006; x_wconf 89' lang='lat' dir='ltr'>superbiam</span> <span class='ocrx_word' id='word_1_765' title='bbox 962 4937 1156 5006; x_wconf 90' lang='lat' dir='ltr'>elatus,</span> <span class='ocrx_word' id='word_1_766' title='bbox 1191 4938 1244 4991; x_wconf 89' lang='lat' dir='ltr'>in</span> <span class='ocrx_word' id='word_1_767' title='bbox 1288 4938 1551 5005; x_wconf 91' lang='lat' dir='ltr'>judicium</span> <span class='ocrx_word' id='word_1_768' title='bbox 1601 4940 1803 4994; x_wconf 88' lang='lat' dir='ltr'>incidat</span> <span class='ocrx_word' id='word_1_769' title='bbox 1849 4942 1970 4995; x_wconf 90' lang='lat' dir='ltr'>dia-</span> 
     </span>
    </p>
   </div>
   <div class='ocr_carea' id='block_1_103' title="bbox 369 5022 1972 5093">
    <p class='ocr_par' dir='ltr' id='par_1_103' title="bbox 369 5022 1972 5093">
     <span class='ocr_line' id='line_1_103' title="bbox 369 5022 1972 5093; baseline 0.009 -22"><span class='ocrx_word' id='word_1_770' title='bbox 369 5047 390 5071; x_wconf 84' lang='grc' dir='ltr'>α</span> <span class='ocrx_word' id='word_1_771' title='bbox 430 5023 560 5077; x_wconf 91' lang='lat' dir='ltr'>boli.</span> <span class='ocrx_word' id='word_1_772' title='bbox 599 5022 827 5093; x_wconf 90' lang='lat' dir='ltr'>Oportet</span> <span class='ocrx_word' id='word_1_773' title='bbox 856 5035 1035 5081; x_wconf 90' lang='lat' dir='ltr'>autem</span> <span class='ocrx_word' id='word_1_774' title='bbox 1068 5034 1121 5080; x_wconf 93' lang='lat' dir='ltr'>et</span> <span class='ocrx_word' id='word_1_775' title='bbox 1169 5026 1317 5080; x_wconf 92' lang='lat' dir='ltr'>illum</span> <span class='ocrx_word' id='word_1_776' title='bbox 1371 5028 1737 5083; x_wconf 89' lang='lat' dir='ltr'>testimonium</span> <span class='ocrx_word' id='word_1_777' title='bbox 1769 5030 1972 5086; x_wconf 90' lang='lat' dir='ltr'>habere</span> 
     </span>
    </p>
   </div>
   <div class='ocr_carea' id='block_1_104' title="bbox 370 5112 1968 5187">
    <p class='ocr_par' dir='ltr' id='par_1_104' title="bbox 370 5112 1968 5187">
     <span class='ocr_line' id='line_1_104' title="bbox 370 5112 1968 5187; baseline 0.008 -26"><span class='ocrx_word' id='word_1_778' title='bbox 370 5134 391 5161; x_wconf 81' lang='grc' dir='ltr'>ι</span> <span class='ocrx_word' id='word_1_779' title='bbox 430 5112 633 5165; x_wconf 87' lang='lat' dir='ltr'>bonum</span> <span class='ocrx_word' id='word_1_780' title='bbox 663 5112 730 5165; x_wconf 89' lang='lat' dir='ltr'>ab</span> <span class='ocrx_word' id='word_1_781' title='bbox 762 5112 845 5165; x_wconf 91' lang='lat' dir='ltr'>his</span> <span class='ocrx_word' id='word_1_782' title='bbox 874 5113 963 5183; x_wconf 91' lang='lat' dir='ltr'>qui</span> <span class='ocrx_word' id='word_1_783' title='bbox 996 5112 1125 5168; x_wconf 82' lang='lat' dir='ltr'>foris</span> <span class='ocrx_word' id='word_1_784' title='bbox 1155 5122 1296 5182; x_wconf 89' lang='lat' dir='ltr'>sunt,</span> <span class='ocrx_word' id='word_1_785' title='bbox 1330 5124 1387 5169; x_wconf 90' lang='lat' dir='ltr'>ut</span> <span class='ocrx_word' id='word_1_786' title='bbox 1410 5132 1517 5170; x_wconf 90' lang='lat' dir='ltr'>non</span> <span class='ocrx_word' id='word_1_787' title='bbox 1539 5117 1592 5170; x_wconf 92' lang='lat' dir='ltr'>in</span> <span class='ocrx_word' id='word_1_788' title='bbox 1616 5119 1968 5187; x_wconf 85' lang='lat' dir='ltr'>opprobrium</span> 
     </span>
    </p>
   </div>
   <div class='ocr_carea' id='block_1_105' title="bbox 368 5200 1969 5271">
    <p class='ocr_par' dir='ltr' id='par_1_105' title="bbox 368 5200 1969 5271">
     <span class='ocr_line' id='line_1_105' title="bbox 368 5200 1969 5271; baseline 0.006 -20"><span class='ocrx_word' id='word_1_789' title='bbox 368 5222 389 5251; x_wconf 73' lang='grc' dir='ltr'><strong>α</strong></span> <span class='ocrx_word' id='word_1_790' title='bbox 426 5200 645 5267; x_wconf 90' lang='lat' dir='ltr'>incidat,</span> <span class='ocrx_word' id='word_1_791' title='bbox 682 5209 733 5254; x_wconf 91' lang='lat' dir='ltr'>et</span> <span class='ocrx_word' id='word_1_792' title='bbox 765 5201 817 5254; x_wconf 90' lang='lat' dir='ltr'>in</span> <span class='ocrx_word' id='word_1_793' title='bbox 847 5201 1103 5271; x_wconf 90' lang='lat' dir='ltr'>laqueum</span> <span class='ocrx_word' id='word_1_794' title='bbox 1142 5202 1365 5259; x_wconf 88' lang='lat' dir='ltr'>diaboli.</span> <span class='ocrx_word' id='word_1_795' title='bbox 1420 5206 1691 5260; x_wconf 89' lang='lat' dir='ltr'>Diaconos</span> <span class='ocrx_word' id='word_1_796' title='bbox 1724 5206 1969 5262; x_wconf 87' lang='lat' dir='ltr'>similiter</span> 
     </span>
    </p>
   </div>
   <div class='ocr_carea' id='block_1_106' title="bbox 365 5289 1961 5365">
    <p class='ocr_par' dir='ltr' id='par_1_106' title="bbox 365 5289 1961 5365">
     <span class='ocr_line' id='line_1_106' title="bbox 365 5289 1961 5365; baseline 0.007 -27"><span class='ocrx_word' id='word_1_797' title='bbox 365 5313 386 5338; x_wconf 82' lang='grc' dir='ltr'>α</span> <span class='ocrx_word' id='word_1_798' title='bbox 424 5289 671 5361; x_wconf 89' lang='lat' dir='ltr'>pudicos,</span> <span class='ocrx_word' id='word_1_799' title='bbox 706 5306 815 5345; x_wconf 93' lang='lat' dir='ltr'>non</span> <span class='ocrx_word' id='word_1_800' title='bbox 844 5290 1136 5361; x_wconf 84' lang='lat' dir='ltr'>bilingues,</span> <span class='ocrx_word' id='word_1_801' title='bbox 1191 5308 1298 5347; x_wconf 92' lang='lat' dir='ltr'>non</span> <span class='ocrx_word' id='word_1_802' title='bbox 1333 5294 1500 5349; x_wconf 91' lang='lat' dir='ltr'>multo</span> <span class='ocrx_word' id='word_1_803' title='bbox 1554 5295 1679 5350; x_wconf 90' lang='lat' dir='ltr'>vino</span> <span class='ocrx_word' id='word_1_804' title='bbox 1730 5297 1961 5365; x_wconf 89' lang='lat' dir='ltr'>deditos,</span> 
     </span>
    </p>
   </div>
   <div class='ocr_carea' id='block_1_107' title="bbox 365 5379 1965 5454">
    <p class='ocr_par' dir='ltr' id='par_1_107' title="bbox 365 5379 1965 5454">
     <span class='ocr_line' id='line_1_107' title="bbox 365 5379 1965 5454; baseline 0.006 -25"><span class='ocrx_word' id='word_1_805' title='bbox 365 5400 387 5429; x_wconf 77' lang='grc' dir='ltr'>ι</span> <span class='ocrx_word' id='word_1_806' title='bbox 424 5394 533 5434; x_wconf 89' lang='lat' dir='ltr'>non</span> <span class='ocrx_word' id='word_1_807' title='bbox 564 5386 721 5451; x_wconf 91' lang='lat' dir='ltr'>turpe</span> <span class='ocrx_word' id='word_1_808' title='bbox 752 5379 960 5434; x_wconf 90' lang='lat' dir='ltr'>lucrum</span> <span class='ocrx_word' id='word_1_809' title='bbox 992 5388 1281 5447; x_wconf 89' lang='lat' dir='ltr'>sectantes,</span> <span class='ocrx_word' id='word_1_810' title='bbox 1335 5383 1601 5439; x_wconf 87' lang='lat' dir='ltr'>habentes</span> <span class='ocrx_word' id='word_1_811' title='bbox 1646 5384 1965 5454; x_wconf 83' lang='lat' dir='ltr'>mysterium</span> 
     </span>
    </p>
   </div>
   <div class='ocr_carea' id='block_1_108' title="bbox 367 5467 1964 5544">
    <p class='ocr_par' dir='ltr' id='par_1_108' title="bbox 367 5467 1964 5544">
     <span class='ocr_line' id='line_1_108' title="bbox 367 5467 1964 5544; baseline 0.004 -22"><span class='ocrx_word' id='word_1_812' title='bbox 367 5490 387 5515; x_wconf 81' lang='grc' dir='ltr'>ιι</span> <span class='ocrx_word' id='word_1_813' title='bbox 424 5467 550 5524; x_wconf 91' lang='lat' dir='ltr'>ﬁdei</span> <span class='ocrx_word' id='word_1_814' title='bbox 580 5468 633 5524; x_wconf 90' lang='lat' dir='ltr'>in</span> <span class='ocrx_word' id='word_1_815' title='bbox 666 5468 999 5526; x_wconf 88' lang='lat' dir='ltr'>conscientia</span> <span class='ocrx_word' id='word_1_816' title='bbox 1028 5486 1182 5541; x_wconf 88' lang='lat' dir='ltr'>pura.</span> <span class='ocrx_word' id='word_1_817' title='bbox 1214 5471 1283 5526; x_wconf 89' lang='lat' dir='ltr'>Et</span> <span class='ocrx_word' id='word_1_818' title='bbox 1330 5471 1385 5527; x_wconf 91' lang='lat' dir='ltr'>hi</span> <span class='ocrx_word' id='word_1_819' title='bbox 1433 5480 1615 5530; x_wconf 89' lang='lat' dir='ltr'>autem</span> <span class='ocrx_word' id='word_1_820' title='bbox 1661 5472 1964 5544; x_wconf 90' lang='lat' dir='ltr'>probentur</span> 
     </span>
    </p>
   </div>
   <div class='ocr_carea' id='block_1_109' title="bbox 2082 4414 3678 4491">
    <p class='ocr_par' dir='ltr' id='par_1_109' title="bbox 2082 4414 3678 4491">
     <span class='ocr_line' id='line_1_109' title="bbox 2082 4414 3678 4491; baseline 0.006 -23"><span class='ocrx_word' id='word_1_821' title='bbox 2082 4414 2137 4469; x_wconf 95' lang='lat' dir='ltr'>id</span> <span class='ocrx_word' id='word_1_822' title='bbox 2166 4423 2248 4469; x_wconf 90' lang='lat' dir='ltr'>est</span> <span class='ocrx_word' id='word_1_823' title='bbox 2278 4432 2506 4472; x_wconf 89' lang='lat' dir='ltr'>necesse</span> <span class='ocrx_word' id='word_1_824' title='bbox 2536 4425 2618 4472; x_wconf 91' lang='lat' dir='ltr'>est</span> <span class='ocrx_word' id='word_1_825' title='bbox 2646 4418 2918 4474; x_wconf 89' lang='lat' dir='ltr'>volentem</span> <span class='ocrx_word' id='word_1_826' title='bbox 2949 4418 3255 4490; x_wconf 88' lang='lat' dir='ltr'>episcopari</span> <span class='ocrx_word' id='word_1_827' title='bbox 3286 4436 3409 4474; x_wconf 87' lang='lat' dir='ltr'>esse</span> <span class='ocrx_word' id='word_1_828' title='bbox 3439 4420 3678 4491; x_wconf 88' lang='lat' dir='ltr'>irrepre-</span> 
     </span>
    </p>
   </div>
   <div class='ocr_carea' id='block_1_110' title="bbox 2080 4503 3679 4581">
    <p class='ocr_par' dir='ltr' id='par_1_110' title="bbox 2080 4503 3679 4581">
     <span class='ocr_line' id='line_1_110' title="bbox 2080 4503 3679 4581; baseline 0.007 -26"><span class='ocrx_word' id='word_1_829' title='bbox 2080 4503 2421 4571; x_wconf 90' lang='lat' dir='ltr'>hensibilem,</span> <span class='ocrx_word' id='word_1_830' title='bbox 2457 4506 2585 4576; x_wconf 90' lang='lat' dir='ltr'>quia</span> <span class='ocrx_word' id='word_1_831' title='bbox 2617 4505 2663 4559; x_wconf 92' lang='lat' dir='ltr'>si</span> <span class='ocrx_word' id='word_1_832' title='bbox 2693 4507 2763 4561; x_wconf 89' lang='lat' dir='ltr'>sit</span> <span class='ocrx_word' id='word_1_833' title='bbox 2785 4508 3224 4578; x_wconf 89' lang='lat' dir='ltr'>reprehensibilis</span> <span class='ocrx_word' id='word_1_834' title='bbox 3255 4510 3496 4581; x_wconf 81' lang='lat' dir='ltr'>quandiu</span> <span class='ocrx_word' id='word_1_835' title='bbox 3528 4510 3582 4564; x_wconf 90' lang='lat' dir='ltr'>in</span> <span class='ocrx_word' id='word_1_836' title='bbox 3612 4527 3679 4566; x_wconf 88' lang='lat' dir='ltr'>eo</span> 
     </span>
    </p>
   </div>
   <div class='ocr_carea' id='block_1_111' title="bbox 2079 4592 3678 4667">
    <p class='ocr_par' dir='ltr' id='par_1_111' title="bbox 2079 4592 3678 4667">
     <span class='ocr_line' id='line_1_111' title="bbox 2079 4592 3678 4667; baseline 0.006 -22"><span class='ocrx_word' id='word_1_837' title='bbox 2079 4600 2178 4655; x_wconf 91' lang='lat' dir='ltr'>est,</span> <span class='ocrx_word' id='word_1_838' title='bbox 2214 4592 2415 4647; x_wconf 90' lang='lat' dir='ltr'>bonum</span> <span class='ocrx_word' id='word_1_839' title='bbox 2444 4595 2663 4663; x_wconf 88' lang='lat' dir='ltr'>operari</span> <span class='ocrx_word' id='word_1_840' title='bbox 2691 4597 2896 4667; x_wconf 89' lang='lat' dir='ltr'>nequit.</span> <span class='ocrx_word' id='word_1_841' title='bbox 2942 4597 3487 4667; x_wconf 88' lang='lat' dir='ltr'>Irreprehensibilem</span> <span class='ocrx_word' id='word_1_842' title='bbox 3520 4608 3678 4656; x_wconf 87' lang='lat' dir='ltr'>vocat</span> 
     </span>
    </p>
   </div>
   <div class='ocr_carea' id='block_1_112' title="bbox 2077 4680 3678 4756">
    <p class='ocr_par' dir='ltr' id='par_1_112' title="bbox 2077 4680 3678 4756">
     <span class='ocr_line' id='line_1_112' title="bbox 2077 4680 3678 4756; baseline 0.006 -23"><span class='ocrx_word' id='word_1_843' title='bbox 2077 4680 2276 4734; x_wconf 89' lang='lat' dir='ltr'>nullius</span> <span class='ocrx_word' id='word_1_844' title='bbox 2321 4682 2617 4737; x_wconf 89' lang='lat' dir='ltr'>criminalis</span> <span class='ocrx_word' id='word_1_845' title='bbox 2675 4700 2851 4751; x_wconf 89' lang='lat' dir='ltr'>reum,</span> <span class='ocrx_word' id='word_1_846' title='bbox 2911 4685 3023 4756; x_wconf 91' lang='lat' dir='ltr'>qui,</span> <span class='ocrx_word' id='word_1_847' title='bbox 3086 4686 3247 4741; x_wconf 88' lang='lat' dir='ltr'>etiam</span> <span class='ocrx_word' id='word_1_848' title='bbox 3295 4686 3419 4742; x_wconf 90' lang='lat' dir='ltr'>licet</span> <span class='ocrx_word' id='word_1_849' title='bbox 3467 4689 3678 4743; x_wconf 90' lang='lat' dir='ltr'>crimen</span> 
     </span>
    </p>
   </div>
   <div class='ocr_carea' id='block_1_113' title="bbox 2074 4770 3679 4847">
    <p class='ocr_par' dir='ltr' id='par_1_113' title="bbox 2074 4770 3679 4847">
     <span class='ocr_line' id='line_1_113' title="bbox 2074 4770 3679 4847; baseline 0.007 -26"><span class='ocrx_word' id='word_1_850' title='bbox 2074 4784 2184 4822; x_wconf 91' lang='lat' dir='ltr'>non</span> <span class='ocrx_word' id='word_1_851' title='bbox 2214 4770 2427 4835; x_wconf 90' lang='lat' dir='ltr'>habeat,</span> <span class='ocrx_word' id='word_1_852' title='bbox 2462 4772 2697 4826; x_wconf 89' lang='lat' dir='ltr'>custodit</span> <span class='ocrx_word' id='word_1_853' title='bbox 2728 4789 2786 4827; x_wconf 92' lang='lat' dir='ltr'>se</span> <span class='ocrx_word' id='word_1_854' title='bbox 2834 4773 2912 4829; x_wconf 89' lang='lat' dir='ltr'>sic</span> <span class='ocrx_word' id='word_1_855' title='bbox 2961 4774 3107 4844; x_wconf 90' lang='lat' dir='ltr'>quod</span> <span class='ocrx_word' id='word_1_856' title='bbox 3138 4790 3238 4830; x_wconf 89' lang='lat' dir='ltr'>nec</span> <span class='ocrx_word' id='word_1_857' title='bbox 3287 4775 3341 4828; x_wconf 91' lang='lat' dir='ltr'>in</span> <span class='ocrx_word' id='word_1_858' title='bbox 3391 4791 3457 4830; x_wconf 88' lang='lat' dir='ltr'>eo</span> <span class='ocrx_word' id='word_1_859' title='bbox 3495 4776 3679 4847; x_wconf 86' lang='lat' dir='ltr'>aliqua</span> 
     </span>
    </p>
   </div>
   <div class='ocr_carea' id='block_1_114' title="bbox 2075 4856 3676 4934">
    <p class='ocr_par' dir='ltr' id='par_1_114' title="bbox 2075 4856 3676 4934">
     <span class='ocr_line' id='line_1_114' title="bbox 2075 4856 3676 4934; baseline 0.006 -25"><span class='ocrx_word' id='word_1_860' title='bbox 2075 4856 2315 4911; x_wconf 88' lang='lat' dir='ltr'>criminis</span> <span class='ocrx_word' id='word_1_861' title='bbox 2366 4860 2579 4914; x_wconf 91' lang='lat' dir='ltr'>occasio</span> <span class='ocrx_word' id='word_1_862' title='bbox 2628 4859 2895 4927; x_wconf 86' lang='lat' dir='ltr'>videatur,</span> <span class='ocrx_word' id='word_1_863' title='bbox 2951 4863 3095 4916; x_wconf 91' lang='lat' dir='ltr'>unde</span> <span class='ocrx_word' id='word_1_864' title='bbox 3144 4862 3465 4918; x_wconf 89' lang='lat' dir='ltr'>criminosus</span> <span class='ocrx_word' id='word_1_865' title='bbox 3504 4865 3676 4934; x_wconf 87' lang='lat' dir='ltr'>suspi-</span> 
     </span>
    </p>
   </div>
   <div class='ocr_carea' id='block_1_115' title="bbox 2073 4947 3675 5020">
    <p class='ocr_par' dir='ltr' id='par_1_115' title="bbox 2073 4947 3675 5020">
     <span class='ocr_line' id='line_1_115' title="bbox 2073 4947 3675 5020; baseline 0.006 -22"><span class='ocrx_word' id='word_1_866' title='bbox 2073 4953 2244 4999; x_wconf 90' lang='lat' dir='ltr'>cetur.</span> <span class='ocrx_word' id='word_1_867' title='bbox 2282 4947 2438 5002; x_wconf 87' lang='lat' dir='ltr'>Ilunc</span> <span class='ocrx_word' id='word_1_868' title='bbox 2469 4955 2653 5001; x_wconf 90' lang='lat' dir='ltr'>autem</span> <span class='ocrx_word' id='word_1_869' title='bbox 2684 4948 3019 5020; x_wconf 85' lang='lat' dir='ltr'>episcOpum,</span> <span class='ocrx_word' id='word_1_870' title='bbox 3057 4951 3110 5004; x_wconf 90' lang='lat' dir='ltr'>id</span> <span class='ocrx_word' id='word_1_871' title='bbox 3149 4960 3230 5006; x_wconf 88' lang='lat' dir='ltr'>est</span> <span class='ocrx_word' id='word_1_872' title='bbox 3280 4952 3551 5007; x_wconf 89' lang='lat' dir='ltr'>volentem</span> <span class='ocrx_word' id='word_1_873' title='bbox 3582 4970 3675 5008; x_wconf 89' lang='lat' dir='ltr'>sa-</span> 
     </span>
    </p>
   </div>
   <div class='ocr_carea' id='block_1_116' title="bbox 2071 5034 3673 5108">
    <p class='ocr_par' dir='ltr' id='par_1_116' title="bbox 2071 5034 3673 5108">
     <span class='ocr_line' id='line_1_116' title="bbox 2071 5034 3673 5108; baseline 0.005 -19"><span class='ocrx_word' id='word_1_874' title='bbox 2071 5035 2315 5089; x_wconf 90' lang='lat' dir='ltr'>cerdotio</span> <span class='ocrx_word' id='word_1_875' title='bbox 2344 5034 2517 5106; x_wconf 87' lang='lat' dir='ltr'>fungi,</span> <span class='ocrx_word' id='word_1_876' title='bbox 2554 5044 2767 5105; x_wconf 87' lang='lat' dir='ltr'>oportet</span> <span class='ocrx_word' id='word_1_877' title='bbox 2798 5036 2965 5093; x_wconf 83' lang='lat' dir='ltr'>fuisse</span> <span class='ocrx_word' id='word_1_878' title='bbox 2998 5042 3181 5095; x_wconf 83' lang='lat' dir='ltr'>virum</span> <span class='ocrx_word' id='word_1_879' title='bbox 3234 5043 3406 5096; x_wconf 86' lang='lat' dir='ltr'>unius</span> <span class='ocrx_word' id='word_1_880' title='bbox 3452 5044 3673 5108; x_wconf 68' lang='lat' dir='ltr'>uxoris,</span> 
     </span>
    </p>
   </div>
   <div class='ocr_carea' id='block_1_117' title="bbox 2071 5124 3670 5199">
    <p class='ocr_par' dir='ltr' id='par_1_117' title="bbox 2071 5124 3670 5199">
     <span class='ocr_line' id='line_1_117' title="bbox 2071 5124 3670 5199; baseline 0.005 -23"><span class='ocrx_word' id='word_1_881' title='bbox 2071 5124 2218 5193; x_wconf 91' lang='lat' dir='ltr'>quod</span> <span class='ocrx_word' id='word_1_882' title='bbox 2247 5140 2407 5177; x_wconf 89' lang='lat' dir='ltr'>unam</span> <span class='ocrx_word' id='word_1_883' title='bbox 2437 5132 2643 5179; x_wconf 90' lang='lat' dir='ltr'>tantum</span> <span class='ocrx_word' id='word_1_884' title='bbox 2676 5143 2898 5182; x_wconf 81' lang='lat' dir='ltr'>uxorein</span> <span class='ocrx_word' id='word_1_885' title='bbox 2932 5128 3083 5197; x_wconf 80' lang='lat' dir='ltr'>(dum</span> <span class='ocrx_word' id='word_1_886' title='bbox 3113 5129 3215 5183; x_wconf 90' lang='lat' dir='ltr'>sibi</span> <span class='ocrx_word' id='word_1_887' title='bbox 3249 5130 3465 5183; x_wconf 88' lang='lat' dir='ltr'>uxorari</span> <span class='ocrx_word' id='word_1_888' title='bbox 3496 5130 3670 5199; x_wconf 88' lang='lat' dir='ltr'>licuit)</span> 
     </span>
    </p>
   </div>
   <div class='ocr_carea' id='block_1_118' title="bbox 2069 5211 3672 5286">
    <p class='ocr_par' dir='ltr' id='par_1_118' title="bbox 2069 5211 3672 5286">
     <span class='ocr_line' id='line_1_118' title="bbox 2069 5211 3672 5286; baseline 0.007 -23"><span class='ocrx_word' id='word_1_889' title='bbox 2069 5211 2333 5266; x_wconf 90' lang='lat' dir='ltr'>habuerit.</span> <span class='ocrx_word' id='word_1_890' title='bbox 2367 5213 2489 5267; x_wconf 89' lang='lat' dir='ltr'>Non</span> <span class='ocrx_word' id='word_1_891' title='bbox 2522 5214 2667 5284; x_wconf 81' lang='lat' dir='ltr'>quod</span> <span class='ocrx_word' id='word_1_892' title='bbox 2697 5214 2749 5267; x_wconf 89' lang='lat' dir='ltr'>in</span> <span class='ocrx_word' id='word_1_893' title='bbox 2784 5216 3097 5286; x_wconf 83' lang='lat' dir='ltr'>episcopatu</span> <span class='ocrx_word' id='word_1_894' title='bbox 3146 5233 3267 5271; x_wconf 90' lang='lat' dir='ltr'>eam</span> <span class='ocrx_word' id='word_1_895' title='bbox 3316 5218 3535 5285; x_wconf 88' lang='lat' dir='ltr'>habeat,</span> <span class='ocrx_word' id='word_1_896' title='bbox 3582 5220 3672 5274; x_wconf 91' lang='lat' dir='ltr'>vel</span> 
     </span>
    </p>
   </div>
   <div class='ocr_carea' id='block_1_119' title="bbox 2069 5300 3671 5380">
    <p class='ocr_par' dir='ltr' id='par_1_119' title="bbox 2069 5300 3671 5380">
     <span class='ocr_line' id='line_1_119' title="bbox 2069 5300 3671 5380; baseline 0.006 -27"><span class='ocrx_word' id='word_1_897' title='bbox 2069 5300 2214 5369; x_wconf 91' lang='lat' dir='ltr'>quod</span> <span class='ocrx_word' id='word_1_898' title='bbox 2246 5300 2291 5354; x_wconf 91' lang='lat' dir='ltr'>si</span> <span class='ocrx_word' id='word_1_899' title='bbox 2321 5301 2524 5355; x_wconf 88' lang='lat' dir='ltr'>nullam</span> <span class='ocrx_word' id='word_1_900' title='bbox 2556 5303 2764 5368; x_wconf 88' lang='lat' dir='ltr'>habuit,</span> <span class='ocrx_word' id='word_1_901' title='bbox 2800 5305 3070 5374; x_wconf 89' lang='lat' dir='ltr'>repudiari</span> <span class='ocrx_word' id='word_1_902' title='bbox 3120 5306 3330 5371; x_wconf 81' lang='lat' dir='ltr'>debeat,</span> <span class='ocrx_word' id='word_1_903' title='bbox 3364 5308 3461 5361; x_wconf 89' lang='lat' dir='ltr'>sed</span> <span class='ocrx_word' id='word_1_904' title='bbox 3492 5308 3671 5380; x_wconf 86' lang='lat' dir='ltr'>magis</span> 
     </span>
    </p>
   </div>
   <div class='ocr_carea' id='block_1_120' title="bbox 2066 5388 3669 5466">
    <p class='ocr_par' dir='ltr' id='par_1_120' title="bbox 2066 5388 3669 5466">
     <span class='ocr_line' id='line_1_120' title="bbox 2066 5388 3669 5466; baseline 0.006 -25"><span class='ocrx_word' id='word_1_905' title='bbox 2066 5388 2257 5459; x_wconf 88' lang='lat' dir='ltr'>accipi.</span> <span class='ocrx_word' id='word_1_906' title='bbox 2312 5389 2439 5445; x_wconf 90' lang='lat' dir='ltr'>Ideo</span> <span class='ocrx_word' id='word_1_907' title='bbox 2490 5390 2608 5446; x_wconf 88' lang='lat' dir='ltr'>viro</span> <span class='ocrx_word' id='word_1_908' title='bbox 2654 5391 2939 5447; x_wconf 89' lang='lat' dir='ltr'>multarum</span> <span class='ocrx_word' id='word_1_909' title='bbox 2997 5410 3229 5449; x_wconf 85' lang='lat' dir='ltr'>uxorum</span> <span class='ocrx_word' id='word_1_910' title='bbox 3279 5404 3447 5466; x_wconf 88' lang='lat' dir='ltr'>negat</span> <span class='ocrx_word' id='word_1_911' title='bbox 3483 5411 3669 5451; x_wconf 89' lang='lat' dir='ltr'>sacer-</span> 
     </span>
    </p>
   </div>
   <div class='ocr_carea' id='block_1_121' title="bbox 2063 5476 3669 5555">
    <p class='ocr_par' dir='ltr' id='par_1_121' title="bbox 2063 5476 3669 5555">
     <span class='ocr_line' id='line_1_121' title="bbox 2063 5476 3669 5555; baseline 0.006 -23"><span class='ocrx_word' id='word_1_912' title='bbox 2063 5476 2289 5545; x_wconf 89' lang='lat' dir='ltr'>dotium,</span> <span class='ocrx_word' id='word_1_913' title='bbox 2323 5478 2468 5549; x_wconf 91' lang='lat' dir='ltr'>quia,</span> <span class='ocrx_word' id='word_1_914' title='bbox 2504 5479 2598 5535; x_wconf 89' lang='lat' dir='ltr'>illo</span> <span class='ocrx_word' id='word_1_915' title='bbox 2646 5480 2822 5537; x_wconf 92' lang='lat' dir='ltr'>soluto</span> <span class='ocrx_word' id='word_1_916' title='bbox 2852 5497 2882 5536; x_wconf 89' lang='lat' dir='ltr'>a</span> <span class='ocrx_word' id='word_1_917' title='bbox 2924 5482 3104 5555; x_wconf 89' lang='lat' dir='ltr'>priore</span> <span class='ocrx_word' id='word_1_918' title='bbox 3154 5499 3347 5552; x_wconf 85' lang='lat' dir='ltr'>uxore,</span> <span class='ocrx_word' id='word_1_919' title='bbox 3399 5499 3524 5540; x_wconf 90' lang='lat' dir='ltr'>cum</span> <span class='ocrx_word' id='word_1_920' title='bbox 3573 5501 3669 5541; x_wconf 78' lang='lat' dir='ltr'>se-</span> 
     </span>
    </p>
   </div>
  </div>
