3966 6050
233 178 335 232 441

874 170 1255 228 EXPOSITIO
1296 172 1370 226 IN
1406 169 1787 227 EPISTOLAS
1825 168 2049 226 PAULI.
2082 201 2147 213 —
2190 173 2264 228 IN
2308 174 2527 230 EPIST.
2576 173 2600 229 Ι
2637 172 2731 229 ΑΙ)
2769 172 2910 227 ΤΙΜ.

3443 178 3548 233 442

239 299 447 357 cundas
478 296 689 368 nuptias
720 296 1005 363 contraxit,
1031 296 1291 353 indicavit
1322 314 1381 352 se
1414 297 1692 352 continere
1737 309 1848 350 non
1867 296 1922 357 A
1952 302 2171 367 oportet
2200 315 2316 355 esse
2343 300 2595 372 pudicos,
2622 298 2677 353 id
2737 306 2817 354 est
2869 299 3121 355 custodes
3167 298 3452 365 castitatis,
3501 308 3555 355 et

242 404 431 461 posse,
464 385 889 442 incontinentem
919 394 1099 440 autem
1124 386 1426 457 episOOpari
1458 402 1565 440 non
1610 385 1754 441 licet.
1785 386 1853 439 Et

242 487 307 532 ut
343 474 833 546 irreprehensibilis
861 475 966 540 sit,
1005 479 1223 547 oportet
1260 478 1579 548 episcopum
1615 491 1729 530 esse
1762 490 1854 528 so-

246 567 434 622 brium
462 572 513 619 et
538 563 726 629 verbo,
760 571 812 618 et
844 578 1028 633 Opere.
1056 564 1404 619 Prudentem
1421 563 1582 618 etiam
1605 564 1695 635 qui
1719 563 1855 617 sciat

245 655 319 708 de
366 655 625 707 thesauro
677 650 919 722 pectoris
949 651 1030 705 sui
1060 667 1256 707 novam
1296 660 1350 708 et
1376 661 1617 709 veterem
1674 652 1854 724 legem

253 743 510 815 proferre
523 783 535 795 .

328 832 558 902 Oportet
582 829 745 884 etiam
765 845 893 883 eum
926 846 1048 885 esse
1080 847 1195 885 non
1224 830 1596 897 vinolentum,
1618 829 1735 901 jugi
1764 844 1856 899 po.

249 920 460 975 tatione
487 918 832 973 dissolutum.
858 920 978 973 Non
1000 919 1159 973 etiam
1180 934 1562 990 percussorem
1584 917 1856 989 corporali

252 1008 631 1081 percussione,
666 1007 827 1061 habet
856 1007 999 1062 enim
1031 1007 1296 1078 spiritalia
1328 1023 1498 1073 arma,
1532 1008 1728 1079 quibus
1778 1006 1857 1061 uti

249 1098 415 1151 debet
443 1104 628 1151 contra
658 1096 1025 1161 adversarios,
1059 1096 1281 1150 verbum
1312 1095 1520 1152 scilicet
1546 1096 1663 1160 Dei,
1685 1111 1857 1167 quare

249 1201 362 1240 non
394 1193 610 1255 oportet
640 1200 765 1239 eum
793 1184 869 1238 uti
912 1184 1291 1254 corporalibus
1320 1184 1504 1237 armis.
1559 1184 1683 1238 Non
1721 1200 1856 1254 pet"

248 1289 554 1339 cussorem,
580 1273 675 1328 sed
704 1274 1039 1338 modestum,
1074 1273 1125 1325 id
1156 1280 1236 1326 est
1269 1273 1433 1327 totius
1462 1271 1855 1326 moderationis

248 1363 554 1418 custodem.
592 1361 821 1432 Oportet
852 1377 977 1415 eum
1014 1377 1136 1415 esse
1168 1378 1283 1417 non
1326 1361 1653 1431 litigiosum,
1689 1360 1743 1413 id
1774 1368 1858 1414 est

248 1466 358 1506 non
426 1450 731 1506 convicium
788 1466 885 1520 pro
943 1449 1190 1505 convicio
1247 1449 1583 1514 reddentem,
1628 1449 1725 1503 sed
1786 1449 1857 1502 ad

248 1540 435 1595 omnia
464 1539 775 1610 patientem.
810 1540 931 1593 Non
960 1539 1123 1593 etiam
1160 1538 1449 1610 cupidum,
1479 1554 1548 1592 ne
1588 1537 1857 1608 cupiditas

1956 402 2070 441 non
2087 388 2386 458 bilingues,
2438 389 2493 444 id
2546 397 2628 442 est
2668 403 2777 443 non
2822 387 2960 444 inter
3001 389 3198 444 fratres
3252 388 3555 444 discordias

1957 475 2307 542 scminantes,
2343 493 2457 532 non
2502 478 2716 533 deditos
2754 478 2936 532 multo
2972 480 3120 539 vino,
3171 494 3277 550 quo
3335 477 3555 550 quidem

1957 564 2138 618 sobrie
2160 564 2285 621 licet
2315 565 2390 620 uti
2424 584 2438 633 ;
2471 582 2588 621 non
2609 570 2891 621 sectantes
2914 570 3077 638 turpe
3107 568 3351 632 lucrum,
3374 574 3432 620 ut
3452 580 3554 621 nec

1955 652 2225 719 fenerent,
2280 670 2382 710 nec
2432 655 2815 727 negotientur;
2845 654 3113 711 habentes
3159 656 3318 709 etiam
3348 658 3557 726 myste-

1954 744 2126 811 rium,
2160 742 2213 796 id
2247 750 2327 797 est
2346 751 2614 797 secretum
2645 744 2799 812 ﬁdei,
2839 752 2896 798 ut
2953 752 3288 814 cognoscant
3336 743 3428 798 illa
3462 758 3554 797 se-

1956 840 2103 885 creta
2155 830 2280 885 ﬁdei
2338 840 2561 897 nostrae,
2625 848 2745 903 quae
2806 832 3122 902 simplicitas
3170 832 3317 903 vulgi
3358 847 3557 902 capere

1954 936 2065 974 non
2094 919 2304 974 sufﬁcit.
2340 920 2703 975 Diaconorum
2732 920 2874 974 enim
2921 919 3155 975 Officium
3185 929 3266 975 est
3313 936 3556 992 evange-

1954 1008 2120 1063 lizare
2197 1009 2399 1063 verbun
2463 1008 2563 1063 Dei
2617 1009 2867 1079 populo:
2905 1009 3145 1065 322
3196 1009 3249 1063 in
3296 1010 3448 1077 cujus
3478 1008 3557 1063 rei

1955 1097 2176 1169 signum
2200 1098 2430 1151 traditur
2449 1097 2527 1151 eis
2544 1098 2903 1168 Evangelium
2933 1098 3000 1152 ad
3030 1098 3343 1170 legendum.
3370 1096 3558 1166 Quare

1956 1193 2168 1255 oportet
2192 1186 2271 1239 eis
2300 1194 2428 1239 nota
2457 1202 2581 1241 esse
2618 1201 2819 1241 arcana
2850 1184 2976 1241 ﬁdei
3023 1186 3111 1257 qui
3166 1186 3234 1240 de
3275 1184 3380 1240 ﬁde
3429 1194 3557 1241 sunt

1956 1273 2188 1329 docturi.
2225 1276 2291 1328 Et
2319 1273 2447 1328 licet
2476 1274 2592 1329 haec
2636 1274 2818 1328 omnia
2862 1275 3112 1339 habeant,
3164 1282 3344 1329 tamen
3402 1283 3556 1330 ante-

1957 1379 2118 1433 quam
2139 1362 2477 1428 ordinentur,
2512 1363 3081 1434 probenturprimum
3115 1362 3555 1435 interrogationi-

1955 1452 2058 1504 bus
2080 1451 2203 1516 illis,
2237 1451 2435 1522 quibus
2466 1459 2589 1506 ante
2620 1451 2843 1506 ordines
2896 1452 3071 1506 solent
3100 1452 3449 1524 interrogari,
3500 1460 3559 1507 ut

1956 1540 2109 1594 illud.
2144 1539 2237 1594 Vis
2272 1556 2495 1595 servare
2549 1539 2846 1595 castitatem
2882 1547 2935 1595 et
2982 1539 3225 1595 similia?
3255 1540 3321 1594 Hi
3368 1540 3553 1613 utique

246 1628 538 1699 prohibeat
569 1644 693 1682 eum
725 1628 868 1682 bona
896 1626 1160 1681 Ecclesiae
1210 1642 1441 1699 erogare
1473 1627 1527 1679 in
1558 1642 1850 1697 pauperes,
1873 1654 1926 1715 B
1954 1628 2270 1700 probentur,
2324 1638 2377 1683 et
2443 1628 2690 1683 similiter
2738 1629 3055 1684 sacerdotes
3102 1630 3170 1683 de
3224 1628 3418 1700 quibus
3451 1629 3557 1685 hoc

246 1733 481 1789 quorum
512 1716 838 1787 patrimonia
869 1724 1011 1785 sunt,
1045 1733 1153 1771 non
1201 1715 1425 1786 propria
1452 1716 1851 1786 episcoporum.

248 1806 479 1876 Oportet
511 1805 676 1860 etiam
706 1821 828 1859 eum
870 1804 1036 1859 fuisse
1068 1806 1203 1860 bene
1250 1807 1616 1876 praepositum
1665 1804 1855 1860 domui

247 1911 382 1959 suae,
408 1894 551 1965 quod
581 1893 847 1964 privatam
878 1892 1138 1947 familiam
1170 1908 1325 1947 suam
1376 1893 1515 1947 bene
1554 1892 1855 1949 coercuerit

247 1999 281 2037 a
312 1983 619 2055 quibusque
671 1982 850 2048 vitiis;
884 1998 986 2037 nec
1034 1981 1209 2035 solum
1249 1981 1510 2053 reliquam
1566 1981 1849 2046 familiam,

248 2072 347 2127 sed
377 2071 541 2127 etiam
566 2072 713 2139 ﬁlios
736 2071 1035 2126 habentem
1056 2072 1325 2139 subditos,
1359 2071 1414 2124 id
1446 2079 1526 2125 est
1552 2071 1643 2141 qui
1673 2086 1774 2125 nec
1798 2070 1852 2125 in

249 2160 374 2215 ﬁliis
408 2160 730 2215 coercendis
760 2168 989 2230 paterna
1024 2159 1307 2215 affectione
1335 2159 1595 2231 deceptus
1619 2159 1704 2214 sit.
1738 2160 1853 2214 Nec

249 2249 325 2304 ita
357 2248 481 2304 dico
502 2257 559 2302 ut
584 2257 709 2319 post
738 2256 1009 2318 patratum
1029 2248 1217 2303 vitium
1248 2248 1549 2303 correxerit
1592 2263 1685 2303 eos
1710 2266 1724 2313 ;
1756 2248 1853 2303 sed

252 2354 377 2394 cum
417 2339 574 2394 omni
593 2340 880 2402 castitate,
916 2337 971 2391 id
1002 2345 1084 2391 est
1114 2337 1261 2392 omni
1289 2336 1597 2409 integritate
1616 2344 1848 2401 servata,

250 2427 530 2498 quiaadeo
553 2426 827 2481 districtus
876 2426 1055 2479 fuitin
1111 2426 1356 2481 custodia
1415 2424 1649 2479 ﬁliorum
1706 2425 1852 2496 quod

248 2517 316 2570 ad
369 2523 546 2572 aetum
594 2514 816 2570 sceleris
874 2516 953 2570 eis
1010 2515 1302 2585 pervenire
1363 2530 1470 2568 non
1530 2514 1695 2569 licuit.
1761 2514 1852 2569 Sic

251 2605 519 2660 scientem
549 2620 793 2674 praeesse
829 2603 1014 2658 domui
1048 2603 1393 2669 sum,bonum
1425 2602 1577 2657 estin
1610 2603 1857 2657 sacerdo-

247 2694 379 2749 tium
418 2692 743 2764 promoveri.
780 2692 889 2747 Sed
919 2694 966 2746 si
995 2693 1117 2763 quis
1161 2694 1341 2747 nescit
1370 2707 1606 2762 praeesse
1627 2691 1853 2762 privatae

246 2783 440 2837 domui
472 2798 605 2847 sua},
641 2781 695 2834 in
725 2797 828 2852 qua
848 2796 1023 2851 pauca
1044 2780 1388 2851 disponenda
1410 2786 1553 2847 sunt,
1586 2780 1851 2852 quomodo

247 2870 336 2924 hic
366 2870 589 2926 habebit
611 2872 988 2941 diligentiam,
1022 2869 1075 2924 id
1098 2878 1178 2924 est
1199 2869 1513 2940 diligentem
1546 2869 1852 2924 custodiam

244 2959 512 3014 Ecclesia:
543 2961 658 3027 Dei,
692 2958 745 3012 in
777 2974 884 3030 qua
913 2966 989 3013 tot
1018 2966 1069 3013 et
1113 2966 1263 3012 tanta
1300 2958 1650 3028 procuranda
1682 2957 1852 3012 sunt?

248 3047 462 3102 Praeter
493 3046 750 3117 praedicta
780 3054 993 3118 oportet
1020 3063 1144 3102 eum
1171 3065 1288 3102 non
1311 3063 1434 3102 esse
1482 3048 1847 3119 neophytum,

246 3135 304 3188 id
333 3142 415 3190 est
438 3136 650 3190 noviter
682 3151 1029 3200 conversum,
1066 3152 1156 3199 ne,
1193 3135 1237 3189 si
1266 3136 1440 3190 adhuc
1470 3135 1620 3189 rudis
1661 3135 1713 3188 iu
1744 3134 1850 3190 ﬁde

243 3232 635 3295 promoventur
665 3224 716 3279 in
778 3225 1158 3290 sacerdotium,
1192 3226 1382 3279 elatus
1427 3226 1490 3279 in
1532 3224 1850 3296 superbiam

244 3313 538 3385 cogitando
566 3330 770 3379 secum,
814 3314 870 3368 Si
922 3313 1087 3368 modo
1131 3329 1239 3368 non
1294 3329 1475 3368 essem
1533 3328 1848 3379 conversus,

243 3417 356 3458 non
387 3410 532 3457 esset
560 3412 753 3473 praeter
790 3420 879 3458 me
931 3403 1020 3474 qui
1066 3402 1231 3458 sciret
1266 3418 1507 3472 praeesse
1564 3402 1846 3467 Ecclesiae,

243 3491 324 3546 sic
356 3491 722 3561 superbiendo
750 3493 973 3547 incidat
1004 3493 1066 3547 in
1088 3493 1395 3563 judicium,
1428 3491 1482 3545 id
1513 3499 1595 3546 est
1622 3491 1850 3545 damna-

243 3580 448 3634 tionem
479 3580 714 3649 diaboli,
748 3581 838 3651 qui
868 3597 968 3651 per
1025 3580 1336 3651 superbiam
1396 3580 1683 3634 damnatus
1729 3579 1846 3646 fuit,

244 3676 308 3723 ut
338 3677 391 3723 et
412 3668 499 3723 hic
530 3671 835 3740 neophytus
867 3670 1113 3725 similiter
1151 3686 1251 3740 per
1282 3669 1591 3740 superbiam
1624 3669 1849 3723 damne-

243 3766 352 3812 tur.
385 3758 577 3828 Neque
631 3759 749 3813 haec
798 3758 975 3812 solum
1041 3759 1357 3814 necessaria
1430 3766 1555 3812 sunt
1596 3758 1692 3822 illi,
1750 3758 1850 3813 sed

241 3849 421 3903 etiam
443 3851 678 3917 oportet,
700 3846 751 3900 id
775 3855 857 3901 est
883 3861 1111 3902 necesse
1135 3855 1217 3901 est
1234 3849 1403 3902 illum
1417 3846 1618 3903 habere
1641 3847 1849 3902 bonum

239 3937 659 4001 testimonium,
692 3951 800 3990 non
846 3936 1020 3990 solum
1054 3952 1085 3989 a
1116 3934 1386 4000 fidelibus,
1417 3936 1514 3990 sed
1564 3937 1739 3991 etiam
1782 3936 1848 3990 ab

240 4026 329 4081 his
361 4028 455 4097 qui
485 4029 619 4079 sunt
639 4025 798 4095 foris,
837 4023 891 4079 id
922 4032 1004 4079 est
1023 4032 1173 4078 extra
1188 4022 1370 4089 ﬁdem,
1396 4023 1602 4080 scilicet
1629 4025 1699 4078 ab
1720 4023 1847 4078 inﬁ-

236 4113 476 4179 delibus,
504 4118 568 4167 ut
596 4129 709 4168 non
734 4113 952 4167 incidat
976 4114 1037 4167 in
1058 4113 1438 4184 opprobrium,
1462 4113 1588 4183 quia
1620 4113 1662 4167 si
1686 4113 1847 4167 modo

244 4200 501 4256 inﬁdeles
530 4201 748 4256 videant
796 4200 947 4254 illum
990 4200 1329 4256 sacerdotem
1379 4200 1596 4267 factum,
1645 4201 1847 4271 praedi-

235 4298 457 4344 cantem
485 4290 714 4344 verbum
746 4290 874 4356 Dei,
938 4289 1312 4345 convicientur
1365 4288 1412 4343 ei
1451 4289 1693 4345 dicentes
1726 4305 1737 4342 :
1771 4290 1849 4344 Tu

1956 1734 2061 1771 non
2078 1716 2435 1788 przemiserat.
2472 1720 2542 1772 Et
2572 1720 2652 1772 sic
2683 1716 2902 1771 demum
2932 1717 3165 1771 ordinati
3194 1718 3552 1785 ministrent,

1954 1806 2008 1859 id
2030 1814 2112 1861 est
2142 1821 2230 1859 res
2248 1805 2509 1861 Ecclesia:
2529 1805 2581 1858 in
2617 1805 2943 1860 necessariis
2973 1805 3162 1860 usibus
3207 1805 3552 1871 distribuant,

1955 1902 2011 1948 ut
2041 1895 2096 1948 in
2125 1893 2260 1949 cibis
2291 1909 2590 1964 pauperum
2614 1900 2665 1949 et
2696 1894 2981 1948 similibus.

2027 1983 2294 2037 Statutum
2324 1982 2467 2036 enim
2520 1981 2619 2036 fuit
2667 1982 2827 2036 etiam
2879 1982 2934 2036 in
2962 1982 3228 2053 primitiva
3287 1983 3551 2048 Ecclesia,

1954 2080 2011 2125 ut
2042 2070 2116 2125 illi
2148 2078 2357 2141 septem
2375 2070 2591 2126 diaconi
2617 2086 2707 2125 res
2724 2070 3119 2126 ecclesiasticas
3140 2080 3193 2126 et
3227 2072 3556 2127 domesticas

1954 2160 2337 2231 disponerent,
2382 2160 2713 2230 pauperibus
2769 2159 3138 2215 ministrarent
3169 2162 3313 2227 (Act.
3364 2176 3441 2225 v1,
3472 2161 3551 2231 2),

1954 2257 2082 2317 etc.,
2116 2256 2173 2302 ut
2228 2248 2459 2318 apostoli
2515 2247 2823 2317 hujusmodi
2889 2248 3036 2303 curis
3093 2248 3270 2315 soluti,
3329 2248 3556 2303 liberius

1954 2345 2213 2393 vacarent
2244 2336 2636 2407 praedicationi.
2675 2337 2832 2392 Unde
2862 2337 3040 2392 adhuc
3089 2336 3133 2391 si
3166 2337 3289 2404 jure
3344 2335 3422 2404 ﬁt,
3456 2352 3558 2407 per

1952 2442 2147 2481 manus
2177 2426 2537 2486 diaconorum
2576 2425 2876 2479 ministeria
2916 2425 3313 2479 distribuuntur
3353 2425 3555 2481 Eccle-

1954 2515 2177 2569 siarum.
2210 2515 2512 2569 Ministrent
2532 2513 2657 2568 dico
2681 2530 2797 2569 non
2834 2514 3104 2569 habentes
3121 2515 3307 2569 ullum
3332 2515 3554 2569 crimen

1953 2612 2093 2667 actu,
2131 2619 2233 2659 nec
2274 2603 2438 2657 etiam
2485 2602 2817 2672 suspicione,
2877 2610 3022 2656 tanta
3065 2602 3210 2656 enim
3266 2602 3549 2673 vigilantia

1952 2694 2154 2748 debent
2174 2708 2234 2746 se
2263 2691 2702 2761 circumspicere,
2750 2690 2895 2762 quod
2923 2689 3267 2746 occasionem
3314 2706 3423 2745 non
3451 2692 3556 2745 ha-

1953 2782 2078 2836 beat
2126 2781 2318 2847 hostis,
2372 2780 2458 2836 vel
2510 2779 2773 2851 suspicari
2818 2779 3098 2835 criminale
3137 2779 3267 2851 quid
3307 2779 3377 2834 de
3424 2779 3551 2835 illis.

1951 2871 2074 2924 Non
2109 2870 2376 2924 habentes
2397 2869 2624 2936 crimen,
2658 2868 2802 2923 idem
2821 2876 2904 2923 est
2926 2868 3072 2939 quod
3102 2885 3264 2939 supra
3307 2868 3383 2923 ait
3412 2871 3556 2924 irre-

1951 2960 2406 3031 prehensibilem.
2454 2958 2552 3012 Hic
2571 2957 2762 3012 inserit
2776 2965 3109 3028 praeceptum
3146 2957 3213 3012 de
3235 2956 3555 3012 mulieribus

1951 3056 2076 3103 ante
2106 3054 2297 3117 etpost
2330 3062 2500 3117 agens
2529 3046 2599 3101 de
2639 3046 2979 3110 diaconibus,
3014 3046 3159 3118 quod
3208 3045 3554 3100 intersertum

1950 3136 2055 3190 nisi
2084 3136 2153 3191 ad
2176 3135 2437 3190 diaconos
2466 3134 2816 3205 aliquomodo
2844 3134 3131 3204 pertineat,
3165 3134 3555 3190 inconveniens

1948 3225 2037 3279 hic
2069 3224 2204 3278 ordo
2226 3224 2463 3279 videtur.
2505 3224 2574 3279 Ut
2614 3231 2792 3277 autem
2833 3223 2979 3294 quod
3033 3223 3107 3279 ait
3138 3223 3206 3279 de
3238 3222 3556 3277 mulieribus

1950 3312 2338 3369 convenienter
2377 3313 2638 3367 insertum
2707 3312 2997 3380 judicetur,
3071 3313 3150 3368 sic
3195 3312 3555 3384 exponimus:

1949 3403 2209 3459 Mulieres
2241 3419 2361 3472 quae
2400 3410 2582 3472 nuptae
2611 3400 2810 3456 fuerint
2851 3402 2935 3455 his
2968 3401 3060 3473 qui
3105 3402 3161 3456 in
3210 3402 3558 3458 diaconatum

1948 3497 2356 3562 promoventur,
2390 3491 2665 3545 similiter
2685 3497 2899 3560 oportet
2919 3505 3043 3545 esse
3090 3490 3348 3562 pudicas,
3382 3490 3436 3544 id
3473 3498 3557 3545 est

1948 3595 2178 3635 necesse
2206 3587 2288 3634 est
2335 3578 2576 3649 proﬁteri
2613 3578 2932 3645 castitatem,
2976 3578 3115 3632 sicut
3140 3578 3285 3632 viros
3331 3594 3544 3633 earum.

1948 3669 2143 3724 Melius
2173 3668 2316 3722 enim
2348 3676 2495 3724 esset
2529 3675 2585 3721 ut
2606 3684 2729 3722 cum
2758 3667 2889 3721 viris
2931 3667 2986 3721 in
3017 3666 3261 3722 castitate
3314 3665 3554 3739 conjugii

1948 3765 2251 3827 manerent,
2305 3772 2465 3829 quam
2501 3763 2769 3827 separatae
2828 3772 2861 3811 a
2889 3756 3023 3812 viris
3078 3755 3351 3828 impudice
3396 3755 3554 3813 vive-

1948 3854 2090 3901 rent.

2019 3936 2087 3989 Et
2106 3934 2229 3990 ideo
2279 3934 2381 3989 viri
2425 3950 2611 3989 earum
2641 3949 2754 3989 non
2796 3933 3135 4005 recipiantur
3173 3934 3230 3989 in
3282 3934 3552 4002 Ecclesia,

1948 4023 2055 4078 nisi
2086 4031 2137 4078 et
2166 4023 2419 4078 mulieres
2450 4039 2637 4078 eorum
2669 4021 3028 4094 proﬁteantur
3058 4023 3383 4091 castitatem,
3418 4040 3552 4097 quas

1948 4128 2057 4167 non
2078 4112 2254 4167 solum
2285 4113 2513 4182 pudicas
2564 4128 2687 4167 esse
2710 4120 2940 4183 Oportet,
2995 4113 3093 4167 sed
3122 4111 3286 4167 etiam
3323 4128 3439 4168 non
3461 4113 3555 4169 de-

1950 4202 2263 4266 trahentes,
2296 4200 2424 4271 quia
2446 4200 2492 4254 si
2522 4201 2843 4255 detractioni
2884 4208 3099 4268 vacant,
3132 4199 3325 4254 melius
3364 4198 3555 4255 fuisset

1949 4305 2072 4344 esse
2104 4305 2226 4345 cum
2258 4288 2406 4354 viris,
2443 4289 2535 4359 qui
2580 4289 2921 4359 corrigerent
2963 4304 3077 4344 eas.
3104 4288 3348 4361 Oportet
3392 4288 3552 4343 etiam

235 4379 331 4450 qui
353 4378 513 4449 paulo
544 4386 669 4433 ante
703 4377 989 4444 furabaris,
1029 4378 1396 4443 adulterabas,
1430 4386 1557 4446 etc.,
1583 4379 1761 4447 jactas
1789 4386 1840 4433 te
1862 4374 1913 4433 D
1946 4394 2038 4433 eas
2060 4394 2183 4433 esse
2214 4378 2425 4435 sobrias
2456 4377 2511 4431 in
2540 4377 2687 4445 cibo,
2713 4377 2767 4431 in
2802 4386 2931 4447 potu
2961 4385 3011 4432 et
3042 4378 3096 4432 in
3151 4377 3367 4433 vestitu.
3401 4378 3551 4434 Sicut

236 4467 406 4521 modo
462 4467 776 4539 magistrum
809 4474 1078 4532 nostrum,
1114 4466 1166 4520 in
1199 4467 1352 4535 cujus
1383 4482 1476 4521 ore
1507 4467 1669 4521 etiam
1702 4467 1841 4523 bona

235 4555 661 4626 contemptibilia
695 4562 836 4610 sunt.
872 4556 971 4611 Hic
1000 4563 1176 4610 autem
1210 4556 1313 4611 hoc
1343 4556 1597 4621 audiens,
1640 4572 1840 4611 accen-

236 4661 333 4699 sus
362 4644 441 4698 ira
496 4645 700 4699 alterna
731 4644 921 4699 reddat
955 4644 1265 4715 Opprobria,
1305 4653 1358 4699 et
1404 4645 1508 4700 hoc
1544 4646 1709 4700 modo
1752 4645 1839 4699 in-

236 4733 385 4788 cidat
413 4733 467 4786 in
493 4732 747 4804 laqueum
798 4733 1021 4799 diaboli,
1068 4734 1157 4805 qui
1188 4733 1255 4787 iis
1278 4734 1417 4789 dolis
1465 4734 1671 4789 laborat
1722 4734 1841 4788 illa-

234 4837 437 4893 queare
468 4837 612 4876 eum.
675 4821 856 4891 Quare
903 4830 1115 4892 Oportet
1163 4838 1285 4876 eum
1343 4822 1433 4893 qui
1489 4831 1843 4893 promovetur

231 4910 288 4964 in
309 4910 699 4977 sacerdotium,
735 4910 893 4965 etiam
926 4926 1048 4966 cum
1073 4909 1309 4965 inﬁdelis
1337 4910 1455 4976 fuit,
1480 4910 1603 4965 aine
1621 4910 1843 4982 querela

230 5006 611 5055 conversatum
644 4998 811 5053 fuisse
842 4998 979 5054 inter
1011 5015 1159 5053 suos.

304 5086 511 5156 Quales
540 5088 886 5158 presbyteros
914 5097 1165 5159 Oportere
1198 5104 1320 5143 esse
1342 5088 1595 5157 diximus,
1630 5096 1842 5159 oportet

230 5192 356 5232 esse
386 5176 646 5231 diaconos
678 5176 911 5242 sobrios,
947 5184 998 5231 et
1047 5184 1241 5232 caetera
1273 5194 1391 5249 quae
1436 5194 1542 5232 non
1602 5179 1838 5248 reponit.

230 5265 335 5319 Per
364 5266 470 5320 hoc
512 5265 655 5336 quod
684 5265 756 5318 ait
784 5264 1033 5320 similiter
1062 5266 1413 5338 intelligenda
1445 5282 1564 5323 esse
1602 5266 1658 5319 in
1687 5267 1842 5321 ordi-

226 5353 451 5408 natione
523 5352 874 5407 diaconorum
929 5352 1271 5424 signiﬁcavit,
1320 5354 1409 5424 qui
1454 5355 1585 5409 ordo
1645 5370 1838 5424 parum

231 5442 503 5514 dignitate
536 5441 859 5513 discrepata
900 5443 1235 5500 sacerdotio.
1276 5445 1566 5511 Diaconos,
1603 5442 1841 5515 inquam,

1942 4467 2103 4521 etiam
2142 4467 2336 4534 ﬁdeles
2389 4468 2453 4521 in
2492 4467 2768 4531 omnibus,
2822 4466 2877 4519 id
2927 4473 3011 4520 est
3053 4465 3492 4535 justiﬁcationem
3521 4483 3553 4521 a

1940 4555 2202 4627 peccatis,
2231 4571 2391 4627 quam
2448 4571 2549 4625 per
2584 4554 2749 4610 ﬁdem
2798 4563 3146 4626 acceperunt,
3199 4556 3406 4612 salvam
3450 4572 3555 4628 per

1942 4644 2121 4700 omnia
2153 4645 2540 4700 custodientes.
2575 4644 2675 4699 Vel
2701 4644 2773 4699 ita
2800 4662 2812 4699 :
2847 4644 3061 4699 Fideles
3081 4644 3190 4699 sint
3206 4644 3547 4712 inomnibus,

1943 4734 2087 4805 quod
2116 4733 2160 4787 si
2193 4733 2322 4805 quid
2372 4734 2440 4789 de
2486 4732 2874 4789 ecclesiasticis
2919 4733 3272 4789 committitur
3313 4733 3432 4803 illis
3470 4734 3552 4803 (ut

1942 4822 2255 4877 ministrare
2282 4822 2639 4893 pauperibus)
2684 4821 2921 4877 ﬁdeliter
2976 4829 3357 4893 exsequantur.
3410 4823 3559 4883 Dia-.

1943 4928 2109 4967 cones
2135 4911 2295 4965 etiam
2312 4912 2453 4975 sint,
2479 4911 2535 4965 id
2556 4918 2637 4965 est
2665 4910 2992 4966 fuerintviri
3014 4911 3188 4966 unius
3219 4911 3439 4980 uxoris,
3454 4912 3552 4984 qui

1944 5001 2083 5069 ﬁliis
2122 5001 2243 5054 suis
2273 5000 2408 5055 bene
2432 5004 2716 5071 praesunt,
2750 5004 2808 5055 et
2852 5002 2969 5055 suis
3000 4999 3273 5064 domibus,
3312 5000 3454 5055 sicut
3482 5001 3553 5056 de

1946 5089 2205 5160 episcopo
2236 5088 2336 5142 fuit
2363 5088 2687 5158 expositum.
2722 5088 2821 5143 Vel
2852 5088 2897 5143 si
2928 5088 3103 5159 placet
3142 5088 3397 5145 mulieres
3430 5090 3551 5144 dia-

1946 5178 2197 5242 conissae,
2245 5176 2450 5232 scilicet
2507 5177 2790 5243 moniales,
2855 5177 3106 5232 similiter
3159 5186 3373 5249 Oportet
3427 5194 3552 5234 esse

1948 5266 2193 5336 pudicas,
2236 5274 2364 5331 etc.,
2391 5266 2530 5322 sicut
2560 5266 2705 5322 dicta
2752 5273 2895 5321 sunt.
2954 5267 3039 5321 Ne.
3092 5275 3269 5321 autem
3328 5267 3551 5323 cuilibet

1948 5354 2171 5410 difﬁcile
2202 5371 2324 5410 esse
2343 5355 2621 5411 videretur
2649 5354 2726 5410 sic
2759 5372 2816 5409 se
2848 5371 3162 5427 praeparare
3180 5371 3277 5426 pro
3297 5355 3551 5409 habendo

1946 5444 2259 5515 diaconatu,
2284 5446 2359 5499 ait
2394 5459 2406 5498 :
2440 5445 2562 5499 Non
2620 5444 2689 5500 sit
2744 5443 2899 5499 vobis
2954 5459 3245 5500 onerosum
3302 5442 3437 5498 tales
3495 5449 3550 5498 et
