3966 6050
439 190 543 246 443

988 191 1045 246 S.
1087 188 1442 246 BRUNONIS
1481 186 2127 244 CARTHUSIANORUM
2165 182 2648 241 lNSTITUTORIS
2685 183 2837 240 OPP.
2879 183 3057 239 PARS
3094 184 3160 239 Il.

3630 185 3736 238 ιιι

438 316 575 371 tales
604 314 719 371 ﬁeri
753 323 807 369 ut
866 316 1011 370 hunc
1047 315 1290 370 ordinem
1340 312 1740 383 conscendatis,
1789 315 1920 385 quia
1947 312 2043 384 qui
2068 312 2124 373 Α
2143 318 2385 365 mentum
2406 311 2777 383 praedicatum
2800 314 2882 366 est
2904 308 3161 380 gentibus
3189 307 3256 362 ab
3285 307 3565 379 apostolis,
3605 324 3733 365 cre-

439 406 574 461 bene
604 412 656 460 et
686 403 944 476 religiose
966 404 1429 459 ministraverint
1450 403 1502 457 in
1525 403 1834 468 diaconatu,
1852 401 2038 473 acqui-

440 498 573 549 rent
601 510 705 566 per
730 491 840 549 hoc‘
866 494 970 547 sibi
1002 494 1273 563 majorem
1313 493 1574 563 gradum,
1614 492 1834 556 bonum,
1869 490 1921 543 id
1954 497 2037 544 est

441 582 629 637 utilem
660 581 781 648 sibi,
815 582 1255 652 presbyteratum
1269 580 1477 636 scilicet
1508 596 1603 634 seu
1633 578 2027 649 episcopatum.

443 672 511 725 Et
541 671 586 724 si
618 670 759 725 forte
807 686 915 724 non
975 678 1203 739 accepto
1260 669 1451 737 majori
1489 669 1665 740 gradu
1714 667 2033 730 moriantur,

446 758 576 829 qnia
602 759 743 813 bene
797 758 1243 813 ministraverunt
1299 758 1353 810 in
1397 758 1706 822 diaconatu,
1758 756 2040 827 acquirent

450 848 720 915 multam,
754 846 809 901 id
833 854 914 901 est
944 846 1256 916 multiplicis
1305 845 1432 899 boni
1488 844 1776 913 ﬁduciam,
1837 843 2039 899 scilicet

449 936 689 991 cmlestis
724 951 736 988 :
770 938 832 991 in
861 936 989 1004 ﬁde,
1008 935 1061 989 id
1092 942 1173 988 est
1196 932 1478 1003 justiﬁcari
1500 950 1599 1004 per
1627 933 1790 988 ﬁdem
1820 950 1941 1005 qua:
1955 937 2038 988 est

448 1027 512 1079 in
546 1024 763 1079 Christo
778 1027 926 1079 Jesu.
953 1024 1051 1077 Vel
1071 1023 1161 1088 ita,
1191 1030 1248 1076 ut
1274 1022 1563 1093 quamdam
1593 1023 1858 1092 privatam
1880 1021 2039 1075 ﬁdem

450 1112 836 1183 intelligamus.
872 1113 961 1167 Sic
991 1112 1268 1183 acquirent
1297 1109 1553 1165 fiduciam
1580 1110 1635 1164 in
1666 1109 1791 1175 ﬁde,
1824 1126 1943 1181 qua:
1961 1118 2042 1164 est

452 1200 507 1254 in
538 1201 752 1255 Christo
783 1201 931 1266 Jesu,
988 1200 1043 1254 id
1077 1208 1159 1254 est
1189 1200 1243 1253 in
1280 1214 1514 1269 persona
1544 1198 1682 1253 Filii.
1730 1198 1878 1253 Licet
1931 1213 2040 1252 non

444 1290 500 1343 in
530 1305 639 1344 una
668 1304 902 1359 persona
933 1288 1089 1358 plena
1120 1287 1256 1342 ﬁdes
1288 1288 1373 1353 sit,
1410 1288 1506 1341 sed
1536 1287 1590 1340 in
1621 1287 1810 1340 tribus.
1857 1286 2041 1340 Fidem

442 1377 714 1449 privatam
742 1377 796 1431 in
827 1377 1039 1431 Christo
1071 1375 1216 1439 dicit,
1241 1375 1388 1447 quod
1419 1392 1516 1446 per
1539 1375 1964 1444 redemptionem
1991 1382 2042 1428 et

449 1474 665 1533 caetera,
702 1482 822 1537 qum
851 1464 1073 1534 propria
1102 1479 1351 1533 persona:
1401 1462 1518 1518 Filii
1549 1472 1705 1516 sunt:
1730 1463 1953 1517 confidit
1983 1478 2043 1517 se

446 1554 667 1608 salvari.
694 1556 799 1609 Hoc
823 1554 889 1608 de
911 1552 1101 1607 ordine
1125 1551 1447 1606 sacerdotali
1464 1550 1748 1605 etlevitico
1780 1559 1831 1605 et
1847 1558 2043 1606 czetera

446 1642 625 1697 scribo
658 1643 888 1711 tibi,ﬁti
947 1642 1246 1706 Timothee,
1296 1656 1530 1713 sperans
1551 1656 1639 1694 me
1688 1648 1865 1695 tamen
1894 1640 2123 1729 (licetB

443 1731 608 1786 modo
648 1730 742 1785 tibi
775 1730 1154 1797 scribam)cito
1185 1732 1377 1785 venire
1398 1730 1469 1785 ad
1504 1734 1577 1786 te.

516 1819 619 1875 Ubi
649 1819 720 1873 ait
749 1836 807 1874 se
840 1819 1080 1875 scribere
1102 1834 1227 1873 cum
1258 1818 1362 1873 cito
1393 1818 1461 1873 sit
1490 1827 1768 1883 venturus,
1818 1819 2042 1873 multam

447 1908 826 1963 necessitatem
867 1910 946 1973 (ut
975 1908 1331 1961 observentur
1378 1923 1440 1962 ea
1498 1924 1619 1979 quae
1653 1908 1899 1962 scribens
1934 1908 2041 1961 im-

444 1997 621 2067 perat)
652 2014 751 2067 per
779 1998 885 2052 hoc
914 1996 1103 2050 innuit.
1139 1994 1257 2049 Cito
1295 1995 1510 2066 quidem
1569 2012 1730 2066 spero
1774 2012 1862 2050 me
1905 2012 2042 2050 ven-

444 2091 623 2139 turum
654 2085 724 2139 ad
752 2091 842 2149 te;
877 2085 970 2139 sed
1004 2086 1053 2139 si
1076 2084 1213 2139 forte
1249 2085 1563 2150 tardavero,
1620 2084 1815 2149 scribo,
1849 2088 1915 2139 ut
1946 2100 2044 2154 per

447 2174 553 2229 hoc
573 2176 721 2229 scias
756 2174 1020 2245 quomodo
1055 2180 1308 2247 oporteat
1343 2178 1394 2228 te
1432 2176 1755 2229 conversari
1785 2174 1845 2226 in
1886 2175 2042 2229 domo

448 2263 566 2328 Dei,
591 2262 645 2315 id
667 2270 748 2317 est
777 2270 977 2334 quanta
1006 2262 1284 2334 vigilantia
1306 2259 1582 2319 cus‘todire
1614 2261 1813 2316 debeas
1832 2260 2037 2325 ﬁdeles,

448 2349 502 2404 in
523 2351 718 2422 quibus
739 2352 885 2406 Deus
916 2359 972 2405 ut
1002 2351 1055 2404 in
1076 2352 1239 2406 domo
1261 2352 1483 2405 habitat.
1502 2351 1570 2404 Et
1602 2350 1725 2421 quia
1754 2351 1946 2404 domus
1976 2350 2044 2404 de

448 2439 638 2509 paucis
668 2439 774 2495 dici
805 2440 996 2510 possit,
1032 2440 1181 2494 addit
1214 2457 1226 2493 :
1263 2440 1393 2507 Quae
1422 2440 1616 2493 domus
1656 2443 1739 2492 est
1772 2440 2040 2508 Ecclesia,

448 2528 503 2583 id
534 2535 616 2583 est
645 2528 700 2582 in
721 2544 824 2600 qua
854 2530 1001 2584 Deus
1030 2529 1226 2585 multos
1248 2530 1315 2583 ad
1350 2528 1511 2583 ﬁdem
1554 2528 1888 2583 convocavit.
1940 2529 2046 2587 Ec—

445 2617 611 2672 clesia
639 2617 761 2672 dico
792 2618 891 2673 Dei
913 2620 1040 2685 vivi,
1076 2618 1130 2672 id
1162 2626 1242 2673 est
1265 2618 1354 2689 qui
1384 2618 1541 2671 vitam
1575 2625 1851 2682 mternam,
1884 2633 2043 2687 quam

446 2705 629 2770 habet,
663 2706 753 2759 dat
787 2721 899 2760 sum
929 2706 1212 2761 Ecclesiae.
1247 2706 1378 2775 Quae
1406 2705 1651 2761 Ecclesia
1680 2713 1762 2759 est
1792 2705 2046 2760 columna

451 2793 751 2849 secundum
783 2794 1051 2865 quosdam
1093 2793 1280 2850 ﬁrmos
1328 2802 1381 2849 et
1422 2795 1654 2848 directos
1691 2793 1747 2847 in
1776 2792 1903 2859 ﬁde,
1950 2794 2046 2865 qui

451 2884 718 2938 columna
747 2882 998 2937 dicuntur
1027 2892 1285 2954 quantum
1343 2882 1413 2937 ad
1464 2897 1541 2936 se.
1593 2884 2045 2937 Firmamentum

451 2971 614 3026 etiam
644 2972 907 3027 veritatis
938 2971 1207 3037 dicuntur,
1260 2977 1519 3043 quantum
1556 2970 1625 3024 ad
1673 2970 1809 3024 alios
1838 2969 2045 3025 debiles

451 3059 507 3115 in
529 3059 653 3126 ﬁde,
686 3060 797 3132 qui,
834 3060 935 3114 nisi
983 3060 1327 3114 ﬁrmarentur
1378 3058 1628 3130 exemplo
1688 3068 1739 3114 et
1788 3059 2044 3114 exhorta-

449 3149 596 3203 tione
636 3150 879 3215 istorum,
941 3149 1237 3215 titubarent
1274 3149 1328 3202 in
1360 3147 1506 3214 ﬁde;
1539 3148 1594 3201 in
1644 3165 1747 3219 qua
1795 3148 2047 3203 Ecclesia

458 3238 694 3293 323
727 3246 806 3292 est
834 3245 1255 3307 sacramentum,
1304 3238 1357 3291 id
1401 3245 1481 3292 est
1512 3237 1755 3292 Christus
1804 3255 1816 3290 :
1850 3243 1907 3291 et
1946 3238 2044 3292 hoc

449 3330 873 3382 sacramentum
884 3328 1135 3399 pietatis,
1152 3327 1206 3380 id
1219 3334 1298 3380 est
1311 3326 1472 3380 totius
1485 3325 1762 3398 religionis
1774 3342 2045 3395 magnum

452 3420 555 3481 est,
577 3415 699 3487 quia
727 3416 1116 3487 magnitudinis
1145 3416 1260 3484 ejus
1291 3432 1400 3470 non
1432 3422 1514 3469 est
1553 3414 1693 3469 ﬁnis.
1743 3417 1833 3468 Est
1864 3414 2046 3486 utique

450 3505 553 3559 hoc
583 3513 983 3560 sacramentum
1004 3505 1057 3558 in
1088 3520 1153 3559 ea
1182 3503 1545 3569 manifestum,
1571 3503 1626 3557 id
1666 3511 1744 3557 est
1776 3519 2046 3573 apparens

452 3610 550 3664 per
576 3594 747 3649 multa
777 3594 1043 3649 miracula
1075 3611 1194 3665 qum
1223 3602 1477 3664 Operatur
1503 3594 1650 3647 Deus
1675 3608 1775 3662 per
1802 3592 2047 3646 membra

453 3684 743 3739 Ecclesiae.
785 3684 1028 3737 Christus
1076 3683 1145 3736 ab
1165 3697 1233 3737 ea
1253 3681 1602 3736 similitudine
1647 3688 2046 3735 sacramentum

453 3771 667 3840 dicitur,
702 3771 857 3826 sicuti
888 3771 990 3824 sub
1020 3770 1191 3824 veteri
1248 3771 1371 3841 lege
1430 3770 1672 3841 quaedam
1706 3776 2047 3823 sacramenta

454 3858 509 3912 in
529 3859 729 3928 templo
778 3859 1205 3913 recondebantur
1262 3874 1382 3929 quin
1442 3874 1553 3912 non
1609 3857 1802 3911 licebat
1859 3856 2045 3910 videre

452 3946 672 4017 populo,
708 3946 861 4000 sicin
893 3946 1109 4000 Christo
1140 3946 1268 4001 licet
1305 3946 1470 3999 multa
1527 3945 1829 4010 videantur,
1863 3952 2045 3999 tamen

453 4034 623 4088 multa
643 4035 697 4087 in
726 4049 790 4089 eo
822 4035 1092 4089 absconsa
1124 4042 1245 4088 sunt
1294 4049 1413 4105 quae
1456 4033 1599 4088 nulla
1622 4040 1866 4087 creatura
1889 4048 2043 4088 com-

450 4123 795 4194 prehendere
825 4122 1035 4177 suﬂicit.
1067 4124 1469 4179 Sacramentum
1499 4130 1680 4177 autem
1718 4138 1807 4175 res
1844 4129 2045 4191 myste-

451 4212 548 4267 riis
577 4212 816 4268 involuta
881 4212 1094 4267 dicitur.
1156 4211 1315 4280 Quod
1376 4220 1792 4278 sacramentum,
1854 4210 1909 4263 id
1965 4217 2046 4264 est

453 4301 715 4367 Christus,
750 4303 1183 4372 manifestatum
1212 4305 1295 4357 est
1322 4302 1383 4355 in
1424 4317 1616 4365 carne,
1652 4300 1776 4371 quia
1806 4315 1906 4369 per
1927 4316 2044 4353 ver-

2139 398 2321 454 ditum
2344 404 2426 454 est
2448 400 2609 454 etiam
2641 400 2701 454 in
2730 399 2959 464 mundo,
2989 397 3225 452 mundus
3247 397 3390 453 enim
3416 398 3527 465 jam
3558 395 3734 453 credit

2136 487 2194 540 in
2224 487 2513 542 Christum.
2548 490 2913 560 Assumptum
2947 491 3033 542 est
3077 486 3237 540 etiam
3266 487 3329 540 in
3377 487 3578 556 gloria,
3638 485 3731 539 ubi

2139 577 2291 630 sedet
2319 577 2372 630 in
2407 578 2627 631 dextera
2657 576 2848 642 Patris,
2883 575 3293 632 occurrentibus
3325 574 3401 628 illi
3433 574 3646 647 angelis
3676 574 3730 627 in

2140 664 2228 719 die
2259 666 2596 721 ascensionis
2630 681 2760 721 suae.

2767 806 2990 861 CAPUT
3020 805 3109 860 IV.

2214 920 2238 973 ⁷«
2275 922 2504 994 Spiritus
2535 930 2713 977 autem
2764 920 3050 976 manifeste
3107 921 3254 987 dicit,
3304 919 3430 991 quia
3460 919 3514 973 in
3543 919 3734 975 novis-

2147 1033 2168 1057 α
2205 1011 2356 1064 simis
2386 1011 2721 1081 temporibus
2750 1011 3031 1065 discedent
3063 1010 3284 1081 quidam
3312 1024 3345 1062 a
3373 1007 3498 1075 ﬁde,
3555 1015 3736 1063 atten-

2148 1122 2169 1146 «ι
2208 1099 2397 1153 dentes
2420 1099 2699 1169 spiritibus
2717 1098 2938 1164 erroris,
2963 1106 3016 1153 et
3035 1097 3295 1153 doctrinis
3315 1097 3732 1161 daemoniorum,

2147 1212 2168 1235 ‹‹
2205 1187 2259 1241 in
2292 1187 2567 1257 hypocrisi
2610 1188 2946 1259 loquentium
2983 1185 3348 1251 mendacium,
3383 1193 3433 1240 et
3463 1185 3737 1241 canteria-

2147 1299 2167 1323 «
2207 1284 2310 1329 tam
2346 1276 2654 1330 habentium
2680 1292 2834 1330 suam
2878 1275 3287 1343 conscientiam,
3336 1274 3739 1346 prohibentium

2148 1385 2169 1414 ι
2205 1364 2434 1429 nubere,
2485 1364 2762 1419 abstinere
2788 1381 2818 1417 a
2858 1364 2994 1419 cibis
3038 1379 3177 1434 quos
3209 1365 3356 1418 Deus
3386 1363 3606 1427 creavit,
3666 1362 3739 1417 ad

2149 1476 2170 1499 «
2204 1452 2610 1523 percipiendum
2634 1469 2755 1506 cum
2787 1452 3086 1523 gratiarum
3140 1452 3351 1508 actione
3378 1450 3648 1516 ﬁdelibus,
3685 1457 3739 1505 et

2149 1562 2170 1590 α
2206 1541 2290 1594 his
2320 1542 2411 1612 qui
2442 1549 2817 1612 cognoverunt
2845 1542 3145 1597 veritatem.
3179 1540 3318 1608 Quia
3345 1540 3523 1595 omnis
3580 1556 3738 1595 crea-

2149 1637 2321 1683 «tura
2382 1630 2481 1685 Dei
2538 1631 2681 1685 bona
2739 1641 2840 1696 est,
2900 1637 2953 1685 et
3009 1630 3140 1684 nihil
3187 1628 3538 1697 rejiciendum
3594 1629 3742 1699 quod

2148 1738 2168 1760 «ι
2207 1731 2329 1768 cum
2362 1714 2653 1784 gratiarum
2710 1715 2923 1771 actione
2978 1713 3299 1785 percipitur.
3364 1711 3741 1768 Sanctiﬁcatur

2148 1824 2169 1852 α
2205 1803 2346 1857 enim
2380 1818 2476 1872 per
2522 1803 2748 1856 verbum
2793 1803 2897 1857 Dei
2951 1810 3003 1856 et
3056 1802 3377 1856 orationem.
3428 1802 3556 1856 Haec
3600 1816 3737 1871 pro-

2147 1906 2418 1960 «ponens
2474 1890 2756 1955 fratribus,
2818 1892 2991 1945 bonus
3045 1890 3154 1944 eris
3240 1890 3486 1944 minister
3543 1890 3740 1944 Christi

2148 2002 2168 2025 α
2208 1980 2356 2044 Jesu,
2404 1980 2670 2033 enutritus
2711 1980 2896 2034 verbis
2954 1978 3083 2033 ﬁdei
3138 1987 3189 2033 et
3242 1980 3399 2033 bonae
3457 1978 3737 2043 doctrinae,

2148 2083 2369 2138 «quam
2425 2076 2707 2123 assecutus
2767 2084 2845 2121 es.
2908 2069 3122 2139 Ineptas
3187 2076 3369 2122 autem
3426 2074 3477 2121 et
3546 2067 3740 2121 inanes

2149 2178 2169 2201 α
2205 2156 2442 2227 [aniles.,
2478 2158 2518 2211 i.
2555 2173 2603 2211 e.
2634 2156 3011 2230 infructuosas]
3041 2156 3255 2211 fabulas
3284 2155 3465 2211 devita
3493 2154 3566 2225 (II
3596 2156 3736 2210 Tim.

2149 2268 2169 2291 α
2207 2260 2266 2309 ιι,
2294 2246 2405 2317 23).
2442 2247 2651 2301 Exerce
2684 2254 2865 2300 autem
2896 2246 3127 2317 teipsum
3158 2245 3227 2299 ad
3267 2245 3541 2316 pietatem.
3599 2244 3739 2298 Nam

2148 2355 2169 2378 «
2207 2332 2508 2403 corporalis
2537 2334 2850 2389 exercitatio
2873 2335 2939 2388 ad
2970 2334 3243 2389 modicum
3269 2332 3414 2387 utilis
3434 2340 3532 2387 est.
3558 2333 3738 2387 Pietas

2149 2443 2170 2467 u
2210 2428 2390 2475 autem
2421 2423 2489 2476 ad
2521 2423 2697 2477 omnia
2730 2423 2877 2477 utilis
2906 2430 3009 2485 est,
3066 2422 3487 2492 promissionem
3532 2421 3739 2476 habens

2150 2532 2171 2555 α
2208 2509 2347 2576 vitae,
2383 2527 2504 2581 quae
2535 2528 2680 2566 nunc
2711 2519 2812 2576 est,
2846 2520 2897 2565 et
2928 2510 3137 2566 futurae.
3199 2510 3397 2565 Fidelis
3427 2525 3626 2574 sermo,
3689 2516 3741 2564 et

2151 2619 2173 2647 ι
2209 2598 2354 2652 omni
2384 2600 2698 2670 acceptione
2728 2601 2952 2671 dignus.
2994 2601 3053 2654 In
3092 2599 3195 2654 hoc
3234 2599 3380 2654 enim
3425 2599 3741 2653 laboramus

2151 2708 2172 2731 α
2208 2694 2261 2740 et
2291 2687 2684 2753 maledicimur,
2730 2688 2857 2758 quia
2891 2704 3172 2758 speramus
3220 2688 3275 2741 in
3304 2688 3475 2741 Deum
3531 2686 3735 2753 vivum,

2151 2797 2170 2821 «
2210 2774 2302 2845 qui
2372 2783 2458 2841 est
2528 2774 2769 2831 salvator
2826 2777 3067 2831 omnium
3144 2776 3444 2845 hominum,
3502 2775 3739 2831 maxime

2153 2883 2175 2911 «
2211 2862 2451 2917 ﬁdelium
2464 2906 2477 2918 .
2508 2866 2750 2936 Praecipe
2762 2865 2879 2920 haec
2891 2866 3107 2921 etdoce.
3122 2866 3297 2919 Nemo
3314 2864 3741 2919 adolescentiam

2152 2972 2172 2996 «ι
2211 2958 2356 3004 tuam
2400 2960 2744 3019 contemnat;
2778 2954 2875 3008 sed
2931 2954 3242 3023 exemplum
3317 2960 3434 3008 esto
3494 2951 3738 3007 ﬁdelium

2074 3024 2121 3084 Ο
2151 3060 2172 3088 α
2208 3039 2262 3092 in
2294 3041 2483 3107 verbo,
2519 3042 2572 3095 in
2602 3041 3035 3107 conversatione,
3087 3042 3138 3095 in
3188 3042 3467 3106 charitate,
3500 3042 3555 3095 in
3609 3041 3737 3107 ﬁde,

2149 3151 2169 3173 ις
2206 3128 2260 3181 in
2291 3129 2550 3185 castitate.
2584 3132 2721 3185 Dum
2754 3131 2913 3187 venio
2949 3131 3165 3185 attende
3212 3130 3449 3197 lectioni,
3481 3131 3739 3185 exhorta-

2151 3236 2173 3266 α
2208 3216 2340 3270 tioni
2370 3226 2422 3273 et
2453 3219 2736 3275 doctrinae.
2768 3220 2892 3275 Noli
2918 3219 3202 3290 negligere
3244 3219 3498 3290 gratiam,
3539 3234 3661 3290 quae
3683 3219 3741 3272 in

2151 3326 2172 3351 «
2208 3311 2260 3359 te
2291 3314 2415 3373 est;
2465 3325 2587 3378 quae
2631 3308 2759 3362 data
2814 3316 2894 3362 est
2928 3307 3024 3361 tibi
3067 3324 3163 3377 per
3212 3307 3555 3377 prophetiam
3614 3323 3739 3362 cum

2150 3421 2171 3445 ‹‹
2207 3396 2550 3465 impositione
2645 3411 2902 3451 manuum
2964 3395 3269 3466 presbyteri
3349 3394 3736 3467 [presbyterii].

2152 3510 2173 3539 ιι
2208 3489 2336 3541 Haec
2374 3485 2663 3551 meditare,
2738 3485 2793 3538 in
2836 3485 2921 3539 his
2980 3493 3118 3551 esto,
3175 3492 3232 3538 ut
3290 3482 3564 3554 profectus
3620 3491 3741 3538 tuus

2152 3598 2174 3627 ι
2211 3574 2528 3630 manifestus
2586 3574 2654 3627 sit
2707 3573 2977 3627 omnibus.
3039 3573 3271 3627 Attende
3328 3572 3473 3627 enim
3530 3572 3627 3625 tibi
3685 3580 3740 3625 et

2150 3688 2171 3711 ‹‹
2210 3662 2490 3725 doctrinae,
2526 3662 2665 3715 insta
2695 3662 2747 3715 in
2780 3662 2906 3716 illis.
2950 3663 3066 3716 Hoc
3115 3662 3259 3715 enim
3290 3660 3495 3716 faciens
3542 3668 3595 3714 et
3630 3658 3736 3715 tei-

2150 3776 2171 3800 «
2207 3768 2365 3823 psum
2397 3750 2603 3805 salvum
2635 3750 2821 3816 facies,
2858 3758 2910 3805 et
2938 3766 3035 3805 eos
3065 3750 3156 3821 qui
3183 3757 3235 3805 te
3263 3749 3500 3804 audiunt.
3542 3772 3564 3797 η

2784 3925 3102 3965 EXPOSITIO.

2242 4045 2322 4098 Ne
2361 4043 2525 4097 modo
2555 4042 2867 4098 Timotheus
2915 4042 3177 4111 obiiceret
3234 4041 3399 4097 Paulo
3435 4057 3446 4095 :
3481 4041 3738 4113 quoniam

2147 4140 2354 4187 tantum
2409 4140 2811 4187 sacramentum
2868 4131 2946 4202 (ut
2974 4131 3075 4201 ais)
3106 4132 3160 4183 in
3191 4130 3438 4186 Ecclesia
3467 4138 3566 4195 est,
3629 4146 3742 4184 non

2144 4221 2368 4275 multum
2400 4237 2485 4274 me
2514 4220 2742 4292 vigilare
2773 4227 2985 4289 oportet
3013 4235 3108 4289 pro
3157 4218 3399 4274 custodia
3446 4219 3580 4288 ejus,
3615 4218 3741 4289 quia

2145 4326 2244 4380 per
2268 4310 2373 4365 hoc
2403 4316 2806 4364 sacramentum
2840 4307 3172 4363 sufﬁcienter
3207 4308 3555 4362 custodietur.
3588 4306 3737 4361 Con-

455 4390 585 4443 bum
610 4390 711 4445 Dei
736 4391 1093 4456 incarnatum,
1126 4390 1300 4445 deitas
1332 4389 1729 4462 quodammodo
1781 4404 1881 4459 per
1915 4403 2042 4443 car-

2150 4406 2223 4451 tra
2274 4399 2376 4453 hoc
2406 4399 2602 4451 Paulus
2641 4397 2709 4449 ait
2746 4412 2757 4449 :
2793 4396 2945 4451 Scias
2993 4396 3139 4450 omni
3184 4395 3465 4467 vigilantia
3513 4410 3740 4450 conser-

449 4495 576 4533 nem
605 4479 832 4534 visibilis
864 4480 1006 4536 facta
1028 4488 1146 4546 est;
1183 4496 1322 4551 quae,
1365 4479 1470 4533 nisi
1512 4479 1567 4531 in
1602 4493 1795 4543 carne,
1829 4477 2045 4547 penitus

450 4567 736 4622 invisibilis
798 4577 929 4623 erat.
997 4570 1111 4623 Hoc
1176 4569 1299 4623 ideo
1359 4574 1775 4629 sacramentum,
1850 4565 1904 4618 id
1964 4572 2046 4619 est

453 4656 695 4711 Christus
713 4659 1093 4728 justiﬁcatum
1113 4662 1213 4723 est,
1234 4672 1343 4711 non
1372 4656 1517 4727 quod
1530 4662 1813 4726 peccatum
1832 4653 2044 4707 habue-

453 4746 539 4815 rit,
595 4746 692 4800 sed
737 4747 899 4800 homo
956 4747 1045 4801 ille
1102 4762 1265 4816 quem
1324 4746 1472 4799 Deus
1526 4743 1816 4813 assumpsit
1866 4742 2045 4810 justus

453 4834 630 4890 factus
663 4843 745 4888 est
774 4837 834 4890 in
852 4838 1077 4907 spiritu,
1111 4834 1165 4887 id
1195 4841 1274 4888 est
1296 4849 1395 4903 per
1425 4832 1692 4903 spiritum,
1716 4830 1921 4886 scilicet
1951 4846 2047 4899 per

455 4923 708 4977 deitatem
755 4924 1022 4978 counitam
1055 4922 1176 4987 sibi,
1213 4922 1336 4992 quia
1384 4938 1507 4976 cum
1555 4921 1644 4975 alii
1701 4919 1948 4974 homines
1979 4934 2044 4972 ex

454 5012 887 5080 concupiscentia
962 5010 1139 5066 carnis
1206 5010 1603 5080 concipiantur,
1675 5009 1916 5064 Christus
1971 5022 2044 5061 ex

452 5098 739 5153 dilectione
769 5099 936 5168 patris
981 5107 1275 5169 conceptus
1308 5107 1408 5153 est.
1459 5101 1574 5153 Hoc
1613 5099 1809 5153 iterum
1854 5111 2043 5151 sacra-

452 5194 691 5241 mentum
714 5192 980 5259 apparuit
1000 5190 1234 5259 angelis,
1288 5187 1341 5241 id
1390 5196 1472 5243 est
1519 5188 1645 5244 fecit
1698 5204 1755 5241 se
1801 5185 2044 5241 Christus

452 5276 714 5349 cognosci
733 5276 800 5330 ab
817 5277 1050 5350 angelis,
1076 5294 1174 5348 per
1194 5279 1310 5333 haec
1333 5294 1452 5349 quae
1474 5278 1636 5332 homo
1655 5276 1827 5331 factus
1848 5289 2043 5343 opera-

450 5374 537 5421 tus
568 5373 651 5421 est
679 5366 734 5419 in
756 5366 932 5421 terris.
962 5366 1056 5421 His
1113 5367 1255 5421 enim
1293 5366 1444 5431 visis,
1505 5366 1731 5420 multum
1789 5363 2042 5435 profece-

451 5463 576 5510 runt
617 5455 798 5529 angeli
854 5456 922 5511 de
978 5455 1289 5529 cognitione
1350 5456 1470 5521 Dei,
1523 5470 1631 5510 non
1681 5454 1825 5509 enim
1862 5456 2043 5511 omnia

449 5544 709 5619 mysteria
749 5545 986 5602 revelata
1048 5544 1259 5601 fuerant
1316 5543 1439 5598 illis.
1493 5545 1605 5599 Hoc
1646 5543 1811 5600 etiam
1856 5560 2042 5601 sacra-

2145 4486 2376 4541 vandam
2401 4501 2522 4539 esse
2554 4483 2852 4539 Ecclesiam
2884 4484 3100 4553 Christi,
3157 4484 3281 4556 quia
3309 4485 3371 4538 in
3418 4484 3738 4538 novissimis

2148 4575 2485 4644 temporibus
2513 4574 2797 4627 discedent
2820 4574 3045 4645 quidam
3066 4591 3097 4627 a
3119 4574 3249 4641 ﬁde.
3274 4573 3388 4626 Hoc
3431 4579 3607 4626 autem
3629 4588 3741 4626 non

2146 4662 2338 4716 leviter
2368 4676 2399 4714 a
2432 4661 2671 4732 quolibet
2694 4661 2898 4731 accepi,
2933 4662 3031 4716 sed
3063 4662 3309 4733 Spiritus
3340 4668 3560 4715 sanctus
3582 4661 3739 4716 dixit

2144 4750 2288 4805 mihi
2326 4766 2441 4804 non
2473 4750 2572 4803 sub
2594 4738 2863 4819 aliquibus
2888 4750 3099 4822 ﬁguris,
3133 4750 3230 4804 sed
3260 4752 3584 4820 manifeste,
3610 4748 3739 4820 quia

2146 4839 2199 4893 in
2222 4838 2531 4894 novissimis
2563 4838 2900 4909 temporibus
2931 4839 3212 4893 discedent
3250 4835 3739 4909 quidam-haeretici

2147 4943 2179 4982 a
2210 4926 2316 4982 ﬁde
2347 4927 2955 4995 Christi,atfendentes
2986 4928 3279 4999 spiritibus
3312 4928 3536 4990 erroris,
3571 4926 3624 4979 id
3658 4932 3742 4980 est

2145 5015 2481 5070 dmmonibus
2510 5014 2853 5085 loquentibus
2883 5030 2980 5085 per
3008 5031 3107 5069 ora
3145 5015 3512 5079 seductorum,
3564 5022 3741 5068 atten-

2145 5104 2335 5158 dentes
2380 5119 2487 5157 non
2546 5110 2751 5156 tantum
2809 5104 3110 5158 rationibus
3166 5119 3375 5169 eorum,
3430 5102 3526 5157 sed
3575 5101 3742 5157 etiam

2147 5192 2438 5258 doctrinis,
2466 5191 2515 5244 id
2532 5192 3017 5248 estassertionibus
3035 5192 3401 5247 doctrinarum
3423 5190 3736 5246 eorumdem

2146 5282 2571 5347 daemoniorum,
2596 5283 2947 5353 loquentium
2964 5281 3323 5337 mendacium
3342 5282 3401 5335 in
3435 5280 3735 5352 hypocrisi,

2144 5370 2197 5425 id
2229 5378 2310 5425 est
2340 5370 2394 5423 in
2424 5370 2760 5425 simulatione
2792 5371 3074 5440 boni,eum
3093 5364 3221 5424 vere
3251 5369 3380 5423 mali
3401 5369 3526 5433 sint,
3548 5373 3603 5423 et
3635 5367 3735 5423 ha-

2144 5460 2397 5517 bentium
2425 5476 2583 5514 suam
2605 5460 3031 5525 conscientiam,
3047 5459 3099 5512 id
3131 5466 3211 5513 est
3228 5457 3467 5513 324
3491 5464 3728 5511 mentem

2144 5564 2296 5603 suam
2322 5548 2479 5603 lotuis
2509 5547 2639 5603 mali
2670 5548 2963 5616 consciam,
2985 5549 3384 5614 cauterialam,
3411 5545 3465 5601 id
3495 5553 3576 5602 est
3602 5544 3738 5601 foris
