  <div class='ocr_page' id='page_1' title='image "/cluster/home/n/w/nwhite01/storage/ocr_20150623/153/hvd.32044054760111/228.png"; bbox 0 0 3966 6050; ppageno 0'>
   <div class='ocr_carea' id='block_1_1' title="bbox 264 191 372 246">
    <p class='ocr_par' dir='ltr' id='par_1_1' title="bbox 264 191 372 246">
     <span class='ocr_line' id='line_1_1' title="bbox 264 191 372 246; baseline 0 -1"><span class='ocrx_word' id='word_1_1' title='bbox 264 191 372 246; x_wconf 70' lang='grc'><strong>445</strong></span> 
     </span>
    </p>
   </div>
   <div class='ocr_carea' id='block_1_2' title="bbox 907 187 2907 247">
    <p class='ocr_par' dir='ltr' id='par_1_2' title="bbox 907 187 2907 247">
     <span class='ocr_line' id='line_1_2' title="bbox 907 187 2907 247; baseline 0.002 -3"><span class='ocrx_word' id='word_1_2' title='bbox 907 187 1285 246; x_wconf 81' lang='lat' dir='ltr'><strong>EXPOSI‘I‘IO</strong></span> <span class='ocrx_word' id='word_1_3' title='bbox 1323 190 1398 245; x_wconf 85' lang='lat' dir='ltr'><strong>IN</strong></span> <span class='ocrx_word' id='word_1_4' title='bbox 1433 187 1812 246; x_wconf 87' lang='lat' dir='ltr'><strong>EPISTOLAS</strong></span> <span class='ocrx_word' id='word_1_5' title='bbox 1848 188 2073 245; x_wconf 86' lang='lat' dir='ltr'><strong>PAULI.</strong></span> <span class='ocrx_word' id='word_1_6' title='bbox 2105 219 2175 230; x_wconf 93' lang='lat'><strong><em>—</em></strong></span> <span class='ocrx_word' id='word_1_7' title='bbox 2204 190 2280 246; x_wconf 90' lang='lat' dir='ltr'><strong>IN</strong></span> <span class='ocrx_word' id='word_1_8' title='bbox 2317 191 2532 247; x_wconf 88' lang='lat' dir='ltr'><strong>EPIST.</strong></span> <span class='ocrx_word' id='word_1_9' title='bbox 2574 192 2598 246; x_wconf 91' lang='grc' dir='ltr'><strong>Ι</strong></span> <span class='ocrx_word' id='word_1_10' title='bbox 2634 191 2728 246; x_wconf 81' lang='lat' dir='ltr'><strong>AD</strong></span> <span class='ocrx_word' id='word_1_11' title='bbox 2766 192 2907 247; x_wconf 83' lang='grc' dir='ltr'><strong>ΤΪΜ.</strong></span> 
     </span>
    </p>
   </div>
   <div class='ocr_carea' id='block_1_3' title="bbox 3458 195 3560 249">
    <p class='ocr_par' dir='ltr' id='par_1_3' title="bbox 3458 195 3560 249">
     <span class='ocr_line' id='line_1_3' title="bbox 3458 195 3560 249; baseline 0 0"><span class='ocrx_word' id='word_1_12' title='bbox 3458 195 3560 249; x_wconf 71' lang='grc'>446</span> 
     </span>
    </p>
   </div>
   <div class='ocr_carea' id='block_1_4' title="bbox 268 310 3555 388">
    <p class='ocr_par' dir='ltr' id='par_1_4' title="bbox 268 310 3555 388">
     <span class='ocr_line' id='line_1_4' title="bbox 268 310 3555 388; baseline 0.002 -21"><span class='ocrx_word' id='word_1_13' title='bbox 268 311 559 368; x_wconf 86' lang='lat' dir='ltr'><strong>manifesta</strong></span> <span class='ocrx_word' id='word_1_14' title='bbox 607 310 892 368; x_wconf 89' lang='lat' dir='ltr'><strong>adustione</strong></span> <span class='ocrx_word' id='word_1_15' title='bbox 940 312 1232 385; x_wconf 79' lang='lat' dir='ltr'><strong>signatam.</strong></span> <span class='ocrx_word' id='word_1_16' title='bbox 1265 313 1583 370; x_wconf 87' lang='lat' dir='ltr'><strong>Cauteriare</strong></span> <span class='ocrx_word' id='word_1_17' title='bbox 1615 330 1645 367; x_wconf 89' lang='lat' dir='ltr'><strong>a</strong></span> <span class='ocrx_word' id='word_1_18' title='bbox 1674 329 1858 379; x_wconf 85' lang='lat' dir='ltr'><strong>caveo,</strong></span> <span class='ocrx_word' id='word_1_19' title='bbox 1895 314 1946 374; x_wconf 78' lang='grc' dir='ltr'>Α</span> <span class='ocrx_word' id='word_1_20' title='bbox 1967 312 2023 367; x_wconf 90' lang='lat' dir='ltr'><strong>in</strong></span> <span class='ocrx_word' id='word_1_21' title='bbox 2051 313 2178 382; x_wconf 79' lang='lat' dir='ltr'><strong>fide,</strong></span> <span class='ocrx_word' id='word_1_22' title='bbox 2212 314 2393 371; x_wconf 92' lang='lat' dir='ltr'><strong>sciens</strong></span> <span class='ocrx_word' id='word_1_23' title='bbox 2424 315 2568 386; x_wconf 90' lang='lat' dir='ltr'><strong>quod</strong></span> <span class='ocrx_word' id='word_1_24' title='bbox 2605 315 2662 369; x_wconf 91' lang='lat' dir='ltr'>in</span> <span class='ocrx_word' id='word_1_25' title='bbox 2718 315 2989 370; x_wconf 75' lang='lat' dir='ltr'><strong>Christum</strong></span> <span class='ocrx_word' id='word_1_26' title='bbox 3020 316 3246 372; x_wconf 81' lang='lat' dir='ltr'><strong>credere</strong></span> <span class='ocrx_word' id='word_1_27' title='bbox 3293 325 3555 388; x_wconf 80' lang='lat' dir='ltr'><strong>oporteat.</strong></span> 
     </span>
    </p>
   </div>
   <div class='ocr_carea' id='block_1_5' title="bbox 246 400 1861 469">
    <p class='ocr_par' dir='ltr' id='par_1_5' title="bbox 246 400 1861 469">
     <span class='ocr_line' id='line_1_5' title="bbox 246 400 1861 469; baseline -0.002 -11"><span class='ocrx_word' id='word_1_28' title='bbox 246 419 451 467; x_wconf 88' lang='lat' dir='ltr'><strong>_caves,</strong></span> <span class='ocrx_word' id='word_1_29' title='bbox 478 400 712 467; x_wconf 82' lang='lat' dir='ltr'><strong>.dicitur,</strong></span> <span class='ocrx_word' id='word_1_30' title='bbox 752 401 1052 456; x_wconf 90' lang='lat' dir='ltr'><strong>cauterium</strong></span> <span class='ocrx_word' id='word_1_31' title='bbox 1083 401 1228 457; x_wconf 89' lang='lat' dir='ltr'><strong>enim</strong></span> <span class='ocrx_word' id='word_1_32' title='bbox 1272 403 1483 458; x_wconf 90' lang='lat' dir='ltr'><strong>adustio</strong></span> <span class='ocrx_word' id='word_1_33' title='bbox 1513 402 1607 457; x_wconf 90' lang='lat' dir='ltr'>illa</span> <span class='ocrx_word' id='word_1_34' title='bbox 1644 402 1861 469; x_wconf 90' lang='lat' dir='ltr'><strong>dicitur,</strong></span> 
     </span>
    </p>
   </div>
   <div class='ocr_carea' id='block_1_6' title="bbox 273 489 1919 563">
    <p class='ocr_par' dir='ltr' id='par_1_6' title="bbox 273 489 1919 563">
     <span class='ocr_line' id='line_1_6' title="bbox 273 489 1919 563; baseline -0.002 -17"><span class='ocrx_word' id='word_1_35' title='bbox 273 508 396 563; x_wconf 78' lang='lat' dir='ltr'><strong>quae</strong></span> <span class='ocrx_word' id='word_1_36' title='bbox 441 489 499 543; x_wconf 79' lang='lat' dir='ltr'><strong>fit</strong></span> <span class='ocrx_word' id='word_1_37' title='bbox 556 489 913 560; x_wconf 87' lang='lat' dir='ltr'><strong>deprehensis</strong></span> <span class='ocrx_word' id='word_1_38' title='bbox 961 489 1189 559; x_wconf 85' lang='lat' dir='ltr'><strong>furibus,</strong></span> <span class='ocrx_word' id='word_1_39' title='bbox 1225 498 1283 545; x_wconf 92' lang='lat' dir='ltr'><strong>ut</strong></span> <span class='ocrx_word' id='word_1_40' title='bbox 1312 492 1401 562; x_wconf 88' lang='lat' dir='ltr'><strong>qui</strong></span> <span class='ocrx_word' id='word_1_41' title='bbox 1458 490 1693 547; x_wconf 79' lang='lat' dir='ltr'><strong>viderint</strong></span> <span class='ocrx_word' id='word_1_42' title='bbox 1721 490 1861 555; x_wconf 92' lang='lat' dir='ltr'><strong>illos,</strong></span> <span class='ocrx_word' id='word_1_43' title='bbox 1912 494 1919 501; x_wconf 87' lang='lat'><strong><em>&#39;</em></strong></span> 
     </span>
    </p>
   </div>
   <div class='ocr_carea' id='block_1_7' title="bbox 271 578 1867 651">
    <p class='ocr_par' dir='ltr' id='par_1_7' title="bbox 271 578 1867 651">
     <span class='ocr_line' id='line_1_7' title="bbox 271 578 1867 651; baseline 0 -18"><span class='ocrx_word' id='word_1_44' title='bbox 271 595 371 650; x_wconf 89' lang='lat' dir='ltr'><strong>per</strong></span> <span class='ocrx_word' id='word_1_45' title='bbox 398 580 501 633; x_wconf 92' lang='lat' dir='ltr'><strong>hoc</strong></span> <span class='ocrx_word' id='word_1_46' title='bbox 531 578 747 651; x_wconf 87' lang='lat' dir='ltr'><strong>signum</strong></span> <span class='ocrx_word' id='word_1_47' title='bbox 779 585 1007 634; x_wconf 85' lang='lat' dir='ltr'><strong>caveant</strong></span> <span class='ocrx_word' id='word_1_48' title='bbox 1038 578 1143 633; x_wconf 88' lang='lat' dir='ltr'><strong>sibi</strong></span> <span class='ocrx_word' id='word_1_49' title='bbox 1174 578 1243 633; x_wconf 91' lang='lat' dir='ltr'><strong>ab</strong></span> <span class='ocrx_word' id='word_1_50' title='bbox 1293 578 1419 646; x_wconf 83' lang='lat' dir='ltr'>illis,</span> <span class='ocrx_word' id='word_1_51' title='bbox 1455 579 1690 635; x_wconf 83' lang='lat' dir='ltr'><strong>scientes</strong></span> <span class='ocrx_word' id='word_1_52' title='bbox 1721 578 1867 649; x_wconf 92' lang='lat' dir='ltr'><strong>quod</strong></span> 
     </span>
    </p>
   </div>
   <div class='ocr_carea' id='block_1_8' title="bbox 275 666 1869 724">
    <p class='ocr_par' dir='ltr' id='par_1_8' title="bbox 275 666 1869 724">
     <span class='ocr_line' id='line_1_8' title="bbox 275 666 1869 724; baseline 0 -2"><span class='ocrx_word' id='word_1_53' title='bbox 275 667 423 723; x_wconf 85' lang='lat' dir='ltr'><strong>fures</strong></span> <span class='ocrx_word' id='word_1_54' title='bbox 453 674 597 722; x_wconf 90' lang='lat' dir='ltr'><strong>sunt.</strong></span> <span class='ocrx_word' id='word_1_55' title='bbox 630 667 713 722; x_wconf 86' lang='lat' dir='ltr'><strong>Ab</strong></span> <span class='ocrx_word' id='word_1_56' title='bbox 742 682 806 722; x_wconf 91' lang='lat' dir='ltr'><strong>ea</strong></span> <span class='ocrx_word' id='word_1_57' title='bbox 836 666 1187 723; x_wconf 88' lang='lat' dir='ltr'>similitudine</span> <span class='ocrx_word' id='word_1_58' title='bbox 1219 667 1349 723; x_wconf 89' lang='lat' dir='ltr'>dicit</span> <span class='ocrx_word' id='word_1_59' title='bbox 1379 669 1707 723; x_wconf 77' lang='lat' dir='ltr'><strong>habentium</strong></span> <span class='ocrx_word' id='word_1_60' title='bbox 1736 684 1869 724; x_wconf 88' lang='lat' dir='ltr'><strong>con-</strong></span> 
     </span>
    </p>
   </div>
   <div class='ocr_carea' id='block_1_9' title="bbox 275 756 1869 828">
    <p class='ocr_par' dir='ltr' id='par_1_9' title="bbox 275 756 1869 828">
     <span class='ocr_line' id='line_1_9' title="bbox 275 756 1869 828; baseline 0 -16"><span class='ocrx_word' id='word_1_61' title='bbox 275 759 579 813; x_wconf 79' lang='lat' dir='ltr'><strong>scientiam</strong></span> <span class='ocrx_word' id='word_1_62' title='bbox 634 758 1039 824; x_wconf 86' lang='lat' dir='ltr'><strong>cauteriatam,</strong></span> <span class='ocrx_word' id='word_1_63' title='bbox 1091 757 1214 828; x_wconf 89' lang='lat' dir='ltr'><strong>quia</strong></span> <span class='ocrx_word' id='word_1_64' title='bbox 1267 756 1472 812; x_wconf 61' lang='lat' dir='ltr'><strong>dolosae</strong></span> <span class='ocrx_word' id='word_1_65' title='bbox 1521 756 1718 812; x_wconf 91' lang='lat' dir='ltr'><strong>mentis</strong></span> <span class='ocrx_word' id='word_1_66' title='bbox 1756 772 1869 812; x_wconf 67' lang='lat' dir='ltr'><strong>sua:</strong></span> 
     </span>
    </p>
   </div>
   <div class='ocr_carea' id='block_1_10' title="bbox 276 843 1872 917">
    <p class='ocr_par' dir='ltr' id='par_1_10' title="bbox 276 843 1872 917">
     <span class='ocr_line' id='line_1_10' title="bbox 276 843 1872 917; baseline -0.001 -18"><span class='ocrx_word' id='word_1_67' title='bbox 276 844 525 916; x_wconf 70' lang='lat' dir='ltr'><strong>quaedam</strong></span> <span class='ocrx_word' id='word_1_68' title='bbox 558 844 712 916; x_wconf 83' lang='lat' dir='ltr'><strong>signa</strong></span> <span class='ocrx_word' id='word_1_69' title='bbox 743 843 876 899; x_wconf 89' lang='lat' dir='ltr'><strong>foris</strong></span> <span class='ocrx_word' id='word_1_70' title='bbox 909 845 1173 911; x_wconf 90' lang='lat' dir='ltr'><strong>emittunt,</strong></span> <span class='ocrx_word' id='word_1_71' title='bbox 1231 862 1332 916; x_wconf 91' lang='lat' dir='ltr'><strong>per</strong></span> <span class='ocrx_word' id='word_1_72' title='bbox 1359 846 1464 900; x_wconf 88' lang='lat' dir='ltr'><strong>hoc</strong></span> <span class='ocrx_word' id='word_1_73' title='bbox 1522 846 1649 917; x_wconf 84' lang='lat' dir='ltr'><strong>quia</strong></span> <span class='ocrx_word' id='word_1_74' title='bbox 1678 845 1872 916; x_wconf 89' lang='lat' dir='ltr'><strong>prohi-</strong></span> 
     </span>
    </p>
   </div>
   <div class='ocr_carea' id='block_1_11' title="bbox 274 934 1871 1006">
    <p class='ocr_par' dir='ltr' id='par_1_11' title="bbox 274 934 1871 1006">
     <span class='ocr_line' id='line_1_11' title="bbox 274 934 1871 1006; baseline -0.001 -18"><span class='ocrx_word' id='word_1_75' title='bbox 274 934 407 988; x_wconf 88' lang='lat' dir='ltr'><strong>bent</strong></span> <span class='ocrx_word' id='word_1_76' title='bbox 434 934 662 988; x_wconf 91' lang='lat' dir='ltr'><strong>nubere.</strong></span> <span class='ocrx_word' id='word_1_77' title='bbox 688 934 815 989; x_wconf 86' lang='lat' dir='ltr'><strong>Haec</strong></span> <span class='ocrx_word' id='word_1_78' title='bbox 844 941 927 988; x_wconf 90' lang='lat' dir='ltr'><strong>est</strong></span> <span class='ocrx_word' id='word_1_79' title='bbox 957 934 1101 988; x_wconf 91' lang='lat' dir='ltr'><strong>enim</strong></span> <span class='ocrx_word' id='word_1_80' title='bbox 1131 942 1356 989; x_wconf 91' lang='lat' dir='ltr'><strong>coctura</strong></span> <span class='ocrx_word' id='word_1_81' title='bbox 1402 934 1497 988; x_wconf 90' lang='lat' dir='ltr'><strong>illa</strong></span> <span class='ocrx_word' id='word_1_82' title='bbox 1559 950 1679 1006; x_wconf 68' lang='lat' dir='ltr'><strong>quae</strong></span> <span class='ocrx_word' id='word_1_83' title='bbox 1712 934 1871 988; x_wconf 90' lang='lat' dir='ltr'><strong>nobis</strong></span> 
     </span>
    </p>
   </div>
   <div class='ocr_carea' id='block_1_12' title="bbox 274 1022 1871 1094">
    <p class='ocr_par' dir='ltr' id='par_1_12' title="bbox 274 1022 1871 1094">
     <span class='ocr_line' id='line_1_12' title="bbox 274 1022 1871 1094; baseline -0.001 -16"><span class='ocrx_word' id='word_1_84' title='bbox 274 1022 453 1094; x_wconf 88' lang='lat' dir='ltr'><strong>aperit</strong></span> <span class='ocrx_word' id='word_1_85' title='bbox 482 1022 682 1077; x_wconf 89' lang='lat' dir='ltr'><strong>malum</strong></span> <span class='ocrx_word' id='word_1_86' title='bbox 738 1022 1084 1077; x_wconf 66' lang='lat' dir='ltr'><strong>conscientiae</strong></span> <span class='ocrx_word' id='word_1_87' title='bbox 1123 1039 1333 1090; x_wconf 89' lang='lat' dir='ltr'><strong>eorum,</strong></span> <span class='ocrx_word' id='word_1_88' title='bbox 1387 1023 1531 1094; x_wconf 92' lang='lat' dir='ltr'><strong>quod</strong></span> <span class='ocrx_word' id='word_1_89' title='bbox 1570 1024 1871 1094; x_wconf 80' lang='lat' dir='ltr'><strong>prohibent</strong></span> 
     </span>
    </p>
   </div>
   <div class='ocr_carea' id='block_1_13' title="bbox 272 1110 1873 1181">
    <p class='ocr_par' dir='ltr' id='par_1_13' title="bbox 272 1110 1873 1181">
     <span class='ocr_line' id='line_1_13' title="bbox 272 1110 1873 1181; baseline -0.001 -15"><span class='ocrx_word' id='word_1_90' title='bbox 272 1111 574 1181; x_wconf 85' lang='lat' dir='ltr'><strong>nubere,id</strong></span> <span class='ocrx_word' id='word_1_91' title='bbox 605 1119 687 1165; x_wconf 92' lang='lat' dir='ltr'><strong>est</strong></span> <span class='ocrx_word' id='word_1_92' title='bbox 714 1111 857 1181; x_wconf 90' lang='lat' dir='ltr'><strong>quod</strong></span> <span class='ocrx_word' id='word_1_93' title='bbox 877 1110 1195 1181; x_wconf 68' lang='lat' dir='ltr'><strong>praecipiunt</strong></span> <span class='ocrx_word' id='word_1_94' title='bbox 1224 1127 1333 1166; x_wconf 91' lang='lat' dir='ltr'><strong>non</strong></span> <span class='ocrx_word' id='word_1_95' title='bbox 1366 1112 1575 1165; x_wconf 84' lang='lat' dir='ltr'><strong>nubere</strong></span> <span class='ocrx_word' id='word_1_96' title='bbox 1610 1128 1622 1164; x_wconf 94' lang='lat'><strong>:</strong></span> <span class='ocrx_word' id='word_1_97' title='bbox 1656 1118 1706 1165; x_wconf 91' lang='lat' dir='ltr'><strong>et</strong></span> <span class='ocrx_word' id='word_1_98' title='bbox 1735 1127 1873 1181; x_wconf 65' lang='lat' dir='ltr'><strong>pra:-</strong></span> 
     </span>
    </p>
   </div>
   <div class='ocr_carea' id='block_1_14' title="bbox 277 1199 1874 1270">
    <p class='ocr_par' dir='ltr' id='par_1_14' title="bbox 277 1199 1874 1270">
     <span class='ocr_line' id='line_1_14' title="bbox 277 1199 1874 1270; baseline -0.001 -16"><span class='ocrx_word' id='word_1_99' title='bbox 277 1199 591 1270; x_wconf 87' lang='lat' dir='ltr'><strong>cipientium</strong></span> <span class='ocrx_word' id='word_1_100' title='bbox 613 1199 789 1253; x_wconf 91' lang='lat' dir='ltr'><strong>adhuc</strong></span> <span class='ocrx_word' id='word_1_101' title='bbox 804 1200 1088 1255; x_wconf 86' lang='lat' dir='ltr'><strong>abstinere</strong></span> <span class='ocrx_word' id='word_1_102' title='bbox 1116 1217 1151 1254; x_wconf 89' lang='lat' dir='ltr'><strong>a</strong></span> <span class='ocrx_word' id='word_1_103' title='bbox 1179 1201 1314 1256; x_wconf 89' lang='lat' dir='ltr'><strong>cibis</strong></span> <span class='ocrx_word' id='word_1_104' title='bbox 1337 1216 1470 1268; x_wconf 84' lang='lat' dir='ltr'><strong>quos</strong></span> <span class='ocrx_word' id='word_1_105' title='bbox 1492 1202 1639 1254; x_wconf 87' lang='lat' dir='ltr'><strong>Deus</strong></span> <span class='ocrx_word' id='word_1_106' title='bbox 1661 1200 1874 1255; x_wconf 87' lang='lat' dir='ltr'><strong>creavit</strong></span> 
     </span>
    </p>
   </div>
   <div class='ocr_carea' id='block_1_15' title="bbox 278 1287 1875 1360">
    <p class='ocr_par' dir='ltr' id='par_1_15' title="bbox 278 1287 1875 1360">
     <span class='ocr_line' id='line_1_15' title="bbox 278 1287 1875 1360; baseline 0 -17"><span class='ocrx_word' id='word_1_107' title='bbox 278 1287 354 1343; x_wconf 88' lang='lat' dir='ltr'><strong>ad</strong></span> <span class='ocrx_word' id='word_1_108' title='bbox 379 1288 810 1360; x_wconf 83' lang='lat' dir='ltr'><strong>percipiendum</strong></span> <span class='ocrx_word' id='word_1_109' title='bbox 832 1288 1110 1357; x_wconf 80' lang='lat' dir='ltr'><strong>ﬁdelibus,</strong></span> <span class='ocrx_word' id='word_1_110' title='bbox 1143 1296 1195 1343; x_wconf 92' lang='lat' dir='ltr'><strong>et</strong></span> <span class='ocrx_word' id='word_1_111' title='bbox 1225 1289 1329 1344; x_wconf 91' lang='lat' dir='ltr'><strong>hoc</strong></span> <span class='ocrx_word' id='word_1_112' title='bbox 1353 1305 1481 1344; x_wconf 87' lang='lat' dir='ltr'><strong>cum</strong></span> <span class='ocrx_word' id='word_1_113' title='bbox 1505 1289 1730 1343; x_wconf 81' lang='lat' dir='ltr'><strong>actione</strong></span> <span class='ocrx_word' id='word_1_114' title='bbox 1753 1305 1875 1358; x_wconf 88' lang='lat' dir='ltr'><strong>gra-</strong></span> 
     </span>
    </p>
   </div>
   <div class='ocr_carea' id='block_1_16' title="bbox 281 1376 1876 1449">
    <p class='ocr_par' dir='ltr' id='par_1_16' title="bbox 281 1376 1876 1449">
     <span class='ocr_line' id='line_1_16' title="bbox 281 1376 1876 1449; baseline 0.001 -19"><span class='ocrx_word' id='word_1_115' title='bbox 281 1377 519 1443; x_wconf 86' lang='lat' dir='ltr'><strong>tiarum,</strong></span> <span class='ocrx_word' id='word_1_116' title='bbox 546 1376 673 1447; x_wconf 84' lang='lat' dir='ltr'><strong>quia</strong></span> <span class='ocrx_word' id='word_1_117' title='bbox 730 1376 799 1430; x_wconf 92' lang='lat' dir='ltr'><strong>de</strong></span> <span class='ocrx_word' id='word_1_118' title='bbox 846 1376 947 1431; x_wconf 91' lang='lat' dir='ltr'><strong>hoc</strong></span> <span class='ocrx_word' id='word_1_119' title='bbox 983 1377 1212 1447; x_wconf 83' lang='lat' dir='ltr'><strong>agendae</strong></span> <span class='ocrx_word' id='word_1_120' title='bbox 1240 1385 1364 1431; x_wconf 91' lang='lat' dir='ltr'><strong>sunt</strong></span> <span class='ocrx_word' id='word_1_121' title='bbox 1419 1376 1607 1449; x_wconf 70' lang='lat' dir='ltr'><strong>gratia:</strong></span> <span class='ocrx_word' id='word_1_122' title='bbox 1638 1376 1876 1432; x_wconf 85' lang='lat' dir='ltr'><strong>creatori</strong></span> 
     </span>
    </p>
   </div>
   <div class='ocr_carea' id='block_1_17' title="bbox 278 1463 1875 1535">
    <p class='ocr_par' dir='ltr' id='par_1_17' title="bbox 278 1463 1875 1535">
     <span class='ocr_line' id='line_1_17' title="bbox 278 1463 1875 1535; baseline -0.001 -16"><span class='ocrx_word' id='word_1_123' title='bbox 278 1466 418 1531; x_wconf 92' lang='lat' dir='ltr'><strong>Deo,</strong></span> <span class='ocrx_word' id='word_1_124' title='bbox 464 1480 533 1519; x_wconf 89' lang='lat' dir='ltr'><strong>ne</strong></span> <span class='ocrx_word' id='word_1_125' title='bbox 590 1463 727 1519; x_wconf 88' lang='lat' dir='ltr'><strong>forte</strong></span> <span class='ocrx_word' id='word_1_126' title='bbox 758 1464 805 1517; x_wconf 90' lang='lat' dir='ltr'>si</span> <span class='ocrx_word' id='word_1_127' title='bbox 852 1463 968 1518; x_wconf 90' lang='lat' dir='ltr'><strong>sine</strong></span> <span class='ocrx_word' id='word_1_128' title='bbox 1033 1465 1411 1521; x_wconf 86' lang='lat' dir='ltr'><strong>benedictione</strong></span> <span class='ocrx_word' id='word_1_129' title='bbox 1467 1465 1875 1535; x_wconf 87' lang='lat' dir='ltr'><strong>perciperemus</strong></span> 
     </span>
    </p>
   </div>
   <div class='ocr_carea' id='block_1_18' title="bbox 279 1553 1874 1625">
    <p class='ocr_par' dir='ltr' id='par_1_18' title="bbox 279 1553 1874 1625">
     <span class='ocr_line' id='line_1_18' title="bbox 279 1553 1874 1625; baseline 0.001 -18"><span class='ocrx_word' id='word_1_130' title='bbox 279 1554 453 1625; x_wconf 83' lang='lat' dir='ltr'><strong>(quod</strong></span> <span class='ocrx_word' id='word_1_131' title='bbox 482 1568 628 1623; x_wconf 71' lang='lat' dir='ltr'><strong>saepe</strong></span> <span class='ocrx_word' id='word_1_132' title='bbox 659 1553 901 1608; x_wconf 88' lang='lat' dir='ltr'><strong>auditum</strong></span> <span class='ocrx_word' id='word_1_133' title='bbox 929 1554 1033 1621; x_wconf 90' lang='lat' dir='ltr'><strong>est)</strong></span> <span class='ocrx_word' id='word_1_134' title='bbox 1085 1553 1332 1609; x_wconf 91' lang='lat' dir='ltr'><strong>diabolus</strong></span> <span class='ocrx_word' id='word_1_135' title='bbox 1361 1569 1484 1609; x_wconf 90' lang='lat' dir='ltr'><strong>cum</strong></span> <span class='ocrx_word' id='word_1_136' title='bbox 1505 1554 1571 1607; x_wconf 89' lang='lat' dir='ltr'><strong>iis</strong></span> <span class='ocrx_word' id='word_1_137' title='bbox 1612 1553 1874 1624; x_wconf 86' lang='lat' dir='ltr'><strong>ingrede-</strong></span> 
     </span>
    </p>
   </div>
   <div class='ocr_carea' id='block_1_19' title="bbox 278 1640 1875 1713">
    <p class='ocr_par' dir='ltr' id='par_1_19' title="bbox 278 1640 1875 1713">
     <span class='ocr_line' id='line_1_19' title="bbox 278 1640 1875 1713; baseline -0.001 -16"><span class='ocrx_word' id='word_1_138' title='bbox 278 1651 453 1698; x_wconf 89' lang='lat' dir='ltr'><strong>retur.</strong></span> <span class='ocrx_word' id='word_1_139' title='bbox 488 1642 703 1697; x_wconf 88' lang='lat' dir='ltr'><strong>Creavit</strong></span> <span class='ocrx_word' id='word_1_140' title='bbox 732 1642 917 1713; x_wconf 83' lang='lat' dir='ltr'><strong>utique</strong></span> <span class='ocrx_word' id='word_1_141' title='bbox 947 1642 1013 1696; x_wconf 90' lang='lat' dir='ltr'><strong>ad</strong></span> <span class='ocrx_word' id='word_1_142' title='bbox 1063 1642 1471 1713; x_wconf 89' lang='lat' dir='ltr'><strong>percipiendum</strong></span> <span class='ocrx_word' id='word_1_143' title='bbox 1508 1640 1780 1708; x_wconf 86' lang='lat' dir='ltr'><strong>ﬁdelibus,</strong></span> <span class='ocrx_word' id='word_1_144' title='bbox 1818 1646 1875 1696; x_wconf 88' lang='lat' dir='ltr'><strong>et</strong></span> 
     </span>
    </p>
   </div>
   <div class='ocr_carea' id='block_1_20' title="bbox 282 1730 1877 1803">
    <p class='ocr_par' dir='ltr' id='par_1_20' title="bbox 282 1730 1877 1803">
     <span class='ocr_line' id='line_1_20' title="bbox 282 1730 1877 1803; baseline -0.001 -17"><span class='ocrx_word' id='word_1_145' title='bbox 282 1731 389 1797; x_wconf 84' lang='lat' dir='ltr'><strong>his,</strong></span> <span class='ocrx_word' id='word_1_146' title='bbox 422 1731 477 1785; x_wconf 93' lang='lat' dir='ltr'><strong>id</strong></span> <span class='ocrx_word' id='word_1_147' title='bbox 518 1738 600 1786; x_wconf 90' lang='lat' dir='ltr'><strong>est</strong></span> <span class='ocrx_word' id='word_1_148' title='bbox 658 1730 819 1785; x_wconf 90' lang='lat' dir='ltr'><strong>etiam</strong></span> <span class='ocrx_word' id='word_1_149' title='bbox 867 1730 1074 1786; x_wconf 89' lang='lat' dir='ltr'><strong>eisdem</strong></span> <span class='ocrx_word' id='word_1_150' title='bbox 1104 1730 1304 1785; x_wconf 85' lang='lat' dir='ltr'><strong>talibus</strong></span> <span class='ocrx_word' id='word_1_151' title='bbox 1358 1733 1453 1803; x_wconf 92' lang='lat' dir='ltr'><strong>qui</strong></span> <span class='ocrx_word' id='word_1_152' title='bbox 1497 1735 1877 1802; x_wconf 87' lang='lat' dir='ltr'><strong>cognoverunt</strong></span> 
     </span>
    </p>
   </div>
   <div class='ocr_carea' id='block_1_21' title="bbox 280 1818 1877 1891">
    <p class='ocr_par' dir='ltr' id='par_1_21' title="bbox 280 1818 1877 1891">
     <span class='ocr_line' id='line_1_21' title="bbox 280 1818 1877 1891; baseline -0.003 -14"><span class='ocrx_word' id='word_1_153' title='bbox 280 1822 602 1889; x_wconf 82' lang='lat' dir='ltr'><strong>veritatem,</strong></span> <span class='ocrx_word' id='word_1_154' title='bbox 635 1820 776 1875; x_wconf 87' lang='lat' dir='ltr'><strong>hanc</strong></span> <span class='ocrx_word' id='word_1_155' title='bbox 806 1819 1012 1875; x_wconf 88' lang='lat' dir='ltr'><strong>scilicet</strong></span> <span class='ocrx_word' id='word_1_156' title='bbox 1040 1820 1167 1891; x_wconf 85' lang='lat' dir='ltr'><strong>quia</strong></span> <span class='ocrx_word' id='word_1_157' title='bbox 1196 1819 1375 1874; x_wconf 89' lang='lat' dir='ltr'><strong>omnis</strong></span> <span class='ocrx_word' id='word_1_158' title='bbox 1395 1828 1641 1875; x_wconf 83' lang='lat' dir='ltr'><strong>creatura</strong></span> <span class='ocrx_word' id='word_1_159' title='bbox 1670 1818 1788 1885; x_wconf 90' lang='lat' dir='ltr'><strong>Dei,</strong></span> <span class='ocrx_word' id='word_1_160' title='bbox 1822 1819 1877 1872; x_wconf 90' lang='lat' dir='ltr'><strong>in</strong></span> 
     </span>
    </p>
   </div>
   <div class='ocr_carea' id='block_1_22' title="bbox 281 1906 1878 1981">
    <p class='ocr_par' dir='ltr' id='par_1_22' title="bbox 281 1906 1878 1981">
     <span class='ocr_line' id='line_1_22' title="bbox 281 1906 1878 1981; baseline -0.003 -16"><span class='ocrx_word' id='word_1_161' title='bbox 281 1924 351 1965; x_wconf 88' lang='lat' dir='ltr'><strong>eo</strong></span> <span class='ocrx_word' id='word_1_162' title='bbox 380 1909 528 1981; x_wconf 91' lang='lat' dir='ltr'><strong>quod</strong></span> <span class='ocrx_word' id='word_1_163' title='bbox 556 1925 586 1963; x_wconf 94' lang='lat' dir='ltr'><strong>a</strong></span> <span class='ocrx_word' id='word_1_164' title='bbox 616 1909 732 1964; x_wconf 92' lang='lat' dir='ltr'><strong>Deo</strong></span> <span class='ocrx_word' id='word_1_165' title='bbox 762 1916 943 1965; x_wconf 90' lang='lat' dir='ltr'><strong>creata</strong></span> <span class='ocrx_word' id='word_1_166' title='bbox 972 1915 1083 1974; x_wconf 89' lang='lat' dir='ltr'><strong>est,</strong></span> <span class='ocrx_word' id='word_1_167' title='bbox 1146 1908 1291 1963; x_wconf 89' lang='lat' dir='ltr'><strong>bona</strong></span> <span class='ocrx_word' id='word_1_168' title='bbox 1321 1916 1372 1964; x_wconf 89' lang='lat' dir='ltr'><strong>et</strong></span> <span class='ocrx_word' id='word_1_169' title='bbox 1430 1908 1574 1963; x_wconf 90' lang='lat' dir='ltr'><strong>utilis</strong></span> <span class='ocrx_word' id='word_1_170' title='bbox 1622 1914 1702 1963; x_wconf 88' lang='lat' dir='ltr'><strong>est</strong></span> <span class='ocrx_word' id='word_1_171' title='bbox 1730 1906 1878 1962; x_wconf 91' lang='lat' dir='ltr'><strong>omni</strong></span> 
     </span>
    </p>
   </div>
   <div class='ocr_carea' id='block_1_23' title="bbox 280 1996 1875 2065">
    <p class='ocr_par' dir='ltr' id='par_1_23' title="bbox 280 1996 1875 2065">
     <span class='ocr_line' id='line_1_23' title="bbox 280 1996 1875 2065; baseline -0.001 -14"><span class='ocrx_word' id='word_1_172' title='bbox 280 1999 390 2053; x_wconf 88' lang='lat' dir='ltr'><strong>hoc</strong></span> <span class='ocrx_word' id='word_1_173' title='bbox 420 1997 700 2063; x_wconf 88' lang='lat' dir='ltr'><strong>credenti;</strong></span> <span class='ocrx_word' id='word_1_174' title='bbox 732 1997 777 2051; x_wconf 91' lang='lat' dir='ltr'><strong>si</strong></span> <span class='ocrx_word' id='word_1_175' title='bbox 802 2004 984 2051; x_wconf 91' lang='lat' dir='ltr'><strong>autem</strong></span> <span class='ocrx_word' id='word_1_176' title='bbox 1014 1996 1209 2052; x_wconf 84' lang='lat' dir='ltr'><strong>nociva</strong></span> <span class='ocrx_word' id='word_1_177' title='bbox 1238 2005 1319 2052; x_wconf 91' lang='lat' dir='ltr'><strong>est</strong></span> <span class='ocrx_word' id='word_1_178' title='bbox 1350 1996 1529 2065; x_wconf 87' lang='lat' dir='ltr'><strong>alicui,</strong></span> <span class='ocrx_word' id='word_1_179' title='bbox 1562 2004 1616 2050; x_wconf 91' lang='lat' dir='ltr'><strong>ut</strong></span> <span class='ocrx_word' id='word_1_180' title='bbox 1634 1996 1875 2061; x_wconf 88' lang='lat' dir='ltr'><strong>coluber,</strong></span> 
     </span>
    </p>
   </div>
   <div class='ocr_carea' id='block_1_24' title="bbox 280 2084 1880 2159">
    <p class='ocr_par' dir='ltr' id='par_1_24' title="bbox 280 2084 1880 2159">
     <span class='ocr_line' id='line_1_24' title="bbox 280 2084 1880 2159; baseline 0 -19"><span class='ocrx_word' id='word_1_181' title='bbox 280 2093 577 2159; x_wconf 86' lang='lat' dir='ltr'><strong>propterea</strong></span> <span class='ocrx_word' id='word_1_182' title='bbox 606 2085 663 2140; x_wconf 84' lang='lat' dir='ltr'><strong>fit</strong></span> <span class='ocrx_word' id='word_1_183' title='bbox 684 2086 810 2158; x_wconf 88' lang='lat' dir='ltr'><strong>quia</strong></span> <span class='ocrx_word' id='word_1_184' title='bbox 834 2102 945 2141; x_wconf 91' lang='lat' dir='ltr'><strong>non</strong></span> <span class='ocrx_word' id='word_1_185' title='bbox 965 2085 1197 2142; x_wconf 90' lang='lat' dir='ltr'><strong>credidit</strong></span> <span class='ocrx_word' id='word_1_186' title='bbox 1226 2086 1421 2141; x_wconf 86' lang='lat' dir='ltr'><strong>bonam</strong></span> <span class='ocrx_word' id='word_1_187' title='bbox 1452 2101 1576 2141; x_wconf 90' lang='lat' dir='ltr'><strong>esse</strong></span> <span class='ocrx_word' id='word_1_188' title='bbox 1605 2084 1707 2138; x_wconf 87' lang='lat' dir='ltr'><strong>sibi</strong></span> <span class='ocrx_word' id='word_1_189' title='bbox 1738 2085 1880 2141; x_wconf 90' lang='lat' dir='ltr'><strong>hanc</strong></span> 
     </span>
    </p>
   </div>
   <div class='ocr_carea' id='block_1_25' title="bbox 282 2174 1881 2245">
    <p class='ocr_par' dir='ltr' id='par_1_25' title="bbox 282 2174 1881 2245">
     <span class='ocr_line' id='line_1_25' title="bbox 282 2174 1881 2245; baseline -0.001 -15"><span class='ocrx_word' id='word_1_190' title='bbox 282 2184 591 2230; x_wconf 86' lang='lat' dir='ltr'><strong>creaturam</strong></span> <span class='ocrx_word' id='word_1_191' title='bbox 621 2175 738 2242; x_wconf 92' lang='lat' dir='ltr'><strong>Dei,</strong></span> <span class='ocrx_word' id='word_1_192' title='bbox 776 2181 852 2239; x_wconf 91' lang='lat' dir='ltr'><strong>ut,</strong></span> <span class='ocrx_word' id='word_1_193' title='bbox 888 2174 933 2239; x_wconf 85' lang='lat' dir='ltr'><strong>si</strong></span> <span class='ocrx_word' id='word_1_194' title='bbox 976 2175 1141 2229; x_wconf 92' lang='lat' dir='ltr'><strong>modo</strong></span> <span class='ocrx_word' id='word_1_195' title='bbox 1182 2175 1431 2230; x_wconf 90' lang='lat' dir='ltr'><strong>crederet</strong></span> <span class='ocrx_word' id='word_1_196' title='bbox 1460 2174 1583 2245; x_wconf 91' lang='lat' dir='ltr'><strong>quis</strong></span> <span class='ocrx_word' id='word_1_197' title='bbox 1616 2190 1726 2228; x_wconf 89' lang='lat' dir='ltr'><strong>non</strong></span> <span class='ocrx_word' id='word_1_198' title='bbox 1756 2189 1881 2229; x_wconf 91' lang='lat' dir='ltr'><strong>esse</strong></span> 
     </span>
    </p>
   </div>
   <div class='ocr_carea' id='block_1_26' title="bbox 282 2263 1881 2330">
    <p class='ocr_par' dir='ltr' id='par_1_26' title="bbox 282 2263 1881 2330">
     <span class='ocr_line' id='line_1_26' title="bbox 282 2263 1881 2330; baseline -0.002 -11"><span class='ocrx_word' id='word_1_199' title='bbox 282 2265 491 2319; x_wconf 89' lang='lat' dir='ltr'><strong>bonum</strong></span> <span class='ocrx_word' id='word_1_200' title='bbox 521 2280 581 2319; x_wconf 85' lang='lat' dir='ltr'><strong>se</strong></span> <span class='ocrx_word' id='word_1_201' title='bbox 610 2264 899 2320; x_wconf 88' lang='lat' dir='ltr'><strong>comedere</strong></span> <span class='ocrx_word' id='word_1_202' title='bbox 926 2278 1147 2318; x_wconf 88' lang='lat' dir='ltr'><strong>carnem</strong></span> <span class='ocrx_word' id='word_1_203' title='bbox 1169 2263 1331 2319; x_wconf 89' lang='lat' dir='ltr'><strong>etiam</strong></span> <span class='ocrx_word' id='word_1_204' title='bbox 1360 2263 1586 2330; x_wconf 87' lang='lat' dir='ltr'><strong>licitam,</strong></span> <span class='ocrx_word' id='word_1_205' title='bbox 1615 2270 1668 2317; x_wconf 90' lang='lat' dir='ltr'><strong>et</strong></span> <span class='ocrx_word' id='word_1_206' title='bbox 1698 2270 1881 2317; x_wconf 90' lang='lat' dir='ltr'><strong>tamen</strong></span> 
     </span>
    </p>
   </div>
   <div class='ocr_carea' id='block_1_27' title="bbox 283 2351 1881 2425">
    <p class='ocr_par' dir='ltr' id='par_1_27' title="bbox 283 2351 1881 2425">
     <span class='ocr_line' id='line_1_27' title="bbox 283 2351 1881 2425; baseline -0.003 -16"><span class='ocrx_word' id='word_1_207' title='bbox 283 2354 615 2419; x_wconf 90' lang='lat' dir='ltr'><strong>comederet,</strong></span> <span class='ocrx_word' id='word_1_208' title='bbox 645 2360 920 2423; x_wconf 86' lang='lat' dir='ltr'><strong>peccaret,</strong></span> <span class='ocrx_word' id='word_1_209' title='bbox 955 2352 1080 2425; x_wconf 92' lang='lat' dir='ltr'><strong>quia</strong></span> <span class='ocrx_word' id='word_1_210' title='bbox 1109 2359 1349 2407; x_wconf 88' lang='lat' dir='ltr'><strong>uteretur</strong></span> <span class='ocrx_word' id='word_1_211' title='bbox 1378 2367 1444 2407; x_wconf 90' lang='lat' dir='ltr'><strong>eo</strong></span> <span class='ocrx_word' id='word_1_212' title='bbox 1503 2351 1649 2423; x_wconf 90' lang='lat' dir='ltr'><strong>quod</strong></span> <span class='ocrx_word' id='word_1_213' title='bbox 1678 2352 1881 2405; x_wconf 90' lang='lat' dir='ltr'><strong>bonum</strong></span> 
     </span>
    </p>
   </div>
   <div class='ocr_carea' id='block_1_28' title="bbox 286 2438 1881 2513">
    <p class='ocr_par' dir='ltr' id='par_1_28' title="bbox 286 2438 1881 2513">
     <span class='ocr_line' id='line_1_28' title="bbox 286 2438 1881 2513; baseline -0.002 -16"><span class='ocrx_word' id='word_1_214' title='bbox 286 2458 411 2497; x_wconf 90' lang='lat' dir='ltr'><strong>esse</strong></span> <span class='ocrx_word' id='word_1_215' title='bbox 441 2442 724 2497; x_wconf 88' lang='lat' dir='ltr'><strong>dubitaret.</strong></span> <span class='ocrx_word' id='word_1_216' title='bbox 760 2442 1144 2513; x_wconf 87' lang='lat' dir='ltr'><strong>Cognoverunt</strong></span> <span class='ocrx_word' id='word_1_217' title='bbox 1178 2440 1342 2496; x_wconf 89' lang='lat' dir='ltr'><strong>etiam</strong></span> <span class='ocrx_word' id='word_1_218' title='bbox 1372 2438 1563 2495; x_wconf 85' lang='lat' dir='ltr'><strong>ﬁdeles</strong></span> <span class='ocrx_word' id='word_1_219' title='bbox 1594 2439 1727 2494; x_wconf 86' lang='lat' dir='ltr'>nihil</span> <span class='ocrx_word' id='word_1_220' title='bbox 1758 2455 1881 2494; x_wconf 90' lang='lat' dir='ltr'><strong>esse</strong></span> 
     </span>
    </p>
   </div>
   <div class='ocr_carea' id='block_1_29' title="bbox 285 2527 1877 2601">
    <p class='ocr_par' dir='ltr' id='par_1_29' title="bbox 285 2527 1877 2601">
     <span class='ocr_line' id='line_1_29' title="bbox 285 2527 1877 2601; baseline -0.004 -14"><span class='ocrx_word' id='word_1_221' title='bbox 285 2531 662 2600; x_wconf 85' lang='lat' dir='ltr'><strong>rejiciendum.</strong></span> <span class='ocrx_word' id='word_1_222' title='bbox 697 2531 1037 2586; x_wconf 89' lang='lat' dir='ltr'><strong>Determinat</strong></span> <span class='ocrx_word' id='word_1_223' title='bbox 1066 2531 1213 2601; x_wconf 89' lang='lat' dir='ltr'><strong>quod</strong></span> <span class='ocrx_word' id='word_1_224' title='bbox 1228 2528 1358 2584; x_wconf 91' lang='lat' dir='ltr'><strong>dicit</strong></span> <span class='ocrx_word' id='word_1_225' title='bbox 1376 2545 1485 2584; x_wconf 90' lang='lat' dir='ltr'><strong>non</strong></span> <span class='ocrx_word' id='word_1_226' title='bbox 1503 2527 1877 2598; x_wconf 90' lang='lat' dir='ltr'><strong>rejiciendum.</strong></span> 
     </span>
    </p>
   </div>
   <div class='ocr_carea' id='block_1_30' title="bbox 287 2616 1883 2691">
    <p class='ocr_par' dir='ltr' id='par_1_30' title="bbox 287 2616 1883 2691">
     <span class='ocr_line' id='line_1_30' title="bbox 287 2616 1883 2691; baseline -0.004 -16"><span class='ocrx_word' id='word_1_227' title='bbox 287 2620 431 2675; x_wconf 84' lang='lat' dir='ltr'>Illud</span> <span class='ocrx_word' id='word_1_228' title='bbox 460 2620 666 2676; x_wconf 83' lang='lat' dir='ltr'><strong>scilicet</strong></span> <span class='ocrx_word' id='word_1_229' title='bbox 696 2620 844 2691; x_wconf 92' lang='lat' dir='ltr'><strong>quod</strong></span> <span class='ocrx_word' id='word_1_230' title='bbox 873 2619 1188 2691; x_wconf 88' lang='lat' dir='ltr'><strong>percipitur,</strong></span> <span class='ocrx_word' id='word_1_231' title='bbox 1210 2618 1266 2672; x_wconf 92' lang='lat' dir='ltr'>id</span> <span class='ocrx_word' id='word_1_232' title='bbox 1295 2625 1377 2674; x_wconf 90' lang='lat' dir='ltr'><strong>est</strong></span> <span class='ocrx_word' id='word_1_233' title='bbox 1404 2617 1550 2689; x_wconf 93' lang='lat' dir='ltr'><strong>quod</strong></span> <span class='ocrx_word' id='word_1_234' title='bbox 1578 2616 1883 2687; x_wconf 88' lang='lat' dir='ltr'><strong>percipien-</strong></span> 
     </span>
    </p>
   </div>
   <div class='ocr_carea' id='block_1_31' title="bbox 287 2705 1882 2780">
    <p class='ocr_par' dir='ltr' id='par_1_31' title="bbox 287 2705 1882 2780">
     <span class='ocr_line' id='line_1_31' title="bbox 287 2705 1882 2780; baseline -0.004 -15"><span class='ocrx_word' id='word_1_235' title='bbox 287 2709 420 2765; x_wconf 89' lang='lat' dir='ltr'><strong>dum</strong></span> <span class='ocrx_word' id='word_1_236' title='bbox 451 2717 533 2764; x_wconf 86' lang='lat' dir='ltr'><strong>est</strong></span> <span class='ocrx_word' id='word_1_237' title='bbox 578 2724 699 2764; x_wconf 88' lang='lat' dir='ltr'><strong>cum</strong></span> <span class='ocrx_word' id='word_1_238' title='bbox 740 2708 955 2764; x_wconf 88' lang='lat' dir='ltr'><strong>actione</strong></span> <span class='ocrx_word' id='word_1_239' title='bbox 1010 2708 1324 2780; x_wconf 82' lang='lat' dir='ltr'><strong>gratiarum,</strong></span> <span class='ocrx_word' id='word_1_240' title='bbox 1355 2722 1466 2761; x_wconf 92' lang='lat' dir='ltr'><strong>non</strong></span> <span class='ocrx_word' id='word_1_241' title='bbox 1507 2706 1651 2760; x_wconf 90' lang='lat' dir='ltr'><strong>enim</strong></span> <span class='ocrx_word' id='word_1_242' title='bbox 1706 2705 1882 2761; x_wconf 90' lang='lat' dir='ltr'><strong>omnis</strong></span> 
     </span>
    </p>
   </div>
   <div class='ocr_carea' id='block_1_32' title="bbox 285 2795 1884 2867">
    <p class='ocr_par' dir='ltr' id='par_1_32' title="bbox 285 2795 1884 2867">
     <span class='ocr_line' id='line_1_32' title="bbox 285 2795 1884 2867; baseline -0.004 -13"><span class='ocrx_word' id='word_1_243' title='bbox 285 2813 420 2854; x_wconf 87' lang='lat' dir='ltr'><strong>caro</strong></span> <span class='ocrx_word' id='word_1_244' title='bbox 467 2797 806 2853; x_wconf 89' lang='lat' dir='ltr'><strong>comedenda</strong></span> <span class='ocrx_word' id='word_1_245' title='bbox 834 2804 935 2851; x_wconf 90' lang='lat' dir='ltr'><strong>est.</strong></span> <span class='ocrx_word' id='word_1_246' title='bbox 986 2796 1309 2866; x_wconf 89' lang='lat' dir='ltr'><strong>Percipere,</strong></span> <span class='ocrx_word' id='word_1_247' title='bbox 1360 2795 1600 2867; x_wconf 90' lang='lat' dir='ltr'><strong>inquam,</strong></span> <span class='ocrx_word' id='word_1_248' title='bbox 1636 2802 1688 2849; x_wconf 91' lang='lat' dir='ltr'><strong>et</strong></span> <span class='ocrx_word' id='word_1_249' title='bbox 1718 2809 1884 2866; x_wconf 90' lang='lat' dir='ltr'><strong>agere</strong></span> 
     </span>
    </p>
   </div>
   <div class='ocr_carea' id='block_1_33' title="bbox 286 2883 1883 2960">
    <p class='ocr_par' dir='ltr' id='par_1_33' title="bbox 286 2883 1883 2960">
     <span class='ocr_line' id='line_1_33' title="bbox 286 2883 1883 2960; baseline -0.003 -19"><span class='ocrx_word' id='word_1_250' title='bbox 286 2887 498 2960; x_wconf 84' lang='lat' dir='ltr'><strong>gratias</strong></span> <span class='ocrx_word' id='word_1_251' title='bbox 527 2886 729 2942; x_wconf 91' lang='lat' dir='ltr'><strong>bonum</strong></span> <span class='ocrx_word' id='word_1_252' title='bbox 759 2893 861 2955; x_wconf 86' lang='lat' dir='ltr'><strong>est,</strong></span> <span class='ocrx_word' id='word_1_253' title='bbox 895 2886 1026 2958; x_wconf 83' lang='lat' dir='ltr'><strong>quia</strong></span> <span class='ocrx_word' id='word_1_254' title='bbox 1054 2892 1303 2941; x_wconf 88' lang='lat' dir='ltr'><strong>creatura</strong></span> <span class='ocrx_word' id='word_1_255' title='bbox 1330 2884 1419 2939; x_wconf 90' lang='lat' dir='ltr'><strong>illa</strong></span> <span class='ocrx_word' id='word_1_256' title='bbox 1466 2901 1585 2956; x_wconf 69' lang='lat' dir='ltr'><strong>qua:</strong></span> <span class='ocrx_word' id='word_1_257' title='bbox 1616 2884 1670 2937; x_wconf 91' lang='lat' dir='ltr'><strong>in</strong></span> <span class='ocrx_word' id='word_1_258' title='bbox 1701 2883 1883 2938; x_wconf 90' lang='lat' dir='ltr'><strong>cibum</strong></span> 
     </span>
    </p>
   </div>
   <div class='ocr_carea' id='block_1_34' title="bbox 290 2971 1882 3047">
    <p class='ocr_par' dir='ltr' id='par_1_34' title="bbox 290 2971 1882 3047">
     <span class='ocr_line' id='line_1_34' title="bbox 290 2971 1882 3047; baseline -0.004 -16"><span class='ocrx_word' id='word_1_259' title='bbox 290 2976 544 3042; x_wconf 89' lang='lat' dir='ltr'><strong>sumitur,</strong></span> <span class='ocrx_word' id='word_1_260' title='bbox 560 2976 963 3044; x_wconf 78' lang='lat' dir='ltr'><strong>sanctiﬁcatur</strong></span> <span class='ocrx_word' id='word_1_261' title='bbox 981 2990 1080 3047; x_wconf 88' lang='lat' dir='ltr'><strong>per</strong></span> <span class='ocrx_word' id='word_1_262' title='bbox 1102 2974 1349 3041; x_wconf 89' lang='lat' dir='ltr'><strong>verbum,</strong></span> <span class='ocrx_word' id='word_1_263' title='bbox 1376 2973 1432 3028; x_wconf 92' lang='lat' dir='ltr'>id</span> <span class='ocrx_word' id='word_1_264' title='bbox 1460 2981 1543 3028; x_wconf 90' lang='lat' dir='ltr'><strong>est</strong></span> <span class='ocrx_word' id='word_1_265' title='bbox 1568 2988 1668 3044; x_wconf 88' lang='lat' dir='ltr'><strong>per</strong></span> <span class='ocrx_word' id='word_1_266' title='bbox 1689 2971 1882 3026; x_wconf 89' lang='lat' dir='ltr'><strong>Filium</strong></span> 
     </span>
    </p>
   </div>
   <div class='ocr_carea' id='block_1_35' title="bbox 292 3059 1885 3131">
    <p class='ocr_par' dir='ltr' id='par_1_35' title="bbox 292 3059 1885 3131">
     <span class='ocr_line' id='line_1_35' title="bbox 292 3059 1885 3131; baseline -0.004 -11"><span class='ocrx_word' id='word_1_267' title='bbox 292 3064 420 3120; x_wconf 89' lang='lat' dir='ltr'><strong>Dei.</strong></span> <span class='ocrx_word' id='word_1_268' title='bbox 465 3065 568 3119; x_wconf 89' lang='lat' dir='ltr'><strong>Per</strong></span> <span class='ocrx_word' id='word_1_269' title='bbox 622 3064 816 3119; x_wconf 88' lang='lat' dir='ltr'>Filium</span> <span class='ocrx_word' id='word_1_270' title='bbox 874 3062 1019 3118; x_wconf 89' lang='lat' dir='ltr'><strong>enim</strong></span> <span class='ocrx_word' id='word_1_271' title='bbox 1049 3070 1099 3118; x_wconf 89' lang='lat' dir='ltr'><strong>et</strong></span> <span class='ocrx_word' id='word_1_272' title='bbox 1128 3062 1309 3117; x_wconf 88' lang='lat' dir='ltr'><strong>omnia</strong></span> <span class='ocrx_word' id='word_1_273' title='bbox 1362 3062 1586 3131; x_wconf 89' lang='lat' dir='ltr'><strong>creavit,</strong></span> <span class='ocrx_word' id='word_1_274' title='bbox 1619 3068 1672 3116; x_wconf 92' lang='lat' dir='ltr'><strong>et</strong></span> <span class='ocrx_word' id='word_1_275' title='bbox 1702 3059 1885 3116; x_wconf 89' lang='lat' dir='ltr'><strong>omnia</strong></span> 
     </span>
    </p>
   </div>
   <div class='ocr_carea' id='block_1_36' title="bbox 292 3150 1885 3223">
    <p class='ocr_par' dir='ltr' id='par_1_36' title="bbox 292 3150 1885 3223">
     <span class='ocr_line' id='line_1_36' title="bbox 292 3150 1885 3223; baseline -0.004 -13"><span class='ocrx_word' id='word_1_276' title='bbox 292 3161 478 3210; x_wconf 89' lang='lat' dir='ltr'><strong>creata</strong></span> <span class='ocrx_word' id='word_1_277' title='bbox 502 3152 877 3209; x_wconf 86' lang='lat' dir='ltr'><strong>sanctificavit.</strong></span> <span class='ocrx_word' id='word_1_278' title='bbox 922 3150 1298 3207; x_wconf 81' lang='lat' dir='ltr'><strong>Sanctiﬁcatur</strong></span> <span class='ocrx_word' id='word_1_279' title='bbox 1335 3153 1512 3206; x_wconf 89' lang='lat' dir='ltr'><strong>etiam</strong></span> <span class='ocrx_word' id='word_1_280' title='bbox 1547 3166 1647 3223; x_wconf 87' lang='lat' dir='ltr'><strong>per</strong></span> <span class='ocrx_word' id='word_1_281' title='bbox 1675 3151 1885 3205; x_wconf 87' lang='lat' dir='ltr'><strong>oratio-</strong></span> 
     </span>
    </p>
   </div>
   <div class='ocr_carea' id='block_1_37' title="bbox 291 3237 1881 3312">
    <p class='ocr_par' dir='ltr' id='par_1_37' title="bbox 291 3237 1881 3312">
     <span class='ocr_line' id='line_1_37' title="bbox 291 3237 1881 3312; baseline -0.004 -14"><span class='ocrx_word' id='word_1_282' title='bbox 291 3259 445 3309; x_wconf 85' lang='lat' dir='ltr'><strong>nem,</strong></span> <span class='ocrx_word' id='word_1_283' title='bbox 481 3242 535 3297; x_wconf 89' lang='lat' dir='ltr'>id</span> <span class='ocrx_word' id='word_1_284' title='bbox 566 3250 650 3297; x_wconf 88' lang='lat' dir='ltr'><strong>est</strong></span> <span class='ocrx_word' id='word_1_285' title='bbox 704 3250 756 3296; x_wconf 90' lang='lat' dir='ltr'><strong>et</strong></span> <span class='ocrx_word' id='word_1_286' title='bbox 799 3257 898 3312; x_wconf 91' lang='lat' dir='ltr'><strong>per</strong></span> <span class='ocrx_word' id='word_1_287' title='bbox 950 3240 1391 3297; x_wconf 87' lang='lat' dir='ltr'><strong>benedictionem</strong></span> <span class='ocrx_word' id='word_1_288' title='bbox 1436 3255 1556 3311; x_wconf 68' lang='lat' dir='ltr'><strong>quae</strong></span> <span class='ocrx_word' id='word_1_289' title='bbox 1595 3237 1881 3309; x_wconf 85' lang='lat' dir='ltr'><strong>praecedit,</strong></span> 
     </span>
    </p>
   </div>
   <div class='ocr_carea' id='block_1_38' title="bbox 293 3328 1599 3405">
    <p class='ocr_par' dir='ltr' id='par_1_38' title="bbox 293 3328 1599 3405">
     <span class='ocr_line' id='line_1_38' title="bbox 293 3328 1599 3405; baseline -0.005 -17"><span class='ocrx_word' id='word_1_290' title='bbox 293 3336 351 3388; x_wconf 87' lang='lat' dir='ltr'><strong>et</strong></span> <span class='ocrx_word' id='word_1_291' title='bbox 368 3349 471 3405; x_wconf 84' lang='lat' dir='ltr'><strong>per</strong></span> <span class='ocrx_word' id='word_1_292' title='bbox 487 3332 808 3403; x_wconf 83' lang='lat' dir='ltr'><strong>gratiarum</strong></span> <span class='ocrx_word' id='word_1_293' title='bbox 835 3332 1118 3386; x_wconf 82' lang='lat' dir='ltr'><strong>actionem</strong></span> <span class='ocrx_word' id='word_1_294' title='bbox 1184 3345 1305 3400; x_wconf 63' lang='lat' dir='ltr'><strong>quae</strong></span> <span class='ocrx_word' id='word_1_295' title='bbox 1338 3328 1599 3399; x_wconf 90' lang='lat' dir='ltr'><strong>sequitur.</strong></span> 
     </span>
    </p>
   </div>
   <div class='ocr_carea' id='block_1_39' title="bbox 368 3416 1890 3489">
    <p class='ocr_par' dir='ltr' id='par_1_39' title="bbox 368 3416 1890 3489">
     <span class='ocr_line' id='line_1_39' title="bbox 368 3416 1890 3489; baseline -0.004 -13"><span class='ocrx_word' id='word_1_296' title='bbox 368 3422 540 3487; x_wconf 90' lang='lat' dir='ltr'><strong>Nota,</strong></span> <span class='ocrx_word' id='word_1_297' title='bbox 592 3436 715 3476; x_wconf 89' lang='lat' dir='ltr'><strong>cum</strong></span> <span class='ocrx_word' id='word_1_298' title='bbox 750 3420 818 3475; x_wconf 92' lang='lat' dir='ltr'><strong>de</strong></span> <span class='ocrx_word' id='word_1_299' title='bbox 878 3426 1122 3489; x_wconf 88' lang='lat' dir='ltr'><strong>tempore</strong></span> <span class='ocrx_word' id='word_1_300' title='bbox 1178 3417 1495 3473; x_wconf 84' lang='lat' dir='ltr'><strong>Antichristi</strong></span> <span class='ocrx_word' id='word_1_301' title='bbox 1548 3416 1890 3471; x_wconf 88' lang='lat' dir='ltr'><strong>Timotheum</strong></span> 
     </span>
    </p>
   </div>
   <div class='ocr_carea' id='block_1_40' title="bbox 294 3504 1890 3575">
    <p class='ocr_par' dir='ltr' id='par_1_40' title="bbox 294 3504 1890 3575">
     <span class='ocr_line' id='line_1_40' title="bbox 294 3504 1890 3575; baseline -0.004 -10"><span class='ocrx_word' id='word_1_302' title='bbox 294 3510 496 3565; x_wconf 87' lang='lat' dir='ltr'><strong>Paulus</strong></span> <span class='ocrx_word' id='word_1_303' title='bbox 550 3509 796 3573; x_wconf 87' lang='lat' dir='ltr'><strong>instruat,</strong></span> <span class='ocrx_word' id='word_1_304' title='bbox 848 3508 1022 3562; x_wconf 92' lang='lat' dir='ltr'><strong>innuit</strong></span> <span class='ocrx_word' id='word_1_305' title='bbox 1088 3507 1335 3562; x_wconf 90' lang='lat' dir='ltr'><strong>membra</strong></span> <span class='ocrx_word' id='word_1_306' title='bbox 1417 3504 1732 3561; x_wconf 81' lang='lat' dir='ltr'><strong>Antichristi</strong></span> <span class='ocrx_word' id='word_1_307' title='bbox 1789 3520 1890 3575; x_wconf 89' lang='lat' dir='ltr'><strong>per</strong></span> 
     </span>
    </p>
   </div>
   <div class='ocr_carea' id='block_1_41' title="bbox 295 3593 1889 3671">
    <p class='ocr_par' dir='ltr' id='par_1_41' title="bbox 295 3593 1889 3671">
     <span class='ocr_line' id='line_1_41' title="bbox 295 3593 1889 3671; baseline -0.004 -17"><span class='ocrx_word' id='word_1_308' title='bbox 295 3599 466 3671; x_wconf 90' lang='lat' dir='ltr'><strong>longa</strong></span> <span class='ocrx_word' id='word_1_309' title='bbox 489 3606 736 3668; x_wconf 88' lang='lat' dir='ltr'><strong>tempora</strong></span> <span class='ocrx_word' id='word_1_310' title='bbox 768 3604 929 3667; x_wconf 91' lang='lat' dir='ltr'><strong>caput</strong></span> <span class='ocrx_word' id='word_1_311' title='bbox 958 3612 1118 3651; x_wconf 92' lang='lat' dir='ltr'><strong>suum</strong></span> <span class='ocrx_word' id='word_1_312' title='bbox 1144 3596 1479 3666; x_wconf 72' lang='lat' dir='ltr'><strong>przecedere.</strong></span> <span class='ocrx_word' id='word_1_313' title='bbox 1525 3593 1703 3649; x_wconf 91' lang='lat' dir='ltr'><strong>Innuit</strong></span> <span class='ocrx_word' id='word_1_314' title='bbox 1731 3593 1889 3648; x_wconf 90' lang='lat' dir='ltr'><strong>etiam</strong></span> 
     </span>
    </p>
   </div>
   <div class='ocr_carea' id='block_1_42' title="bbox 297 3672 1891 3758">
    <p class='ocr_par' dir='ltr' id='par_1_42' title="bbox 297 3672 1891 3758">
     <span class='ocr_line' id='line_1_42' title="bbox 297 3672 1891 3758; baseline -0.004 -16"><span class='ocrx_word' id='word_1_315' title='bbox 297 3688 447 3758; x_wconf 91' lang='lat' dir='ltr'><strong>quod</strong></span> <span class='ocrx_word' id='word_1_316' title='bbox 488 3688 604 3741; x_wconf 81' lang='lat' dir='ltr'><strong>haec</strong></span> <span class='ocrx_word' id='word_1_317' title='bbox 652 3685 933 3741; x_wconf 85' lang='lat' dir='ltr'><strong>instructio</strong></span> <span class='ocrx_word' id='word_1_318' title='bbox 988 3685 1135 3739; x_wconf 90' lang='lat' dir='ltr'><strong>omni</strong></span> <span class='ocrx_word' id='word_1_319' title='bbox 1191 3684 1473 3749; x_wconf 65' lang='lat' dir='ltr'><strong>Ecclesiae,</strong></span> <span class='ocrx_word' id='word_1_320' title='bbox 1508 3690 1561 3739; x_wconf 90' lang='lat' dir='ltr'><strong>et</strong></span> <span class='ocrx_word' id='word_1_321' title='bbox 1590 3672 1891 3738; x_wconf 89' lang='lat' dir='ltr'><strong>secundum</strong></span> 
     </span>
    </p>
   </div>
   <div class='ocr_carea' id='block_1_43' title="bbox 296 3771 1890 3844">
    <p class='ocr_par' dir='ltr' id='par_1_43' title="bbox 296 3771 1890 3844">
     <span class='ocr_line' id='line_1_43' title="bbox 296 3771 1890 3844; baseline -0.004 -13"><span class='ocrx_word' id='word_1_322' title='bbox 296 3776 484 3831; x_wconf 84' lang='lat' dir='ltr'><strong>omnia</strong></span> <span class='ocrx_word' id='word_1_323' title='bbox 510 3774 694 3830; x_wconf 83' lang='lat' dir='ltr'><strong>futura</strong></span> <span class='ocrx_word' id='word_1_324' title='bbox 724 3782 967 3844; x_wconf 91' lang='lat' dir='ltr'><strong>tempora</strong></span> <span class='ocrx_word' id='word_1_325' title='bbox 1023 3773 1166 3828; x_wconf 86' lang='lat' dir='ltr'><strong>facta</strong></span> <span class='ocrx_word' id='word_1_326' title='bbox 1213 3773 1301 3827; x_wconf 91' lang='lat' dir='ltr'><strong>sit.</strong></span> <span class='ocrx_word' id='word_1_327' title='bbox 1333 3774 1458 3828; x_wconf 74' lang='lat' dir='ltr'><strong>IIwc</strong></span> <span class='ocrx_word' id='word_1_328' title='bbox 1491 3788 1610 3844; x_wconf 69' lang='lat' dir='ltr'><strong>quae</strong></span> <span class='ocrx_word' id='word_1_329' title='bbox 1641 3771 1890 3842; x_wconf 87' lang='lat' dir='ltr'><strong>superius</strong></span> 
     </span>
    </p>
   </div>
   <div class='ocr_carea' id='block_1_44' title="bbox 297 3862 1891 3933">
    <p class='ocr_par' dir='ltr' id='par_1_44' title="bbox 297 3862 1891 3933">
     <span class='ocr_line' id='line_1_44' title="bbox 297 3862 1891 3933; baseline -0.004 -14"><span class='ocrx_word' id='word_1_330' title='bbox 297 3865 439 3920; x_wconf 93' lang='lat' dir='ltr'><strong>dicta</strong></span> <span class='ocrx_word' id='word_1_331' title='bbox 478 3871 619 3929; x_wconf 90' lang='lat' dir='ltr'><strong>sunt,</strong></span> <span class='ocrx_word' id='word_1_332' title='bbox 653 3862 855 3933; x_wconf 90' lang='lat' dir='ltr'><strong>nuptiis</strong></span> <span class='ocrx_word' id='word_1_333' title='bbox 884 3878 992 3916; x_wconf 90' lang='lat' dir='ltr'><strong>non</strong></span> <span class='ocrx_word' id='word_1_334' title='bbox 1025 3863 1336 3929; x_wconf 87' lang='lat' dir='ltr'><strong>detrahere,</strong></span> <span class='ocrx_word' id='word_1_335' title='bbox 1371 3862 1552 3926; x_wconf 89' lang='lat' dir='ltr'><strong>cibos,</strong></span> <span class='ocrx_word' id='word_1_336' title='bbox 1588 3876 1722 3932; x_wconf 92' lang='lat' dir='ltr'><strong>quos</strong></span> <span class='ocrx_word' id='word_1_337' title='bbox 1744 3862 1891 3915; x_wconf 91' lang='lat' dir='ltr'><strong>Deus</strong></span> 
     </span>
    </p>
   </div>
   <div class='ocr_carea' id='block_1_45' title="bbox 297 3950 1895 4023">
    <p class='ocr_par' dir='ltr' id='par_1_45' title="bbox 297 3950 1895 4023">
     <span class='ocr_line' id='line_1_45' title="bbox 297 3950 1895 4023; baseline -0.003 -16"><span class='ocrx_word' id='word_1_338' title='bbox 297 3954 366 4007; x_wconf 86' lang='lat' dir='ltr'><strong>ad</strong></span> <span class='ocrx_word' id='word_1_339' title='bbox 396 3952 806 4023; x_wconf 88' lang='lat' dir='ltr'><strong>percipiendum</strong></span> <span class='ocrx_word' id='word_1_340' title='bbox 838 3950 1091 4006; x_wconf 82' lang='lat' dir='ltr'><strong>fidelibus</strong></span> <span class='ocrx_word' id='word_1_341' title='bbox 1123 3951 1348 4015; x_wconf 88' lang='lat' dir='ltr'><strong>creavit,</strong></span> <span class='ocrx_word' id='word_1_342' title='bbox 1383 3965 1493 4004; x_wconf 90' lang='lat' dir='ltr'><strong>non</strong></span> <span class='ocrx_word' id='word_1_343' title='bbox 1526 3950 1810 4020; x_wconf 86' lang='lat' dir='ltr'><strong>derogare,</strong></span> <span class='ocrx_word' id='word_1_344' title='bbox 1842 3956 1895 4003; x_wconf 90' lang='lat' dir='ltr'><strong>et</strong></span> 
     </span>
    </p>
   </div>
   <div class='ocr_carea' id='block_1_46' title="bbox 298 4037 1892 4112">
    <p class='ocr_par' dir='ltr' id='par_1_46' title="bbox 298 4037 1892 4112">
     <span class='ocr_line' id='line_1_46' title="bbox 298 4037 1892 4112; baseline -0.004 -15"><span class='ocrx_word' id='word_1_345' title='bbox 298 4051 494 4097; x_wconf 69' lang='lat' dir='ltr'><strong>cmtera</strong></span> <span class='ocrx_word' id='word_1_346' title='bbox 522 4039 805 4112; x_wconf 66' lang='lat' dir='ltr'><strong>praemissa</strong></span> <span class='ocrx_word' id='word_1_347' title='bbox 836 4047 889 4093; x_wconf 90' lang='lat' dir='ltr'><strong>tu</strong></span> <span class='ocrx_word' id='word_1_348' title='bbox 924 4055 1261 4112; x_wconf 87' lang='lat' dir='ltr'><strong>proponens,</strong></span> <span class='ocrx_word' id='word_1_349' title='bbox 1296 4039 1351 4092; x_wconf 92' lang='lat' dir='ltr'>id</span> <span class='ocrx_word' id='word_1_350' title='bbox 1382 4046 1464 4092; x_wconf 92' lang='lat' dir='ltr'><strong>est</strong></span> <span class='ocrx_word' id='word_1_351' title='bbox 1489 4038 1544 4093; x_wconf 92' lang='lat' dir='ltr'><strong>in</strong></span> <span class='ocrx_word' id='word_1_352' title='bbox 1602 4037 1892 4108; x_wconf 86' lang='lat' dir='ltr'><strong>propatulo</strong></span> 
     </span>
    </p>
   </div>
   <div class='ocr_carea' id='block_1_47' title="bbox 297 4126 1895 4202">
    <p class='ocr_par' dir='ltr' id='par_1_47' title="bbox 297 4126 1895 4202">
     <span class='ocr_line' id='line_1_47' title="bbox 297 4126 1895 4202; baseline -0.003 -16"><span class='ocrx_word' id='word_1_353' title='bbox 297 4147 508 4202; x_wconf 89' lang='lat' dir='ltr'><strong>ponens</strong></span> <span class='ocrx_word' id='word_1_354' title='bbox 534 4129 813 4201; x_wconf 78' lang='lat' dir='ltr'><strong>fratribus</strong></span> <span class='ocrx_word' id='word_1_355' title='bbox 834 4170 847 4195; x_wconf 96' lang='lat'><strong>,</strong></span> <span class='ocrx_word' id='word_1_356' title='bbox 880 4128 1005 4183; x_wconf 91' lang='lat' dir='ltr'><strong>licet</strong></span> <span class='ocrx_word' id='word_1_357' title='bbox 1034 4128 1113 4183; x_wconf 89' lang='lat' dir='ltr'><strong>sic</strong></span> <span class='ocrx_word' id='word_1_358' title='bbox 1167 4127 1525 4197; x_wconf 91' lang='lat' dir='ltr'><strong>proponendo</strong></span> <span class='ocrx_word' id='word_1_359' title='bbox 1571 4126 1895 4198; x_wconf 87' lang='lat' dir='ltr'><strong>quibusdam</strong></span> 
     </span>
    </p>
   </div>
   <div class='ocr_carea' id='block_1_48' title="bbox 298 4215 1897 4286">
    <p class='ocr_par' dir='ltr' id='par_1_48' title="bbox 298 4215 1897 4286">
     <span class='ocr_line' id='line_1_48' title="bbox 298 4215 1897 4286; baseline -0.002 -12"><span class='ocrx_word' id='word_1_360' title='bbox 298 4219 537 4275; x_wconf 87' lang='lat' dir='ltr'><strong>videaris</strong></span> <span class='ocrx_word' id='word_1_361' title='bbox 566 4218 726 4273; x_wconf 89' lang='lat' dir='ltr'><strong>nimis</strong></span> <span class='ocrx_word' id='word_1_362' title='bbox 757 4217 1023 4272; x_wconf 89' lang='lat' dir='ltr'><strong>remissus</strong></span> <span class='ocrx_word' id='word_1_363' title='bbox 1054 4224 1107 4271; x_wconf 93' lang='lat' dir='ltr'><strong>et</strong></span> <span class='ocrx_word' id='word_1_364' title='bbox 1135 4216 1428 4286; x_wconf 87' lang='lat' dir='ltr'><strong>indulgens</strong></span> <span class='ocrx_word' id='word_1_365' title='bbox 1457 4215 1782 4284; x_wconf 88' lang='lat' dir='ltr'><strong>carnalitati,</strong></span> <span class='ocrx_word' id='word_1_366' title='bbox 1815 4216 1897 4271; x_wconf 86' lang='lat' dir='ltr'><strong>sic</strong></span> 
     </span>
    </p>
   </div>
   <div class='ocr_carea' id='block_1_49' title="bbox 298 4304 1896 4370">
    <p class='ocr_par' dir='ltr' id='par_1_49' title="bbox 298 4304 1896 4370">
     <span class='ocr_line' id='line_1_49' title="bbox 298 4304 1896 4370; baseline -0.003 -7"><span class='ocrx_word' id='word_1_367' title='bbox 298 4317 483 4363; x_wconf 87' lang='lat' dir='ltr'><strong>tamen</strong></span> <span class='ocrx_word' id='word_1_368' title='bbox 508 4308 619 4363; x_wconf 83' lang='lat' dir='ltr'><strong>eris</strong></span> <span class='ocrx_word' id='word_1_369' title='bbox 633 4307 900 4362; x_wconf 83' lang='lat' dir='ltr'><strong>minister</strong></span> <span class='ocrx_word' id='word_1_370' title='bbox 919 4305 1131 4360; x_wconf 77' lang='lat' dir='ltr'><strong>Christi</strong></span> <span class='ocrx_word' id='word_1_371' title='bbox 1154 4307 1281 4361; x_wconf 89' lang='lat' dir='ltr'><strong>Jesu</strong></span> <span class='ocrx_word' id='word_1_372' title='bbox 1303 4305 1497 4370; x_wconf 89' lang='lat' dir='ltr'><strong>bonus,</strong></span> <span class='ocrx_word' id='word_1_373' title='bbox 1527 4304 1579 4358; x_wconf 90' lang='lat' dir='ltr'><strong>id</strong></span> <span class='ocrx_word' id='word_1_374' title='bbox 1612 4312 1695 4358; x_wconf 90' lang='lat' dir='ltr'><strong>est</strong></span> <span class='ocrx_word' id='word_1_375' title='bbox 1714 4304 1896 4359; x_wconf 87' lang='lat' dir='ltr'><strong>utilior</strong></span> 
     </span>
    </p>
   </div>
   <div class='ocr_carea' id='block_1_50' title="bbox 1966 402 3560 474">
    <p class='ocr_par' dir='ltr' id='par_1_50' title="bbox 1966 402 3560 474">
     <span class='ocr_line' id='line_1_50' title="bbox 1966 402 3560 474; baseline 0.004 -19"><span class='ocrx_word' id='word_1_376' title='bbox 1966 402 2271 457; x_wconf 89' lang='lat' dir='ltr'><strong>Enutritum</strong></span> <span class='ocrx_word' id='word_1_377' title='bbox 2301 403 2463 458; x_wconf 89' lang='lat' dir='ltr'><strong>etiam</strong></span> <span class='ocrx_word' id='word_1_378' title='bbox 2520 404 2663 458; x_wconf 88' lang='lat' dir='ltr'><strong>bona</strong></span> <span class='ocrx_word' id='word_1_379' title='bbox 2702 404 2974 474; x_wconf 90' lang='lat' dir='ltr'><strong>doctrina,</strong></span> <span class='ocrx_word' id='word_1_380' title='bbox 3008 404 3063 459; x_wconf 90' lang='lat' dir='ltr'>id</span> <span class='ocrx_word' id='word_1_381' title='bbox 3094 414 3174 460; x_wconf 91' lang='lat' dir='ltr'><strong>est</strong></span> <span class='ocrx_word' id='word_1_382' title='bbox 3202 406 3560 461; x_wconf 89' lang='lat' dir='ltr'><strong>instructione</strong></span> 
     </span>
    </p>
   </div>
   <div class='ocr_carea' id='block_1_51' title="bbox 1966 492 3560 565">
    <p class='ocr_par' dir='ltr' id='par_1_51' title="bbox 1966 492 3560 565">
     <span class='ocr_line' id='line_1_51' title="bbox 1966 492 3560 565; baseline 0.003 -21"><span class='ocrx_word' id='word_1_383' title='bbox 1966 506 2202 545; x_wconf 91' lang='lat' dir='ltr'><strong>morum.</strong></span> <span class='ocrx_word' id='word_1_384' title='bbox 2227 492 2380 546; x_wconf 89' lang='lat' dir='ltr'><strong>Talia</strong></span> <span class='ocrx_word' id='word_1_385' title='bbox 2399 507 2644 562; x_wconf 90' lang='lat' dir='ltr'><strong>propone</strong></span> <span class='ocrx_word' id='word_1_386' title='bbox 2666 492 2963 559; x_wconf 85' lang='lat' dir='ltr'><strong>fratribus;</strong></span> <span class='ocrx_word' id='word_1_387' title='bbox 2996 493 3093 549; x_wconf 88' lang='lat' dir='ltr'><strong>sed</strong></span> <span class='ocrx_word' id='word_1_388' title='bbox 3114 494 3324 549; x_wconf 85' lang='lat' dir='ltr'><strong>fabulas</strong></span> <span class='ocrx_word' id='word_1_389' title='bbox 3348 493 3560 565; x_wconf 89' lang='lat' dir='ltr'><strong>ineptas</strong></span> 
     </span>
    </p>
   </div>
   <div class='ocr_carea' id='block_1_52' title="bbox 1970 580 3564 653">
    <p class='ocr_par' dir='ltr' id='par_1_52' title="bbox 1970 580 3564 653">
     <span class='ocr_line' id='line_1_52' title="bbox 1970 580 3564 653; baseline 0.003 -20"><span class='ocrx_word' id='word_1_390' title='bbox 1970 596 2089 650; x_wconf 67' lang='lat' dir='ltr'><strong>quaa</strong></span> <span class='ocrx_word' id='word_1_391' title='bbox 2120 580 2321 634; x_wconf 90' lang='lat' dir='ltr'><strong>nullam</strong></span> <span class='ocrx_word' id='word_1_392' title='bbox 2375 580 2655 636; x_wconf 82' lang='lat' dir='ltr'><strong>veritatem</strong></span> <span class='ocrx_word' id='word_1_393' title='bbox 2702 582 2926 649; x_wconf 89' lang='lat' dir='ltr'><strong>habent,</strong></span> <span class='ocrx_word' id='word_1_394' title='bbox 2986 590 3043 637; x_wconf 91' lang='lat' dir='ltr'><strong>ut</strong></span> <span class='ocrx_word' id='word_1_395' title='bbox 3088 583 3156 638; x_wconf 92' lang='lat' dir='ltr'><strong>de</strong></span> <span class='ocrx_word' id='word_1_396' title='bbox 3202 583 3564 653; x_wconf 88' lang='lat' dir='ltr'><strong>prohibitione</strong></span> 
     </span>
    </p>
   </div>
   <div class='ocr_carea' id='block_1_53' title="bbox 1968 668 3565 742">
    <p class='ocr_par' dir='ltr' id='par_1_53' title="bbox 1968 668 3565 742">
     <span class='ocr_line' id='line_1_53' title="bbox 1968 668 3565 742; baseline 0.003 -19"><span class='ocrx_word' id='word_1_397' title='bbox 1968 668 2213 723; x_wconf 90' lang='lat' dir='ltr'><strong>ciborum</strong></span> <span class='ocrx_word' id='word_1_398' title='bbox 2244 677 2296 724; x_wconf 92' lang='lat' dir='ltr'><strong>et</strong></span> <span class='ocrx_word' id='word_1_399' title='bbox 2325 669 2634 739; x_wconf 89' lang='lat' dir='ltr'><strong>nuptiarum</strong></span> <span class='ocrx_word' id='word_1_400' title='bbox 2662 689 2675 735; x_wconf 88' lang='lat'>;</span> <span class='ocrx_word' id='word_1_401' title='bbox 2708 671 2932 741; x_wconf 81' lang='lat' dir='ltr'><strong>fabulas</strong></span> <span class='ocrx_word' id='word_1_402' title='bbox 2978 671 3203 742; x_wconf 87' lang='lat' dir='ltr'><strong>ineptas</strong></span> <span class='ocrx_word' id='word_1_403' title='bbox 3234 674 3407 727; x_wconf 87' lang='lat' dir='ltr'><strong>etiam</strong></span> <span class='ocrx_word' id='word_1_404' title='bbox 3436 674 3565 727; x_wconf 90' lang='lat' dir='ltr'><strong>ina-</strong></span> 
     </span>
    </p>
   </div>
   <div class='ocr_carea' id='block_1_54' title="bbox 1968 757 3564 829">
    <p class='ocr_par' dir='ltr' id='par_1_54' title="bbox 1968 757 3564 829">
     <span class='ocr_line' id='line_1_54' title="bbox 1968 757 3564 829; baseline 0.001 -16"><span class='ocrx_word' id='word_1_405' title='bbox 1968 775 2088 825; x_wconf 90' lang='lat' dir='ltr'><strong>nes,</strong></span> <span class='ocrx_word' id='word_1_406' title='bbox 2115 757 2170 811; x_wconf 93' lang='lat' dir='ltr'>id</span> <span class='ocrx_word' id='word_1_407' title='bbox 2202 765 2284 813; x_wconf 89' lang='lat' dir='ltr'><strong>est</strong></span> <span class='ocrx_word' id='word_1_408' title='bbox 2301 757 2537 824; x_wconf 89' lang='lat' dir='ltr'><strong>inutiles,</strong></span> <span class='ocrx_word' id='word_1_409' title='bbox 2572 774 2711 829; x_wconf 76' lang='lat' dir='ltr'><strong>quae,</strong></span> <span class='ocrx_word' id='word_1_410' title='bbox 2746 758 2873 813; x_wconf 92' lang='lat' dir='ltr'><strong>licet</strong></span> <span class='ocrx_word' id='word_1_411' title='bbox 2892 758 3132 814; x_wconf 89' lang='lat' dir='ltr'><strong>veritatis</strong></span> <span class='ocrx_word' id='word_1_412' title='bbox 3157 760 3564 815; x_wconf 91' lang='lat' dir='ltr'><strong>similitudinem</strong></span> 
     </span>
    </p>
   </div>
   <div class='ocr_carea' id='block_1_55' title="bbox 1970 846 3566 917">
    <p class='ocr_par' dir='ltr' id='par_1_55' title="bbox 1970 846 3566 917">
     <span class='ocr_line' id='line_1_55' title="bbox 1970 846 3566 917; baseline 0.002 -17"><span class='ocrx_word' id='word_1_413' title='bbox 1970 854 2188 902; x_wconf 90' lang='lat' dir='ltr'><strong>teneant</strong></span> <span class='ocrx_word' id='word_1_414' title='bbox 2218 887 2234 914; x_wconf 92' lang='lat'><strong>,</strong></span> <span class='ocrx_word' id='word_1_415' title='bbox 2266 853 2323 900; x_wconf 92' lang='lat' dir='ltr'><strong>ut</strong></span> <span class='ocrx_word' id='word_1_416' title='bbox 2372 846 2637 902; x_wconf 89' lang='lat' dir='ltr'><strong>reducere</strong></span> <span class='ocrx_word' id='word_1_417' title='bbox 2694 846 3207 917; x_wconf 90' lang='lat' dir='ltr'><strong>circumcisionem,</strong></span> <span class='ocrx_word' id='word_1_418' title='bbox 3241 849 3360 903; x_wconf 92' lang='lat' dir='ltr'><strong>sine</strong></span> <span class='ocrx_word' id='word_1_419' title='bbox 3416 848 3566 903; x_wconf 90' lang='lat' dir='ltr'><strong>omni</strong></span> 
     </span>
    </p>
   </div>
   <div class='ocr_carea' id='block_1_56' title="bbox 1970 934 3566 1007">
    <p class='ocr_par' dir='ltr' id='par_1_56' title="bbox 1970 934 3566 1007">
     <span class='ocr_line' id='line_1_56' title="bbox 1970 934 3566 1007; baseline 0.002 -18"><span class='ocrx_word' id='word_1_420' title='bbox 1970 935 2196 990; x_wconf 82' lang='lat' dir='ltr'><strong>utilitate</strong></span> <span class='ocrx_word' id='word_1_421' title='bbox 2225 942 2410 989; x_wconf 91' lang='lat' dir='ltr'><strong>tamen</strong></span> <span class='ocrx_word' id='word_1_422' title='bbox 2439 943 2563 989; x_wconf 89' lang='lat' dir='ltr'><strong>sunt</strong></span> <span class='ocrx_word' id='word_1_423' title='bbox 2588 954 2601 1000; x_wconf 89' lang='lat'><strong>;</strong></span> <span class='ocrx_word' id='word_1_424' title='bbox 2634 934 2758 989; x_wconf 91' lang='lat' dir='ltr'><strong>illas</strong></span> <span class='ocrx_word' id='word_1_425' title='bbox 2788 950 2898 989; x_wconf 90' lang='lat' dir='ltr'><strong>non</strong></span> <span class='ocrx_word' id='word_1_426' title='bbox 2928 935 3103 990; x_wconf 91' lang='lat' dir='ltr'><strong>solum</strong></span> <span class='ocrx_word' id='word_1_427' title='bbox 3163 937 3302 992; x_wconf 90' lang='lat' dir='ltr'><strong>sicut</strong></span> <span class='ocrx_word' id='word_1_428' title='bbox 3332 952 3566 1007; x_wconf 79' lang='lat' dir='ltr'><strong>praemo-</strong></span> 
     </span>
    </p>
   </div>
   <div class='ocr_carea' id='block_1_57' title="bbox 1971 1023 3567 1094">
    <p class='ocr_par' dir='ltr' id='par_1_57' title="bbox 1971 1023 3567 1094">
     <span class='ocr_line' id='line_1_57' title="bbox 1971 1023 3567 1094; baseline 0.001 -17"><span class='ocrx_word' id='word_1_429' title='bbox 1971 1024 2070 1077; x_wconf 92' lang='lat' dir='ltr'><strong>nui</strong></span> <span class='ocrx_word' id='word_1_430' title='bbox 2095 1024 2411 1088; x_wconf 90' lang='lat' dir='ltr'><strong>interdicas,</strong></span> <span class='ocrx_word' id='word_1_431' title='bbox 2445 1023 2542 1077; x_wconf 92' lang='lat' dir='ltr'><strong>sed</strong></span> <span class='ocrx_word' id='word_1_432' title='bbox 2564 1023 2771 1092; x_wconf 88' lang='lat' dir='ltr'><strong>devita,</strong></span> <span class='ocrx_word' id='word_1_433' title='bbox 2802 1024 2845 1076; x_wconf 92' lang='lat' dir='ltr'><strong>si</strong></span> <span class='ocrx_word' id='word_1_434' title='bbox 2868 1023 2989 1094; x_wconf 92' lang='lat' dir='ltr'><strong>quis</strong></span> <span class='ocrx_word' id='word_1_435' title='bbox 3009 1024 3136 1078; x_wconf 91' lang='lat' dir='ltr'><strong>inde</strong></span> <span class='ocrx_word' id='word_1_436' title='bbox 3157 1032 3338 1080; x_wconf 86' lang='lat' dir='ltr'><strong>tecum</strong></span> <span class='ocrx_word' id='word_1_437' title='bbox 3356 1032 3567 1081; x_wconf 90' lang='lat' dir='ltr'><strong>secreto</strong></span> 
     </span>
    </p>
   </div>
   <div class='ocr_carea' id='block_1_58' title="bbox 1971 1111 3564 1179">
    <p class='ocr_par' dir='ltr' id='par_1_58' title="bbox 1971 1111 3564 1179">
     <span class='ocr_line' id='line_1_58' title="bbox 1971 1111 3564 1179; baseline 0.001 -13"><span class='ocrx_word' id='word_1_438' title='bbox 1971 1112 2101 1166; x_wconf 84' lang='lat' dir='ltr'><strong>velit</strong></span> <span class='ocrx_word' id='word_1_439' title='bbox 2158 1112 2473 1178; x_wconf 87' lang='lat' dir='ltr'><strong>discutere;</strong></span> <span class='ocrx_word' id='word_1_440' title='bbox 2506 1127 2609 1167; x_wconf 89' lang='lat' dir='ltr'><strong>nec</strong></span> <span class='ocrx_word' id='word_1_441' title='bbox 2655 1111 2816 1165; x_wconf 88' lang='lat' dir='ltr'><strong>etiam</strong></span> <span class='ocrx_word' id='word_1_442' title='bbox 2869 1112 3017 1166; x_wconf 93' lang='lat' dir='ltr'><strong>solus</strong></span> <span class='ocrx_word' id='word_1_443' title='bbox 3075 1113 3296 1167; x_wconf 88' lang='lat' dir='ltr'><strong>studeas</strong></span> <span class='ocrx_word' id='word_1_444' title='bbox 3351 1114 3405 1167; x_wconf 92' lang='lat' dir='ltr'><strong>in</strong></span> <span class='ocrx_word' id='word_1_445' title='bbox 3435 1113 3564 1179; x_wconf 90' lang='lat' dir='ltr'><strong>illis,</strong></span> 
     </span>
    </p>
   </div>
   <div class='ocr_carea' id='block_1_59' title="bbox 1974 1199 3567 1272">
    <p class='ocr_par' dir='ltr' id='par_1_59' title="bbox 1974 1199 3567 1272">
     <span class='ocr_line' id='line_1_59' title="bbox 1974 1199 3567 1272; baseline 0.002 -19"><span class='ocrx_word' id='word_1_446' title='bbox 1974 1200 2071 1255; x_wconf 92' lang='lat' dir='ltr'><strong>sed</strong></span> <span class='ocrx_word' id='word_1_447' title='bbox 2091 1200 2272 1271; x_wconf 90' lang='lat' dir='ltr'><strong>potius</strong></span> <span class='ocrx_word' id='word_1_448' title='bbox 2303 1216 2505 1256; x_wconf 90' lang='lat' dir='ltr'><strong>exerce</strong></span> <span class='ocrx_word' id='word_1_449' title='bbox 2536 1208 2605 1267; x_wconf 89' lang='lat' dir='ltr'><strong>te,</strong></span> <span class='ocrx_word' id='word_1_450' title='bbox 2629 1215 2732 1255; x_wconf 89' lang='lat' dir='ltr'><strong>nec</strong></span> <span class='ocrx_word' id='word_1_451' title='bbox 2763 1199 2979 1270; x_wconf 90' lang='lat' dir='ltr'><strong>partim,</strong></span> <span class='ocrx_word' id='word_1_452' title='bbox 3013 1201 3111 1255; x_wconf 92' lang='lat' dir='ltr'><strong>sed</strong></span> <span class='ocrx_word' id='word_1_453' title='bbox 3132 1202 3376 1272; x_wconf 87' lang='lat' dir='ltr'><strong>teipsum</strong></span> <span class='ocrx_word' id='word_1_454' title='bbox 3396 1210 3567 1256; x_wconf 90' lang='lat' dir='ltr'><strong>totum</strong></span> 
     </span>
    </p>
   </div>
   <div class='ocr_carea' id='block_1_60' title="bbox 1974 1288 3569 1360">
    <p class='ocr_par' dir='ltr' id='par_1_60' title="bbox 1974 1288 3569 1360">
     <span class='ocr_line' id='line_1_60' title="bbox 1974 1288 3569 1360; baseline 0.001 -17"><span class='ocrx_word' id='word_1_455' title='bbox 1974 1297 2025 1344; x_wconf 88' lang='lat' dir='ltr'><strong>et</strong></span> <span class='ocrx_word' id='word_1_456' title='bbox 2054 1304 2307 1358; x_wconf 86' lang='lat' dir='ltr'><strong>corpore,</strong></span> <span class='ocrx_word' id='word_1_457' title='bbox 2340 1296 2396 1343; x_wconf 93' lang='lat' dir='ltr'><strong>et</strong></span> <span class='ocrx_word' id='word_1_458' title='bbox 2423 1288 2603 1343; x_wconf 90' lang='lat' dir='ltr'><strong>animo</strong></span> <span class='ocrx_word' id='word_1_459' title='bbox 2633 1290 2706 1343; x_wconf 90' lang='lat' dir='ltr'><strong>ad</strong></span> <span class='ocrx_word' id='word_1_460' title='bbox 2726 1289 3003 1360; x_wconf 86' lang='lat' dir='ltr'><strong>pietatem</strong></span> <span class='ocrx_word' id='word_1_461' title='bbox 3028 1332 3039 1354; x_wconf 94' lang='lat'><strong>,</strong></span> <span class='ocrx_word' id='word_1_462' title='bbox 3075 1288 3129 1343; x_wconf 91' lang='lat' dir='ltr'>id</span> <span class='ocrx_word' id='word_1_463' title='bbox 3159 1298 3238 1343; x_wconf 91' lang='lat' dir='ltr'><strong>est</strong></span> <span class='ocrx_word' id='word_1_464' title='bbox 3268 1290 3334 1343; x_wconf 89' lang='lat' dir='ltr'><strong>ad</strong></span> <span class='ocrx_word' id='word_1_465' title='bbox 3374 1290 3569 1346; x_wconf 82' lang='lat' dir='ltr'><strong>doctri-</strong></span> 
     </span>
    </p>
   </div>
   <div class='ocr_carea' id='block_1_61' title="bbox 1973 1376 3568 1448">
    <p class='ocr_par' dir='ltr' id='par_1_61' title="bbox 1973 1376 3568 1448">
     <span class='ocr_line' id='line_1_61' title="bbox 1973 1376 3568 1448; baseline 0.001 -17"><span class='ocrx_word' id='word_1_466' title='bbox 1973 1392 2101 1431; x_wconf 90' lang='lat' dir='ltr'><strong>nam</strong></span> <span class='ocrx_word' id='word_1_467' title='bbox 2123 1384 2175 1431; x_wconf 86' lang='lat' dir='ltr'><strong>et</strong></span> <span class='ocrx_word' id='word_1_468' title='bbox 2206 1377 2509 1432; x_wconf 87' lang='lat' dir='ltr'><strong>custodiam</strong></span> <span class='ocrx_word' id='word_1_469' title='bbox 2540 1376 2839 1448; x_wconf 86' lang='lat' dir='ltr'><strong>religionis,</strong></span> <span class='ocrx_word' id='word_1_470' title='bbox 2873 1384 3038 1448; x_wconf 90' lang='lat' dir='ltr'><strong>utque</strong></span> <span class='ocrx_word' id='word_1_471' title='bbox 3060 1385 3205 1432; x_wconf 92' lang='lat' dir='ltr'><strong>totus</strong></span> <span class='ocrx_word' id='word_1_472' title='bbox 3234 1376 3446 1432; x_wconf 86' lang='lat' dir='ltr'><strong>fortiter</strong></span> <span class='ocrx_word' id='word_1_473' title='bbox 3465 1393 3568 1433; x_wconf 86' lang='lat' dir='ltr'><strong>va-</strong></span> 
     </span>
    </p>
   </div>
   <div class='ocr_carea' id='block_1_62' title="bbox 1974 1465 3567 1537">
    <p class='ocr_par' dir='ltr' id='par_1_62' title="bbox 1974 1465 3567 1537">
     <span class='ocr_line' id='line_1_62' title="bbox 1974 1465 3567 1537; baseline 0 -15"><span class='ocrx_word' id='word_1_474' title='bbox 1974 1482 2103 1522; x_wconf 89' lang='lat' dir='ltr'><strong>care</strong></span> <span class='ocrx_word' id='word_1_475' title='bbox 2134 1466 2313 1537; x_wconf 87' lang='lat' dir='ltr'><strong>possis</strong></span> <span class='ocrx_word' id='word_1_476' title='bbox 2358 1466 2563 1536; x_wconf 89' lang='lat' dir='ltr'><strong>pietati,</strong></span> <span class='ocrx_word' id='word_1_477' title='bbox 2595 1482 2665 1520; x_wconf 90' lang='lat' dir='ltr'><strong>ne</strong></span> <span class='ocrx_word' id='word_1_478' title='bbox 2697 1482 2859 1536; x_wconf 87' lang='lat' dir='ltr'><strong>supra</strong></span> <span class='ocrx_word' id='word_1_479' title='bbox 2888 1465 3111 1520; x_wconf 91' lang='lat' dir='ltr'><strong>modum</strong></span> <span class='ocrx_word' id='word_1_480' title='bbox 3170 1481 3389 1521; x_wconf 89' lang='lat' dir='ltr'><strong>carnem</strong></span> <span class='ocrx_word' id='word_1_481' title='bbox 3420 1474 3567 1522; x_wconf 90' lang='lat' dir='ltr'><strong>tuam</strong></span> 
     </span>
    </p>
   </div>
   <div class='ocr_carea' id='block_1_63' title="bbox 1975 1554 3572 1627">
    <p class='ocr_par' dir='ltr' id='par_1_63' title="bbox 1975 1554 3572 1627">
     <span class='ocr_line' id='line_1_63' title="bbox 1975 1554 3572 1627; baseline 0 -18"><span class='ocrx_word' id='word_1_482' title='bbox 1975 1554 2219 1627; x_wconf 79' lang='lat' dir='ltr'><strong>aﬂligere</strong></span> <span class='ocrx_word' id='word_1_483' title='bbox 2249 1554 2402 1610; x_wconf 88' lang='lat' dir='ltr'><strong>velis.</strong></span> <span class='ocrx_word' id='word_1_484' title='bbox 2433 1556 2573 1608; x_wconf 89' lang='lat' dir='ltr'><strong>Nam</strong></span> <span class='ocrx_word' id='word_1_485' title='bbox 2602 1555 2722 1610; x_wconf 75' lang='lat' dir='ltr'><strong>haec</strong></span> <span class='ocrx_word' id='word_1_486' title='bbox 2750 1555 3057 1625; x_wconf 86' lang='lat' dir='ltr'><strong>corporalis</strong></span> <span class='ocrx_word' id='word_1_487' title='bbox 3097 1558 3439 1611; x_wconf 72' lang='lat' dir='ltr'><strong>exercitatio</strong></span> <span class='ocrx_word' id='word_1_488' title='bbox 3473 1571 3572 1625; x_wconf 88' lang='lat' dir='ltr'><strong>per</strong></span> 
     </span>
    </p>
   </div>
   <div class='ocr_carea' id='block_1_64' title="bbox 1903 1643 3572 1732">
    <p class='ocr_par' dir='ltr' id='par_1_64' title="bbox 1903 1643 3572 1732">
     <span class='ocr_line' id='line_1_64' title="bbox 1903 1643 3572 1732; baseline 0.001 -35"><span class='ocrx_word' id='word_1_489' title='bbox 1903 1672 1956 1732; x_wconf 81' lang='grc' dir='ltr'>Β</span> <span class='ocrx_word' id='word_1_490' title='bbox 1972 1643 2180 1712; x_wconf 88' lang='lat' dir='ltr'><strong>jejunia</strong></span> <span class='ocrx_word' id='word_1_491' title='bbox 2209 1644 2375 1698; x_wconf 81' lang='lat' dir='ltr'><strong>utilis</strong></span> <span class='ocrx_word' id='word_1_492' title='bbox 2404 1643 2646 1714; x_wconf 85' lang='lat' dir='ltr'><strong>quidem,</strong></span> <span class='ocrx_word' id='word_1_493' title='bbox 2689 1643 2787 1698; x_wconf 92' lang='lat' dir='ltr'><strong>sed</strong></span> <span class='ocrx_word' id='word_1_494' title='bbox 2817 1650 3073 1713; x_wconf 89' lang='lat' dir='ltr'><strong>respectu</strong></span> <span class='ocrx_word' id='word_1_495' title='bbox 3102 1643 3317 1713; x_wconf 87' lang='lat' dir='ltr'><strong>pietatis</strong></span> <span class='ocrx_word' id='word_1_496' title='bbox 3348 1643 3421 1699; x_wconf 86' lang='lat' dir='ltr'><strong>ad</strong></span> <span class='ocrx_word' id='word_1_497' title='bbox 3446 1660 3572 1699; x_wconf 86' lang='lat' dir='ltr'><strong>mo-</strong></span> 
     </span>
    </p>
   </div>
   <div class='ocr_carea' id='block_1_65' title="bbox 1979 1730 3574 1802">
    <p class='ocr_par' dir='ltr' id='par_1_65' title="bbox 1979 1730 3574 1802">
     <span class='ocr_line' id='line_1_65' title="bbox 1979 1730 3574 1802; baseline 0.002 -18"><span class='ocrx_word' id='word_1_498' title='bbox 1979 1731 2171 1786; x_wconf 87' lang='lat' dir='ltr'><strong>dicum</strong></span> <span class='ocrx_word' id='word_1_499' title='bbox 2201 1731 2361 1787; x_wconf 89' lang='lat' dir='ltr'><strong>valet.</strong></span> <span class='ocrx_word' id='word_1_500' title='bbox 2384 1731 2526 1799; x_wconf 87' lang='lat' dir='ltr'><strong>Quid</strong></span> <span class='ocrx_word' id='word_1_501' title='bbox 2550 1730 2693 1786; x_wconf 91' lang='lat' dir='ltr'><strong>enim</strong></span> <span class='ocrx_word' id='word_1_502' title='bbox 2714 1732 2937 1802; x_wconf 90' lang='lat' dir='ltr'><strong>prodest</strong></span> <span class='ocrx_word' id='word_1_503' title='bbox 2964 1731 3247 1801; x_wconf 67' lang='lat' dir='ltr'><strong>praelatum</strong></span> <span class='ocrx_word' id='word_1_504' title='bbox 3267 1732 3347 1787; x_wconf 90' lang='lat' dir='ltr'><strong>sic</strong></span> <span class='ocrx_word' id='word_1_505' title='bbox 3363 1748 3422 1786; x_wconf 86' lang='lat' dir='ltr'><strong>se</strong></span> <span class='ocrx_word' id='word_1_506' title='bbox 3448 1731 3574 1787; x_wconf 79' lang='lat' dir='ltr'><strong>afﬂi-</strong></span> 
     </span>
    </p>
   </div>
   <div class='ocr_carea' id='block_1_66' title="bbox 1976 1820 3571 1890">
    <p class='ocr_par' dir='ltr' id='par_1_66' title="bbox 1976 1820 3571 1890">
     <span class='ocr_line' id='line_1_66' title="bbox 1976 1820 3571 1890; baseline 0.001 -16"><span class='ocrx_word' id='word_1_507' title='bbox 1976 1836 2127 1889; x_wconf 84' lang='lat' dir='ltr'><strong>gere,</strong></span> <span class='ocrx_word' id='word_1_508' title='bbox 2160 1827 2218 1874; x_wconf 92' lang='lat' dir='ltr'><strong>ut</strong></span> <span class='ocrx_word' id='word_1_509' title='bbox 2245 1837 2357 1890; x_wconf 61' lang='lat' dir='ltr'><strong>prae</strong></span> <span class='ocrx_word' id='word_1_510' title='bbox 2387 1820 2666 1875; x_wconf 90' lang='lat' dir='ltr'><strong>debilitate</strong></span> <span class='ocrx_word' id='word_1_511' title='bbox 2696 1821 2875 1875; x_wconf 89' lang='lat' dir='ltr'><strong>carnis</strong></span> <span class='ocrx_word' id='word_1_512' title='bbox 2924 1820 3265 1875; x_wconf 91' lang='lat' dir='ltr'><strong>instructioni</strong></span> <span class='ocrx_word' id='word_1_513' title='bbox 3321 1821 3571 1875; x_wconf 91' lang='lat' dir='ltr'><strong>subdito-</strong></span> 
     </span>
    </p>
   </div>
   <div class='ocr_carea' id='block_1_67' title="bbox 1977 1908 3573 1981">
    <p class='ocr_par' dir='ltr' id='par_1_67' title="bbox 1977 1908 3573 1981">
     <span class='ocr_line' id='line_1_67' title="bbox 1977 1908 3573 1981; baseline 0.001 -19"><span class='ocrx_word' id='word_1_514' title='bbox 1977 1925 2097 1963; x_wconf 92' lang='lat' dir='ltr'><strong>rum</strong></span> <span class='ocrx_word' id='word_1_515' title='bbox 2132 1908 2369 1965; x_wconf 69' lang='lat'><strong>325</strong></span> <span class='ocrx_word' id='word_1_516' title='bbox 2396 1917 2636 1981; x_wconf 89' lang='lat' dir='ltr'><strong>nequeat</strong></span> <span class='ocrx_word' id='word_1_517' title='bbox 2677 1910 2915 1965; x_wconf 78' lang='lat' dir='ltr'><strong>vacare?</strong></span> <span class='ocrx_word' id='word_1_518' title='bbox 2943 1908 3172 1963; x_wconf 82' lang='lat' dir='ltr'><strong>Aﬂlictio</strong></span> <span class='ocrx_word' id='word_1_519' title='bbox 3202 1909 3448 1979; x_wconf 91' lang='lat' dir='ltr'><strong>corporis</strong></span> <span class='ocrx_word' id='word_1_520' title='bbox 3476 1925 3573 1980; x_wconf 90' lang='lat' dir='ltr'><strong>pa-</strong></span> 
     </span>
    </p>
   </div>
   <div class='ocr_carea' id='block_1_68' title="bbox 1979 1997 3573 2070">
    <p class='ocr_par' dir='ltr' id='par_1_68' title="bbox 1979 1997 3573 2070">
     <span class='ocr_line' id='line_1_68' title="bbox 1979 1997 3573 2070; baseline 0.001 -19"><span class='ocrx_word' id='word_1_521' title='bbox 1979 2014 2101 2051; x_wconf 91' lang='lat' dir='ltr'><strong>rum</strong></span> <span class='ocrx_word' id='word_1_522' title='bbox 2131 2006 2215 2053; x_wconf 90' lang='lat' dir='ltr'><strong>est</strong></span> <span class='ocrx_word' id='word_1_523' title='bbox 2240 1998 2387 2052; x_wconf 90' lang='lat' dir='ltr'><strong>utilis</strong></span> <span class='ocrx_word' id='word_1_524' title='bbox 2415 2014 2427 2051; x_wconf 88' lang='lat'><strong>:</strong></span> <span class='ocrx_word' id='word_1_525' title='bbox 2459 1999 2644 2070; x_wconf 85' lang='lat' dir='ltr'><strong>pietas</strong></span> <span class='ocrx_word' id='word_1_526' title='bbox 2695 2002 2910 2065; x_wconf 89' lang='lat' dir='ltr'><strong>autem,</strong></span> <span class='ocrx_word' id='word_1_527' title='bbox 2944 1997 2999 2051; x_wconf 91' lang='lat' dir='ltr'><strong>id</strong></span> <span class='ocrx_word' id='word_1_528' title='bbox 3028 2006 3112 2052; x_wconf 93' lang='lat' dir='ltr'><strong>est</strong></span> <span class='ocrx_word' id='word_1_529' title='bbox 3139 2014 3204 2053; x_wconf 88' lang='lat' dir='ltr'><strong>ex</strong></span> <span class='ocrx_word' id='word_1_530' title='bbox 3235 1998 3435 2068; x_wconf 87' lang='lat' dir='ltr'><strong>pietate</strong></span> <span class='ocrx_word' id='word_1_531' title='bbox 3463 1998 3573 2052; x_wconf 82' lang='lat' dir='ltr'><strong>mi-</strong></span> 
     </span>
    </p>
   </div>
   <div class='ocr_carea' id='block_1_69' title="bbox 1979 2085 3574 2154">
    <p class='ocr_par' dir='ltr' id='par_1_69' title="bbox 1979 2085 3574 2154">
     <span class='ocr_line' id='line_1_69' title="bbox 1979 2085 3574 2154; baseline 0.001 -14"><span class='ocrx_word' id='word_1_532' title='bbox 1979 2086 2269 2141; x_wconf 89' lang='lat' dir='ltr'><strong>serationis</strong></span> <span class='ocrx_word' id='word_1_533' title='bbox 2299 2086 2583 2141; x_wconf 88' lang='lat' dir='ltr'><strong>intendere</strong></span> <span class='ocrx_word' id='word_1_534' title='bbox 2620 2085 2857 2141; x_wconf 84' lang='lat' dir='ltr'><strong>ﬁliorum</strong></span> <span class='ocrx_word' id='word_1_535' title='bbox 2906 2086 3246 2141; x_wconf 88' lang='lat' dir='ltr'><strong>instructioni</strong></span> <span class='ocrx_word' id='word_1_536' title='bbox 3281 2102 3293 2140; x_wconf 91' lang='lat'>:</span> <span class='ocrx_word' id='word_1_537' title='bbox 3324 2087 3460 2154; x_wconf 69' lang='lat' dir='ltr'><strong>haec,</strong></span> <span class='ocrx_word' id='word_1_538' title='bbox 3485 2087 3574 2141; x_wconf 91' lang='lat' dir='ltr'><strong>in-</strong></span> 
     </span>
    </p>
   </div>
   <div class='ocr_carea' id='block_1_70' title="bbox 1981 2175 3575 2247">
    <p class='ocr_par' dir='ltr' id='par_1_70' title="bbox 1981 2175 3575 2247">
     <span class='ocr_line' id='line_1_70' title="bbox 1981 2175 3575 2247; baseline 0.002 -19"><span class='ocrx_word' id='word_1_539' title='bbox 1981 2190 2164 2245; x_wconf 91' lang='lat' dir='ltr'><strong>quam,</strong></span> <span class='ocrx_word' id='word_1_540' title='bbox 2198 2175 2375 2245; x_wconf 91' lang='lat' dir='ltr'><strong>pietas</strong></span> <span class='ocrx_word' id='word_1_541' title='bbox 2432 2176 2597 2230; x_wconf 85' lang='lat' dir='ltr'><strong>utilis</strong></span> <span class='ocrx_word' id='word_1_542' title='bbox 2627 2179 2711 2230; x_wconf 87' lang='lat' dir='ltr'><strong>est</strong></span> <span class='ocrx_word' id='word_1_543' title='bbox 2739 2195 2758 2243; x_wconf 90' lang='lat'><strong><em>;</em></strong></span> <span class='ocrx_word' id='word_1_544' title='bbox 2789 2190 2898 2229; x_wconf 92' lang='lat' dir='ltr'><strong>non</strong></span> <span class='ocrx_word' id='word_1_545' title='bbox 2955 2175 3022 2228; x_wconf 90' lang='lat' dir='ltr'><strong>ad</strong></span> <span class='ocrx_word' id='word_1_546' title='bbox 3069 2175 3345 2247; x_wconf 77' lang='lat' dir='ltr'><strong>quaedam,</strong></span> <span class='ocrx_word' id='word_1_547' title='bbox 3380 2175 3476 2229; x_wconf 90' lang='lat' dir='ltr'><strong>sed</strong></span> <span class='ocrx_word' id='word_1_548' title='bbox 3503 2177 3575 2231; x_wconf 87' lang='lat' dir='ltr'><strong>ad</strong></span> 
     </span>
    </p>
   </div>
   <div class='ocr_carea' id='block_1_71' title="bbox 1981 2262 3577 2334">
    <p class='ocr_par' dir='ltr' id='par_1_71' title="bbox 1981 2262 3577 2334">
     <span class='ocr_line' id='line_1_71' title="bbox 1981 2262 3577 2334; baseline 0.001 -14"><span class='ocrx_word' id='word_1_549' title='bbox 1981 2265 2192 2320; x_wconf 86' lang='lat' dir='ltr'><strong>omnia.</strong></span> <span class='ocrx_word' id='word_1_550' title='bbox 2226 2264 2358 2318; x_wconf 92' lang='lat' dir='ltr'><strong>Ideo</strong></span> <span class='ocrx_word' id='word_1_551' title='bbox 2380 2264 2447 2318; x_wconf 91' lang='lat' dir='ltr'><strong>de</strong></span> <span class='ocrx_word' id='word_1_552' title='bbox 2494 2262 2787 2319; x_wconf 74' lang='lat' dir='ltr'><strong>afﬂictione</strong></span> <span class='ocrx_word' id='word_1_553' title='bbox 2833 2263 3079 2334; x_wconf 88' lang='lat' dir='ltr'><strong>corporis</strong></span> <span class='ocrx_word' id='word_1_554' title='bbox 3124 2263 3466 2319; x_wconf 87' lang='lat' dir='ltr'><strong>Timotheum</strong></span> <span class='ocrx_word' id='word_1_555' title='bbox 3497 2264 3577 2321; x_wconf 90' lang='lat' dir='ltr'><strong>sic</strong></span> 
     </span>
    </p>
   </div>
   <div class='ocr_carea' id='block_1_72' title="bbox 1982 2352 3575 2423">
    <p class='ocr_par' dir='ltr' id='par_1_72' title="bbox 1982 2352 3575 2423">
     <span class='ocr_line' id='line_1_72' title="bbox 1982 2352 3575 2423; baseline 0.001 -16"><span class='ocrx_word' id='word_1_556' title='bbox 1982 2352 2219 2423; x_wconf 87' lang='lat' dir='ltr'><strong>quodam</strong></span> <span class='ocrx_word' id='word_1_557' title='bbox 2249 2352 2412 2407; x_wconf 93' lang='lat' dir='ltr'><strong>modo</strong></span> <span class='ocrx_word' id='word_1_558' title='bbox 2472 2352 2754 2423; x_wconf 86' lang='lat' dir='ltr'><strong>redarguit</strong></span> <span class='ocrx_word' id='word_1_559' title='bbox 2790 2367 2802 2405; x_wconf 89' lang='lat'><strong>:</strong></span> <span class='ocrx_word' id='word_1_560' title='bbox 2838 2352 2965 2423; x_wconf 88' lang='lat' dir='ltr'><strong>quia</strong></span> <span class='ocrx_word' id='word_1_561' title='bbox 2995 2360 3224 2407; x_wconf 87' lang='lat' dir='ltr'><strong>noverat</strong></span> <span class='ocrx_word' id='word_1_562' title='bbox 3279 2369 3402 2407; x_wconf 92' lang='lat' dir='ltr'><strong>eum</strong></span> <span class='ocrx_word' id='word_1_563' title='bbox 3438 2352 3575 2408; x_wconf 90' lang='lat' dir='ltr'><strong>adeo</strong></span> 
     </span>
    </p>
   </div>
   <div class='ocr_carea' id='block_1_73' title="bbox 1976 2440 3576 2513">
    <p class='ocr_par' dir='ltr' id='par_1_73' title="bbox 1976 2440 3576 2513">
     <span class='ocr_line' id='line_1_73' title="bbox 1976 2440 3576 2513; baseline 0 -17"><span class='ocrx_word' id='word_1_564' title='bbox 1976 2441 2244 2510; x_wconf 86' lang='lat' dir='ltr'><strong>jejunare,</strong></span> <span class='ocrx_word' id='word_1_565' title='bbox 2278 2449 2330 2496; x_wconf 93' lang='lat' dir='ltr'><strong>et</strong></span> <span class='ocrx_word' id='word_1_566' title='bbox 2360 2457 2394 2495; x_wconf 91' lang='lat' dir='ltr'><strong>a</strong></span> <span class='ocrx_word' id='word_1_567' title='bbox 2428 2449 2558 2512; x_wconf 90' lang='lat' dir='ltr'><strong>potu</strong></span> <span class='ocrx_word' id='word_1_568' title='bbox 2578 2441 2690 2495; x_wconf 90' lang='lat' dir='ltr'><strong>vini</strong></span> <span class='ocrx_word' id='word_1_569' title='bbox 2720 2456 2779 2495; x_wconf 91' lang='lat' dir='ltr'><strong>se</strong></span> <span class='ocrx_word' id='word_1_570' title='bbox 2798 2440 3071 2509; x_wconf 88' lang='lat' dir='ltr'><strong>cohibere,</strong></span> <span class='ocrx_word' id='word_1_571' title='bbox 3096 2441 3241 2513; x_wconf 90' lang='lat' dir='ltr'><strong>quod</strong></span> <span class='ocrx_word' id='word_1_572' title='bbox 3263 2442 3576 2497; x_wconf 88' lang='lat' dir='ltr'><strong>stomachus</strong></span> 
     </span>
    </p>
   </div>
   <div class='ocr_carea' id='block_1_74' title="bbox 1984 2530 3577 2601">
    <p class='ocr_par' dir='ltr' id='par_1_74' title="bbox 1984 2530 3577 2601">
     <span class='ocr_line' id='line_1_74' title="bbox 1984 2530 3577 2601; baseline 0.001 -17"><span class='ocrx_word' id='word_1_573' title='bbox 1984 2530 2100 2598; x_wconf 86' lang='lat' dir='ltr'><strong>ejus</strong></span> <span class='ocrx_word' id='word_1_574' title='bbox 2118 2530 2241 2584; x_wconf 91' lang='lat' dir='ltr'><strong>ideo</strong></span> <span class='ocrx_word' id='word_1_575' title='bbox 2268 2530 2648 2584; x_wconf 87' lang='lat' dir='ltr'><strong>debilitaretur</strong></span> <span class='ocrx_word' id='word_1_576' title='bbox 2680 2545 2691 2582; x_wconf 89' lang='lat'><strong>:</strong></span> <span class='ocrx_word' id='word_1_577' title='bbox 2727 2545 2895 2600; x_wconf 90' lang='lat' dir='ltr'><strong>quare</strong></span> <span class='ocrx_word' id='word_1_578' title='bbox 2914 2530 3157 2600; x_wconf 74' lang='lat' dir='ltr'><strong>praecipit</strong></span> <span class='ocrx_word' id='word_1_579' title='bbox 3177 2530 3254 2584; x_wconf 93' lang='lat' dir='ltr'>illi</span> <span class='ocrx_word' id='word_1_580' title='bbox 3274 2531 3327 2584; x_wconf 91' lang='lat' dir='ltr'>in</span> <span class='ocrx_word' id='word_1_581' title='bbox 3350 2546 3577 2601; x_wconf 88' lang='lat' dir='ltr'><strong>sequen-</strong></span> 
     </span>
    </p>
   </div>
   <div class='ocr_carea' id='block_1_75' title="bbox 1982 2617 3577 2689">
    <p class='ocr_par' dir='ltr' id='par_1_75' title="bbox 1982 2617 3577 2689">
     <span class='ocr_line' id='line_1_75' title="bbox 1982 2617 3577 2689; baseline 0.002 -17"><span class='ocrx_word' id='word_1_582' title='bbox 1982 2618 2127 2672; x_wconf 90' lang='lat' dir='ltr'><strong>tibus</strong></span> <span class='ocrx_word' id='word_1_583' title='bbox 2159 2618 2236 2672; x_wconf 90' lang='lat' dir='ltr'><strong>uti</strong></span> <span class='ocrx_word' id='word_1_584' title='bbox 2266 2618 2412 2673; x_wconf 89' lang='lat' dir='ltr'><strong>vino.</strong></span> <span class='ocrx_word' id='word_1_585' title='bbox 2439 2617 2573 2686; x_wconf 65' lang='lat' dir='ltr'><strong>Qum</strong></span> <span class='ocrx_word' id='word_1_586' title='bbox 2593 2617 2769 2688; x_wconf 90' lang='lat' dir='ltr'><strong>pietas</strong></span> <span class='ocrx_word' id='word_1_587' title='bbox 2797 2626 2877 2672; x_wconf 91' lang='lat' dir='ltr'><strong>est</strong></span> <span class='ocrx_word' id='word_1_588' title='bbox 2909 2617 3117 2673; x_wconf 83' lang='lat' dir='ltr'><strong>habens</strong></span> <span class='ocrx_word' id='word_1_589' title='bbox 3144 2619 3577 2689; x_wconf 83' lang='lat' dir='ltr'><strong>promissionem</strong></span> 
     </span>
    </p>
   </div>
   <div class='ocr_carea' id='block_1_76' title="bbox 1981 2706 3577 2779">
    <p class='ocr_par' dir='ltr' id='par_1_76' title="bbox 1981 2706 3577 2779">
     <span class='ocr_line' id='line_1_76' title="bbox 1981 2706 3577 2779; baseline -0.001 -16"><span class='ocrx_word' id='word_1_590' title='bbox 1981 2709 2114 2763; x_wconf 76' lang='lat' dir='ltr'><strong>vita:</strong></span> <span class='ocrx_word' id='word_1_591' title='bbox 2134 2724 2256 2779; x_wconf 70' lang='lat' dir='ltr'><strong>qua:</strong></span> <span class='ocrx_word' id='word_1_592' title='bbox 2274 2723 2431 2763; x_wconf 88' lang='lat' dir='ltr'><strong>nunc</strong></span> <span class='ocrx_word' id='word_1_593' title='bbox 2454 2712 2555 2773; x_wconf 83' lang='lat' dir='ltr'><strong>est,</strong></span> <span class='ocrx_word' id='word_1_594' title='bbox 2584 2707 2636 2760; x_wconf 91' lang='lat' dir='ltr'>id</span> <span class='ocrx_word' id='word_1_595' title='bbox 2662 2713 2746 2763; x_wconf 90' lang='lat' dir='ltr'><strong>est</strong></span> <span class='ocrx_word' id='word_1_596' title='bbox 2763 2706 3075 2761; x_wconf 91' lang='lat' dir='ltr'><strong>vitationem</strong></span> <span class='ocrx_word' id='word_1_597' title='bbox 3097 2706 3225 2761; x_wconf 92' lang='lat' dir='ltr'><strong>mali</strong></span> <span class='ocrx_word' id='word_1_598' title='bbox 3243 2716 3295 2761; x_wconf 89' lang='lat' dir='ltr'><strong>et</strong></span> <span class='ocrx_word' id='word_1_599' title='bbox 3317 2723 3577 2778; x_wconf 82' lang='lat' dir='ltr'><strong>augmen-</strong></span> 
     </span>
    </p>
   </div>
   <div class='ocr_carea' id='block_1_77' title="bbox 1984 2794 3580 2866">
    <p class='ocr_par' dir='ltr' id='par_1_77' title="bbox 1984 2794 3580 2866">
     <span class='ocr_line' id='line_1_77' title="bbox 1984 2794 3580 2866; baseline 0 -16"><span class='ocrx_word' id='word_1_600' title='bbox 1984 2803 2099 2850; x_wconf 92' lang='lat' dir='ltr'><strong>tum</strong></span> <span class='ocrx_word' id='word_1_601' title='bbox 2134 2795 2381 2865; x_wconf 86' lang='lat' dir='ltr'><strong>justitiae,</strong></span> <span class='ocrx_word' id='word_1_602' title='bbox 2434 2812 2556 2866; x_wconf 68' lang='lat' dir='ltr'><strong>quae</strong></span> <span class='ocrx_word' id='word_1_603' title='bbox 2584 2796 2640 2849; x_wconf 88' lang='lat' dir='ltr'><strong>in</strong></span> <span class='ocrx_word' id='word_1_604' title='bbox 2690 2796 2790 2851; x_wconf 89' lang='lat' dir='ltr'><strong>hac</strong></span> <span class='ocrx_word' id='word_1_605' title='bbox 2819 2794 3103 2851; x_wconf 72' lang='lat' dir='ltr'><strong>vita~licet</strong></span> <span class='ocrx_word' id='word_1_606' title='bbox 3148 2796 3372 2851; x_wconf 90' lang='lat' dir='ltr'><strong>habere.</strong></span> <span class='ocrx_word' id='word_1_607' title='bbox 3405 2797 3580 2852; x_wconf 84' lang='lat' dir='ltr'><strong>Habet</strong></span> 
     </span>
    </p>
   </div>
   <div class='ocr_carea' id='block_1_78' title="bbox 1984 2883 3580 2955">
    <p class='ocr_par' dir='ltr' id='par_1_78' title="bbox 1984 2883 3580 2955">
     <span class='ocr_line' id='line_1_78' title="bbox 1984 2883 3580 2955; baseline 0.001 -16"><span class='ocrx_word' id='word_1_608' title='bbox 1984 2884 2146 2940; x_wconf 88' lang='lat' dir='ltr'><strong>etiam</strong></span> <span class='ocrx_word' id='word_1_609' title='bbox 2176 2883 2606 2955; x_wconf 90' lang='lat' dir='ltr'><strong>promissionem</strong></span> <span class='ocrx_word' id='word_1_610' title='bbox 2664 2887 2882 2955; x_wconf 76' lang='lat' dir='ltr'><strong>futura:</strong></span> <span class='ocrx_word' id='word_1_611' title='bbox 2905 2891 2958 2938; x_wconf 91' lang='lat' dir='ltr'><strong>et</strong></span> <span class='ocrx_word' id='word_1_612' title='bbox 2984 2892 3261 2955; x_wconf 66' lang='lat' dir='ltr'><strong>perpetua:</strong></span> <span class='ocrx_word' id='word_1_613' title='bbox 3302 2884 3443 2940; x_wconf 68' lang='lat' dir='ltr'><strong>vitae.</strong></span> <span class='ocrx_word' id='word_1_614' title='bbox 3479 2884 3580 2941; x_wconf 90' lang='lat' dir='ltr'><strong>Hic</strong></span> 
     </span>
    </p>
   </div>
   <div class='ocr_carea' id='block_1_79' title="bbox 1984 2973 3583 3044">
    <p class='ocr_par' dir='ltr' id='par_1_79' title="bbox 1984 2973 3583 3044">
     <span class='ocr_line' id='line_1_79' title="bbox 1984 2973 3583 3044; baseline 0 -16"><span class='ocrx_word' id='word_1_615' title='bbox 1984 2981 2163 3029; x_wconf 89' lang='lat' dir='ltr'><strong>autem</strong></span> <span class='ocrx_word' id='word_1_616' title='bbox 2191 2990 2392 3040; x_wconf 88' lang='lat' dir='ltr'><strong>sermo,</strong></span> <span class='ocrx_word' id='word_1_617' title='bbox 2427 2989 2590 3044; x_wconf 91' lang='lat' dir='ltr'><strong>quem</strong></span> <span class='ocrx_word' id='word_1_618' title='bbox 2657 2973 2769 3027; x_wconf 86' lang='lat' dir='ltr'><strong>dixi</strong></span> <span class='ocrx_word' id='word_1_619' title='bbox 2822 2973 3106 3028; x_wconf 89' lang='lat' dir='ltr'><strong>intendere</strong></span> <span class='ocrx_word' id='word_1_620' title='bbox 3136 2974 3344 3044; x_wconf 88' lang='lat' dir='ltr'><strong>pietati,</strong></span> <span class='ocrx_word' id='word_1_621' title='bbox 3378 2990 3479 3029; x_wconf 91' lang='lat' dir='ltr'><strong>nec</strong></span> <span class='ocrx_word' id='word_1_622' title='bbox 3506 2973 3583 3028; x_wconf 89' lang='lat' dir='ltr'><strong>ita</strong></span> 
     </span>
    </p>
   </div>
   <div class='ocr_carea' id='block_1_80' title="bbox 1987 3061 3580 3133">
    <p class='ocr_par' dir='ltr' id='par_1_80' title="bbox 1987 3061 3580 3133">
     <span class='ocr_line' id='line_1_80' title="bbox 1987 3061 3580 3133; baseline 0.001 -16"><span class='ocrx_word' id='word_1_623' title='bbox 1987 3077 2189 3133; x_wconf 91' lang='lat' dir='ltr'><strong>corpus</strong></span> <span class='ocrx_word' id='word_1_624' title='bbox 2221 3061 2483 3133; x_wconf 78' lang='lat' dir='ltr'><strong>afﬂigere,</strong></span> <span class='ocrx_word' id='word_1_625' title='bbox 2516 3069 2573 3117; x_wconf 90' lang='lat' dir='ltr'><strong>ut</strong></span> <span class='ocrx_word' id='word_1_626' title='bbox 2604 3061 2931 3132; x_wconf 90' lang='lat' dir='ltr'><strong>impediatur</strong></span> <span class='ocrx_word' id='word_1_627' title='bbox 2960 3062 3156 3133; x_wconf 89' lang='lat' dir='ltr'><strong>pietas,</strong></span> <span class='ocrx_word' id='word_1_628' title='bbox 3188 3063 3369 3130; x_wconf 86' lang='lat' dir='ltr'><strong>ﬁdelis</strong></span> <span class='ocrx_word' id='word_1_629' title='bbox 3398 3070 3499 3131; x_wconf 89' lang='lat' dir='ltr'><strong>est,</strong></span> <span class='ocrx_word' id='word_1_630' title='bbox 3524 3068 3580 3119; x_wconf 90' lang='lat' dir='ltr'><strong>et</strong></span> 
     </span>
    </p>
   </div>
   <div class='ocr_carea' id='block_1_81' title="bbox 1987 3150 3579 3223">
    <p class='ocr_par' dir='ltr' id='par_1_81' title="bbox 1987 3150 3579 3223">
     <span class='ocr_line' id='line_1_81' title="bbox 1987 3150 3579 3223; baseline 0.001 -17"><span class='ocrx_word' id='word_1_631' title='bbox 1987 3160 2068 3206; x_wconf 87' lang='lat' dir='ltr'><strong>est</strong></span> <span class='ocrx_word' id='word_1_632' title='bbox 2100 3152 2305 3223; x_wconf 85' lang='lat' dir='ltr'><strong>dignus</strong></span> <span class='ocrx_word' id='word_1_633' title='bbox 2335 3153 2492 3206; x_wconf 87' lang='lat' dir='ltr'><strong>omni</strong></span> <span class='ocrx_word' id='word_1_634' title='bbox 2536 3151 2861 3223; x_wconf 83' lang='lat' dir='ltr'><strong>acceptione</strong></span> <span class='ocrx_word' id='word_1_635' title='bbox 2896 3169 2913 3205; x_wconf 91' lang='lat'><strong><em>:</em></strong></span> <span class='ocrx_word' id='word_1_636' title='bbox 2945 3150 3072 3221; x_wconf 91' lang='lat' dir='ltr'><strong>quia</strong></span> <span class='ocrx_word' id='word_1_637' title='bbox 3102 3150 3405 3207; x_wconf 86' lang='lat' dir='ltr'><strong>confortato</strong></span> <span class='ocrx_word' id='word_1_638' title='bbox 3454 3166 3579 3208; x_wconf 85' lang='lat' dir='ltr'><strong>cor-</strong></span> 
     </span>
    </p>
   </div>
   <div class='ocr_carea' id='block_1_82' title="bbox 1987 3239 3581 3312">
    <p class='ocr_par' dir='ltr' id='par_1_82' title="bbox 1987 3239 3581 3312">
     <span class='ocr_line' id='line_1_82' title="bbox 1987 3239 3581 3312; baseline 0.001 -17"><span class='ocrx_word' id='word_1_639' title='bbox 1987 3255 2121 3310; x_wconf 90' lang='lat' dir='ltr'><strong>pore</strong></span> <span class='ocrx_word' id='word_1_640' title='bbox 2152 3239 2361 3296; x_wconf 87' lang='lat' dir='ltr'><strong>fovetur</strong></span> <span class='ocrx_word' id='word_1_641' title='bbox 2381 3240 2557 3310; x_wconf 88' lang='lat' dir='ltr'><strong>pietas</strong></span> <span class='ocrx_word' id='word_1_642' title='bbox 2587 3239 2730 3293; x_wconf 89' lang='lat' dir='ltr'><strong>utilis</strong></span> <span class='ocrx_word' id='word_1_643' title='bbox 2761 3239 2829 3293; x_wconf 89' lang='lat' dir='ltr'><strong>ad</strong></span> <span class='ocrx_word' id='word_1_644' title='bbox 2859 3239 3060 3294; x_wconf 89' lang='lat' dir='ltr'><strong>omnia.</strong></span> <span class='ocrx_word' id='word_1_645' title='bbox 3109 3239 3371 3312; x_wconf 88' lang='lat' dir='ltr'><strong>Quodque</strong></span> <span class='ocrx_word' id='word_1_646' title='bbox 3418 3256 3581 3297; x_wconf 87' lang='lat' dir='ltr'><strong>acce-</strong></span> 
     </span>
    </p>
   </div>
   <div class='ocr_carea' id='block_1_83' title="bbox 1987 3328 3579 3400">
    <p class='ocr_par' dir='ltr' id='par_1_83' title="bbox 1987 3328 3579 3400">
     <span class='ocr_line' id='line_1_83' title="bbox 1987 3328 3579 3400; baseline 0.002 -18"><span class='ocrx_word' id='word_1_647' title='bbox 1987 3337 2136 3399; x_wconf 89' lang='lat' dir='ltr'><strong>ptum</strong></span> <span class='ocrx_word' id='word_1_648' title='bbox 2173 3344 2296 3383; x_wconf 90' lang='lat' dir='ltr'><strong>esse</strong></span> <span class='ocrx_word' id='word_1_649' title='bbox 2317 3328 2513 3382; x_wconf 87' lang='lat' dir='ltr'><strong>debeat</strong></span> <span class='ocrx_word' id='word_1_650' title='bbox 2542 3342 2800 3383; x_wconf 88' lang='lat' dir='ltr'><strong>exercere</strong></span> <span class='ocrx_word' id='word_1_651' title='bbox 2820 3328 2888 3382; x_wconf 92' lang='lat' dir='ltr'><strong>ad</strong></span> <span class='ocrx_word' id='word_1_652' title='bbox 2906 3329 3159 3399; x_wconf 88' lang='lat' dir='ltr'><strong>pietatem</strong></span> <span class='ocrx_word' id='word_1_653' title='bbox 3180 3337 3402 3400; x_wconf 88' lang='lat' dir='ltr'><strong>apparet</strong></span> <span class='ocrx_word' id='word_1_654' title='bbox 3419 3329 3579 3385; x_wconf 90' lang='lat' dir='ltr'><strong>inde:</strong></span> 
     </span>
    </p>
   </div>
   <div class='ocr_carea' id='block_1_84' title="bbox 1990 3415 3583 3488">
    <p class='ocr_par' dir='ltr' id='par_1_84' title="bbox 1990 3415 3583 3488">
     <span class='ocr_line' id='line_1_84' title="bbox 1990 3415 3583 3488; baseline 0.002 -18"><span class='ocrx_word' id='word_1_655' title='bbox 1990 3417 2119 3488; x_wconf 89' lang='lat' dir='ltr'><strong>quia</strong></span> <span class='ocrx_word' id='word_1_656' title='bbox 2148 3418 2211 3471; x_wconf 89' lang='lat' dir='ltr'><strong>in</strong></span> <span class='ocrx_word' id='word_1_657' title='bbox 2243 3418 2362 3485; x_wconf 90' lang='lat' dir='ltr'><strong>hoc,</strong></span> <span class='ocrx_word' id='word_1_658' title='bbox 2394 3416 2448 3470; x_wconf 92' lang='lat' dir='ltr'><strong>id</strong></span> <span class='ocrx_word' id='word_1_659' title='bbox 2481 3423 2563 3470; x_wconf 92' lang='lat' dir='ltr'><strong>est</strong></span> <span class='ocrx_word' id='word_1_660' title='bbox 2592 3416 2647 3469; x_wconf 91' lang='lat' dir='ltr'><strong>in</strong></span> <span class='ocrx_word' id='word_1_661' title='bbox 2674 3415 2874 3487; x_wconf 90' lang='lat' dir='ltr'><strong>pietate</strong></span> <span class='ocrx_word' id='word_1_662' title='bbox 2932 3418 3249 3472; x_wconf 85' lang='lat' dir='ltr'><strong>laboramus</strong></span> <span class='ocrx_word' id='word_1_663' title='bbox 3280 3433 3401 3483; x_wconf 89' lang='lat' dir='ltr'><strong>nos,</strong></span> <span class='ocrx_word' id='word_1_664' title='bbox 3432 3418 3583 3473; x_wconf 89' lang='lat' dir='ltr'><strong>cibos</strong></span> 
     </span>
    </p>
   </div>
   <div class='ocr_carea' id='block_1_85' title="bbox 1991 3505 3584 3575">
    <p class='ocr_par' dir='ltr' id='par_1_85' title="bbox 1991 3505 3584 3575">
     <span class='ocr_line' id='line_1_85' title="bbox 1991 3505 3584 3575; baseline 0.001 -16"><span class='ocrx_word' id='word_1_665' title='bbox 1991 3506 2059 3561; x_wconf 92' lang='lat' dir='ltr'><strong>de</strong></span> <span class='ocrx_word' id='word_1_666' title='bbox 2097 3505 2287 3560; x_wconf 89' lang='lat' dir='ltr'><strong>labore</strong></span> <span class='ocrx_word' id='word_1_667' title='bbox 2314 3520 2573 3559; x_wconf 91' lang='lat' dir='ltr'><strong>manuum</strong></span> <span class='ocrx_word' id='word_1_668' title='bbox 2623 3512 2951 3575; x_wconf 57' lang='lat' dir='ltr'><strong>quaerentes.</strong></span> <span class='ocrx_word' id='word_1_669' title='bbox 3003 3506 3392 3561; x_wconf 84' lang='lat' dir='ltr'><strong>Maledicimur</strong></span> <span class='ocrx_word' id='word_1_670' title='bbox 3420 3507 3584 3561; x_wconf 89' lang='lat' dir='ltr'><strong>etiam</strong></span> 
     </span>
    </p>
   </div>
   <div class='ocr_carea' id='block_1_86' title="bbox 1996 3593 3584 3666">
    <p class='ocr_par' dir='ltr' id='par_1_86' title="bbox 1996 3593 3584 3666">
     <span class='ocr_line' id='line_1_86' title="bbox 1996 3593 3584 3666; baseline 0.001 -17"><span class='ocrx_word' id='word_1_671' title='bbox 1996 3595 2067 3649; x_wconf 89' lang='lat' dir='ltr'><strong>ab</strong></span> <span class='ocrx_word' id='word_1_672' title='bbox 2093 3594 2401 3649; x_wconf 81' lang='lat' dir='ltr'><strong>infidelibus</strong></span> <span class='ocrx_word' id='word_1_673' title='bbox 2437 3609 2448 3647; x_wconf 92' lang='lat'>:</span> <span class='ocrx_word' id='word_1_674' title='bbox 2482 3594 2607 3648; x_wconf 92' lang='lat' dir='ltr'><strong>ideo</strong></span> <span class='ocrx_word' id='word_1_675' title='bbox 2631 3596 2765 3666; x_wconf 83' lang='lat' dir='ltr'><strong>quia</strong></span> <span class='ocrx_word' id='word_1_676' title='bbox 2820 3609 3113 3665; x_wconf 85' lang='lat' dir='ltr'><strong>speramus</strong></span> <span class='ocrx_word' id='word_1_677' title='bbox 3149 3593 3492 3649; x_wconf 89' lang='lat' dir='ltr'><strong>intendentes</strong></span> <span class='ocrx_word' id='word_1_678' title='bbox 3519 3597 3584 3650; x_wconf 88' lang='lat' dir='ltr'><strong>in</strong></span> 
     </span>
    </p>
   </div>
   <div class='ocr_carea' id='block_1_87' title="bbox 1991 3682 3589 3754">
    <p class='ocr_par' dir='ltr' id='par_1_87' title="bbox 1991 3682 3589 3754">
     <span class='ocr_line' id='line_1_87' title="bbox 1991 3682 3589 3754; baseline -0.001 -14"><span class='ocrx_word' id='word_1_679' title='bbox 1991 3686 2167 3740; x_wconf 86' lang='lat' dir='ltr'><strong>Deum</strong></span> <span class='ocrx_word' id='word_1_680' title='bbox 2196 3684 2405 3749; x_wconf 88' lang='lat' dir='ltr'><strong>vivum,</strong></span> <span class='ocrx_word' id='word_1_681' title='bbox 2441 3682 2534 3754; x_wconf 90' lang='lat' dir='ltr'><strong>qui</strong></span> <span class='ocrx_word' id='word_1_682' title='bbox 2562 3682 2723 3738; x_wconf 89' lang='lat' dir='ltr'><strong>vitam</strong></span> <span class='ocrx_word' id='word_1_683' title='bbox 2746 3689 3004 3737; x_wconf 70' lang='lat' dir='ltr'><strong>aeternam</strong></span> <span class='ocrx_word' id='word_1_684' title='bbox 3050 3697 3215 3753; x_wconf 88' lang='lat' dir='ltr'><strong>quam</strong></span> <span class='ocrx_word' id='word_1_685' title='bbox 3245 3682 3410 3737; x_wconf 87' lang='lat' dir='ltr'><strong>habet</strong></span> <span class='ocrx_word' id='word_1_686' title='bbox 3436 3682 3589 3739; x_wconf 90' lang='lat' dir='ltr'><strong>dabit</strong></span> 
     </span>
    </p>
   </div>
   <div class='ocr_carea' id='block_1_88' title="bbox 1993 3770 3587 3843">
    <p class='ocr_par' dir='ltr' id='par_1_88' title="bbox 1993 3770 3587 3843">
     <span class='ocr_line' id='line_1_88' title="bbox 1993 3770 3587 3843; baseline 0 -17"><span class='ocrx_word' id='word_1_687' title='bbox 1993 3772 2342 3843; x_wconf 89' lang='lat' dir='ltr'><strong>sperantibus</strong></span> <span class='ocrx_word' id='word_1_688' title='bbox 2375 3772 2425 3825; x_wconf 89' lang='lat' dir='ltr'><strong>in</strong></span> <span class='ocrx_word' id='word_1_689' title='bbox 2459 3787 2538 3826; x_wconf 93' lang='lat' dir='ltr'><strong>se.</strong></span> <span class='ocrx_word' id='word_1_690' title='bbox 2567 3773 2624 3825; x_wconf 83' lang='lat' dir='ltr'>In</span> <span class='ocrx_word' id='word_1_691' title='bbox 2665 3787 2730 3826; x_wconf 91' lang='lat' dir='ltr'><strong>eo</strong></span> <span class='ocrx_word' id='word_1_692' title='bbox 2768 3770 2966 3826; x_wconf 90' lang='lat' dir='ltr'><strong>merito</strong></span> <span class='ocrx_word' id='word_1_693' title='bbox 3006 3771 3333 3842; x_wconf 89' lang='lat' dir='ltr'><strong>sperandum</strong></span> <span class='ocrx_word' id='word_1_694' title='bbox 3364 3780 3448 3826; x_wconf 89' lang='lat' dir='ltr'><strong>est</strong></span> <span class='ocrx_word' id='word_1_695' title='bbox 3491 3772 3587 3843; x_wconf 87' lang='lat' dir='ltr'><strong>qui</strong></span> 
     </span>
    </p>
   </div>
   <div class='ocr_carea' id='block_1_89' title="bbox 1994 3860 3587 3926">
    <p class='ocr_par' dir='ltr' id='par_1_89' title="bbox 1994 3860 3587 3926">
     <span class='ocr_line' id='line_1_89' title="bbox 1994 3860 3587 3926; baseline -0.001 -9"><span class='ocrx_word' id='word_1_696' title='bbox 1994 3866 2080 3917; x_wconf 90' lang='lat' dir='ltr'><strong>est</strong></span> <span class='ocrx_word' id='word_1_697' title='bbox 2110 3862 2369 3918; x_wconf 88' lang='lat' dir='ltr'><strong>Salvator</strong></span> <span class='ocrx_word' id='word_1_698' title='bbox 2384 3862 2641 3916; x_wconf 86' lang='lat' dir='ltr'><strong>omnium</strong></span> <span class='ocrx_word' id='word_1_699' title='bbox 2660 3861 2976 3926; x_wconf 87' lang='lat' dir='ltr'><strong>hominum,</strong></span> <span class='ocrx_word' id='word_1_700' title='bbox 3023 3860 3290 3915; x_wconf 88' lang='lat' dir='ltr'><strong>bonorum</strong></span> <span class='ocrx_word' id='word_1_701' title='bbox 3320 3869 3373 3915; x_wconf 89' lang='lat' dir='ltr'><strong>et</strong></span> <span class='ocrx_word' id='word_1_702' title='bbox 3410 3861 3587 3916; x_wconf 89' lang='lat' dir='ltr'><strong>malo-</strong></span> 
     </span>
    </p>
   </div>
   <div class='ocr_carea' id='block_1_90' title="bbox 1994 3948 3589 4021">
    <p class='ocr_par' dir='ltr' id='par_1_90' title="bbox 1994 3948 3589 4021">
     <span class='ocr_line' id='line_1_90' title="bbox 1994 3948 3589 4021; baseline 0 -16"><span class='ocrx_word' id='word_1_703' title='bbox 1994 3965 2116 4005; x_wconf 90' lang='lat' dir='ltr'><strong>rum</strong></span> <span class='ocrx_word' id='word_1_704' title='bbox 2145 3949 2444 4005; x_wconf 88' lang='lat' dir='ltr'><strong>salvatione</strong></span> <span class='ocrx_word' id='word_1_705' title='bbox 2484 3950 2764 4020; x_wconf 90' lang='lat' dir='ltr'><strong>temporali</strong></span> <span class='ocrx_word' id='word_1_706' title='bbox 2798 3965 2810 4003; x_wconf 91' lang='lat'>:</span> <span class='ocrx_word' id='word_1_707' title='bbox 2847 3950 2975 4021; x_wconf 92' lang='lat' dir='ltr'><strong>quia</strong></span> <span class='ocrx_word' id='word_1_708' title='bbox 3010 3972 3030 3995; x_wconf 91' lang='grc'><strong>‹‹</strong></span> <span class='ocrx_word' id='word_1_709' title='bbox 3067 3948 3239 4004; x_wconf 89' lang='lat' dir='ltr'><strong>solem</strong></span> <span class='ocrx_word' id='word_1_710' title='bbox 3282 3966 3437 4004; x_wconf 90' lang='lat' dir='ltr'><strong>suum</strong></span> <span class='ocrx_word' id='word_1_711' title='bbox 3465 3949 3589 4005; x_wconf 86' lang='lat' dir='ltr'><strong>facit</strong></span> 
     </span>
    </p>
   </div>
   <div class='ocr_carea' id='block_1_91' title="bbox 1995 4038 3587 4109">
    <p class='ocr_par' dir='ltr' id='par_1_91' title="bbox 1995 4038 3587 4109">
     <span class='ocr_line' id='line_1_91' title="bbox 1995 4038 3587 4109; baseline 0 -16"><span class='ocrx_word' id='word_1_712' title='bbox 1995 4038 2128 4093; x_wconf 91' lang='lat' dir='ltr'><strong>oriri</strong></span> <span class='ocrx_word' id='word_1_713' title='bbox 2169 4055 2336 4109; x_wconf 91' lang='lat' dir='ltr'><strong>super</strong></span> <span class='ocrx_word' id='word_1_714' title='bbox 2358 4039 2532 4107; x_wconf 88' lang='lat' dir='ltr'><strong>justos</strong></span> <span class='ocrx_word' id='word_1_715' title='bbox 2563 4046 2616 4093; x_wconf 90' lang='lat' dir='ltr'><strong>et</strong></span> <span class='ocrx_word' id='word_1_716' title='bbox 2656 4039 2887 4107; x_wconf 91' lang='lat' dir='ltr'><strong>injustos</strong></span> <span class='ocrx_word' id='word_1_717' title='bbox 2912 4038 3135 4108; x_wconf 86' lang='lat' dir='ltr'><strong>(Matth.</strong></span> <span class='ocrx_word' id='word_1_718' title='bbox 3158 4053 3213 4104; x_wconf 91' lang='lat' dir='ltr'><strong>v,</strong></span> <span class='ocrx_word' id='word_1_719' title='bbox 3232 4039 3341 4107; x_wconf 81' lang='grc'><strong>45).</strong></span> <span class='ocrx_word' id='word_1_720' title='bbox 3371 4059 3393 4087; x_wconf 69' lang='grc' dir='ltr'><strong>ι</strong></span> <span class='ocrx_word' id='word_1_721' title='bbox 3419 4038 3587 4093; x_wconf 85' lang='lat' dir='ltr'><strong>Cum-</strong></span> 
     </span>
    </p>
   </div>
   <div class='ocr_carea' id='block_1_92' title="bbox 1996 4126 3591 4199">
    <p class='ocr_par' dir='ltr' id='par_1_92' title="bbox 1996 4126 3591 4199">
     <span class='ocr_line' id='line_1_92' title="bbox 1996 4126 3591 4199; baseline 0.001 -19"><span class='ocrx_word' id='word_1_722' title='bbox 1996 4144 2102 4199; x_wconf 93' lang='lat' dir='ltr'><strong>que</strong></span> <span class='ocrx_word' id='word_1_723' title='bbox 2133 4127 2458 4181; x_wconf 91' lang='lat' dir='ltr'><strong>sitomnium</strong></span> <span class='ocrx_word' id='word_1_724' title='bbox 2492 4127 2749 4193; x_wconf 84' lang='lat' dir='ltr'><strong>Salvator,</strong></span> <span class='ocrx_word' id='word_1_725' title='bbox 2785 4129 3042 4183; x_wconf 88' lang='lat' dir='ltr'><strong>maxime</strong></span> <span class='ocrx_word' id='word_1_726' title='bbox 3072 4135 3255 4181; x_wconf 91' lang='lat' dir='ltr'><strong>tamen</strong></span> <span class='ocrx_word' id='word_1_727' title='bbox 3295 4135 3347 4181; x_wconf 90' lang='lat' dir='ltr'><strong>et</strong></span> <span class='ocrx_word' id='word_1_728' title='bbox 3402 4126 3591 4198; x_wconf 64' lang='lat' dir='ltr'><strong>praeci-</strong></span> 
     </span>
    </p>
   </div>
   <div class='ocr_carea' id='block_1_93' title="bbox 1995 4216 3589 4289">
    <p class='ocr_par' dir='ltr' id='par_1_93' title="bbox 1995 4216 3589 4289">
     <span class='ocr_line' id='line_1_93' title="bbox 1995 4216 3589 4289; baseline 0.002 -20"><span class='ocrx_word' id='word_1_729' title='bbox 1995 4232 2101 4287; x_wconf 88' lang='lat' dir='ltr'><strong>pue</strong></span> <span class='ocrx_word' id='word_1_730' title='bbox 2131 4217 2387 4285; x_wconf 84' lang='lat' dir='ltr'><strong>ﬁdelium</strong></span> <span class='ocrx_word' id='word_1_731' title='bbox 2418 4220 2518 4282; x_wconf 83' lang='lat' dir='ltr'><strong>est,</strong></span> <span class='ocrx_word' id='word_1_732' title='bbox 2555 4216 2748 4288; x_wconf 90' lang='lat' dir='ltr'><strong>quibus</strong></span> <span class='ocrx_word' id='word_1_733' title='bbox 2781 4216 2941 4271; x_wconf 88' lang='lat' dir='ltr'><strong>vitam</strong></span> <span class='ocrx_word' id='word_1_734' title='bbox 2962 4224 3217 4271; x_wconf 79' lang='lat' dir='ltr'><strong>aeternam</strong></span> <span class='ocrx_word' id='word_1_735' title='bbox 3239 4216 3404 4281; x_wconf 89' lang='lat' dir='ltr'><strong>dabit,</strong></span> <span class='ocrx_word' id='word_1_736' title='bbox 3427 4233 3589 4289; x_wconf 89' lang='lat' dir='ltr'><strong>quam</strong></span> 
     </span>
    </p>
   </div>
   <div class='ocr_carea' id='block_1_94' title="bbox 1997 4304 3589 4376">
    <p class='ocr_par' dir='ltr' id='par_1_94' title="bbox 1997 4304 3589 4376">
     <span class='ocr_line' id='line_1_94' title="bbox 1997 4304 3589 4376; baseline 0.002 -19"><span class='ocrx_word' id='word_1_737' title='bbox 1997 4304 2218 4376; x_wconf 88' lang='lat' dir='ltr'><strong>negabit</strong></span> <span class='ocrx_word' id='word_1_738' title='bbox 2248 4305 2426 4375; x_wconf 88' lang='lat' dir='ltr'><strong>impiis</strong></span> <span class='ocrx_word' id='word_1_739' title='bbox 2461 4320 2472 4358; x_wconf 90' lang='lat'><strong>:</strong></span> <span class='ocrx_word' id='word_1_740' title='bbox 2507 4321 2645 4376; x_wconf 92' lang='lat' dir='ltr'><strong>quos</strong></span> <span class='ocrx_word' id='word_1_741' title='bbox 2668 4313 2845 4359; x_wconf 89' lang='lat' dir='ltr'><strong>tamen</strong></span> <span class='ocrx_word' id='word_1_742' title='bbox 2876 4305 2930 4358; x_wconf 90' lang='lat' dir='ltr'>in</span> <span class='ocrx_word' id='word_1_743' title='bbox 2961 4306 3064 4359; x_wconf 92' lang='lat' dir='ltr'><strong>hoc</strong></span> <span class='ocrx_word' id='word_1_744' title='bbox 3094 4305 3297 4359; x_wconf 91' lang='lat' dir='ltr'><strong>mundo</strong></span> <span class='ocrx_word' id='word_1_745' title='bbox 3326 4304 3497 4360; x_wconf 89' lang='lat' dir='ltr'><strong>salvat</strong></span> <span class='ocrx_word' id='word_1_746' title='bbox 3534 4306 3589 4360; x_wconf 91' lang='lat' dir='ltr'><strong>in</strong></span> 
     </span>
    </p>
   </div>
   <div class='ocr_carea' id='block_1_95' title="bbox 296 4385 3589 4467">
    <p class='ocr_par' dir='ltr' id='par_1_95' title="bbox 296 4385 3589 4467">
     <span class='ocr_line' id='line_1_95' title="bbox 296 4385 3589 4467; baseline -0.001 -16"><span class='ocrx_word' id='word_1_747' title='bbox 296 4397 403 4451; x_wconf 89' lang='lat' dir='ltr'>illis</span> <span class='ocrx_word' id='word_1_748' title='bbox 435 4396 527 4467; x_wconf 90' lang='lat' dir='ltr'><strong>qui</strong></span> <span class='ocrx_word' id='word_1_749' title='bbox 556 4395 773 4450; x_wconf 89' lang='lat' dir='ltr'><strong>modum</strong></span> <span class='ocrx_word' id='word_1_750' title='bbox 812 4394 981 4448; x_wconf 89' lang='lat' dir='ltr'><strong>nimia</strong></span> <span class='ocrx_word' id='word_1_751' title='bbox 1025 4393 1361 4448; x_wconf 89' lang='lat' dir='ltr'><strong>districtione</strong></span> <span class='ocrx_word' id='word_1_752' title='bbox 1400 4393 1726 4447; x_wconf 90' lang='lat' dir='ltr'><strong>excedentes</strong></span> <span class='ocrx_word' id='word_1_753' title='bbox 1764 4409 1891 4463; x_wconf 89' lang='lat' dir='ltr'><strong>pro-</strong></span> <span class='ocrx_word' id='word_1_754' title='bbox 1918 4385 1972 4447; x_wconf 90' lang='lat' dir='ltr'><strong>D</strong></span> <span class='ocrx_word' id='word_1_755' title='bbox 1996 4393 2377 4464; x_wconf 90' lang='lat' dir='ltr'><strong>temporalibus</strong></span> <span class='ocrx_word' id='word_1_756' title='bbox 2408 4393 2592 4447; x_wconf 89' lang='lat' dir='ltr'><strong>bonis.</strong></span> <span class='ocrx_word' id='word_1_757' title='bbox 2625 4393 2896 4462; x_wconf 86' lang='lat' dir='ltr'><strong>Quoniam</strong></span> <span class='ocrx_word' id='word_1_758' title='bbox 2914 4393 3133 4465; x_wconf 91' lang='lat' dir='ltr'><strong>quidem</strong></span> <span class='ocrx_word' id='word_1_759' title='bbox 3164 4410 3419 4449; x_wconf 86' lang='lat' dir='ltr'><strong>exercere</strong></span> <span class='ocrx_word' id='word_1_760' title='bbox 3450 4401 3498 4449; x_wconf 93' lang='lat' dir='ltr'><strong>te</strong></span> <span class='ocrx_word' id='word_1_761' title='bbox 3519 4394 3589 4450; x_wconf 77' lang='lat' dir='ltr'><strong>ad</strong></span> 
     </span>
    </p>
   </div>
   <div class='ocr_carea' id='block_1_96' title="bbox 302 4482 1897 4552">
    <p class='ocr_par' dir='ltr' id='par_1_96' title="bbox 302 4482 1897 4552">
     <span class='ocr_line' id='line_1_96' title="bbox 302 4482 1897 4552; baseline -0.002 -13"><span class='ocrx_word' id='word_1_762' title='bbox 302 4486 487 4540; x_wconf 91' lang='lat' dir='ltr'><strong>hibent</strong></span> <span class='ocrx_word' id='word_1_763' title='bbox 515 4484 743 4552; x_wconf 88' lang='lat' dir='ltr'><strong>nubere,</strong></span> <span class='ocrx_word' id='word_1_764' title='bbox 777 4490 830 4538; x_wconf 90' lang='lat' dir='ltr'><strong>et</strong></span> <span class='ocrx_word' id='word_1_765' title='bbox 857 4483 934 4537; x_wconf 91' lang='lat' dir='ltr'><strong>uti</strong></span> <span class='ocrx_word' id='word_1_766' title='bbox 977 4482 1307 4538; x_wconf 88' lang='lat' dir='ltr'><strong>carnalibus.</strong></span> <span class='ocrx_word' id='word_1_767' title='bbox 1350 4482 1439 4537; x_wconf 92' lang='lat' dir='ltr'><strong>Sic</strong></span> <span class='ocrx_word' id='word_1_768' title='bbox 1495 4482 1666 4536; x_wconf 88' lang='lat' dir='ltr'><strong>debes</strong></span> <span class='ocrx_word' id='word_1_769' title='bbox 1696 4496 1897 4552; x_wconf 88' lang='lat' dir='ltr'><strong>propo-</strong></span> 
     </span>
    </p>
   </div>
   <div class='ocr_carea' id='block_1_97' title="bbox 302 4570 1896 4643">
    <p class='ocr_par' dir='ltr' id='par_1_97' title="bbox 302 4570 1896 4643">
     <span class='ocr_line' id='line_1_97' title="bbox 302 4570 1896 4643; baseline -0.003 -15"><span class='ocrx_word' id='word_1_770' title='bbox 302 4590 452 4639; x_wconf 89' lang='lat' dir='ltr'><strong>nere,</strong></span> <span class='ocrx_word' id='word_1_771' title='bbox 486 4581 599 4627; x_wconf 92' lang='lat' dir='ltr'><strong>tum</strong></span> <span class='ocrx_word' id='word_1_772' title='bbox 629 4572 756 4643; x_wconf 87' lang='lat' dir='ltr'><strong>quia</strong></span> <span class='ocrx_word' id='word_1_773' title='bbox 788 4572 866 4627; x_wconf 91' lang='lat' dir='ltr'><strong>sic</strong></span> <span class='ocrx_word' id='word_1_774' title='bbox 896 4572 1090 4635; x_wconf 90' lang='lat' dir='ltr'><strong>bonus,</strong></span> <span class='ocrx_word' id='word_1_775' title='bbox 1125 4571 1180 4625; x_wconf 93' lang='lat' dir='ltr'>id</span> <span class='ocrx_word' id='word_1_776' title='bbox 1212 4578 1294 4627; x_wconf 91' lang='lat' dir='ltr'><strong>est</strong></span> <span class='ocrx_word' id='word_1_777' title='bbox 1310 4570 1455 4625; x_wconf 89' lang='lat' dir='ltr'><strong>utilis</strong></span> <span class='ocrx_word' id='word_1_778' title='bbox 1486 4570 1612 4635; x_wconf 91' lang='lat' dir='ltr'><strong>eris,</strong></span> <span class='ocrx_word' id='word_1_779' title='bbox 1632 4578 1896 4641; x_wconf 66' lang='lat' dir='ltr'><strong>praeterea</strong></span> 
     </span>
    </p>
   </div>
   <div class='ocr_carea' id='block_1_98' title="bbox 302 4660 1897 4735">
    <p class='ocr_par' dir='ltr' id='par_1_98' title="bbox 302 4660 1897 4735">
     <span class='ocr_line' id='line_1_98' title="bbox 302 4660 1897 4735; baseline -0.003 -18"><span class='ocrx_word' id='word_1_780' title='bbox 302 4663 425 4735; x_wconf 87' lang='lat' dir='ltr'><strong>quia</strong></span> <span class='ocrx_word' id='word_1_781' title='bbox 441 4670 596 4733; x_wconf 86' lang='lat' dir='ltr'><strong>potes</strong></span> <span class='ocrx_word' id='word_1_782' title='bbox 621 4681 636 4728; x_wconf 87' lang='lat'><strong>;</strong></span> <span class='ocrx_word' id='word_1_783' title='bbox 668 4669 723 4715; x_wconf 92' lang='lat' dir='ltr'><strong>tu</strong></span> <span class='ocrx_word' id='word_1_784' title='bbox 746 4660 890 4715; x_wconf 87' lang='lat' dir='ltr'><strong>enim</strong></span> <span class='ocrx_word' id='word_1_785' title='bbox 912 4662 1225 4728; x_wconf 86' lang='lat' dir='ltr'><strong>enutritus,</strong></span> <span class='ocrx_word' id='word_1_786' title='bbox 1246 4660 1299 4714; x_wconf 91' lang='lat' dir='ltr'>id</span> <span class='ocrx_word' id='word_1_787' title='bbox 1317 4668 1398 4714; x_wconf 91' lang='lat' dir='ltr'><strong>est</strong></span> <span class='ocrx_word' id='word_1_788' title='bbox 1423 4668 1569 4714; x_wconf 85' lang='lat' dir='ltr'><strong>extra</strong></span> <span class='ocrx_word' id='word_1_789' title='bbox 1591 4660 1897 4713; x_wconf 89' lang='lat' dir='ltr'><strong>rudimenta</strong></span> 
     </span>
    </p>
   </div>
   <div class='ocr_carea' id='block_1_99' title="bbox 303 4748 1894 4820">
    <p class='ocr_par' dir='ltr' id='par_1_99' title="bbox 303 4748 1894 4820">
     <span class='ocr_line' id='line_1_99' title="bbox 303 4748 1894 4820; baseline -0.003 -14"><span class='ocrx_word' id='word_1_790' title='bbox 303 4761 353 4807; x_wconf 88' lang='lat' dir='ltr'><strong>et</strong></span> <span class='ocrx_word' id='word_1_791' title='bbox 386 4751 703 4805; x_wconf 89' lang='lat' dir='ltr'><strong>nutrituram</strong></span> <span class='ocrx_word' id='word_1_792' title='bbox 734 4750 995 4820; x_wconf 89' lang='lat' dir='ltr'><strong>puerilem</strong></span> <span class='ocrx_word' id='word_1_793' title='bbox 1018 4749 1227 4820; x_wconf 90' lang='lat' dir='ltr'><strong>positus</strong></span> <span class='ocrx_word' id='word_1_794' title='bbox 1258 4749 1449 4804; x_wconf 90' lang='lat' dir='ltr'><strong>doctus</strong></span> <span class='ocrx_word' id='word_1_795' title='bbox 1471 4765 1531 4804; x_wconf 89' lang='lat' dir='ltr'><strong>es</strong></span> <span class='ocrx_word' id='word_1_796' title='bbox 1548 4749 1723 4804; x_wconf 87' lang='lat' dir='ltr'><strong>verbis</strong></span> <span class='ocrx_word' id='word_1_797' title='bbox 1743 4748 1894 4817; x_wconf 79' lang='lat' dir='ltr'><strong>ﬁdei.</strong></span> 
     </span>
    </p>
   </div>
   <div class='ocr_carea' id='block_1_100' title="bbox 304 4838 1898 4910">
    <p class='ocr_par' dir='ltr' id='par_1_100' title="bbox 304 4838 1898 4910">
     <span class='ocr_line' id='line_1_100' title="bbox 304 4838 1898 4910; baseline -0.002 -16"><span class='ocrx_word' id='word_1_798' title='bbox 304 4840 459 4896; x_wconf 87' lang='lat' dir='ltr'><strong>Nosti</strong></span> <span class='ocrx_word' id='word_1_799' title='bbox 492 4840 634 4894; x_wconf 88' lang='lat' dir='ltr'><strong>enim</strong></span> <span class='ocrx_word' id='word_1_800' title='bbox 666 4839 722 4893; x_wconf 91' lang='lat' dir='ltr'><strong>in</strong></span> <span class='ocrx_word' id='word_1_801' title='bbox 757 4854 947 4910; x_wconf 92' lang='lat' dir='ltr'><strong>quem,</strong></span> <span class='ocrx_word' id='word_1_802' title='bbox 1010 4845 1063 4892; x_wconf 89' lang='lat' dir='ltr'><strong>et</strong></span> <span class='ocrx_word' id='word_1_803' title='bbox 1106 4838 1379 4908; x_wconf 89' lang='lat' dir='ltr'><strong>quomodo</strong></span> <span class='ocrx_word' id='word_1_804' title='bbox 1408 4845 1461 4892; x_wconf 87' lang='lat' dir='ltr'><strong>te</strong></span> <span class='ocrx_word' id='word_1_805' title='bbox 1491 4844 1740 4908; x_wconf 89' lang='lat' dir='ltr'><strong>oporteat</strong></span> <span class='ocrx_word' id='word_1_806' title='bbox 1771 4852 1898 4891; x_wconf 91' lang='lat' dir='ltr'><strong>cre-</strong></span> 
     </span>
    </p>
   </div>
   <div class='ocr_carea' id='block_1_101' title="bbox 305 4924 1899 4991">
    <p class='ocr_par' dir='ltr' id='par_1_101' title="bbox 305 4924 1899 4991">
     <span class='ocr_line' id='line_1_101' title="bbox 305 4924 1899 4991; baseline -0.003 -8"><span class='ocrx_word' id='word_1_807' title='bbox 305 4930 454 4985; x_wconf 92' lang='lat' dir='ltr'><strong>dere.</strong></span> <span class='ocrx_word' id='word_1_808' title='bbox 474 4928 757 4983; x_wconf 87' lang='lat' dir='ltr'><strong>Enutritus</strong></span> <span class='ocrx_word' id='word_1_809' title='bbox 788 4928 943 4982; x_wconf 89' lang='lat' dir='ltr'><strong>etiam</strong></span> <span class='ocrx_word' id='word_1_810' title='bbox 973 4943 1032 4982; x_wconf 90' lang='lat' dir='ltr'><strong>es</strong></span> <span class='ocrx_word' id='word_1_811' title='bbox 1060 4927 1242 4981; x_wconf 88' lang='lat' dir='ltr'><strong>verbis</strong></span> <span class='ocrx_word' id='word_1_812' title='bbox 1255 4927 1410 4982; x_wconf 74' lang='lat' dir='ltr'><strong>bona:</strong></span> <span class='ocrx_word' id='word_1_813' title='bbox 1431 4926 1724 4991; x_wconf 63' lang='lat' dir='ltr'><strong>doctrinae,</strong></span> <span class='ocrx_word' id='word_1_814' title='bbox 1740 4924 1794 4978; x_wconf 92' lang='lat' dir='ltr'>id</span> <span class='ocrx_word' id='word_1_815' title='bbox 1816 4933 1899 4979; x_wconf 88' lang='lat' dir='ltr'><strong>est</strong></span> 
     </span>
    </p>
   </div>
   <div class='ocr_carea' id='block_1_102' title="bbox 305 5014 1898 5086">
    <p class='ocr_par' dir='ltr' id='par_1_102' title="bbox 305 5014 1898 5086">
     <span class='ocr_line' id='line_1_102' title="bbox 305 5014 1898 5086; baseline -0.002 -15"><span class='ocrx_word' id='word_1_816' title='bbox 305 5018 493 5073; x_wconf 87' lang='lat' dir='ltr'><strong>utilem</strong></span> <span class='ocrx_word' id='word_1_817' title='bbox 509 5033 723 5071; x_wconf 90' lang='lat' dir='ltr'><strong>morum</strong></span> <span class='ocrx_word' id='word_1_818' title='bbox 770 5016 1176 5071; x_wconf 88' lang='lat' dir='ltr'><strong>instructionem</strong></span> <span class='ocrx_word' id='word_1_819' title='bbox 1209 5014 1476 5080; x_wconf 92' lang='lat' dir='ltr'><strong>didicisti,</strong></span> <span class='ocrx_word' id='word_1_820' title='bbox 1509 5031 1677 5086; x_wconf 85' lang='lat' dir='ltr'><strong>quam</strong></span> <span class='ocrx_word' id='word_1_821' title='bbox 1699 5014 1898 5069; x_wconf 88' lang='lat' dir='ltr'><strong>doctri-</strong></span> 
     </span>
    </p>
   </div>
   <div class='ocr_carea' id='block_1_103' title="bbox 306 5103 1899 5177">
    <p class='ocr_par' dir='ltr' id='par_1_103' title="bbox 306 5103 1899 5177">
     <span class='ocr_line' id='line_1_103' title="bbox 306 5103 1899 5177; baseline -0.003 -16"><span class='ocrx_word' id='word_1_822' title='bbox 306 5124 432 5162; x_wconf 89' lang='lat' dir='ltr'><strong>nam</strong></span> <span class='ocrx_word' id='word_1_823' title='bbox 462 5105 705 5177; x_wconf 88' lang='lat' dir='ltr'><strong>plenarie</strong></span> <span class='ocrx_word' id='word_1_824' title='bbox 734 5109 1027 5160; x_wconf 78' lang='lat' dir='ltr'><strong>assecutus</strong></span> <span class='ocrx_word' id='word_1_825' title='bbox 1049 5121 1105 5159; x_wconf 90' lang='lat' dir='ltr'><strong>es</strong></span> <span class='ocrx_word' id='word_1_826' title='bbox 1136 5120 1237 5174; x_wconf 90' lang='lat' dir='ltr'><strong>per</strong></span> <span class='ocrx_word' id='word_1_827' title='bbox 1267 5120 1352 5159; x_wconf 92' lang='lat' dir='ltr'><strong>me</strong></span> <span class='ocrx_word' id='word_1_828' title='bbox 1375 5145 1388 5172; x_wconf 95' lang='lat'><strong>,</strong></span> <span class='ocrx_word' id='word_1_829' title='bbox 1423 5103 1511 5173; x_wconf 83' lang='lat' dir='ltr'><strong>qui</strong></span> <span class='ocrx_word' id='word_1_830' title='bbox 1544 5111 1596 5158; x_wconf 92' lang='lat' dir='ltr'><strong>et</strong></span> <span class='ocrx_word' id='word_1_831' title='bbox 1638 5111 1689 5159; x_wconf 89' lang='lat' dir='ltr'><strong>te</strong></span> <span class='ocrx_word' id='word_1_832' title='bbox 1718 5103 1899 5174; x_wconf 87' lang='lat' dir='ltr'><strong>bapti-</strong></span> 
     </span>
    </p>
   </div>
   <div class='ocr_carea' id='block_1_104' title="bbox 310 5190 1897 5265">
    <p class='ocr_par' dir='ltr' id='par_1_104' title="bbox 310 5190 1897 5265">
     <span class='ocr_line' id='line_1_104' title="bbox 310 5190 1897 5265; baseline -0.003 -14"><span class='ocrx_word' id='word_1_833' title='bbox 310 5196 449 5261; x_wconf 85' lang='lat' dir='ltr'><strong>zavi,</strong></span> <span class='ocrx_word' id='word_1_834' title='bbox 484 5203 537 5249; x_wconf 87' lang='lat' dir='ltr'><strong>et</strong></span> <span class='ocrx_word' id='word_1_835' title='bbox 559 5211 679 5265; x_wconf 70' lang='lat' dir='ltr'><strong>quae</strong></span> <span class='ocrx_word' id='word_1_836' title='bbox 713 5195 892 5249; x_wconf 87' lang='lat' dir='ltr'><strong>adhuc</strong></span> <span class='ocrx_word' id='word_1_837' title='bbox 912 5193 1163 5249; x_wconf 90' lang='lat' dir='ltr'><strong>docenda</strong></span> <span class='ocrx_word' id='word_1_838' title='bbox 1181 5201 1334 5247; x_wconf 87' lang='lat' dir='ltr'><strong>erant</strong></span> <span class='ocrx_word' id='word_1_839' title='bbox 1362 5190 1690 5247; x_wconf 73' lang='lat' dir='ltr'><strong>sufficienter</strong></span> <span class='ocrx_word' id='word_1_840' title='bbox 1719 5192 1897 5248; x_wconf 91' lang='lat' dir='ltr'><strong>docui.</strong></span> 
     </span>
    </p>
   </div>
   <div class='ocr_carea' id='block_1_105' title="bbox 311 5280 1905 5340">
    <p class='ocr_par' dir='ltr' id='par_1_105' title="bbox 311 5280 1905 5340">
     <span class='ocr_line' id='line_1_105' title="bbox 311 5280 1905 5340; baseline -0.003 -1"><span class='ocrx_word' id='word_1_841' title='bbox 311 5285 413 5340; x_wconf 85' lang='lat' dir='ltr'><strong>Hic</strong></span> <span class='ocrx_word' id='word_1_842' title='bbox 436 5284 579 5339; x_wconf 90' lang='lat' dir='ltr'><strong>enim</strong></span> <span class='ocrx_word' id='word_1_843' title='bbox 602 5282 917 5337; x_wconf 88' lang='lat' dir='ltr'><strong>Timotheus</strong></span> <span class='ocrx_word' id='word_1_844' title='bbox 938 5289 1155 5336; x_wconf 90' lang='lat' dir='ltr'><strong>amatre</strong></span> <span class='ocrx_word' id='word_1_845' title='bbox 1186 5280 1331 5335; x_wconf 82' lang='lat' dir='ltr'><strong>ﬁdeli</strong></span> <span class='ocrx_word' id='word_1_846' title='bbox 1352 5280 1542 5334; x_wconf 86' lang='lat' dir='ltr'><strong>litteris</strong></span> <span class='ocrx_word' id='word_1_847' title='bbox 1564 5282 1737 5337; x_wconf 89' lang='lat' dir='ltr'><strong>sacris</strong></span> <span class='ocrx_word' id='word_1_848' title='bbox 1758 5281 1905 5335; x_wconf 90' lang='lat' dir='ltr'><strong>addi-</strong></span> 
     </span>
    </p>
   </div>
   <div class='ocr_carea' id='block_1_106' title="bbox 310 5370 1903 5443">
    <p class='ocr_par' dir='ltr' id='par_1_106' title="bbox 310 5370 1903 5443">
     <span class='ocr_line' id='line_1_106' title="bbox 310 5370 1903 5443; baseline -0.002 -17"><span class='ocrx_word' id='word_1_849' title='bbox 310 5372 532 5428; x_wconf 90' lang='lat' dir='ltr'><strong>scendis</strong></span> <span class='ocrx_word' id='word_1_850' title='bbox 549 5387 686 5443; x_wconf 90' lang='lat' dir='ltr'><strong>puer</strong></span> <span class='ocrx_word' id='word_1_851' title='bbox 706 5371 937 5426; x_wconf 90' lang='lat' dir='ltr'><strong>traditus</strong></span> <span class='ocrx_word' id='word_1_852' title='bbox 972 5378 1073 5436; x_wconf 89' lang='lat' dir='ltr'><strong>est,</strong></span> <span class='ocrx_word' id='word_1_853' title='bbox 1122 5386 1229 5425; x_wconf 90' lang='lat' dir='ltr'><strong>non</strong></span> <span class='ocrx_word' id='word_1_854' title='bbox 1263 5378 1445 5424; x_wconf 89' lang='lat' dir='ltr'><strong>tamen</strong></span> <span class='ocrx_word' id='word_1_855' title='bbox 1468 5370 1642 5425; x_wconf 93' lang='lat' dir='ltr'><strong>donec</strong></span> <span class='ocrx_word' id='word_1_856' title='bbox 1678 5385 1711 5424; x_wconf 89' lang='lat' dir='ltr'><strong>a</strong></span> <span class='ocrx_word' id='word_1_857' title='bbox 1736 5370 1903 5424; x_wconf 87' lang='lat' dir='ltr'><strong>Paulo</strong></span> 
     </span>
    </p>
   </div>
   <div class='ocr_carea' id='block_1_107' title="bbox 311 5458 1905 5532">
    <p class='ocr_par' dir='ltr' id='par_1_107' title="bbox 311 5458 1905 5532">
     <span class='ocr_line' id='line_1_107' title="bbox 311 5458 1905 5532; baseline -0.001 -16"><span class='ocrx_word' id='word_1_858' title='bbox 311 5460 612 5532; x_wconf 89' lang='lat' dir='ltr'><strong>baptizatus</strong></span> <span class='ocrx_word' id='word_1_859' title='bbox 660 5468 774 5527; x_wconf 88' lang='lat' dir='ltr'><strong>est;</strong></span> <span class='ocrx_word' id='word_1_860' title='bbox 808 5468 860 5516; x_wconf 90' lang='lat' dir='ltr'><strong>et</strong></span> <span class='ocrx_word' id='word_1_861' title='bbox 890 5460 1013 5515; x_wconf 92' lang='lat' dir='ltr'><strong>ideo</strong></span> <span class='ocrx_word' id='word_1_862' title='bbox 1070 5458 1199 5516; x_wconf 93' lang='lat' dir='ltr'><strong>dicit</strong></span> <span class='ocrx_word' id='word_1_863' title='bbox 1254 5475 1377 5515; x_wconf 91' lang='lat' dir='ltr'><strong>eum</strong></span> <span class='ocrx_word' id='word_1_864' title='bbox 1431 5459 1721 5515; x_wconf 89' lang='lat' dir='ltr'><strong>cnutritum</strong></span> <span class='ocrx_word' id='word_1_865' title='bbox 1782 5475 1905 5515; x_wconf 86' lang='lat' dir='ltr'><strong>esse</strong></span> 
     </span>
    </p>
   </div>
   <div class='ocr_carea' id='block_1_108' title="bbox 1995 4482 3586 4555">
    <p class='ocr_par' dir='ltr' id='par_1_108' title="bbox 1995 4482 3586 4555">
     <span class='ocr_line' id='line_1_108' title="bbox 1995 4482 3586 4555; baseline 0.001 -18"><span class='ocrx_word' id='word_1_866' title='bbox 1995 4483 2254 4555; x_wconf 89' lang='lat' dir='ltr'><strong>pietatem</strong></span> <span class='ocrx_word' id='word_1_867' title='bbox 2283 4483 2484 4537; x_wconf 91' lang='lat' dir='ltr'><strong>bonum</strong></span> <span class='ocrx_word' id='word_1_868' title='bbox 2515 4491 2625 4549; x_wconf 87' lang='lat' dir='ltr'><strong>est,</strong></span> <span class='ocrx_word' id='word_1_869' title='bbox 2661 4490 2713 4537; x_wconf 92' lang='lat' dir='ltr'><strong>et</strong></span> <span class='ocrx_word' id='word_1_870' title='bbox 2743 4498 2844 4537; x_wconf 91' lang='lat' dir='ltr'><strong>nos</strong></span> <span class='ocrx_word' id='word_1_871' title='bbox 2901 4482 2956 4536; x_wconf 92' lang='lat' dir='ltr'>in</span> <span class='ocrx_word' id='word_1_872' title='bbox 2986 4483 3179 4538; x_wconf 89' lang='lat' dir='ltr'><strong>eodem</strong></span> <span class='ocrx_word' id='word_1_873' title='bbox 3236 4483 3544 4539; x_wconf 87' lang='lat' dir='ltr'><strong>laboramus</strong></span> <span class='ocrx_word' id='word_1_874' title='bbox 3572 4501 3586 4539; x_wconf 92' lang='lat'><strong>:</strong></span> 
     </span>
    </p>
   </div>
   <div class='ocr_carea' id='block_1_109' title="bbox 1998 4571 3239 4643">
    <p class='ocr_par' dir='ltr' id='par_1_109' title="bbox 1998 4571 3239 4643">
     <span class='ocr_line' id='line_1_109' title="bbox 1998 4571 3239 4643; baseline 0.001 -18"><span class='ocrx_word' id='word_1_875' title='bbox 1998 4587 2135 4643; x_wconf 91' lang='lat' dir='ltr'><strong>quos</strong></span> <span class='ocrx_word' id='word_1_876' title='bbox 2167 4580 2350 4626; x_wconf 86' lang='lat' dir='ltr'><strong>tamen</strong></span> <span class='ocrx_word' id='word_1_877' title='bbox 2370 4571 2423 4625; x_wconf 92' lang='lat' dir='ltr'><strong>in</strong></span> <span class='ocrx_word' id='word_1_878' title='bbox 2456 4572 2558 4626; x_wconf 92' lang='lat' dir='ltr'><strong>hoc</strong></span> <span class='ocrx_word' id='word_1_879' title='bbox 2588 4571 2790 4626; x_wconf 91' lang='lat' dir='ltr'><strong>mundo</strong></span> <span class='ocrx_word' id='word_1_880' title='bbox 2821 4571 3018 4626; x_wconf 90' lang='lat' dir='ltr'><strong>imitari</strong></span> <span class='ocrx_word' id='word_1_881' title='bbox 3049 4572 3239 4627; x_wconf 89' lang='lat' dir='ltr'><strong>debes.</strong></span> 
     </span>
    </p>
   </div>
   <div class='ocr_carea' id='block_1_110' title="bbox 2067 4660 3587 4733">
    <p class='ocr_par' dir='ltr' id='par_1_110' title="bbox 2067 4660 3587 4733">
     <span class='ocr_line' id='line_1_110' title="bbox 2067 4660 3587 4733; baseline 0.001 -19"><span class='ocrx_word' id='word_1_882' title='bbox 2067 4661 2147 4714; x_wconf 94' lang='lat' dir='ltr'><strong>Tu</strong></span> <span class='ocrx_word' id='word_1_883' title='bbox 2178 4660 2343 4732; x_wconf 88' lang='lat' dir='ltr'><strong>igitur</strong></span> <span class='ocrx_word' id='word_1_884' title='bbox 2374 4660 2615 4716; x_wconf 88' lang='lat' dir='ltr'><strong>vacando</strong></span> <span class='ocrx_word' id='word_1_885' title='bbox 2644 4660 2828 4731; x_wconf 91' lang='lat' dir='ltr'><strong>pietati</strong></span> <span class='ocrx_word' id='word_1_886' title='bbox 2862 4662 3106 4733; x_wconf 68' lang='lat' dir='ltr'><strong>praecipe</strong></span> <span class='ocrx_word' id='word_1_887' title='bbox 3132 4661 3216 4715; x_wconf 86' lang='lat' dir='ltr'><strong>his</strong></span> <span class='ocrx_word' id='word_1_888' title='bbox 3248 4661 3342 4733; x_wconf 92' lang='lat' dir='ltr'>qui</span> <span class='ocrx_word' id='word_1_889' title='bbox 3389 4661 3587 4731; x_wconf 91' lang='lat' dir='ltr'><strong>sciunt,</strong></span> 
     </span>
    </p>
   </div>
   <div class='ocr_carea' id='block_1_111' title="bbox 1998 4749 3591 4820">
    <p class='ocr_par' dir='ltr' id='par_1_111' title="bbox 1998 4749 3591 4820">
     <span class='ocr_line' id='line_1_111' title="bbox 1998 4749 3591 4820; baseline 0.001 -16"><span class='ocrx_word' id='word_1_890' title='bbox 1998 4750 2095 4804; x_wconf 91' lang='lat' dir='ltr'><strong>sed</strong></span> <span class='ocrx_word' id='word_1_891' title='bbox 2126 4749 2266 4819; x_wconf 87' lang='lat' dir='ltr'><strong>pigri</strong></span> <span class='ocrx_word' id='word_1_892' title='bbox 2313 4758 2437 4802; x_wconf 90' lang='lat' dir='ltr'><strong>sunt</strong></span> <span class='ocrx_word' id='word_1_893' title='bbox 2492 4750 2562 4803; x_wconf 89' lang='lat' dir='ltr'><strong>ad</strong></span> <span class='ocrx_word' id='word_1_894' title='bbox 2611 4750 2944 4819; x_wconf 88' lang='lat' dir='ltr'><strong>operandum</strong></span> <span class='ocrx_word' id='word_1_895' title='bbox 2980 4764 2992 4802; x_wconf 91' lang='lat'><strong>:</strong></span> <span class='ocrx_word' id='word_1_896' title='bbox 3027 4750 3142 4804; x_wconf 71' lang='lat' dir='ltr'><strong>haec</strong></span> <span class='ocrx_word' id='word_1_897' title='bbox 3201 4750 3408 4805; x_wconf 90' lang='lat' dir='ltr'><strong>scilicet</strong></span> <span class='ocrx_word' id='word_1_898' title='bbox 3444 4767 3591 4820; x_wconf 83' lang='lat' dir='ltr'><strong>prae-</strong></span> 
     </span>
    </p>
   </div>
   <div class='ocr_carea' id='block_1_112' title="bbox 1998 4837 3589 4909">
    <p class='ocr_par' dir='ltr' id='par_1_112' title="bbox 1998 4837 3589 4909">
     <span class='ocr_line' id='line_1_112' title="bbox 1998 4837 3589 4909; baseline 0 -16"><span class='ocrx_word' id='word_1_899' title='bbox 1998 4846 2156 4908; x_wconf 89' lang='lat' dir='ltr'><strong>cepta</strong></span> <span class='ocrx_word' id='word_1_900' title='bbox 2184 4854 2304 4909; x_wconf 62' lang='lat' dir='ltr'><strong>quae</strong></span> <span class='ocrx_word' id='word_1_901' title='bbox 2333 4837 2618 4907; x_wconf 81' lang='lat' dir='ltr'><strong>praemissa</strong></span> <span class='ocrx_word' id='word_1_902' title='bbox 2638 4846 2781 4892; x_wconf 92' lang='lat' dir='ltr'><strong>sunt.</strong></span> <span class='ocrx_word' id='word_1_903' title='bbox 2817 4837 2982 4909; x_wconf 90' lang='lat' dir='ltr'><strong>Siqui</strong></span> <span class='ocrx_word' id='word_1_904' title='bbox 3009 4838 3172 4893; x_wconf 89' lang='lat' dir='ltr'><strong>etiam</strong></span> <span class='ocrx_word' id='word_1_905' title='bbox 3194 4846 3319 4892; x_wconf 90' lang='lat' dir='ltr'><strong>sunt</strong></span> <span class='ocrx_word' id='word_1_906' title='bbox 3335 4840 3589 4894; x_wconf 90' lang='lat' dir='ltr'><strong>nescien-</strong></span> 
     </span>
    </p>
   </div>
   <div class='ocr_carea' id='block_1_113' title="bbox 1999 4927 3590 4998">
    <p class='ocr_par' dir='ltr' id='par_1_113' title="bbox 1999 4927 3590 4998">
     <span class='ocr_line' id='line_1_113' title="bbox 1999 4927 3590 4998; baseline 0.002 -17"><span class='ocrx_word' id='word_1_907' title='bbox 1999 4935 2097 4993; x_wconf 91' lang='lat' dir='ltr'><strong>tes,</strong></span> <span class='ocrx_word' id='word_1_908' title='bbox 2134 4927 2266 4982; x_wconf 85' lang='lat' dir='ltr'><strong>doce</strong></span> <span class='ocrx_word' id='word_1_909' title='bbox 2295 4943 2391 4982; x_wconf 91' lang='lat' dir='ltr'><strong>eos</strong></span> <span class='ocrx_word' id='word_1_910' title='bbox 2418 4935 2471 4981; x_wconf 92' lang='lat' dir='ltr'><strong>et</strong></span> <span class='ocrx_word' id='word_1_911' title='bbox 2498 4928 2603 4983; x_wconf 90' lang='lat' dir='ltr'><strong>hoc</strong></span> <span class='ocrx_word' id='word_1_912' title='bbox 2632 4935 2926 4998; x_wconf 90' lang='lat' dir='ltr'><strong>utrumque</strong></span> <span class='ocrx_word' id='word_1_913' title='bbox 2956 4942 3077 4981; x_wconf 92' lang='lat' dir='ltr'><strong>cum</strong></span> <span class='ocrx_word' id='word_1_914' title='bbox 3123 4934 3271 4981; x_wconf 87' lang='lat' dir='ltr'><strong>tanta</strong></span> <span class='ocrx_word' id='word_1_915' title='bbox 3299 4928 3590 4984; x_wconf 87' lang='lat' dir='ltr'><strong>severitate</strong></span> 
     </span>
    </p>
   </div>
   <div class='ocr_carea' id='block_1_114' title="bbox 2000 5016 3589 5086">
    <p class='ocr_par' dir='ltr' id='par_1_114' title="bbox 2000 5016 3589 5086">
     <span class='ocr_line' id='line_1_114' title="bbox 2000 5016 3589 5086; baseline 0.001 -15"><span class='ocrx_word' id='word_1_916' title='bbox 2000 5024 2053 5072; x_wconf 89' lang='lat' dir='ltr'><strong>et</strong></span> <span class='ocrx_word' id='word_1_917' title='bbox 2065 5016 2406 5079; x_wconf 86' lang='lat' dir='ltr'><strong>munditia,ut</strong></span> <span class='ocrx_word' id='word_1_918' title='bbox 2418 5033 2582 5072; x_wconf 88' lang='lat' dir='ltr'><strong>nemo</strong></span> <span class='ocrx_word' id='word_1_919' title='bbox 2595 5022 2925 5073; x_wconf 85' lang='lat' dir='ltr'><strong>contemnat</strong></span> <span class='ocrx_word' id='word_1_920' title='bbox 2939 5021 3098 5071; x_wconf 87' lang='lat' dir='ltr'><strong>tuam</strong></span> <span class='ocrx_word' id='word_1_921' title='bbox 3111 5016 3552 5073; x_wconf 81' lang='lat' dir='ltr'><strong>adolescentiam</strong></span> <span class='ocrx_word' id='word_1_922' title='bbox 3571 5039 3589 5086; x_wconf 89' lang='lat'><strong><em>;</em></strong></span> 
     </span>
    </p>
   </div>
   <div class='ocr_carea' id='block_1_115' title="bbox 2000 5104 3593 5176">
    <p class='ocr_par' dir='ltr' id='par_1_115' title="bbox 2000 5104 3593 5176">
     <span class='ocr_line' id='line_1_115' title="bbox 2000 5104 3593 5176; baseline 0.003 -17"><span class='ocrx_word' id='word_1_923' title='bbox 2000 5113 2059 5159; x_wconf 90' lang='lat' dir='ltr'><strong>ut</strong></span> <span class='ocrx_word' id='word_1_924' title='bbox 2087 5106 2345 5159; x_wconf 89' lang='lat' dir='ltr'><strong>honestas</strong></span> <span class='ocrx_word' id='word_1_925' title='bbox 2369 5104 2491 5161; x_wconf 69' lang='lat' dir='ltr'><strong>vitae</strong></span> <span class='ocrx_word' id='word_1_926' title='bbox 2520 5114 2573 5160; x_wconf 89' lang='lat' dir='ltr'><strong>et</strong></span> <span class='ocrx_word' id='word_1_927' title='bbox 2604 5105 2820 5160; x_wconf 89' lang='lat' dir='ltr'><strong>habitus</strong></span> <span class='ocrx_word' id='word_1_928' title='bbox 2858 5113 3070 5160; x_wconf 65' lang='lat' dir='ltr'><strong>aetatem</strong></span> <span class='ocrx_word' id='word_1_929' title='bbox 3108 5113 3256 5160; x_wconf 89' lang='lat' dir='ltr'><strong>tuam</strong></span> <span class='ocrx_word' id='word_1_930' title='bbox 3304 5107 3462 5161; x_wconf 91' lang='lat' dir='ltr'><strong>annis</strong></span> <span class='ocrx_word' id='word_1_931' title='bbox 3500 5108 3593 5176; x_wconf 91' lang='lat' dir='ltr'><strong>ju-</strong></span> 
     </span>
    </p>
   </div>
   <div class='ocr_carea' id='block_1_116' title="bbox 2000 5193 3590 5268">
    <p class='ocr_par' dir='ltr' id='par_1_116' title="bbox 2000 5193 3590 5268">
     <span class='ocr_line' id='line_1_116' title="bbox 2000 5193 3590 5268; baseline 0.001 -19"><span class='ocrx_word' id='word_1_932' title='bbox 2000 5193 2234 5249; x_wconf 88' lang='lat' dir='ltr'><strong>venilem</strong></span> <span class='ocrx_word' id='word_1_933' title='bbox 2276 5195 2521 5249; x_wconf 87' lang='lat' dir='ltr'><strong>moribus</strong></span> <span class='ocrx_word' id='word_1_934' title='bbox 2551 5194 2750 5250; x_wconf 87' lang='lat' dir='ltr'><strong>faciant</strong></span> <span class='ocrx_word' id='word_1_935' title='bbox 2795 5202 3080 5250; x_wconf 90' lang='lat' dir='ltr'><strong>maturam.</strong></span> <span class='ocrx_word' id='word_1_936' title='bbox 3114 5196 3316 5261; x_wconf 90' lang='lat' dir='ltr'><strong>Nemo,</strong></span> <span class='ocrx_word' id='word_1_937' title='bbox 3351 5196 3590 5268; x_wconf 88' lang='lat' dir='ltr'><strong>inquam,</strong></span> 
     </span>
    </p>
   </div>
   <div class='ocr_carea' id='block_1_117' title="bbox 2002 5284 3593 5356">
    <p class='ocr_par' dir='ltr' id='par_1_117' title="bbox 2002 5284 3593 5356">
     <span class='ocr_line' id='line_1_117' title="bbox 2002 5284 3593 5356; baseline 0.003 -20"><span class='ocrx_word' id='word_1_938' title='bbox 2002 5290 2055 5337; x_wconf 88' lang='lat' dir='ltr'><strong>te</strong></span> <span class='ocrx_word' id='word_1_939' title='bbox 2085 5290 2436 5338; x_wconf 90' lang='lat' dir='ltr'><strong>contemnat:</strong></span> <span class='ocrx_word' id='word_1_940' title='bbox 2482 5284 2577 5339; x_wconf 84' lang='lat' dir='ltr'><strong>sed</strong></span> <span class='ocrx_word' id='word_1_941' title='bbox 2605 5288 2720 5338; x_wconf 88' lang='lat' dir='ltr'><strong>esto</strong></span> <span class='ocrx_word' id='word_1_942' title='bbox 2765 5286 3092 5356; x_wconf 79' lang='lat' dir='ltr'><strong>exemplum</strong></span> <span class='ocrx_word' id='word_1_943' title='bbox 3140 5301 3479 5356; x_wconf 90' lang='lat' dir='ltr'><strong>quorumque</strong></span> <span class='ocrx_word' id='word_1_944' title='bbox 3520 5287 3593 5354; x_wconf 79' lang='lat' dir='ltr'><strong>ﬁ-</strong></span> 
     </span>
    </p>
   </div>
   <div class='ocr_carea' id='block_1_118' title="bbox 2003 5372 3591 5445">
    <p class='ocr_par' dir='ltr' id='par_1_118' title="bbox 2003 5372 3591 5445">
     <span class='ocr_line' id='line_1_118' title="bbox 2003 5372 3591 5445; baseline 0.001 -18"><span class='ocrx_word' id='word_1_945' title='bbox 2003 5372 2220 5428; x_wconf 90' lang='lat' dir='ltr'><strong>delium</strong></span> <span class='ocrx_word' id='word_1_946' title='bbox 2250 5374 2313 5427; x_wconf 87' lang='lat' dir='ltr'><strong>in</strong></span> <span class='ocrx_word' id='word_1_947' title='bbox 2342 5374 2500 5429; x_wconf 81' lang='lat' dir='ltr'><strong>verbo</strong></span> <span class='ocrx_word' id='word_1_948' title='bbox 2532 5392 2549 5427; x_wconf 91' lang='lat'><strong><em>:</em></strong></span> <span class='ocrx_word' id='word_1_949' title='bbox 2584 5372 2639 5426; x_wconf 92' lang='lat' dir='ltr'><strong>in</strong></span> <span class='ocrx_word' id='word_1_950' title='bbox 2668 5372 2967 5427; x_wconf 89' lang='lat' dir='ltr'><strong>humilitate</strong></span> <span class='ocrx_word' id='word_1_951' title='bbox 2997 5374 3278 5445; x_wconf 88' lang='lat' dir='ltr'><strong>alloquens</strong></span> <span class='ocrx_word' id='word_1_952' title='bbox 3308 5390 3498 5429; x_wconf 88' lang='lat' dir='ltr'><strong>omnes</strong></span> <span class='ocrx_word' id='word_1_953' title='bbox 3526 5376 3591 5429; x_wconf 89' lang='lat' dir='ltr'><strong>in</strong></span> 
     </span>
    </p>
   </div>
   <div class='ocr_carea' id='block_1_119' title="bbox 2003 5459 3593 5531">
    <p class='ocr_par' dir='ltr' id='par_1_119' title="bbox 2003 5459 3593 5531">
     <span class='ocr_line' id='line_1_119' title="bbox 2003 5459 3593 5531; baseline 0.004 -15"><span class='ocrx_word' id='word_1_954' title='bbox 2003 5464 2453 5530; x_wconf 80' lang='lat' dir='ltr'><strong>conversatione,</strong></span> <span class='ocrx_word' id='word_1_955' title='bbox 2477 5461 2729 5517; x_wconf 89' lang='lat' dir='ltr'><strong>omnibus</strong></span> <span class='ocrx_word' id='word_1_956' title='bbox 2749 5459 2926 5518; x_wconf 91' lang='lat' dir='ltr'><strong>omnia</strong></span> <span class='ocrx_word' id='word_1_957' title='bbox 2939 5461 3110 5518; x_wconf 89' lang='lat' dir='ltr'><strong>factus</strong></span> <span class='ocrx_word' id='word_1_958' title='bbox 3133 5464 3192 5518; x_wconf 89' lang='lat' dir='ltr'><strong>in</strong></span> <span class='ocrx_word' id='word_1_959' title='bbox 3218 5464 3519 5531; x_wconf 85' lang='lat' dir='ltr'><strong>charitate,</strong></span> <span class='ocrx_word' id='word_1_960' title='bbox 3536 5463 3593 5523; x_wconf 87' lang='lat' dir='ltr'><strong>id</strong></span> 
     </span>
    </p>
   </div>
  </div>
