3966 6050
382 104 487 160 447
929 103 986 159 S.
1025 103 1382 163 BRUNONIS
1421 104 2063 163 CARTHUSIANORUM
2110 104 2596 165 INSTITUTORIS
2633 106 2785 164 OPP.
2828 105 3003 161 PARS
3040 106 3108 161 II.
3566 105 3670 160 448

385 236 471 284 est
497 228 554 284 in
582 228 873 286 dilectione
903 229 1137 301 proximi
1165 232 1230 286 in
1258 231 1387 300 ﬁde,
1426 230 1482 286 id
1512 238 1595 285 est
1622 231 1677 285 in
1700 230 1971 299 justifica-
1992 230 2046 290 Α
2082 252 2103 276 ‹‹
2139 230 2278 285 Nam
2308 247 2425 303 quae
2455 232 2510 286 in
2566 230 2778 287 deliciis
2825 237 2908 285 est
2936 229 3158 298 vivens,
3193 234 3403 283 mortua
3462 235 3565 283 est.
3597 228 3666 282 Et

388 317 535 373 tione
554 334 897 388 permanens.
930 320 996 373 Et
1017 321 1080 374 in
1097 320 1384 384 castitate,
1420 335 1539 391 quae
1569 319 1740 373 virtus
1756 333 1975 390 gemma
2077 340 2108 364 ιιι
2144 318 2248 375 hoc
2277 320 2535 391 praecipe,
2564 328 2621 375 ut
2649 318 3155 390 irreprehensibiles
3188 318 3313 372 sint.
3340 317 3394 372 Si
3419 317 3538 388 quis
3568 332 3672 370 au-

387 405 645 462 virtutum
673 407 833 462 estin
856 407 1076 475 juvene.
1110 408 1239 463 Ideo
1271 408 1339 462 de
1361 408 1605 463 castitate
1617 408 1873 476 juvenem
1896 407 1977 459 in-
2086 430 2107 455 τι
2144 415 2251 461 tem
2303 425 2525 464 suorum
2575 410 2650 477 (et
2697 408 2928 461 maxime
2976 407 3426 475 domesticorum)
3482 420 3667 460 curam

389 495 566 561 struit,
596 495 966 551 adolescentia
997 496 1140 550 enim
1171 504 1302 551 setas
1360 504 1444 551 est
1489 496 1667 568 magis
1723 495 1977 551 lascivire
2088 518 2109 541 α
2147 512 2254 550 ηοη
2284 498 2467 563 habet,
2501 496 2663 552 ﬁdem
2694 495 2933 569 negavit,
2969 503 3018 551 et
3051 503 3135 550 est
3178 493 3381 548 inﬁdeli
3411 494 3675 548 deterior.

392 592 655 654 appetens
684 600 848 656 quam
892 584 1014 639 alia.
1062 585 1131 638 Et
1160 592 1219 638 ut
1274 584 1349 638 sis
1400 585 1707 655 exemplum
1736 583 1977 638 fidelium
2089 606 2111 630 ‹‹
2152 585 2321 639 Vidua
2378 586 2612 657 eligatur
2659 601 2769 640 non
2824 585 3001 639 minus
3045 583 3328 655 sexaginta
3385 597 3672 646 annorum,

392 674 623 729 attende
646 674 894 738 lectioni,
928 673 981 727 id
1011 681 1095 728 est
1124 672 1343 728 assidue
1382 673 1602 728 revolve
1634 688 1842 738 sacram
1874 688 1978 743 pa-
2090 696 2111 720 ιι
2148 690 2270 745 qua:
2326 673 2489 729 fuerit
2546 674 2706 729 unius
2762 674 2860 728 viri
2903 688 3056 737 uxor,
3090 673 3144 726 in
3197 671 3455 743 operibus
3514 669 3672 725 bonis

390 760 598 832 ginam,
631 762 765 817 dum
792 805 804 828 ,
838 761 892 816 id
923 769 1005 816 est
1061 762 1236 816 donec
1291 777 1395 832 ego
1446 764 1628 817 venio.
1689 762 1980 833 Postquam
2090 785 2112 809 ‹‹
2148 762 2511 818 testimonium
2542 763 2749 817 habens
2783 781 2795 816 :
2830 763 2873 816 si
2906 761 3046 816 filios
3069 761 3338 825 educavit,
3375 760 3421 814 si
3441 758 3675 829 hospitio

395 848 541 904 enim
571 850 641 904 ad
696 858 749 905 te
816 866 1022 904 venero
1081 848 1411 905 suﬂicienter
1464 850 1696 905 monebo
1726 858 1778 905 te
1811 867 1824 903 :
1858 850 1983 904 viva
2090 875 2111 899 α
2147 852 2373 922 recepit,
2396 853 2441 905 si
2470 859 2780 906 sanctorum
2803 851 2972 921 pedes
3010 849 3159 914 lavit,
3192 849 3235 902 si
3267 848 3676 902 tribulationem

396 937 539 992 enim
571 953 674 993 vox
701 939 876 1011 magis
905 938 1106 993 animat
1165 954 1543 1010 quemcunque
1579 955 1742 1010 quam
1772 938 1931 993 lectio
1968 953 1980 992 :
2093 963 2114 986 α
2147 940 2473 1010 patientibus
2514 939 2959 1001 subministravit,
2994 938 3039 992 si
3086 954 3246 991 omne
3294 952 3433 1007 opus
3472 936 3675 990 bonum

398 1025 497 1080 sed
525 1034 707 1082 tamen
733 1026 885 1081 mulli
917 1026 1045 1081 satis
1076 1027 1270 1091 sciunt,
1320 1028 1431 1098 qui,
1466 1027 1569 1080 nisi
1591 1027 1822 1082 lectione
1843 1026 1984 1082 inci-
2093 1049 2114 1078 α
2151 1028 2436 1083 subsecuta
2473 1033 2573 1082 est.
2608 1028 3081 1083 Adolescentiores
3121 1033 3303 1081 autem
3350 1024 3542 1079 viduas
3572 1024 3677 1077 de-

397 1121 657 1180 tareutur,
692 1124 967 1185 torperent
997 1116 1124 1170 dum
1154 1116 1389 1170 monitor
1419 1131 1607 1170 eorum
1634 1117 1891 1181 abesset;
1935 1123 1989 1170 et
2094 1138 2115 1167 «
2151 1117 2281 1170 vita.
2316 1117 2447 1170 Cum
2481 1117 2625 1171 enim
2654 1117 2937 1171 luxuriatae
2982 1114 3197 1183 fuerint,
3232 1114 3286 1167 in
3320 1113 3533 1168 Christo
3571 1129 3678 1165 nu-

399 1202 523 1258 ideo
554 1204 627 1257 ait
660 1220 672 1258 :
707 1205 940 1259 Attende
974 1204 1212 1267 lectioni,
1247 1212 1301 1258 et
1328 1205 1545 1259 attende
1573 1205 1983 1269 exhortationi,
2094 1226 2116 1250 η
2152 1205 2280 1259 bere
2326 1205 2511 1259 volunt
2544 1222 2557 1259 :
2590 1205 2852 1259 habentes
2899 1203 3325 1268 damnationem,
3359 1201 3483 1273 quia
3561 1199 3681 1270 pri-

398 1290 454 1345 id
484 1300 563 1345 est
584 1293 873 1347 exhortare
902 1309 998 1347 eos
1028 1294 1118 1362 qui
1148 1292 1291 1347 docti
1323 1303 1465 1357 sunt,
1489 1300 1541 1347 et
1564 1301 1745 1347 tamen
1766 1294 1835 1347 ad
1864 1308 1994 1363 ope-
2095 1315 2116 1339 ‹‹
2151 1309 2294 1346 mam
2353 1292 2511 1347 ﬁdem
2556 1293 2765 1347 irritam
2816 1292 3078 1348 fecerunt.
3158 1290 3328 1346 Simul
3391 1297 3570 1342 autem
3631 1295 3685 1342 et

400 1380 632 1434 randum
652 1380 815 1452 pigri.
849 1381 1080 1436 Attende
1120 1380 1281 1435 etiam
1312 1381 1586 1436 doctrinae
1612 1423 1625 1451 ,
1658 1382 1713 1435 id
1743 1389 1824 1436 est
1853 1382 1991 1436 doce
2095 1402 2117 1430 α
2153 1382 2342 1436 otiosae
2373 1382 2589 1437 discunt
2606 1381 2834 1437 circuire
2856 1380 3051 1435 domos
3085 1397 3097 1433 :
3130 1394 3239 1433 non
3270 1378 3444 1433 solum
3470 1377 3683 1440 otiosae,

402 1483 499 1523 eos
528 1469 621 1538 qui
650 1469 896 1523 nesciunt
928 1487 940 1522 :
973 1478 1025 1523 et
1057 1469 1192 1522 utin
1218 1469 1303 1523 his
1336 1469 1589 1523 attentior
1615 1470 1710 1537 sis,
1744 1470 1865 1525 noli
1893 1486 1991 1525 ne-
2095 1489 2117 1518 α
2154 1469 2251 1524 sed
2280 1478 2332 1524 et
2390 1471 2635 1525 verbosa;
2678 1477 2731 1525 et
2777 1470 3029 1533 curiosae,
3062 1468 3348 1539 loquentes
3407 1482 3526 1537 quae
3572 1481 3685 1520 non

399 1557 609 1627 gligere
626 1558 874 1627 gratiam
906 1557 1136 1627 Spiritus
1164 1557 1333 1612 sancti
1353 1574 1473 1629 qua:
1491 1562 1576 1612 est
1608 1560 1671 1613 in
1695 1562 1746 1613 te
1769 1558 1987 1612 collata.
2010 1587 2063 1646 Β
2097 1582 2117 1605 ‹‹
2164 1566 2394 1628 oportet.
2445 1559 2581 1614 Volo
2630 1573 2765 1631 ergo
2806 1558 3051 1627 juniores
3106 1556 3343 1619 nubere,
3379 1553 3521 1608 filios
3548 1569 3686 1624 pro-

406 1643 648 1699 Gratiam
693 1644 817 1700 dico
872 1644 1255 1715 pontiﬁcalem,
1286 1662 1408 1718 quae
1466 1646 1601 1701 data
1631 1650 1718 1701 est
1763 1647 1865 1701 tibi
1890 1642 2056 1717 per—
2098 1670 2120 1693 α
2156 1662 2363 1714 creare,
2398 1655 2599 1701 matres
2644 1647 2876 1701 familias
2906 1661 3048 1712 esse,
3110 1644 3310 1699 nullam
3337 1642 3686 1697 occasionem

401 1734 788 1805 prophetiam,
822 1734 876 1787 id
905 1741 986 1787 est
1030 1751 1130 1803 per
1174 1733 1592 1803 praevisionem;
1626 1735 1816 1805 spiritu
1847 1735 1992 1789 enim
2098 1756 2119 1781 α
2155 1735 2289 1790 dare
2326 1735 2636 1790 adversario
2656 1733 2930 1790 maledicti
2960 1734 3152 1806 gratia.
3206 1734 3325 1788 Jam
3357 1731 3501 1786 enim
3528 1747 3685 1802 quaes

403 1822 703 1892 prophetiae
760 1823 1101 1892 praedoctus,
1135 1823 1245 1877 vidi
1276 1831 1327 1877 te
1383 1823 1636 1878 idoneum
1696 1823 1994 1893 pontiﬁcali
2098 1848 2119 1871 α
2156 1824 2275 1878 dam
2308 1840 2590 1879 conversae
2630 1832 2752 1879 sunt
2782 1832 2928 1878 retro
2972 1831 3096 1894 post
3149 1822 3427 1877 Satanam.
3474 1820 3530 1874 Si
3561 1820 3684 1891 quis

403 1911 591 1982 gratiae
623 1926 635 1964 :
668 1919 720 1966 et
750 1912 868 1967 haec
898 1912 1022 1966 data
1052 1920 1133 1966 est
1166 1911 1262 1965 tibi
1290 1928 1419 1967 cum
1478 1913 1835 1983 impositione
1865 1930 1994 1967 ma-
2099 1934 2119 1959 α
2157 1911 2331 1967 ﬁdelis
2363 1913 2523 1967 habet
2544 1913 2755 1975 viduas,
2790 1912 3161 1966 subministret
3200 1911 3306 1964 illis
3336 1919 3393 1964 ut
3414 1925 3521 1963 non
3552 1924 3685 1979 gra-

403 2015 587 2055 nuum
613 2000 972 2071 presbyterii,
1008 2000 1058 2053 id
1091 2007 1173 2053 est
1228 2000 1471 2070 episcOpi
1499 2001 1591 2070 qui
1620 2002 1994 2056 consecrando
2099 2023 2120 2046 α
2155 2009 2313 2055 vetur
2358 2002 2593 2057 ecclesia
2627 2016 2639 2055 :
2674 2010 2731 2056 ut
2765 2001 2849 2055 his
2884 2018 3002 2073 quae
3023 2016 3149 2056 vere
3173 2000 3350 2054 viduae
3368 2006 3492 2052 sunt
3529 1995 3684 2051 suﬁi-

405 2095 459 2142 te
486 2086 823 2157 episcopum,
853 2104 1045 2141 manus
1075 2087 1169 2141 tibi
1198 2087 1472 2158 imposuit.
1518 2087 1614 2143 Vel
1646 2089 1989 2159 presbyterii,
2100 2112 2123 2137 α
2159 2090 2282 2144 ciat.
2317 2089 2420 2159 Qui
2449 2089 2589 2145 bene
2610 2098 2849 2162 praesunt
2877 2089 3204 2159 presbyteri,
3245 2087 3447 2158 duplici
3478 2087 3687 2140 honore

406 2174 461 2228 id
518 2183 601 2229 est
654 2175 1062 2246 presbyteratus
1096 2193 1108 2230 :
1142 2176 1270 2246 quia
1316 2176 1441 2231 licet
1485 2192 1625 2229 unus
1692 2176 1997 2246 specialiter
2101 2201 2121 2225 «ι
2166 2179 2317 2251 digni
2367 2179 2687 2243 habeantur,
2738 2178 2969 2233 maxime
3002 2178 3093 2248 qui
3141 2177 3386 2231 laborant
3434 2175 3487 2228 in
3516 2173 3687 2228 verbo

406 2277 602 2317 manus
630 2263 873 2333 imponat
900 2271 953 2318 et
982 2272 1286 2330 consecret,
1325 2272 1507 2319 tamen
1536 2265 1720 2320 caeteri
1751 2266 1993 2335 episcopi
2101 2290 2122 2313 α
2158 2275 2210 2321 et
2242 2268 2502 2324 doctrina.
2556 2269 2693 2323 Dicit
2732 2268 2875 2322 enim
2933 2267 3206 2336 Scriptura
3233 2283 3245 2318 :
3276 2265 3397 2319 Non
3436 2262 3687 2335 alligabis

406 2351 499 2423 qui
520 2360 700 2406 astant
728 2353 981 2407 eumdem
1018 2369 1141 2408 cum
1172 2352 1265 2408 illo
1295 2362 1636 2409 consecrant.
2102 2387 2123 2410 «ι
2160 2363 2234 2435 [in
2260 2357 2431 2430 frena]
2458 2373 2520 2412 os
2550 2358 2673 2412 bovi
2713 2355 2979 2410 trituranti
3011 2356 3195 2425 (Deut.
3232 2368 3369 2417 xxv,
3402 2354 3471 2417 ις
3515 2350 3682 2405 ICor.

474 2437 619 2492 Νοίδ
649 2437 795 2507 (μιοά
822 2453 921 2521 ΡεῗΓ
950 2437 1350 2507 imposmonem
1380 2453 1575 2492 manus
1606 2438 1833 2507 Spiritus
1863 2454 1995 2492 $811-
2102 2476 2123 2499 «
2158 2468 2238 2515 1x,
2271 2452 2346 2519 9).
2377 2449 2445 2504 Et
2480 2462 2491 2500 :
2527 2447 2735 2518 Dignus
2791 2452 2874 2499 est
2922 2444 3209 2513 Operarius
3264 2441 3515 2496 mercede
3565 2454 3684 2493 sua.

406 2533 526 2581 Otus
553 2525 713 2580 datur
746 2543 757 2579 ε
792 2542 900 2579 non
931 2526 1054 2583 ideo
1084 2525 1141 2579 ﬁt
1172 2527 1300 2597 quin
1333 2527 1448 2581 Sine
1478 2528 1581 2582 hoc
1610 2534 1796 2596 ροδδθι
1825 2527 1943 2581 dari
1978 2544 1993 2590 ξ
2102 2564 2123 2587 «
2162 2540 2439 2594 Adversus
2470 2535 2847 2607 presbyterum
2870 2532 3266 2588 accusationem
3291 2531 3399 2585 noli
3424 2529 3687 2599 recipere.

409 2615 509 2669 sed
536 2614 659 2669 ideo
689 2630 881 2668 manus
911 2614 1220 2684 imponitur,
1253 2622 1310 2669 ut
1340 2616 1555 2685 plenam
1605 2615 1997 2683 subiectionem
2103 2653 2123 2677 κ
2161 2629 2265 2683 nisi
2290 2627 2388 2681 sub
2419 2626 2630 2680 duobus
2660 2631 2752 2678 aut
2782 2623 2954 2677 tribus
2977 2621 3203 2676 testibus
3223 2622 3408 2690 (Deut.
3444 2633 3564 2682 xrx,
3599 2620 3686 2681 15,

408 2718 507 2773 per
534 2704 638 2757 hoc
662 2702 835 2758 discat
864 2704 1117 2758 exhibere
1148 2706 1263 2758 Deo
1295 2711 1347 2758 et
1374 2704 1745 2759 consecratori
1778 2720 1876 2757 suo
1907 2704 1997 2758 ille
2104 2741 2125 2765 α
2162 2716 2272 2783 45),
2308 2717 2606 2770 peccantes
2638 2727 2823 2767 coram
2852 2711 3100 2766 omnibus
3122 2724 3312 2781 argue,
3347 2715 3404 2760 ut
3433 2714 3486 2761 et
3506 2705 3687 2761 caeteri

409 2791 502 2863 qui
532 2799 796 2847 sacratur.
822 2791 977 2847 Unde
1007 2800 1242 2847 sacrator
1288 2792 1378 2846 ille
1427 2794 1569 2847 hanc
1626 2792 1997 2862 praelationem
2104 2829 2125 2852 α
2160 2805 2413 2859 timorem
2468 2802 2723 2855 habeam,
2770 2802 2964 2854 Testor
3018 2814 3202 2853 coram
3248 2798 3363 2851 Deo
3393 2803 3444 2848 et
3474 2793 3690 2848 Christo

408 2880 569 2936 habet
597 2896 761 2950 super
808 2896 933 2934 eum
977 2896 1139 2950 quem
1196 2888 1514 2947 consecrat,
1548 2880 1694 2950 (Ιυοά
1724 2897 1997 2951 nunquam
2025 2941 2068 2961 η
2105 2918 2127 2941 ‹‹
2162 2895 2309 2958 Jesu,
2346 2900 2398 2945 et
2455 2890 2640 2945 electis
2696 2889 2910 2961 angelis
2963 2888 3097 2955 ejus,
3151 2894 3208 2939 ut
3250 2885 3367 2939 haec
3414 2881 3690 2939 custodias

409 2969 479 3023 ab
507 2985 573 3024 eo
601 2941 743 3023 ultra
764 2941 1116 3037 iudicabitur.
1168 2969 1460 3040 Prophetia
1492 2941 1655 3024 etiam
1697 2968 1791 3023 illa
1839 2941 2001 3039 quam
2024 2941 2070 3002 Ο
2104 3004 2126 3033 ι
2162 2941 2634 3052 iiié’péajtiaiaa,
2685 2941 3097 3031 nihithfaciims'
3118 2975 3172 3028 in
3230 2974 3447 3027 alteram
3477 2978 3688 3041 partem

413 3057 566 3123 dixit,
590 3058 716 3129 quia
744 3073 851 3112 non
884 3058 957 3111 ita
988 3058 1151 3112 modo
1198 3066 1376 3128 potest
1417 3057 1555 3122 ﬁeri,
1589 3073 1697 3112 non
1745 3058 1890 3112 enim
1920 3059 2001 3114 Sic
2105 3094 2127 3121 α
2153 3069 2498 3126 declinando.
2532 3070 2721 3122 Manus
2751 3066 2857 3121 cito
2902 3063 3106 3119 nomini
3138 3060 3477 3132 imposueris,
3511 3074 3691 3129 neque

411 3147 574 3201 modo
604 3145 875 3216 spiritales
908 3154 1030 3200 sunt
1087 3146 1349 3216 episcopi,
1384 3146 1443 3200 fit
1471 3154 1652 3201 tamen
1701 3147 2001 3202 secundum
2105 3182 2126 3210 α
2162 3157 2643 3215 communicaveris
2680 3154 2919 3226 peccatis
2951 3153 3164 3207 alienis.
3199 3151 3451 3221 Teipsum
3482 3156 3692 3204 castum

412 3235 559 3306 quod
586 3243 765 3306 potest
793 3234 911 3289 ﬁeri
942 3251 954 3289 :
990 3235 1079 3289 ubi
1107 3236 1199 3307 qui
1229 3236 1634 3291 consecrandus
1661 3243 1743 3290 est
1763 3251 1978 3305 praesen

2162 3248 2393 3303 custodi.
2424 3245 2548 3301 Noli
2580 3245 2755 3299 adhuc
2797 3258 2993 3315 aquam
3040 3241 3249 3305 bibere,
3284 3239 3379 3293 sed
3411 3237 3535 3291 vino
3564 3250 3692 3290 mo—

410 3332 555 3378 tatur
601 3324 990 3389 CODSCCI‘ﬂtOl‘l,
1024 3332 1077 3379 et
1108 3325 1399 3394 requiritur
1454 3325 1523 3378 de
1568 3323 1673 3378 tide
1704 3332 1756 3378 et
1788 3324 2001 3379 caeteris
2106 3360 2127 3383 tt
2163 3337 2286 3392 dico
2314 3344 2469 3390 utere
2497 3341 2719 3404 propter
2762 3332 3091 3386 stomachum
3124 3337 3273 3384 tuum
3331 3334 3382 3381 et
3440 3325 3695 3396 frequen-

413 3420 471 3467 ut
499 3413 659 3468 habet
698 3413 867 3468 Ordo.
900 3414 967 3467 Et
997 3412 1077 3482 (ut
1105 3429 1399 3469 conserves
1440 3412 1675 3483 gratiam
1715 3429 1837 3483 quae
1866 3412 1921 3466 in
1951 3421 1979 3466 lt

2163 3433 2245 3479 tes
2275 3433 2395 3479 tuas
2426 3422 2782 3477 inﬁrmitates.
2818 3419 3191 3487 Quorumdam
3248 3416 3527 3471 hominum
3556 3428 3694 3484 pec—

412 3502 515 3572 est)
544 3503 822 3558 meditare
853 3502 968 3557 huic
998 3518 1118 3571 quae
1175 3517 1371 3557 moneo
1406 3516 1417 3555 :
1451 3509 1504 3555 et
1545 3506 1660 3556 esto
1688 3504 1753 3556 in
1784 3502 1870 3557 his
1904 3517 1978 3571 pe:

2124 3522 2279 3568 :cata
2335 3510 2623 3565 manifesta
2680 3515 2823 3573 sunt,
2883 3504 3250 3579 praecedentia
3287 3504 3355 3558 ad
3407 3500 3690 3570 judicium,

409 3590 781 3660 operationem
807 3588 1045 3645 326
1069 3593 1134 3643 ut
1189 3589 1269 3643 δίο
1300 3589 1615 3643 meditando
1643 3597 1696 3643 ει
1726 3588 2002 3657 operando
2108 3625 2128 3647 «ε
2167 3600 2527 3671 quorumdam
2571 3606 2751 3652 autem
2783 3604 2835 3651 ct
2865 3596 3291 3665 subsequuntur.
3317 3590 3573 3645 Similiter
3592 3605 3695 3642 au-

408 3677 701 3747 Ρνοίθοίπιδ
727 3678 857 3728 tu?“
884 3674 1226 3742 manifestus
1258 3675 1333 3728 δίί
1364 3673 1639 3736 omnibus,
1672 3680 1726 3726 θί
1756 3673 2002 3743 exemplo
2106 3712 2127 3736 α
2164 3698 2271 3743 tem
2305 3696 2357 3743 et
2415 3688 2549 3743 facta
2591 3687 2731 3741 bona
2779 3683 3068 3739 manifeste
3126 3689 3268 3746 sunt,
3301 3688 3353 3735 et
3385 3694 3506 3752 quae
3535 3677 3697 3733 aliter

413 3770 506 3816 tuo
534 3759 842 3831 proficiant.
877 3761 1056 3829 thue
1113 3760 1193 3815 sic
1238 3760 1504 3830 prolicere
1548 3760 1752 3829 possis,
1784 3761 2003 3816 attende
2109 3800 2131 3824 α
2165 3794 2225 3833 se
2253 3778 2477 3847 habent,
2514 3774 2777 3831 abscondi
2818 3789 2929 3829 non
2956 3779 3205 3844 possunt,
3244 3790 3267 3821 ι

413 3849 511 3903 tibi
542 3848 828 3912 subtiliter,
862 3847 1076 3919 corrige
1106 3848 1275 3902 vitam
1298 3856 1461 3913 tuam,
1486 3856 1537 3903 et
1574 3856 1626 3902 te
1649 3848 1887 3918 undique
1907 3849 2005 3904 cir-

414 3943 728 4006 cumspecto
758 3935 992 3990 attende
1019 3935 1312 4001 doctrinas,
1342 3935 1397 3989 id
1429 3943 1511 3990 est
1540 3936 1675 3991 doce
1703 3935 1860 3990 alios.
1888 3937 2004 3992 Vita
2767 3937 3087 3979 nxrosmo.

416 4024 561 4080 enim
591 4031 682 4078 tua
712 4023 758 4077 si
789 4022 857 4077 sit
886 4023 1179 4078 laudabilis
1207 4024 1645 4094 praedicationem
1673 4031 1815 4078 tuam
1848 4040 2003 4079 com-
2173 4046 2241 4099 Ει
2269 4059 2337 4097 ne
2367 4042 2678 4097 Timotheus
2708 4043 2893 4111 (quem
2924 4039 3003 4093 sic
3061 4036 3339 4093 admonui;
3360 4079 3372 4101 ,
3428 4034 3694 4107 ρναεοὶρε,

413 4112 711 4199 mendabit)
744 4120 798 4167 εί
827 4112 949 4199 ideo
974 4113 1129 4199 ίτιεέα
1166 4114 1229 4168 in
1258 4113 1393 4199 ίηίὲξ
1427 4112 1482 4166 id
1508 4120 1589 4168 θδί
1619 4113 1674 4167 in
1706 4112 2004 4199 ἀίτθθίίοῖὲἒ
2103 4134 2252 4199 doce,
2276 4140 2406 4195 etc.,
2440 4130 2732 4185 indiscrete
2761 4128 3016 4193 doceret,
3050 4141 3160 4181 non
3202 4124 3489 4180 attendens
3517 4122 3701 4177 diver-

415 4198 540 4286 vitae
588 4205 640 4252 et
669 4196 914 4286 doctrina
941 4196 1298 4251 subditorum.
1345 4198 1453 4253 Iloc
1483 4199 1637 4253 enim
1668 4199 1916 4268 faciens,
1948 4197 2004 4252 id
2104 4196 2288 4276 δίωκε
2319 4228 2536 4275 multum
2595 4226 2647 4273 et
2707 4231 2960 4281 sexuum,
2995 4213 3274 4286 subjungit
3328 4211 3525 4266 paulus
3554 4226 3698 4281 quo-

415 4294 499 4381 est
528 4285 778 4381 instando
812 4284 866 4340 in
898 4285 1004 4381 illis
1034 4287 1279 4381 teipsam
1331 4287 1551 4381 salttum
1580 4287 1774 4381 [αεὶιξεο
1808 4288 2001 4381 Αξιθῐμ
2026 4300 2078 4359 D
2108 4310 2271 4365 modo
2297 4308 2509 4381 singula
2528 4315 2661 4362 aetas
2680 4305 2927 4360 docenda
2958 4304 3043 4369 sit,
3076 4284 3266 4358 dicens
3300 4318 3313 4354 :
3346 4300 3495 4355 Licet
3523 4298 3702 4354 dicam

415 4373 596 4471 ἀωδάο
628 4373 865 4471 abite”
908 4375 1083 4429 etiam
1133 4373 1311 4429 salvos
1341 4373 1509 4431 fades
1554 4390 1655 4445 per
1704 4374 2006 4429 docmnam
2109 4373 2552 4471 prmeipefdoce,
2584 4394 2708 4449 vide
2730 4402 2907 4448 tamen
2934 4409 3007 4447 ne
3045 4408 3168 4447 cum
3189 4389 3502 4444 austeritate
3520 4388 3707 4442 incre-

418 4462 513 4535 (Ιαί
554 4466 607 4517 ιθ
636 4461 901 4517 ααάίυηί·
2109 4461 2327 4560 paveris
2348 4461 2626 4540 seniorem
2654 4490 2827 4547 aetate,
2863 4482 2955 4536 sed
2985 4482 3207 4537 obsecra
3228 4493 3352 4533 cum
3397 4484 3544 4530 tanta
3572 4474 3703 4529 dili-

1039 4619 1263 4677 CAPUT
1300 4620 1370 4675 ν.
2112 4575 2311 4646 gentia,
2343 4577 2409 4628 ut
2438 4579 2695 4644 patrem;
2708 4573 2946 4642 juvenes
2988 4576 3167 4669 autem
3196 4569 3446 4677 obsecra:
3477 4568 3544 4619 ut
3572 4566 3702 4633 fra-

1358 4661 1370 4675 ’
2102 4669 2263 4731 tres,-
2292 4679 2437 4717 anus
2466 4676 2617 4725 vero,
2642 4665 2706 4715 ut
2726 4664 2973 4725 matres;
2985 4657 3347 4728 juvenculas,
3371 4658 3438 4709 ut
3454 4669 3698 4708 sorores.

494 4778 517 4809 ι
554 4755 834 4811 Seuiorem
864 4770 932 4809 ne
976 4752 1366 4825 increpaveris,
1400 4753 1497 4807 sed
1554 4753 1783 4808 obsecra
1815 4760 1873 4807 ut
1903 4767 2010 4822 pa-
2112 4753 2177 4807 Et
2205 4752 2330 4824 quia
2360 4750 2680 4805 Timotheus
2699 4748 2915 4817 juvenis
2945 4754 3083 4811 erat,
3118 4746 3241 4801 ideo
3270 4759 3389 4798 cum
3422 4742 3489 4796 de
3512 4742 3703 4809 juven-

424 4869 447 4893 α
486 4853 644 4913 trem,
674 4845 904 4913 juvenes
951 4851 1009 4897 ut
1039 4842 1256 4910 fratres,
1291 4857 1428 4897 anus
1457 4850 1516 4896 ut
1554 4850 1779 4909 matres,
1807 4842 2011 4910 juven-
2112 4841 2250 4896 culis
2266 4841 2491 4905 diceret,
2511 4841 2574 4894 in
2596 4838 2752 4892 omni
2772 4837 3038 4892 castitate
3069 4832 3359 4904 apposuit;
3393 4828 3703 4885 rectissime

429 4957 450 4981 «ι
487 4934 641 4989 culas
670 4942 727 4987 ut
757 4948 976 4989 sorores
1007 4932 1061 4986 in
1093 4931 1521 4987 omnicastitate.
1549 4930 1751 4987 Viduas
1783 4934 2008 4994 honora,
2113 4929 2257 4985 enim
2285 4928 2341 4982 in
2369 4926 2602 4997 alloquio
2626 4925 3038 4994 juvencularum
3064 4920 3282 4991 juvenis
3323 4921 3392 4974 de
3430 4918 3577 4973 omni
3606 4933 3705 4971 ca-

428 5044 451 5073 ι
488 5038 610 5093 qua:
638 5037 767 5076 vere
799 5021 975 5076 viduae
1005 5028 1146 5075 sunt.
1182 5020 1237 5074 Si
1286 5035 1394 5092 qua
1437 5027 1616 5073 autem
1662 5018 1826 5073 vidua
1872 5017 2012 5071 ﬁlios
2113 5018 2289 5072 stitate
2318 5017 2655 5078 admonetur,
2689 5030 2757 5068 ne
2788 5014 2981 5067 saltem
3024 5011 3248 5064 minima
3291 5007 3475 5064 carnis
3515 5005 3706 5060 titilla-

429 5131 451 5162 α
486 5117 578 5164 aut
606 5117 831 5180 nepotes
860 5110 1052 5175 habet,
1095 5109 1266 5163 discat
1318 5107 1553 5177 primum
1608 5107 1827 5162 domum
1858 5121 2013 5160 suam
2112 5106 2258 5160 tione
2277 5105 2419 5159 circa
2450 5119 2541 5157 eas
2588 5110 2887 5158 moveatur.
2946 5100 3228 5155 Timotheo
3286 5098 3550 5150 instructo
3598 5108 3708 5157 qua

426 5221 454 5251 ι
482 5200 572 5271 pie
597 5214 788 5270 regere
818 5206 871 5252 et
901 5206 1138 5251 mutuam
1168 5197 1343 5252 vicem
1385 5196 1622 5251 reddere
1671 5194 2008 5265 parentibus.
2113 5193 2441 5249 discretione
2489 5192 2687 5247 docere
2735 5191 2958 5246 deberet
3007 5188 3190 5243 subdit
3245 5192 3576 5255 praaceptum
3636 5182 3706 5238 de

427 5312 449 5337 α
485 5270 601 5344 Hoc
630 5287 774 5342 enim
812 5295 1096 5356 acceptum
1137 5292 1219 5339 est
1251 5299 1435 5339 coram
1480 5286 1613 5338 Deo.
1670 5282 1806 5351 Quae
1833 5290 2013 5336 autem
2112 5284 2320 5349 viduis,
2373 5281 2742 5337 determinans
2791 5296 2911 5349 quae
2954 5278 3023 5331 de
3071 5275 3229 5331 bonis
3284 5272 3547 5327 Ecclesiae
3603 5270 3705 5326 de-

429 5399 451 5427 «
488 5392 617 5432 vere
648 5375 808 5431 vidua
838 5381 919 5429 est
950 5381 1003 5428 et
1032 5372 1296 5440 desolata,
1323 5380 1503 5443 speret
1522 5372 1579 5426 in
1598 5374 1772 5427 Deum
1807 5386 1818 5425 :
1851 5378 1904 5426 et
1932 5370 2014 5424 in-
2116 5372 2279 5427 beant
2334 5370 2645 5436 sustentari,
2674 5376 2727 5423 et
2760 5384 2882 5439 quae
2934 5381 3042 5421 non
3068 5407 3081 5431 ,
3130 5364 3320 5419 dicens
3345 5379 3359 5415 :
3380 5358 3707 5415 Juveneulas

430 5487 453 5519 ι
486 5473 590 5521 stet
618 5462 1088 5520 obsecrationibus
1127 5468 1181 5518 et
1220 5460 1551 5519 orationibus
1593 5469 1753 5518 nocte
1792 5476 1858 5517 ac
1899 5460 2011 5519 die.
2114 5460 2193 5516 sic
2246 5460 2516 5525 obsecra;
2571 5458 2767 5513 Viduas
2822 5470 2947 5511 vero
3032 5451 3411 5525 confugientes
3471 5448 3538 5503 ad
3598 5448 3709 5504 Ec-
