  <div class='ocr_page' id='page_1' title='image "/cluster/home/n/w/nwhite01/storage/ocr_20150623/153/hvd.32044054760111/231.png"; bbox 0 0 3948 6060; ppageno 0'>
   <div class='ocr_carea' id='block_1_1' title="bbox 405 142 501 196">
    <p class='ocr_par' dir='ltr' id='par_1_1' title="bbox 405 142 501 196">
     <span class='ocr_line' id='line_1_1' title="bbox 405 142 501 196; baseline 0.021 -2"><span class='ocrx_word' id='word_1_1' title='bbox 405 142 501 196; x_wconf 75' lang='grc'>451</span> 
     </span>
    </p>
   </div>
   <div class='ocr_carea' id='block_1_2' title="bbox 938 136 3157 198">
    <p class='ocr_par' dir='ltr' id='par_1_2' title="bbox 938 136 3157 198">
     <span class='ocr_line' id='line_1_2' title="bbox 938 136 3157 198; baseline -0.001 -2"><span class='ocrx_word' id='word_1_2' title='bbox 938 141 999 196; x_wconf 93' lang='lat' dir='ltr'>S.</span> <span class='ocrx_word' id='word_1_3' title='bbox 1056 136 1410 198; x_wconf 81' lang='lat' dir='ltr'>BRUNONIS</span> <span class='ocrx_word' id='word_1_4' title='bbox 1448 136 2098 198; x_wconf 79' lang='lat' dir='ltr'>CARTHUSIANORUM</span> <span class='ocrx_word' id='word_1_5' title='bbox 2135 136 2617 195; x_wconf 84' lang='lat' dir='ltr'>INSTITUTORIS</span> <span class='ocrx_word' id='word_1_6' title='bbox 2655 136 2807 195; x_wconf 91' lang='lat' dir='ltr'>OPP.</span> <span class='ocrx_word' id='word_1_7' title='bbox 2850 136 3047 194; x_wconf 83' lang='lat' dir='ltr'>PARS.</span> <span class='ocrx_word' id='word_1_8' title='bbox 3090 137 3157 193; x_wconf 91' lang='lat' dir='ltr'>Il.</span> 
     </span>
    </p>
   </div>
   <div class='ocr_carea' id='block_1_3' title="bbox 3591 139 3709 195">
    <p class='ocr_par' dir='ltr' id='par_1_3' title="bbox 3591 139 3709 195">
     <span class='ocr_line' id='line_1_3' title="bbox 3591 139 3709 195; baseline 0.008 -2"><span class='ocrx_word' id='word_1_9' title='bbox 3591 139 3709 195; x_wconf 66' lang='grc'>452</span> 
     </span>
    </p>
   </div>
   <div class='ocr_carea' id='block_1_4' title="bbox 402 264 3705 339">
    <p class='ocr_par' dir='ltr' id='par_1_4' title="bbox 402 264 3705 339">
     <span class='ocr_line' id='line_1_4' title="bbox 402 264 3705 339; baseline -0.001 -18"><span class='ocrx_word' id='word_1_10' title='bbox 402 267 544 339; x_wconf 89' lang='lat' dir='ltr'>cipio</span> <span class='ocrx_word' id='word_1_11' title='bbox 574 266 727 339; x_wconf 86' lang='lat' dir='ltr'>digni</span> <span class='ocrx_word' id='word_1_12' title='bbox 756 266 992 321; x_wconf 86' lang='lat' dir='ltr'>habendi</span> <span class='ocrx_word' id='word_1_13' title='bbox 1025 275 1149 321; x_wconf 92' lang='lat' dir='ltr'>sunt</span> <span class='ocrx_word' id='word_1_14' title='bbox 1176 267 1501 339; x_wconf 77' lang='lat' dir='ltr'>presbyteri.</span> <span class='ocrx_word' id='word_1_15' title='bbox 1534 267 1661 338; x_wconf 86' lang='lat' dir='ltr'>quia</span> <span class='ocrx_word' id='word_1_16' title='bbox 1690 266 1819 321; x_wconf 90' lang='lat' dir='ltr'>dicit</span> <span class='ocrx_word' id='word_1_17' title='bbox 1848 264 1994 320; x_wconf 87' lang='lat' dir='ltr'>Scri-</span> <span class='ocrx_word' id='word_1_18' title='bbox 2016 268 2071 326; x_wconf 80' lang='grc' dir='ltr'><strong>Α</strong></span> <span class='ocrx_word' id='word_1_19' title='bbox 2100 264 2242 321; x_wconf 89' lang='lat' dir='ltr'>dicio</span> <span class='ocrx_word' id='word_1_20' title='bbox 2290 265 2585 336; x_wconf 84' lang='lat' dir='ltr'>quemlibet</span> <span class='ocrx_word' id='word_1_21' title='bbox 2641 264 3057 333; x_wconf 87' lang='lat' dir='ltr'>examinaveris,</span> <span class='ocrx_word' id='word_1_22' title='bbox 3118 264 3163 318; x_wconf 92' lang='lat' dir='ltr'>si</span> <span class='ocrx_word' id='word_1_23' title='bbox 3228 280 3353 319; x_wconf 89' lang='lat' dir='ltr'>eum</span> <span class='ocrx_word' id='word_1_24' title='bbox 3409 264 3705 337; x_wconf 87' lang='lat' dir='ltr'>indignum</span> 
     </span>
    </p>
   </div>
   <div class='ocr_carea' id='block_1_5' title="bbox 405 354 1994 427">
    <p class='ocr_par' dir='ltr' id='par_1_5' title="bbox 405 354 1994 427">
     <span class='ocr_line' id='line_1_5' title="bbox 405 354 1994 427; baseline -0.002 -18"><span class='ocrx_word' id='word_1_25' title='bbox 405 364 601 425; x_wconf 90' lang='lat' dir='ltr'>putura</span> <span class='ocrx_word' id='word_1_26' title='bbox 629 372 641 410; x_wconf 88' lang='lat'><strong>:</strong></span> <span class='ocrx_word' id='word_1_27' title='bbox 662 357 782 411; x_wconf 87' lang='lat' dir='ltr'>Non</span> <span class='ocrx_word' id='word_1_28' title='bbox 803 356 1065 425; x_wconf 85' lang='lat' dir='ltr'>alligabis</span> <span class='ocrx_word' id='word_1_29' title='bbox 1085 374 1144 411; x_wconf 87' lang='lat' dir='ltr'>os</span> <span class='ocrx_word' id='word_1_30' title='bbox 1167 356 1286 412; x_wconf 89' lang='lat' dir='ltr'>bovi</span> <span class='ocrx_word' id='word_1_31' title='bbox 1309 358 1618 411; x_wconf 87' lang='lat' dir='ltr'>trituranti</span> <span class='ocrx_word' id='word_1_32' title='bbox 1638 354 1826 427; x_wconf 83' lang='lat' dir='ltr'>(Deut.</span> <span class='ocrx_word' id='word_1_33' title='bbox 1852 369 1994 421; x_wconf 82' lang='lat' dir='ltr'>xxv,</span> 
     </span>
    </p>
   </div>
   <div class='ocr_carea' id='block_1_6' title="bbox 405 443 1998 515">
    <p class='ocr_par' dir='ltr' id='par_1_6' title="bbox 405 443 1998 515">
     <span class='ocr_line' id='line_1_6' title="bbox 405 443 1998 515; baseline -0.003 -16"><span class='ocrx_word' id='word_1_34' title='bbox 405 447 467 510; x_wconf 73' lang='lat'><strong>4;</strong></span> <span class='ocrx_word' id='word_1_35' title='bbox 502 446 527 497; x_wconf 98' lang='lat' dir='ltr'><strong><em>I</em></strong></span> <span class='ocrx_word' id='word_1_36' title='bbox 543 444 660 500; x_wconf 87' lang='lat' dir='ltr'>Cor.</span> <span class='ocrx_word' id='word_1_37' title='bbox 695 460 773 511; x_wconf 82' lang='lat' dir='ltr'>1x,</span> <span class='ocrx_word' id='word_1_38' title='bbox 809 448 884 514; x_wconf 88' lang='grc'>9).</span> <span class='ocrx_word' id='word_1_39' title='bbox 917 446 1033 498; x_wconf 86' lang='lat' dir='ltr'>Mos</span> <span class='ocrx_word' id='word_1_40' title='bbox 1081 444 1179 498; x_wconf 89' lang='lat' dir='ltr'>fuit</span> <span class='ocrx_word' id='word_1_41' title='bbox 1206 445 1476 499; x_wconf 89' lang='lat' dir='ltr'>veteribus</span> <span class='ocrx_word' id='word_1_42' title='bbox 1506 445 1583 515; x_wconf 87' lang='lat' dir='ltr'>(et</span> <span class='ocrx_word' id='word_1_43' title='bbox 1626 444 1803 498; x_wconf 89' lang='lat' dir='ltr'>adhuc</span> <span class='ocrx_word' id='word_1_44' title='bbox 1832 450 1913 497; x_wconf 90' lang='lat' dir='ltr'>est</span> <span class='ocrx_word' id='word_1_45' title='bbox 1943 443 1998 496; x_wconf 91' lang='lat' dir='ltr'>in</span> 
     </span>
    </p>
   </div>
   <div class='ocr_carea' id='block_1_7' title="bbox 404 532 1999 604">
    <p class='ocr_par' dir='ltr' id='par_1_7' title="bbox 404 532 1999 604">
     <span class='ocr_line' id='line_1_7' title="bbox 404 532 1999 604; baseline -0.001 -18"><span class='ocrx_word' id='word_1_46' title='bbox 404 532 677 603; x_wconf 81' lang='lat' dir='ltr'>aliquibus</span> <span class='ocrx_word' id='word_1_47' title='bbox 706 534 972 604; x_wconf 88' lang='lat' dir='ltr'>partibus)</span> <span class='ocrx_word' id='word_1_48' title='bbox 1005 542 1059 587; x_wconf 91' lang='lat' dir='ltr'>ut</span> <span class='ocrx_word' id='word_1_49' title='bbox 1090 542 1305 604; x_wconf 83' lang='lat' dir='ltr'>segetes</span> <span class='ocrx_word' id='word_1_50' title='bbox 1338 534 1390 586; x_wconf 91' lang='lat' dir='ltr'>in</span> <span class='ocrx_word' id='word_1_51' title='bbox 1422 549 1550 588; x_wconf 86' lang='lat' dir='ltr'>area</span> <span class='ocrx_word' id='word_1_52' title='bbox 1579 533 1786 602; x_wconf 88' lang='lat' dir='ltr'>positas</span> <span class='ocrx_word' id='word_1_53' title='bbox 1818 538 1999 586; x_wconf 89' lang='lat' dir='ltr'>conte-</span> 
     </span>
    </p>
   </div>
   <div class='ocr_carea' id='block_1_8' title="bbox 406 619 1998 691">
    <p class='ocr_par' dir='ltr' id='par_1_8' title="bbox 406 619 1998 691">
     <span class='ocr_line' id='line_1_8' title="bbox 406 619 1998 691; baseline -0.002 -16"><span class='ocrx_word' id='word_1_54' title='bbox 406 630 591 675; x_wconf 90' lang='lat' dir='ltr'>rerent</span> <span class='ocrx_word' id='word_1_55' title='bbox 622 623 812 687; x_wconf 81' lang='lat' dir='ltr'>boves,</span> <span class='ocrx_word' id='word_1_56' title='bbox 848 630 901 676; x_wconf 93' lang='lat' dir='ltr'>et</span> <span class='ocrx_word' id='word_1_57' title='bbox 930 630 1127 677; x_wconf 72' lang='lat' dir='ltr'>caetera</span> <span class='ocrx_word' id='word_1_58' title='bbox 1155 622 1317 677; x_wconf 90' lang='lat' dir='ltr'>docta</span> <span class='ocrx_word' id='word_1_59' title='bbox 1337 622 1404 675; x_wconf 90' lang='lat' dir='ltr'>ad</span> <span class='ocrx_word' id='word_1_60' title='bbox 1427 623 1529 675; x_wconf 89' lang='lat' dir='ltr'>hoc</span> <span class='ocrx_word' id='word_1_61' title='bbox 1549 637 1685 691; x_wconf 90' lang='lat' dir='ltr'>opus</span> <span class='ocrx_word' id='word_1_62' title='bbox 1706 619 1957 675; x_wconf 85' lang='lat' dir='ltr'>animalia</span> <span class='ocrx_word' id='word_1_63' title='bbox 1983 637 1998 686; x_wconf 87' lang='lat'><strong>;</strong></span> 
     </span>
    </p>
   </div>
   <div class='ocr_carea' id='block_1_9' title="bbox 402 708 1996 781">
    <p class='ocr_par' dir='ltr' id='par_1_9' title="bbox 402 708 1996 781">
     <span class='ocr_line' id='line_1_9' title="bbox 402 708 1996 781; baseline -0.001 -18"><span class='ocrx_word' id='word_1_64' title='bbox 402 710 501 764; x_wconf 91' lang='lat' dir='ltr'>sed</span> <span class='ocrx_word' id='word_1_65' title='bbox 532 718 715 765; x_wconf 89' lang='lat' dir='ltr'>tamen</span> <span class='ocrx_word' id='word_1_66' title='bbox 761 710 1036 781; x_wconf 90' lang='lat' dir='ltr'>proprium</span> <span class='ocrx_word' id='word_1_67' title='bbox 1080 710 1280 765; x_wconf 88' lang='lat' dir='ltr'>bovum</span> <span class='ocrx_word' id='word_1_68' title='bbox 1327 710 1430 764; x_wconf 91' lang='lat' dir='ltr'>hoc</span> <span class='ocrx_word' id='word_1_69' title='bbox 1459 718 1571 764; x_wconf 91' lang='lat' dir='ltr'>erat</span> <span class='ocrx_word' id='word_1_70' title='bbox 1611 718 1667 763; x_wconf 91' lang='lat' dir='ltr'>ut</span> <span class='ocrx_word' id='word_1_71' title='bbox 1698 710 1802 764; x_wconf 86' lang='lat' dir='ltr'>hoc</span> <span class='ocrx_word' id='word_1_72' title='bbox 1832 708 1996 763; x_wconf 90' lang='lat' dir='ltr'>modo</span> 
     </span>
    </p>
   </div>
   <div class='ocr_carea' id='block_1_10' title="bbox 404 796 2002 871">
    <p class='ocr_par' dir='ltr' id='par_1_10' title="bbox 404 796 2002 871">
     <span class='ocr_line' id='line_1_10' title="bbox 404 796 2002 871; baseline -0.002 -19"><span class='ocrx_word' id='word_1_73' title='bbox 404 800 632 853; x_wconf 90' lang='lat' dir='ltr'>contrita</span> <span class='ocrx_word' id='word_1_74' title='bbox 663 816 863 865; x_wconf 90' lang='lat' dir='ltr'>messe,</span> <span class='ocrx_word' id='word_1_75' title='bbox 896 814 1072 871; x_wconf 89' lang='lat' dir='ltr'>grana</span> <span class='ocrx_word' id='word_1_76' title='bbox 1102 798 1470 870; x_wconf 89' lang='lat' dir='ltr'>seligerentur</span> <span class='ocrx_word' id='word_1_77' title='bbox 1500 814 1532 852; x_wconf 92' lang='lat' dir='ltr'>a</span> <span class='ocrx_word' id='word_1_78' title='bbox 1554 797 1745 869; x_wconf 88' lang='lat' dir='ltr'>paleis.</span> <span class='ocrx_word' id='word_1_79' title='bbox 1772 799 1853 851; x_wconf 92' lang='lat' dir='ltr'>De</span> <span class='ocrx_word' id='word_1_80' title='bbox 1883 796 2002 867; x_wconf 92' lang='lat' dir='ltr'>qui-</span> 
     </span>
    </p>
   </div>
   <div class='ocr_carea' id='block_1_11' title="bbox 403 885 2002 958">
    <p class='ocr_par' dir='ltr' id='par_1_11' title="bbox 403 885 2002 958">
     <span class='ocr_line' id='line_1_11' title="bbox 403 885 2002 958; baseline -0.001 -18"><span class='ocrx_word' id='word_1_81' title='bbox 403 887 506 940; x_wconf 86' lang='lat' dir='ltr'>bus</span> <span class='ocrx_word' id='word_1_82' title='bbox 536 887 791 958; x_wconf 74' lang='lat' dir='ltr'>przecepit</span> <span class='ocrx_word' id='word_1_83' title='bbox 825 889 1040 958; x_wconf 85' lang='lat' dir='ltr'>Moyses</span> <span class='ocrx_word' id='word_1_84' title='bbox 1069 903 1136 941; x_wconf 91' lang='lat' dir='ltr'>ne</span> <span class='ocrx_word' id='word_1_85' title='bbox 1167 887 1293 942; x_wconf 92' lang='lat' dir='ltr'>bovi</span> <span class='ocrx_word' id='word_1_86' title='bbox 1326 887 1695 942; x_wconf 88' lang='lat' dir='ltr'>conterentiin</span> <span class='ocrx_word' id='word_1_87' title='bbox 1727 902 1854 940; x_wconf 88' lang='lat' dir='ltr'>area</span> <span class='ocrx_word' id='word_1_88' title='bbox 1877 885 2002 939; x_wconf 86' lang='lat' dir='ltr'>alli-</span> 
     </span>
    </p>
   </div>
   <div class='ocr_carea' id='block_1_12' title="bbox 404 976 2003 1047">
    <p class='ocr_par' dir='ltr' id='par_1_12' title="bbox 404 976 2003 1047">
     <span class='ocr_line' id='line_1_12' title="bbox 404 976 2003 1047; baseline 0 -18"><span class='ocrx_word' id='word_1_89' title='bbox 404 984 622 1046; x_wconf 84' lang='lat' dir='ltr'>garetur</span> <span class='ocrx_word' id='word_1_90' title='bbox 650 992 732 1043; x_wconf 91' lang='lat' dir='ltr'>os,</span> <span class='ocrx_word' id='word_1_91' title='bbox 764 976 860 1030; x_wconf 90' lang='lat' dir='ltr'>sed</span> <span class='ocrx_word' id='word_1_92' title='bbox 890 977 959 1031; x_wconf 91' lang='lat' dir='ltr'>de</span> <span class='ocrx_word' id='word_1_93' title='bbox 980 992 1044 1031; x_wconf 92' lang='lat' dir='ltr'>eo</span> <span class='ocrx_word' id='word_1_94' title='bbox 1064 976 1117 1030; x_wconf 93' lang='lat' dir='ltr'>in</span> <span class='ocrx_word' id='word_1_95' title='bbox 1139 991 1246 1047; x_wconf 93' lang='lat' dir='ltr'>quo</span> <span class='ocrx_word' id='word_1_96' title='bbox 1270 976 1548 1031; x_wconf 83' lang='lat' dir='ltr'>laborabat</span> <span class='ocrx_word' id='word_1_97' title='bbox 1569 976 1798 1030; x_wconf 87' lang='lat' dir='ltr'>licenter</span> <span class='ocrx_word' id='word_1_98' title='bbox 1819 990 2003 1029; x_wconf 86' lang='lat' dir='ltr'>come-</span> 
     </span>
    </p>
   </div>
   <div class='ocr_carea' id='block_1_13' title="bbox 406 1063 2005 1135">
    <p class='ocr_par' dir='ltr' id='par_1_13' title="bbox 406 1063 2005 1135">
     <span class='ocr_line' id='line_1_13' title="bbox 406 1063 2005 1135; baseline -0.001 -16"><span class='ocrx_word' id='word_1_99' title='bbox 406 1066 575 1131; x_wconf 91' lang='lat' dir='ltr'>deret,</span> <span class='ocrx_word' id='word_1_100' title='bbox 606 1065 709 1121; x_wconf 90' lang='lat' dir='ltr'>hoc</span> <span class='ocrx_word' id='word_1_101' title='bbox 743 1065 1110 1135; x_wconf 79' lang='lat' dir='ltr'>praecipiendo</span> <span class='ocrx_word' id='word_1_102' title='bbox 1159 1066 1449 1119; x_wconf 88' lang='lat' dir='ltr'>intendens</span> <span class='ocrx_word' id='word_1_103' title='bbox 1494 1064 1661 1131; x_wconf 88' lang='lat' dir='ltr'>aliud,</span> <span class='ocrx_word' id='word_1_104' title='bbox 1710 1063 1919 1119; x_wconf 89' lang='lat' dir='ltr'>scilicet</span> <span class='ocrx_word' id='word_1_105' title='bbox 1948 1071 2005 1117; x_wconf 89' lang='lat' dir='ltr'>ut</span> 
     </span>
    </p>
   </div>
   <div class='ocr_carea' id='block_1_14' title="bbox 404 1152 2004 1224">
    <p class='ocr_par' dir='ltr' id='par_1_14' title="bbox 404 1152 2004 1224">
     <span class='ocr_line' id='line_1_14' title="bbox 404 1152 2004 1224; baseline -0.001 -17"><span class='ocrx_word' id='word_1_106' title='bbox 404 1154 736 1224; x_wconf 76' lang='lat' dir='ltr'>praedicator</span> <span class='ocrx_word' id='word_1_107' title='bbox 778 1153 1038 1208; x_wconf 87' lang='lat' dir='ltr'>triturans</span> <span class='ocrx_word' id='word_1_108' title='bbox 1080 1153 1135 1206; x_wconf 91' lang='lat' dir='ltr'>in</span> <span class='ocrx_word' id='word_1_109' title='bbox 1181 1170 1309 1208; x_wconf 89' lang='lat' dir='ltr'>area</span> <span class='ocrx_word' id='word_1_110' title='bbox 1340 1152 1558 1207; x_wconf 89' lang='lat' dir='ltr'>Domini</span> <span class='ocrx_word' id='word_1_111' title='bbox 1587 1153 1654 1206; x_wconf 91' lang='lat' dir='ltr'>de</span> <span class='ocrx_word' id='word_1_112' title='bbox 1686 1152 1873 1207; x_wconf 89' lang='lat' dir='ltr'>labore</span> <span class='ocrx_word' id='word_1_113' title='bbox 1905 1166 2004 1206; x_wconf 91' lang='lat' dir='ltr'>suo</span> 
     </span>
    </p>
   </div>
   <div class='ocr_carea' id='block_1_15' title="bbox 404 1240 2003 1312">
    <p class='ocr_par' dir='ltr' id='par_1_15' title="bbox 404 1240 2003 1312">
     <span class='ocr_line' id='line_1_15' title="bbox 404 1240 2003 1312; baseline -0.001 -17"><span class='ocrx_word' id='word_1_114' title='bbox 404 1240 725 1297; x_wconf 65' lang='lat' dir='ltr'>sufficientia</span> <span class='ocrx_word' id='word_1_115' title='bbox 773 1242 878 1296; x_wconf 90' lang='lat' dir='ltr'>sibi</span> <span class='ocrx_word' id='word_1_116' title='bbox 926 1241 1233 1312; x_wconf 74' lang='lat' dir='ltr'>susciperet</span> <span class='ocrx_word' id='word_1_117' title='bbox 1282 1242 1349 1296; x_wconf 89' lang='lat' dir='ltr'>ab</span> <span class='ocrx_word' id='word_1_118' title='bbox 1382 1241 1489 1295; x_wconf 89' lang='lat' dir='ltr'>illis</span> <span class='ocrx_word' id='word_1_119' title='bbox 1520 1258 1618 1311; x_wconf 90' lang='lat' dir='ltr'>pro</span> <span class='ocrx_word' id='word_1_120' title='bbox 1648 1256 1881 1311; x_wconf 91' lang='lat' dir='ltr'>quorum</span> <span class='ocrx_word' id='word_1_121' title='bbox 1913 1240 2003 1293; x_wconf 91' lang='lat' dir='ltr'>in-</span> 
     </span>
    </p>
   </div>
   <div class='ocr_carea' id='block_1_16' title="bbox 406 1328 2004 1386">
    <p class='ocr_par' dir='ltr' id='par_1_16' title="bbox 406 1328 2004 1386">
     <span class='ocr_line' id='line_1_16' title="bbox 406 1328 2004 1386; baseline -0.001 -2"><span class='ocrx_word' id='word_1_122' title='bbox 406 1330 698 1386; x_wconf 87' lang='lat' dir='ltr'>structione</span> <span class='ocrx_word' id='word_1_123' title='bbox 730 1330 1020 1384; x_wconf 87' lang='lat' dir='ltr'>laboraret.</span> <span class='ocrx_word' id='word_1_124' title='bbox 1055 1330 1197 1385; x_wconf 91' lang='lat' dir='ltr'>Dicit</span> <span class='ocrx_word' id='word_1_125' title='bbox 1236 1330 1394 1383; x_wconf 88' lang='lat' dir='ltr'>etiam</span> <span class='ocrx_word' id='word_1_126' title='bbox 1436 1329 1699 1384; x_wconf 85' lang='lat' dir='ltr'>Dominus</span> <span class='ocrx_word' id='word_1_127' title='bbox 1730 1328 1786 1382; x_wconf 92' lang='lat' dir='ltr'>in</span> <span class='ocrx_word' id='word_1_128' title='bbox 1818 1330 2004 1383; x_wconf 90' lang='lat' dir='ltr'>Evan-</span> 
     </span>
    </p>
   </div>
   <div class='ocr_carea' id='block_1_17' title="bbox 409 1418 2001 1490">
    <p class='ocr_par' dir='ltr' id='par_1_17' title="bbox 409 1418 2001 1490">
     <span class='ocr_line' id='line_1_17' title="bbox 409 1418 2001 1490; baseline -0.003 -16"><span class='ocrx_word' id='word_1_129' title='bbox 409 1419 573 1488; x_wconf 86' lang='lat' dir='ltr'>gelio.</span> <span class='ocrx_word' id='word_1_130' title='bbox 614 1442 633 1466; x_wconf 67' lang='grc' dir='ltr'>ιε</span> <span class='ocrx_word' id='word_1_131' title='bbox 668 1421 881 1489; x_wconf 78' lang='lat' dir='ltr'>Dignus</span> <span class='ocrx_word' id='word_1_132' title='bbox 912 1424 998 1475; x_wconf 87' lang='lat' dir='ltr'>est</span> <span class='ocrx_word' id='word_1_133' title='bbox 1034 1420 1323 1490; x_wconf 78' lang='lat' dir='ltr'>operarius</span> <span class='ocrx_word' id='word_1_134' title='bbox 1352 1418 1607 1473; x_wconf 81' lang='lat' dir='ltr'>mercede</span> <span class='ocrx_word' id='word_1_135' title='bbox 1626 1435 1732 1473; x_wconf 85' lang='lat' dir='ltr'>sua</span> <span class='ocrx_word' id='word_1_136' title='bbox 1763 1420 1917 1486; x_wconf 79' lang='lat' dir='ltr'>(Luc.</span> <span class='ocrx_word' id='word_1_137' title='bbox 1941 1426 2001 1481; x_wconf 82' lang='lat' dir='ltr'>x,</span> 
     </span>
    </p>
   </div>
   <div class='ocr_carea' id='block_1_18' title="bbox 408 1505 2005 1578">
    <p class='ocr_par' dir='ltr' id='par_1_18' title="bbox 408 1505 2005 1578">
     <span class='ocr_line' id='line_1_18' title="bbox 408 1505 2005 1578; baseline -0.001 -17"><span class='ocrx_word' id='word_1_138' title='bbox 408 1510 485 1578; x_wconf 84' lang='lat'>7),</span> <span class='ocrx_word' id='word_1_139' title='bbox 524 1528 546 1557; x_wconf 73' lang='grc' dir='ltr'><strong><em>ι</em></strong></span> <span class='ocrx_word' id='word_1_140' title='bbox 580 1507 636 1562; x_wconf 92' lang='lat' dir='ltr'>id</span> <span class='ocrx_word' id='word_1_141' title='bbox 664 1516 746 1562; x_wconf 86' lang='lat' dir='ltr'>est</span> <span class='ocrx_word' id='word_1_142' title='bbox 773 1507 1097 1578; x_wconf 76' lang='lat' dir='ltr'>praedicator</span> <span class='ocrx_word' id='word_1_143' title='bbox 1137 1508 1206 1562; x_wconf 89' lang='lat' dir='ltr'>ab</span> <span class='ocrx_word' id='word_1_144' title='bbox 1237 1507 1323 1561; x_wconf 89' lang='lat' dir='ltr'>his</span> <span class='ocrx_word' id='word_1_145' title='bbox 1353 1507 1408 1561; x_wconf 91' lang='lat' dir='ltr'>in</span> <span class='ocrx_word' id='word_1_146' title='bbox 1441 1507 1639 1578; x_wconf 88' lang='lat' dir='ltr'>quibus</span> <span class='ocrx_word' id='word_1_147' title='bbox 1669 1505 2005 1561; x_wconf 86' lang='lat' dir='ltr'>instruendis</span> 
     </span>
    </p>
   </div>
   <div class='ocr_carea' id='block_1_19' title="bbox 2098 353 3707 427">
    <p class='ocr_par' dir='ltr' id='par_1_19' title="bbox 2098 353 3707 427">
     <span class='ocr_line' id='line_1_19' title="bbox 2098 353 3707 427; baseline -0.001 -18"><span class='ocrx_word' id='word_1_148' title='bbox 2098 355 2401 411; x_wconf 91' lang='lat' dir='ltr'>sacerdotio</span> <span class='ocrx_word' id='word_1_149' title='bbox 2430 372 2530 427; x_wconf 92' lang='lat' dir='ltr'>per</span> <span class='ocrx_word' id='word_1_150' title='bbox 2558 354 3010 411; x_wconf 85' lang='lat' dir='ltr'>examinationem</span> <span class='ocrx_word' id='word_1_151' title='bbox 3035 354 3330 423; x_wconf 86' lang='lat' dir='ltr'>inveneris,</span> <span class='ocrx_word' id='word_1_152' title='bbox 3356 355 3505 409; x_wconf 78' lang='lat' dir='ltr'>nihil</span> <span class='ocrx_word' id='word_1_153' title='bbox 3528 353 3707 409; x_wconf 88' lang='lat' dir='ltr'>facias</span> 
     </span>
    </p>
   </div>
   <div class='ocr_carea' id='block_1_20' title="bbox 2099 442 3710 517">
    <p class='ocr_par' dir='ltr' id='par_1_20' title="bbox 2099 442 3710 517">
     <span class='ocr_line' id='line_1_20' title="bbox 2099 442 3710 517; baseline -0.001 -19"><span class='ocrx_word' id='word_1_154' title='bbox 2099 444 2437 500; x_wconf 81' lang='lat' dir='ltr'>declinando</span> <span class='ocrx_word' id='word_1_155' title='bbox 2466 447 2529 500; x_wconf 89' lang='lat' dir='ltr'>in</span> <span class='ocrx_word' id='word_1_156' title='bbox 2548 448 2775 517; x_wconf 83' lang='lat' dir='ltr'>partem</span> <span class='ocrx_word' id='word_1_157' title='bbox 2796 444 2960 498; x_wconf 91' lang='lat' dir='ltr'>aliam</span> <span class='ocrx_word' id='word_1_158' title='bbox 2992 443 3062 498; x_wconf 89' lang='lat' dir='ltr'>ab</span> <span class='ocrx_word' id='word_1_159' title='bbox 3092 458 3157 497; x_wconf 92' lang='lat' dir='ltr'>eo</span> <span class='ocrx_word' id='word_1_160' title='bbox 3189 442 3337 514; x_wconf 91' lang='lat' dir='ltr'>quod</span> <span class='ocrx_word' id='word_1_161' title='bbox 3356 442 3542 498; x_wconf 84' lang='lat' dir='ltr'>docuit</span> <span class='ocrx_word' id='word_1_162' title='bbox 3571 458 3710 496; x_wconf 87' lang='lat' dir='ltr'>exa-</span> 
     </span>
    </p>
   </div>
   <div class='ocr_carea' id='block_1_21' title="bbox 2098 531 3702 603">
    <p class='ocr_par' dir='ltr' id='par_1_21' title="bbox 2098 531 3702 603">
     <span class='ocr_line' id='line_1_21' title="bbox 2098 531 3702 603; baseline -0.001 -18"><span class='ocrx_word' id='word_1_163' title='bbox 2098 533 2321 587; x_wconf 89' lang='lat' dir='ltr'>minatio</span> <span class='ocrx_word' id='word_1_164' title='bbox 2356 547 2369 586; x_wconf 89' lang='lat'><strong>:</strong></span> <span class='ocrx_word' id='word_1_165' title='bbox 2402 541 2459 587; x_wconf 93' lang='lat' dir='ltr'>ut</span> <span class='ocrx_word' id='word_1_166' title='bbox 2514 548 2675 603; x_wconf 90' lang='lat' dir='ltr'>quem</span> <span class='ocrx_word' id='word_1_167' title='bbox 2730 532 2931 586; x_wconf 87' lang='lat' dir='ltr'>malum</span> <span class='ocrx_word' id='word_1_168' title='bbox 2986 532 3351 586; x_wconf 86' lang='lat' dir='ltr'>examinando</span> <span class='ocrx_word' id='word_1_169' title='bbox 3417 531 3702 597; x_wconf 88' lang='lat' dir='ltr'>invenisti,</span> 
     </span>
    </p>
   </div>
   <div class='ocr_carea' id='block_1_22' title="bbox 2098 619 3697 692">
    <p class='ocr_par' dir='ltr' id='par_1_22' title="bbox 2098 619 3697 692">
     <span class='ocr_line' id='line_1_22' title="bbox 2098 619 3697 692; baseline -0.001 -16"><span class='ocrx_word' id='word_1_170' title='bbox 2098 630 2287 692; x_wconf 90' lang='lat' dir='ltr'>postea</span> <span class='ocrx_word' id='word_1_171' title='bbox 2329 622 2587 676; x_wconf 91' lang='lat' dir='ltr'>seductus</span> <span class='ocrx_word' id='word_1_172' title='bbox 2616 621 2796 692; x_wconf 91' lang='lat' dir='ltr'>aliquo</span> <span class='ocrx_word' id='word_1_173' title='bbox 2826 622 2989 675; x_wconf 90' lang='lat' dir='ltr'>modo</span> <span class='ocrx_word' id='word_1_174' title='bbox 3019 636 3314 676; x_wconf 91' lang='lat' dir='ltr'>consecres</span> <span class='ocrx_word' id='word_1_175' title='bbox 3344 619 3401 673; x_wconf 92' lang='lat' dir='ltr'>in</span> <span class='ocrx_word' id='word_1_176' title='bbox 3433 621 3697 676; x_wconf 85' lang='lat' dir='ltr'>sacerdo-</span> 
     </span>
    </p>
   </div>
   <div class='ocr_carea' id='block_1_23' title="bbox 2099 708 3707 781">
    <p class='ocr_par' dir='ltr' id='par_1_23' title="bbox 2099 708 3707 781">
     <span class='ocr_line' id='line_1_23' title="bbox 2099 708 3707 781; baseline -0.001 -17"><span class='ocrx_word' id='word_1_177' title='bbox 2099 718 2229 764; x_wconf 88' lang='lat' dir='ltr'>tem.</span> <span class='ocrx_word' id='word_1_178' title='bbox 2264 711 2320 765; x_wconf 90' lang='lat' dir='ltr'>Si</span> <span class='ocrx_word' id='word_1_179' title='bbox 2349 725 2482 765; x_wconf 91' lang='lat' dir='ltr'>vero</span> <span class='ocrx_word' id='word_1_180' title='bbox 2531 710 2796 780; x_wconf 88' lang='lat' dir='ltr'>probatus</span> <span class='ocrx_word' id='word_1_181' title='bbox 2845 710 3097 764; x_wconf 90' lang='lat' dir='ltr'>inventus</span> <span class='ocrx_word' id='word_1_182' title='bbox 3130 709 3198 763; x_wconf 89' lang='lat' dir='ltr'>sit</span> <span class='ocrx_word' id='word_1_183' title='bbox 3228 708 3454 781; x_wconf 86' lang='lat' dir='ltr'>dignum</span> <span class='ocrx_word' id='word_1_184' title='bbox 3494 726 3707 765; x_wconf 89' lang='lat' dir='ltr'>secun-</span> 
     </span>
    </p>
   </div>
   <div class='ocr_carea' id='block_1_24' title="bbox 2100 798 3705 870">
    <p class='ocr_par' dir='ltr' id='par_1_24' title="bbox 2100 798 3705 870">
     <span class='ocr_line' id='line_1_24' title="bbox 2100 798 3705 870; baseline 0 -18"><span class='ocrx_word' id='word_1_185' title='bbox 2100 799 2231 853; x_wconf 90' lang='lat' dir='ltr'>dum</span> <span class='ocrx_word' id='word_1_186' title='bbox 2261 798 2406 870; x_wconf 90' lang='lat' dir='ltr'>quod</span> <span class='ocrx_word' id='word_1_187' title='bbox 2449 798 2612 852; x_wconf 91' lang='lat' dir='ltr'>modo</span> <span class='ocrx_word' id='word_1_188' title='bbox 2660 800 2838 853; x_wconf 88' lang='lat' dir='ltr'>visum</span> <span class='ocrx_word' id='word_1_189' title='bbox 2887 805 2989 864; x_wconf 89' lang='lat' dir='ltr'>est,</span> <span class='ocrx_word' id='word_1_190' title='bbox 3033 806 3213 853; x_wconf 86' lang='lat' dir='ltr'>tamen</span> <span class='ocrx_word' id='word_1_191' title='bbox 3258 798 3481 853; x_wconf 82' lang='lat' dir='ltr'>nemini</span> <span class='ocrx_word' id='word_1_192' title='bbox 3510 814 3705 852; x_wconf 87' lang='lat' dir='ltr'>eorum</span> 
     </span>
    </p>
   </div>
   <div class='ocr_carea' id='block_1_25' title="bbox 2102 886 3704 958">
    <p class='ocr_par' dir='ltr' id='par_1_25' title="bbox 2102 886 3704 958">
     <span class='ocr_line' id='line_1_25' title="bbox 2102 886 3704 958; baseline -0.002 -15"><span class='ocrx_word' id='word_1_193' title='bbox 2102 888 2213 943; x_wconf 87' lang='lat' dir='ltr'>cito</span> <span class='ocrx_word' id='word_1_194' title='bbox 2242 904 2449 942; x_wconf 86' lang='lat' dir='ltr'>manus</span> <span class='ocrx_word' id='word_1_195' title='bbox 2478 888 2836 958; x_wconf 82' lang='lat' dir='ltr'>imposueris,</span> <span class='ocrx_word' id='word_1_196' title='bbox 2869 887 2923 941; x_wconf 90' lang='lat' dir='ltr'>id</span> <span class='ocrx_word' id='word_1_197' title='bbox 2954 894 3037 941; x_wconf 87' lang='lat' dir='ltr'>est</span> <span class='ocrx_word' id='word_1_198' title='bbox 3058 903 3165 942; x_wconf 92' lang='lat' dir='ltr'>non</span> <span class='ocrx_word' id='word_1_199' title='bbox 3183 886 3363 940; x_wconf 85' lang='lat' dir='ltr'>statim</span> <span class='ocrx_word' id='word_1_200' title='bbox 3383 902 3704 954; x_wconf 88' lang='lat' dir='ltr'>consecres,</span> 
     </span>
    </p>
   </div>
   <div class='ocr_carea' id='block_1_26' title="bbox 2103 974 3707 1047">
    <p class='ocr_par' dir='ltr' id='par_1_26' title="bbox 2103 974 3707 1047">
     <span class='ocr_line' id='line_1_26' title="bbox 2103 974 3707 1047; baseline 0.001 -18"><span class='ocrx_word' id='word_1_201' title='bbox 2103 976 2201 1030; x_wconf 91' lang='lat' dir='ltr'>sed</span> <span class='ocrx_word' id='word_1_202' title='bbox 2230 974 2452 1030; x_wconf 79' lang='lat' dir='ltr'>differas</span> <span class='ocrx_word' id='word_1_203' title='bbox 2481 976 2657 1030; x_wconf 89' lang='lat' dir='ltr'>adhuc</span> <span class='ocrx_word' id='word_1_204' title='bbox 2686 992 2786 1046; x_wconf 89' lang='lat' dir='ltr'>per</span> <span class='ocrx_word' id='word_1_205' title='bbox 2817 990 3118 1047; x_wconf 90' lang='lat' dir='ltr'>congruum</span> <span class='ocrx_word' id='word_1_206' title='bbox 3149 984 3381 1045; x_wconf 88' lang='lat' dir='ltr'>tempus,</span> <span class='ocrx_word' id='word_1_207' title='bbox 3405 983 3462 1029; x_wconf 92' lang='lat' dir='ltr'>ut</span> <span class='ocrx_word' id='word_1_208' title='bbox 3492 975 3539 1029; x_wconf 89' lang='lat' dir='ltr'>si</span> <span class='ocrx_word' id='word_1_209' title='bbox 3561 975 3707 1030; x_wconf 85' lang='lat' dir='ltr'>forte</span> 
     </span>
    </p>
   </div>
   <div class='ocr_carea' id='block_1_27' title="bbox 2104 1063 3707 1136">
    <p class='ocr_par' dir='ltr' id='par_1_27' title="bbox 2104 1063 3707 1136">
     <span class='ocr_line' id='line_1_27' title="bbox 2104 1063 3707 1136; baseline 0 -17"><span class='ocrx_word' id='word_1_210' title='bbox 2104 1064 2235 1136; x_wconf 89' lang='lat' dir='ltr'>quid</span> <span class='ocrx_word' id='word_1_211' title='bbox 2268 1063 2399 1120; x_wconf 86' lang='lat' dir='ltr'>latet</span> <span class='ocrx_word' id='word_1_212' title='bbox 2443 1064 2499 1117; x_wconf 88' lang='lat' dir='ltr'>in</span> <span class='ocrx_word' id='word_1_213' title='bbox 2540 1080 2605 1119; x_wconf 90' lang='lat' dir='ltr'>eo</span> <span class='ocrx_word' id='word_1_214' title='bbox 2658 1064 2804 1135; x_wconf 91' lang='lat' dir='ltr'>quod</span> <span class='ocrx_word' id='word_1_215' title='bbox 2852 1064 3181 1119; x_wconf 89' lang='lat' dir='ltr'>examinatio</span> <span class='ocrx_word' id='word_1_216' title='bbox 3227 1064 3369 1120; x_wconf 88' lang='lat' dir='ltr'>facta</span> <span class='ocrx_word' id='word_1_217' title='bbox 3397 1080 3506 1119; x_wconf 92' lang='lat' dir='ltr'>non</span> <span class='ocrx_word' id='word_1_218' title='bbox 3537 1064 3707 1119; x_wconf 91' lang='lat' dir='ltr'>inve-</span> 
     </span>
    </p>
   </div>
   <div class='ocr_carea' id='block_1_28' title="bbox 2104 1152 3706 1223">
    <p class='ocr_par' dir='ltr' id='par_1_28' title="bbox 2104 1152 3706 1223">
     <span class='ocr_line' id='line_1_28' title="bbox 2104 1152 3706 1223; baseline 0 -16"><span class='ocrx_word' id='word_1_219' title='bbox 2104 1153 2262 1220; x_wconf 90' lang='lat' dir='ltr'>nerit,</span> <span class='ocrx_word' id='word_1_220' title='bbox 2295 1169 2394 1223; x_wconf 90' lang='lat' dir='ltr'>per</span> <span class='ocrx_word' id='word_1_221' title='bbox 2438 1153 2755 1207; x_wconf 86' lang='lat' dir='ltr'>dilationem</span> <span class='ocrx_word' id='word_1_222' title='bbox 2793 1153 3051 1223; x_wconf 88' lang='lat' dir='ltr'>temporis</span> <span class='ocrx_word' id='word_1_223' title='bbox 3097 1152 3424 1209; x_wconf 88' lang='lat' dir='ltr'>inveniatur.</span> <span class='ocrx_word' id='word_1_224' title='bbox 3466 1154 3536 1208; x_wconf 89' lang='lat' dir='ltr'>Et</span> <span class='ocrx_word' id='word_1_225' title='bbox 3566 1152 3706 1207; x_wconf 88' lang='lat' dir='ltr'>nihil</span> 
     </span>
    </p>
   </div>
   <div class='ocr_carea' id='block_1_29' title="bbox 2105 1241 3704 1312">
    <p class='ocr_par' dir='ltr' id='par_1_29' title="bbox 2105 1241 3704 1312">
     <span class='ocr_line' id='line_1_29' title="bbox 2105 1241 3704 1312; baseline -0.001 -16"><span class='ocrx_word' id='word_1_226' title='bbox 2105 1242 2357 1297; x_wconf 89' lang='lat' dir='ltr'>faciendo</span> <span class='ocrx_word' id='word_1_227' title='bbox 2393 1241 2509 1295; x_wconf 90' lang='lat' dir='ltr'>sine</span> <span class='ocrx_word' id='word_1_228' title='bbox 2538 1241 2877 1311; x_wconf 71' lang='lat' dir='ltr'>praejudicio,</span> <span class='ocrx_word' id='word_1_229' title='bbox 2911 1257 3015 1297; x_wconf 86' lang='lat' dir='ltr'>nec</span> <span class='ocrx_word' id='word_1_230' title='bbox 3041 1258 3286 1312; x_wconf 66' lang='lat' dir='ltr'>praeceps</span> <span class='ocrx_word' id='word_1_231' title='bbox 3316 1242 3371 1295; x_wconf 92' lang='lat' dir='ltr'>in</span> <span class='ocrx_word' id='word_1_232' title='bbox 3400 1257 3704 1297; x_wconf 84' lang='lat' dir='ltr'>consecra-</span> 
     </span>
    </p>
   </div>
   <div class='ocr_carea' id='block_1_30' title="bbox 2105 1330 3702 1402">
    <p class='ocr_par' dir='ltr' id='par_1_30' title="bbox 2105 1330 3702 1402">
     <span class='ocr_line' id='line_1_30' title="bbox 2105 1330 3702 1402; baseline -0.001 -18"><span class='ocrx_word' id='word_1_233' title='bbox 2105 1331 2248 1385; x_wconf 90' lang='lat' dir='ltr'>tione</span> <span class='ocrx_word' id='word_1_234' title='bbox 2279 1330 2508 1398; x_wconf 85' lang='lat' dir='ltr'>alicujus</span> <span class='ocrx_word' id='word_1_235' title='bbox 2539 1346 2648 1384; x_wconf 91' lang='lat' dir='ltr'>non</span> <span class='ocrx_word' id='word_1_236' title='bbox 2669 1331 3177 1385; x_wconf 85' lang='lat' dir='ltr'>communicaveris</span> <span class='ocrx_word' id='word_1_237' title='bbox 3196 1331 3404 1386; x_wconf 86' lang='lat' dir='ltr'>alienis</span> <span class='ocrx_word' id='word_1_238' title='bbox 3424 1332 3702 1402; x_wconf 79' lang='lat' dir='ltr'>peccatis.</span> 
     </span>
    </p>
   </div>
   <div class='ocr_carea' id='block_1_31' title="bbox 2108 1418 3705 1484">
    <p class='ocr_par' dir='ltr' id='par_1_31' title="bbox 2108 1418 3705 1484">
     <span class='ocr_line' id='line_1_31' title="bbox 2108 1418 3705 1484; baseline 0 -11"><span class='ocrx_word' id='word_1_239' title='bbox 2108 1419 2163 1474; x_wconf 90' lang='lat' dir='ltr'>Si</span> <span class='ocrx_word' id='word_1_240' title='bbox 2193 1418 2336 1473; x_wconf 89' lang='lat' dir='ltr'>enim</span> <span class='ocrx_word' id='word_1_241' title='bbox 2367 1434 2475 1473; x_wconf 90' lang='lat' dir='ltr'>non</span> <span class='ocrx_word' id='word_1_242' title='bbox 2504 1418 2862 1484; x_wconf 88' lang='lat' dir='ltr'>examinares,</span> <span class='ocrx_word' id='word_1_243' title='bbox 2897 1419 2984 1475; x_wconf 88' lang='lat' dir='ltr'>vel</span> <span class='ocrx_word' id='word_1_244' title='bbox 3014 1418 3173 1472; x_wconf 91' lang='lat' dir='ltr'>nimis</span> <span class='ocrx_word' id='word_1_245' title='bbox 3195 1420 3303 1474; x_wconf 90' lang='lat' dir='ltr'>cito</span> <span class='ocrx_word' id='word_1_246' title='bbox 3324 1434 3705 1483; x_wconf 88' lang='lat' dir='ltr'>consecrares,</span> 
     </span>
    </p>
   </div>
   <div class='ocr_carea' id='block_1_32' title="bbox 2106 1507 3709 1579">
    <p class='ocr_par' dir='ltr' id='par_1_32' title="bbox 2106 1507 3709 1579">
     <span class='ocr_line' id='line_1_32' title="bbox 2106 1507 3709 1579; baseline -0.001 -18"><span class='ocrx_word' id='word_1_247' title='bbox 2106 1507 2380 1578; x_wconf 84' lang='lat' dir='ltr'>particeps</span> <span class='ocrx_word' id='word_1_248' title='bbox 2406 1523 2560 1562; x_wconf 90' lang='lat' dir='ltr'>esses</span> <span class='ocrx_word' id='word_1_249' title='bbox 2589 1507 2831 1562; x_wconf 91' lang='lat' dir='ltr'>omnium</span> <span class='ocrx_word' id='word_1_250' title='bbox 2877 1508 3165 1563; x_wconf 90' lang='lat' dir='ltr'>criminum</span> <span class='ocrx_word' id='word_1_251' title='bbox 3195 1525 3316 1579; x_wconf 72' lang='lat' dir='ltr'>qua:</span> <span class='ocrx_word' id='word_1_252' title='bbox 3344 1508 3542 1577; x_wconf 87' lang='lat' dir='ltr'>injuste</span> <span class='ocrx_word' id='word_1_253' title='bbox 3573 1524 3709 1563; x_wconf 82' lang='lat' dir='ltr'>con-</span> 
     </span>
    </p>
   </div>
   <div class='ocr_carea' id='block_1_33' title="bbox 407 1595 3708 1685">
    <p class='ocr_par' dir='ltr' id='par_1_33' title="bbox 407 1595 3708 1685">
     <span class='ocr_line' id='line_1_33' title="bbox 407 1595 3708 1685; baseline -0.001 -35"><span class='ocrx_word' id='word_1_254' title='bbox 407 1604 688 1667; x_wconf 88' lang='lat' dir='ltr'>operatur,</span> <span class='ocrx_word' id='word_1_255' title='bbox 719 1613 838 1668; x_wconf 68' lang='lat' dir='ltr'>qua:</span> <span class='ocrx_word' id='word_1_256' title='bbox 867 1596 1179 1652; x_wconf 86' lang='lat' dir='ltr'>necessaria</span> <span class='ocrx_word' id='word_1_257' title='bbox 1209 1596 1311 1650; x_wconf 90' lang='lat' dir='ltr'>sibi</span> <span class='ocrx_word' id='word_1_258' title='bbox 1343 1596 1449 1650; x_wconf 91' lang='lat' dir='ltr'>sint</span> <span class='ocrx_word' id='word_1_259' title='bbox 1466 1596 1710 1667; x_wconf 88' lang='lat' dir='ltr'>accipiat.</span> <span class='ocrx_word' id='word_1_260' title='bbox 1740 1595 1882 1663; x_wconf 87' lang='lat' dir='ltr'>Quia</span> <span class='ocrx_word' id='word_1_261' title='bbox 1907 1595 2005 1649; x_wconf 89' lang='lat' dir='ltr'>ite-</span> <span class='ocrx_word' id='word_1_262' title='bbox 2026 1626 2080 1685; x_wconf 84' lang='lat' dir='ltr'><strong>B</strong></span> <span class='ocrx_word' id='word_1_263' title='bbox 2111 1603 2355 1650; x_wconf 78' lang='lat' dir='ltr'>sacratus</span> <span class='ocrx_word' id='word_1_264' title='bbox 2410 1596 2775 1651; x_wconf 88' lang='lat' dir='ltr'>committeret</span> <span class='ocrx_word' id='word_1_265' title='bbox 2839 1596 2896 1649; x_wconf 91' lang='lat' dir='ltr'>in</span> <span class='ocrx_word' id='word_1_266' title='bbox 2952 1596 3261 1651; x_wconf 89' lang='lat' dir='ltr'>sacerdotio</span> <span class='ocrx_word' id='word_1_267' title='bbox 3296 1614 3308 1650; x_wconf 95' lang='lat'>:</span> <span class='ocrx_word' id='word_1_268' title='bbox 3342 1597 3518 1667; x_wconf 90' lang='lat' dir='ltr'>thue</span> <span class='ocrx_word' id='word_1_269' title='bbox 3567 1595 3708 1649; x_wconf 89' lang='lat' dir='ltr'>alios</span> 
     </span>
    </p>
   </div>
   <div class='ocr_carea' id='block_1_34' title="bbox 405 1683 2007 1757">
    <p class='ocr_par' dir='ltr' id='par_1_34' title="bbox 405 1683 2007 1757">
     <span class='ocr_line' id='line_1_34' title="bbox 405 1683 2007 1757; baseline -0.001 -18"><span class='ocrx_word' id='word_1_270' title='bbox 405 1701 526 1739; x_wconf 92' lang='lat' dir='ltr'>rum</span> <span class='ocrx_word' id='word_1_271' title='bbox 556 1684 689 1740; x_wconf 90' lang='lat' dir='ltr'>vidit</span> <span class='ocrx_word' id='word_1_272' title='bbox 717 1684 1007 1755; x_wconf 78' lang='lat' dir='ltr'>Apostolus</span> <span class='ocrx_word' id='word_1_273' title='bbox 1038 1685 1203 1757; x_wconf 92' lang='lat' dir='ltr'>quod,</span> <span class='ocrx_word' id='word_1_274' title='bbox 1225 1685 1549 1756; x_wconf 83' lang='lat' dir='ltr'>presbytero</span> <span class='ocrx_word' id='word_1_275' title='bbox 1573 1683 2007 1755; x_wconf 87' lang='lat' dir='ltr'>reprehendente</span> 
     </span>
    </p>
   </div>
   <div class='ocr_carea' id='block_1_35' title="bbox 403 1772 2007 1845">
    <p class='ocr_par' dir='ltr' id='par_1_35' title="bbox 403 1772 2007 1845">
     <span class='ocr_line' id='line_1_35' title="bbox 403 1772 2007 1845; baseline -0.002 -17"><span class='ocrx_word' id='word_1_276' title='bbox 403 1773 533 1829; x_wconf 90' lang='lat' dir='ltr'>vitia</span> <span class='ocrx_word' id='word_1_277' title='bbox 562 1773 919 1839; x_wconf 89' lang='lat' dir='ltr'>subditorum,</span> <span class='ocrx_word' id='word_1_278' title='bbox 966 1774 1189 1845; x_wconf 90' lang='lat' dir='ltr'>quidam</span> <span class='ocrx_word' id='word_1_279' title='bbox 1240 1773 1380 1828; x_wconf 89' lang='lat' dir='ltr'>male</span> <span class='ocrx_word' id='word_1_280' title='bbox 1412 1781 1784 1839; x_wconf 89' lang='lat' dir='ltr'>moverentur,</span> <span class='ocrx_word' id='word_1_281' title='bbox 1819 1772 2007 1828; x_wconf 91' lang='lat' dir='ltr'>volen-</span> 
     </span>
    </p>
   </div>
   <div class='ocr_carea' id='block_1_36' title="bbox 403 1862 2006 1933">
    <p class='ocr_par' dir='ltr' id='par_1_36' title="bbox 403 1862 2006 1933">
     <span class='ocr_line' id='line_1_36' title="bbox 403 1862 2006 1933; baseline -0.001 -17"><span class='ocrx_word' id='word_1_282' title='bbox 403 1870 486 1917; x_wconf 88' lang='lat' dir='ltr'>tes</span> <span class='ocrx_word' id='word_1_283' title='bbox 517 1862 822 1932; x_wconf 88' lang='lat' dir='ltr'>depravare</span> <span class='ocrx_word' id='word_1_284' title='bbox 850 1863 1011 1917; x_wconf 91' lang='lat' dir='ltr'>vitam</span> <span class='ocrx_word' id='word_1_285' title='bbox 1041 1862 1381 1933; x_wconf 88' lang='lat' dir='ltr'>presbyteri,</span> <span class='ocrx_word' id='word_1_286' title='bbox 1418 1877 1484 1916; x_wconf 92' lang='lat' dir='ltr'>ne</span> <span class='ocrx_word' id='word_1_287' title='bbox 1515 1862 1620 1918; x_wconf 90' lang='lat' dir='ltr'>hoc</span> <span class='ocrx_word' id='word_1_288' title='bbox 1656 1870 1860 1916; x_wconf 88' lang='lat' dir='ltr'>temere</span> <span class='ocrx_word' id='word_1_289' title='bbox 1891 1877 2006 1915; x_wconf 84' lang='lat' dir='ltr'>cre-</span> 
     </span>
    </p>
   </div>
   <div class='ocr_carea' id='block_1_37' title="bbox 407 1950 2009 2021">
    <p class='ocr_par' dir='ltr' id='par_1_37' title="bbox 407 1950 2009 2021">
     <span class='ocr_line' id='line_1_37' title="bbox 407 1950 2009 2021; baseline 0.001 -17"><span class='ocrx_word' id='word_1_290' title='bbox 407 1951 643 2017; x_wconf 88' lang='lat' dir='ltr'>deretur,</span> <span class='ocrx_word' id='word_1_291' title='bbox 680 1951 755 2005; x_wconf 89' lang='lat' dir='ltr'>ait</span> <span class='ocrx_word' id='word_1_292' title='bbox 790 1968 803 2005; x_wconf 90' lang='lat'><strong>:</strong></span> <span class='ocrx_word' id='word_1_293' title='bbox 836 1951 1125 2021; x_wconf 84' lang='lat' dir='ltr'>Presbyter</span> <span class='ocrx_word' id='word_1_294' title='bbox 1142 1951 1219 2006; x_wconf 92' lang='lat' dir='ltr'>sic</span> <span class='ocrx_word' id='word_1_295' title='bbox 1242 1952 1539 2005; x_wconf 91' lang='lat' dir='ltr'>honoretur</span> <span class='ocrx_word' id='word_1_296' title='bbox 1568 1966 1600 2004; x_wconf 92' lang='lat' dir='ltr'>a</span> <span class='ocrx_word' id='word_1_297' title='bbox 1624 1950 1873 2016; x_wconf 91' lang='lat' dir='ltr'>subditis,</span> <span class='ocrx_word' id='word_1_298' title='bbox 1904 1951 2009 2006; x_wconf 89' lang='lat' dir='ltr'>ad-</span> 
     </span>
    </p>
   </div>
   <div class='ocr_carea' id='block_1_38' title="bbox 407 2036 2009 2108">
    <p class='ocr_par' dir='ltr' id='par_1_38' title="bbox 407 2036 2009 2108">
     <span class='ocr_line' id='line_1_38' title="bbox 407 2036 2009 2108; baseline -0.001 -17"><span class='ocrx_word' id='word_1_299' title='bbox 407 2052 602 2091; x_wconf 84' lang='lat' dir='ltr'>versus</span> <span class='ocrx_word' id='word_1_300' title='bbox 653 2052 813 2106; x_wconf 90' lang='lat' dir='ltr'>quem</span> <span class='ocrx_word' id='word_1_301' title='bbox 872 2036 1267 2108; x_wconf 79' lang='lat' dir='ltr'>presbyterum</span> <span class='ocrx_word' id='word_1_302' title='bbox 1316 2036 1437 2089; x_wconf 84' lang='lat' dir='ltr'>noti</span> <span class='ocrx_word' id='word_1_303' title='bbox 1484 2038 1734 2107; x_wconf 79' lang='lat' dir='ltr'>recipere</span> <span class='ocrx_word' id='word_1_304' title='bbox 1779 2053 2009 2093; x_wconf 87' lang='lat' dir='ltr'>accusa-</span> 
     </span>
    </p>
   </div>
   <div class='ocr_carea' id='block_1_39' title="bbox 413 2123 2011 2192">
    <p class='ocr_par' dir='ltr' id='par_1_39' title="bbox 413 2123 2011 2192">
     <span class='ocr_line' id='line_1_39' title="bbox 413 2123 2011 2192; baseline 0.001 -13"><span class='ocrx_word' id='word_1_305' title='bbox 413 2126 625 2179; x_wconf 77' lang='lat' dir='ltr'>tionem</span> <span class='ocrx_word' id='word_1_306' title='bbox 676 2126 873 2178; x_wconf 89' lang='lat' dir='ltr'>factam</span> <span class='ocrx_word' id='word_1_307' title='bbox 920 2125 990 2179; x_wconf 91' lang='lat' dir='ltr'>de</span> <span class='ocrx_word' id='word_1_308' title='bbox 1038 2123 1285 2192; x_wconf 89' lang='lat' dir='ltr'>crimine,</span> <span class='ocrx_word' id='word_1_309' title='bbox 1338 2125 1462 2178; x_wconf 82' lang='lat' dir='ltr'>nisi</span> <span class='ocrx_word' id='word_1_310' title='bbox 1508 2124 1609 2179; x_wconf 91' lang='lat' dir='ltr'>sub</span> <span class='ocrx_word' id='word_1_311' title='bbox 1664 2125 1874 2182; x_wconf 88' lang='lat' dir='ltr'>duobus</span> <span class='ocrx_word' id='word_1_312' title='bbox 1924 2126 2011 2181; x_wconf 81' lang='lat' dir='ltr'>vel</span> 
     </span>
    </p>
   </div>
   <div class='ocr_carea' id='block_1_40' title="bbox 418 2213 876 2268">
    <p class='ocr_par' dir='ltr' id='par_1_40' title="bbox 418 2213 876 2268">
     <span class='ocr_line' id='line_1_40' title="bbox 418 2213 876 2268; baseline -0.004 -1"><span class='ocrx_word' id='word_1_313' title='bbox 418 2213 597 2267; x_wconf 86' lang='lat' dir='ltr'>tribus</span> <span class='ocrx_word' id='word_1_314' title='bbox 621 2213 876 2268; x_wconf 78' lang='lat' dir='ltr'>testibus.</span> 
     </span>
    </p>
   </div>
   <div class='ocr_carea' id='block_1_41' title="bbox 485 2300 2011 2374">
    <p class='ocr_par' dir='ltr' id='par_1_41' title="bbox 485 2300 2011 2374">
     <span class='ocr_line' id='line_1_41' title="bbox 485 2300 2011 2374; baseline 0.002 -20"><span class='ocrx_word' id='word_1_315' title='bbox 485 2300 642 2369; x_wconf 88' lang='lat' dir='ltr'>Quod</span> <span class='ocrx_word' id='word_1_316' title='bbox 674 2300 718 2355; x_wconf 91' lang='lat' dir='ltr'>si</span> <span class='ocrx_word' id='word_1_317' title='bbox 746 2301 815 2355; x_wconf 90' lang='lat' dir='ltr'>de</span> <span class='ocrx_word' id='word_1_318' title='bbox 836 2300 1039 2367; x_wconf 88' lang='lat' dir='ltr'>debito,</span> <span class='ocrx_word' id='word_1_319' title='bbox 1061 2301 1150 2357; x_wconf 89' lang='lat' dir='ltr'>vel</span> <span class='ocrx_word' id='word_1_320' title='bbox 1171 2302 1238 2357; x_wconf 92' lang='lat' dir='ltr'>de</span> <span class='ocrx_word' id='word_1_321' title='bbox 1260 2302 1502 2374; x_wconf 90' lang='lat' dir='ltr'>qualibet</span> <span class='ocrx_word' id='word_1_322' title='bbox 1519 2318 1575 2357; x_wconf 93' lang='lat' dir='ltr'>re</span> <span class='ocrx_word' id='word_1_323' title='bbox 1598 2301 1847 2359; x_wconf 59' lang='lat' dir='ltr'>saeculari</span> <span class='ocrx_word' id='word_1_324' title='bbox 1875 2318 2011 2358; x_wconf 88' lang='lat' dir='ltr'>con-</span> 
     </span>
    </p>
   </div>
   <div class='ocr_carea' id='block_1_42' title="bbox 417 2389 2013 2462">
    <p class='ocr_par' dir='ltr' id='par_1_42' title="bbox 417 2389 2013 2462">
     <span class='ocr_line' id='line_1_42' title="bbox 417 2389 2013 2462; baseline 0.001 -18"><span class='ocrx_word' id='word_1_325' title='bbox 417 2389 651 2459; x_wconf 86' lang='lat' dir='ltr'>venitur,</span> <span class='ocrx_word' id='word_1_326' title='bbox 687 2389 1017 2461; x_wconf 89' lang='lat' dir='ltr'>respondeat</span> <span class='ocrx_word' id='word_1_327' title='bbox 1045 2390 1295 2461; x_wconf 83' lang='lat' dir='ltr'>singulis.</span> <span class='ocrx_word' id='word_1_328' title='bbox 1318 2391 1475 2446; x_wconf 89' lang='lat' dir='ltr'>Nunc</span> <span class='ocrx_word' id='word_1_329' title='bbox 1508 2391 1712 2462; x_wconf 89' lang='lat' dir='ltr'>utique,</span> <span class='ocrx_word' id='word_1_330' title='bbox 1748 2391 1876 2462; x_wconf 88' lang='lat' dir='ltr'>quia</span> <span class='ocrx_word' id='word_1_331' title='bbox 1903 2406 2013 2445; x_wconf 85' lang='lat' dir='ltr'>ma.-</span> 
     </span>
    </p>
   </div>
   <div class='ocr_carea' id='block_1_43' title="bbox 416 2478 2016 2551">
    <p class='ocr_par' dir='ltr' id='par_1_43' title="bbox 416 2478 2016 2551">
     <span class='ocr_line' id='line_1_43' title="bbox 416 2478 2016 2551; baseline 0.003 -20"><span class='ocrx_word' id='word_1_332' title='bbox 416 2478 503 2550; x_wconf 87' lang='lat' dir='ltr'>gis</span> <span class='ocrx_word' id='word_1_333' title='bbox 533 2494 595 2533; x_wconf 89' lang='lat' dir='ltr'>ac</span> <span class='ocrx_word' id='word_1_334' title='bbox 624 2478 803 2550; x_wconf 83' lang='lat' dir='ltr'>magis</span> <span class='ocrx_word' id='word_1_335' title='bbox 851 2478 907 2533; x_wconf 93' lang='lat' dir='ltr'>in</span> <span class='ocrx_word' id='word_1_336' title='bbox 951 2479 1193 2534; x_wconf 87' lang='lat' dir='ltr'>deterius</span> <span class='ocrx_word' id='word_1_337' title='bbox 1241 2478 1380 2551; x_wconf 90' lang='lat' dir='ltr'>lapsi</span> <span class='ocrx_word' id='word_1_338' title='bbox 1424 2488 1548 2534; x_wconf 92' lang='lat' dir='ltr'>sunt</span> <span class='ocrx_word' id='word_1_339' title='bbox 1590 2480 1859 2547; x_wconf 90' lang='lat' dir='ltr'>homines,</span> <span class='ocrx_word' id='word_1_340' title='bbox 1911 2496 2016 2536; x_wconf 87' lang='lat' dir='ltr'>nec</span> 
     </span>
    </p>
   </div>
   <div class='ocr_carea' id='block_1_44' title="bbox 416 2567 2015 2638">
    <p class='ocr_par' dir='ltr' id='par_1_44' title="bbox 416 2567 2015 2638">
     <span class='ocr_line' id='line_1_44' title="bbox 416 2567 2015 2638; baseline 0.001 -18"><span class='ocrx_word' id='word_1_341' title='bbox 416 2567 585 2622; x_wconf 90' lang='lat' dir='ltr'>multo</span> <span class='ocrx_word' id='word_1_342' title='bbox 631 2567 879 2638; x_wconf 88' lang='lat' dir='ltr'>pluribus</span> <span class='ocrx_word' id='word_1_343' title='bbox 939 2568 1188 2637; x_wconf 86' lang='lat' dir='ltr'>testibus,</span> <span class='ocrx_word' id='word_1_344' title='bbox 1237 2569 1553 2624; x_wconf 90' lang='lat' dir='ltr'>conceditur</span> <span class='ocrx_word' id='word_1_345' title='bbox 1595 2569 1775 2633; x_wconf 90' lang='lat' dir='ltr'>hodie,</span> <span class='ocrx_word' id='word_1_346' title='bbox 1819 2577 1877 2622; x_wconf 91' lang='lat' dir='ltr'>ut</span> <span class='ocrx_word' id='word_1_347' title='bbox 1922 2584 2015 2623; x_wconf 89' lang='lat' dir='ltr'>re-</span> 
     </span>
    </p>
   </div>
   <div class='ocr_carea' id='block_1_45' title="bbox 419 2656 2015 2728">
    <p class='ocr_par' dir='ltr' id='par_1_45' title="bbox 419 2656 2015 2728">
     <span class='ocr_line' id='line_1_45' title="bbox 419 2656 2015 2728; baseline 0 -18"><span class='ocrx_word' id='word_1_348' title='bbox 419 2656 687 2727; x_wconf 88' lang='lat' dir='ltr'>spondeat</span> <span class='ocrx_word' id='word_1_349' title='bbox 713 2656 1020 2727; x_wconf 88' lang='lat' dir='ltr'>presbyter,</span> <span class='ocrx_word' id='word_1_350' title='bbox 1052 2657 1159 2711; x_wconf 91' lang='lat' dir='ltr'>nisi</span> <span class='ocrx_word' id='word_1_351' title='bbox 1179 2657 1552 2728; x_wconf 88' lang='lat' dir='ltr'>interpelletur</span> <span class='ocrx_word' id='word_1_352' title='bbox 1572 2658 1641 2713; x_wconf 92' lang='lat' dir='ltr'>de</span> <span class='ocrx_word' id='word_1_353' title='bbox 1662 2658 1879 2712; x_wconf 55' lang='lat' dir='ltr'>haeresi.</span> <span class='ocrx_word' id='word_1_354' title='bbox 1904 2657 2015 2713; x_wconf 92' lang='lat' dir='ltr'>Sub</span> 
     </span>
    </p>
   </div>
   <div class='ocr_carea' id='block_1_46' title="bbox 417 2743 2017 2818">
    <p class='ocr_par' dir='ltr' id='par_1_46' title="bbox 417 2743 2017 2818">
     <span class='ocr_line' id='line_1_46' title="bbox 417 2743 2017 2818; baseline 0.001 -20"><span class='ocrx_word' id='word_1_355' title='bbox 417 2743 632 2799; x_wconf 92' lang='lat' dir='ltr'>duobus</span> <span class='ocrx_word' id='word_1_356' title='bbox 661 2744 749 2799; x_wconf 92' lang='lat' dir='ltr'>vel</span> <span class='ocrx_word' id='word_1_357' title='bbox 779 2744 951 2799; x_wconf 89' lang='lat' dir='ltr'>tribus</span> <span class='ocrx_word' id='word_1_358' title='bbox 989 2746 1220 2800; x_wconf 89' lang='lat' dir='ltr'>testibus</span> <span class='ocrx_word' id='word_1_359' title='bbox 1267 2746 1638 2817; x_wconf 87' lang='lat' dir='ltr'>respondeant</span> <span class='ocrx_word' id='word_1_360' title='bbox 1685 2746 2017 2818; x_wconf 87' lang='lat' dir='ltr'>presbyteri.</span> 
     </span>
    </p>
   </div>
   <div class='ocr_carea' id='block_1_47' title="bbox 418 2832 2015 2905">
    <p class='ocr_par' dir='ltr' id='par_1_47' title="bbox 418 2832 2015 2905">
     <span class='ocr_line' id='line_1_47' title="bbox 418 2832 2015 2905; baseline 0 -16"><span class='ocrx_word' id='word_1_361' title='bbox 418 2832 475 2889; x_wconf 92' lang='lat' dir='ltr'>Si</span> <span class='ocrx_word' id='word_1_362' title='bbox 502 2840 683 2887; x_wconf 89' lang='lat' dir='ltr'>autem</span> <span class='ocrx_word' id='word_1_363' title='bbox 723 2837 1023 2905; x_wconf 83' lang='lat' dir='ltr'>peccantes</span> <span class='ocrx_word' id='word_1_364' title='bbox 1065 2833 1189 2899; x_wconf 91' lang='lat' dir='ltr'>sint,</span> <span class='ocrx_word' id='word_1_365' title='bbox 1220 2833 1275 2888; x_wconf 90' lang='lat' dir='ltr'>id</span> <span class='ocrx_word' id='word_1_366' title='bbox 1306 2842 1389 2889; x_wconf 90' lang='lat' dir='ltr'>est</span> <span class='ocrx_word' id='word_1_367' title='bbox 1433 2834 1478 2888; x_wconf 90' lang='lat' dir='ltr'>si</span> <span class='ocrx_word' id='word_1_368' title='bbox 1525 2835 1836 2905; x_wconf 86' lang='lat' dir='ltr'>presbyteri</span> <span class='ocrx_word' id='word_1_369' title='bbox 1864 2835 1922 2889; x_wconf 91' lang='lat' dir='ltr'>in</span> <span class='ocrx_word' id='word_1_370' title='bbox 1950 2850 2015 2889; x_wconf 93' lang='lat' dir='ltr'>eo</span> 
     </span>
    </p>
   </div>
   <div class='ocr_carea' id='block_1_48' title="bbox 416 2923 2015 2995">
    <p class='ocr_par' dir='ltr' id='par_1_48' title="bbox 416 2923 2015 2995">
     <span class='ocr_line' id='line_1_48' title="bbox 416 2923 2015 2995; baseline 0.001 -20"><span class='ocrx_word' id='word_1_371' title='bbox 416 2937 523 2993; x_wconf 90' lang='lat' dir='ltr'>quo</span> <span class='ocrx_word' id='word_1_372' title='bbox 570 2930 891 2993; x_wconf 82' lang='lat' dir='ltr'>arguuntur,</span> <span class='ocrx_word' id='word_1_373' title='bbox 941 2937 1204 2992; x_wconf 89' lang='lat' dir='ltr'>peccasse</span> <span class='ocrx_word' id='word_1_374' title='bbox 1250 2923 1662 2989; x_wconf 87' lang='lat' dir='ltr'>convincantur,</span> <span class='ocrx_word' id='word_1_375' title='bbox 1709 2940 1880 2995; x_wconf 85' lang='lat' dir='ltr'>argue</span> <span class='ocrx_word' id='word_1_376' title='bbox 1919 2939 2015 2983; x_wconf 84' lang='lat' dir='ltr'>eos</span> 
     </span>
    </p>
   </div>
   <div class='ocr_carea' id='block_1_49' title="bbox 416 3011 2017 3082">
    <p class='ocr_par' dir='ltr' id='par_1_49' title="bbox 416 3011 2017 3082">
     <span class='ocr_line' id='line_1_49' title="bbox 416 3011 2017 3082; baseline -0.001 -16"><span class='ocrx_word' id='word_1_377' title='bbox 416 3026 608 3066; x_wconf 90' lang='lat' dir='ltr'>coram</span> <span class='ocrx_word' id='word_1_378' title='bbox 636 3012 913 3076; x_wconf 81' lang='lat' dir='ltr'>omnibus,</span> <span class='ocrx_word' id='word_1_379' title='bbox 938 3019 996 3065; x_wconf 93' lang='lat' dir='ltr'>ut</span> <span class='ocrx_word' id='word_1_380' title='bbox 1025 3011 1390 3066; x_wconf 91' lang='lat' dir='ltr'>sicutcrimen</span> <span class='ocrx_word' id='word_1_381' title='bbox 1415 3028 1626 3078; x_wconf 92' lang='lat' dir='ltr'>eorum,</span> <span class='ocrx_word' id='word_1_382' title='bbox 1652 3012 1731 3067; x_wconf 88' lang='lat' dir='ltr'>sic</span> <span class='ocrx_word' id='word_1_383' title='bbox 1748 3013 2017 3082; x_wconf 75' lang='lat' dir='ltr'>pmniten-</span> 
     </span>
    </p>
   </div>
   <div class='ocr_carea' id='block_1_50' title="bbox 412 3097 2019 3171">
    <p class='ocr_par' dir='ltr' id='par_1_50' title="bbox 412 3097 2019 3171">
     <span class='ocr_line' id='line_1_50' title="bbox 412 3097 2019 3171; baseline 0.001 -18"><span class='ocrx_word' id='word_1_384' title='bbox 412 3097 489 3153; x_wconf 91' lang='lat' dir='ltr'>tia</span> <span class='ocrx_word' id='word_1_385' title='bbox 517 3099 761 3154; x_wconf 90' lang='lat' dir='ltr'>criminis</span> <span class='ocrx_word' id='word_1_386' title='bbox 791 3099 1043 3154; x_wconf 88' lang='lat' dir='ltr'>omnibus</span> <span class='ocrx_word' id='word_1_387' title='bbox 1071 3100 1255 3170; x_wconf 87' lang='lat' dir='ltr'>palam</span> <span class='ocrx_word' id='word_1_388' title='bbox 1286 3101 1378 3169; x_wconf 91' lang='lat' dir='ltr'>sit,</span> <span class='ocrx_word' id='word_1_389' title='bbox 1414 3117 1485 3155; x_wconf 90' lang='lat' dir='ltr'>ne</span> <span class='ocrx_word' id='word_1_390' title='bbox 1516 3100 1657 3156; x_wconf 88' lang='lat' dir='ltr'>forte</span> <span class='ocrx_word' id='word_1_391' title='bbox 1688 3100 1734 3155; x_wconf 92' lang='lat' dir='ltr'>si</span> <span class='ocrx_word' id='word_1_392' title='bbox 1764 3101 2019 3171; x_wconf 88' lang='lat' dir='ltr'>privatim</span> 
     </span>
    </p>
   </div>
   <div class='ocr_carea' id='block_1_51' title="bbox 416 3188 2021 3261">
    <p class='ocr_par' dir='ltr' id='par_1_51' title="bbox 416 3188 2021 3261">
     <span class='ocr_line' id='line_1_51' title="bbox 416 3188 2021 3261; baseline 0.002 -20"><span class='ocrx_word' id='word_1_393' title='bbox 416 3188 732 3259; x_wconf 72' lang='lat' dir='ltr'>pteniteant,</span> <span class='ocrx_word' id='word_1_394' title='bbox 767 3204 877 3241; x_wconf 92' lang='lat' dir='ltr'>non</span> <span class='ocrx_word' id='word_1_395' title='bbox 915 3188 1179 3259; x_wconf 62' lang='lat' dir='ltr'>poenitere</span> <span class='ocrx_word' id='word_1_396' title='bbox 1228 3197 1486 3260; x_wconf 89' lang='lat' dir='ltr'>putentur</span> <span class='ocrx_word' id='word_1_397' title='bbox 1533 3189 1625 3261; x_wconf 90' lang='lat' dir='ltr'>qui</span> <span class='ocrx_word' id='word_1_398' title='bbox 1658 3190 1725 3245; x_wconf 90' lang='lat' dir='ltr'>ab</span> <span class='ocrx_word' id='word_1_399' title='bbox 1768 3190 2021 3244; x_wconf 92' lang='lat' dir='ltr'>omnibus</span> 
     </span>
    </p>
   </div>
   <div class='ocr_carea' id='block_1_52' title="bbox 416 3276 2022 3350">
    <p class='ocr_par' dir='ltr' id='par_1_52' title="bbox 416 3276 2022 3350">
     <span class='ocr_line' id='line_1_52' title="bbox 416 3276 2022 3350; baseline 0.002 -20"><span class='ocrx_word' id='word_1_400' title='bbox 416 3291 679 3346; x_wconf 90' lang='lat' dir='ltr'>peccasse</span> <span class='ocrx_word' id='word_1_401' title='bbox 702 3276 1030 3347; x_wconf 90' lang='lat' dir='ltr'>deprehensi</span> <span class='ocrx_word' id='word_1_402' title='bbox 1052 3286 1188 3332; x_wconf 90' lang='lat' dir='ltr'>sunt.</span> <span class='ocrx_word' id='word_1_403' title='bbox 1219 3278 1348 3332; x_wconf 92' lang='lat' dir='ltr'>Ideo</span> <span class='ocrx_word' id='word_1_404' title='bbox 1371 3294 1553 3333; x_wconf 90' lang='lat' dir='ltr'>coram</span> <span class='ocrx_word' id='word_1_405' title='bbox 1578 3279 1830 3333; x_wconf 88' lang='lat' dir='ltr'>omnibus</span> <span class='ocrx_word' id='word_1_406' title='bbox 1853 3294 2022 3350; x_wconf 82' lang='lat' dir='ltr'>argue</span> 
     </span>
    </p>
   </div>
   <div class='ocr_carea' id='block_1_53' title="bbox 417 3365 2022 3437">
    <p class='ocr_par' dir='ltr' id='par_1_53' title="bbox 417 3365 2022 3437">
     <span class='ocr_line' id='line_1_53' title="bbox 417 3365 2022 3437; baseline 0 -17"><span class='ocrx_word' id='word_1_407' title='bbox 417 3368 484 3420; x_wconf 88' lang='lat' dir='ltr'>ut</span> <span class='ocrx_word' id='word_1_408' title='bbox 499 3366 604 3420; x_wconf 88' lang='lat' dir='ltr'>hoc</span> <span class='ocrx_word' id='word_1_409' title='bbox 624 3365 744 3421; x_wconf 88' lang='lat' dir='ltr'>viso</span> <span class='ocrx_word' id='word_1_410' title='bbox 768 3366 1026 3422; x_wconf 85' lang='lat' dir='ltr'>timorem</span> <span class='ocrx_word' id='word_1_411' title='bbox 1051 3366 1297 3422; x_wconf 80' lang='lat' dir='ltr'>habeant</span> <span class='ocrx_word' id='word_1_412' title='bbox 1336 3366 1599 3437; x_wconf 90' lang='lat' dir='ltr'>peccandi</span> <span class='ocrx_word' id='word_1_413' title='bbox 1620 3370 1812 3422; x_wconf 67' lang='lat' dir='ltr'>caeteri</span> <span class='ocrx_word' id='word_1_414' title='bbox 1833 3383 2022 3422; x_wconf 89' lang='lat' dir='ltr'>sacer—</span> 
     </span>
    </p>
   </div>
   <div class='ocr_carea' id='block_1_54' title="bbox 419 3452 2024 3526">
    <p class='ocr_par' dir='ltr' id='par_1_54' title="bbox 419 3452 2024 3526">
     <span class='ocr_line' id='line_1_54' title="bbox 419 3452 2024 3526; baseline 0 -19"><span class='ocrx_word' id='word_1_415' title='bbox 419 3452 595 3523; x_wconf 88' lang='lat' dir='ltr'>dotes,</span> <span class='ocrx_word' id='word_1_416' title='bbox 624 3453 864 3510; x_wconf 76' lang='lat'><strong>329</strong></span> <span class='ocrx_word' id='word_1_417' title='bbox 888 3455 1123 3510; x_wconf 87' lang='lat' dir='ltr'>scientes</span> <span class='ocrx_word' id='word_1_418' title='bbox 1160 3454 1323 3509; x_wconf 90' lang='lat' dir='ltr'>simili</span> <span class='ocrx_word' id='word_1_419' title='bbox 1344 3471 1507 3525; x_wconf 64' lang='lat' dir='ltr'>paena</span> <span class='ocrx_word' id='word_1_420' title='bbox 1529 3472 1587 3511; x_wconf 93' lang='lat' dir='ltr'>se</span> <span class='ocrx_word' id='word_1_421' title='bbox 1608 3456 1945 3526; x_wconf 87' lang='lat' dir='ltr'>plectendos,</span> <span class='ocrx_word' id='word_1_422' title='bbox 1978 3455 2024 3508; x_wconf 90' lang='lat' dir='ltr'>si</span> 
     </span>
    </p>
   </div>
   <div class='ocr_carea' id='block_1_55' title="bbox 420 3542 2025 3618">
    <p class='ocr_par' dir='ltr' id='par_1_55' title="bbox 420 3542 2025 3618">
     <span class='ocr_line' id='line_1_55' title="bbox 420 3542 2025 3618; baseline 0.001 -22"><span class='ocrx_word' id='word_1_423' title='bbox 420 3542 793 3612; x_wconf 90' lang='lat' dir='ltr'>peccaverint.</span> <span class='ocrx_word' id='word_1_424' title='bbox 817 3542 915 3599; x_wconf 88' lang='lat' dir='ltr'>Vel</span> <span class='ocrx_word' id='word_1_425' title='bbox 932 3544 1131 3618; x_wconf 63' lang='lat' dir='ltr'>czpteri,</span> <span class='ocrx_word' id='word_1_426' title='bbox 1157 3544 1212 3598; x_wconf 92' lang='lat' dir='ltr'>id</span> <span class='ocrx_word' id='word_1_427' title='bbox 1234 3552 1314 3598; x_wconf 92' lang='lat' dir='ltr'>est</span> <span class='ocrx_word' id='word_1_428' title='bbox 1338 3544 1559 3612; x_wconf 90' lang='lat' dir='ltr'>subditi,</span> <span class='ocrx_word' id='word_1_429' title='bbox 1580 3544 1802 3615; x_wconf 91' lang='lat' dir='ltr'>quiviso</span> <span class='ocrx_word' id='word_1_430' title='bbox 1825 3550 2025 3615; x_wconf 88' lang='lat' dir='ltr'>quanta</span> 
     </span>
    </p>
   </div>
   <div class='ocr_carea' id='block_1_56' title="bbox 419 3629 2025 3703">
    <p class='ocr_par' dir='ltr' id='par_1_56' title="bbox 419 3629 2025 3703">
     <span class='ocr_line' id='line_1_56' title="bbox 419 3629 2025 3703; baseline 0.001 -21"><span class='ocrx_word' id='word_1_431' title='bbox 419 3629 758 3686; x_wconf 89' lang='lat' dir='ltr'>districtione</span> <span class='ocrx_word' id='word_1_432' title='bbox 804 3640 1161 3688; x_wconf 89' lang='lat' dir='ltr'>coerceantur</span> <span class='ocrx_word' id='word_1_433' title='bbox 1185 3632 1427 3703; x_wconf 74' lang='lat' dir='ltr'>praelati,</span> <span class='ocrx_word' id='word_1_434' title='bbox 1461 3632 1636 3703; x_wconf 86' lang='lat' dir='ltr'>magis</span> <span class='ocrx_word' id='word_1_435' title='bbox 1668 3632 1892 3686; x_wconf 88' lang='lat' dir='ltr'>timeant</span> <span class='ocrx_word' id='word_1_436' title='bbox 1922 3631 2025 3686; x_wconf 87' lang='lat' dir='ltr'>sibi</span> 
     </span>
    </p>
   </div>
   <div class='ocr_carea' id='block_1_57' title="bbox 419 3718 2025 3791">
    <p class='ocr_par' dir='ltr' id='par_1_57' title="bbox 419 3718 2025 3791">
     <span class='ocr_line' id='line_1_57' title="bbox 419 3718 2025 3791; baseline 0.002 -19"><span class='ocrx_word' id='word_1_437' title='bbox 419 3718 512 3789; x_wconf 90' lang='lat' dir='ltr'>qui</span> <span class='ocrx_word' id='word_1_438' title='bbox 561 3727 683 3773; x_wconf 90' lang='lat' dir='ltr'>sunt</span> <span class='ocrx_word' id='word_1_439' title='bbox 742 3719 964 3775; x_wconf 89' lang='lat' dir='ltr'>subditi.</span> <span class='ocrx_word' id='word_1_440' title='bbox 1023 3721 1105 3775; x_wconf 89' lang='lat' dir='ltr'>Ne</span> <span class='ocrx_word' id='word_1_441' title='bbox 1181 3728 1363 3775; x_wconf 90' lang='lat' dir='ltr'>autem</span> <span class='ocrx_word' id='word_1_442' title='bbox 1420 3720 1635 3790; x_wconf 91' lang='lat' dir='ltr'>aliquos</span> <span class='ocrx_word' id='word_1_443' title='bbox 1680 3721 2025 3791; x_wconf 90' lang='lat' dir='ltr'>presbyteros</span> 
     </span>
    </p>
   </div>
   <div class='ocr_carea' id='block_1_58' title="bbox 417 3806 2025 3879">
    <p class='ocr_par' dir='ltr' id='par_1_58' title="bbox 417 3806 2025 3879">
     <span class='ocr_line' id='line_1_58' title="bbox 417 3806 2025 3879; baseline 0.001 -18"><span class='ocrx_word' id='word_1_444' title='bbox 417 3806 701 3879; x_wconf 82' lang='lat' dir='ltr'>contingat</span> <span class='ocrx_word' id='word_1_445' title='bbox 731 3807 810 3862; x_wconf 90' lang='lat' dir='ltr'>sic</span> <span class='ocrx_word' id='word_1_446' title='bbox 842 3808 909 3862; x_wconf 90' lang='lat' dir='ltr'>de</span> <span class='ocrx_word' id='word_1_447' title='bbox 938 3815 1167 3878; x_wconf 91' lang='lat' dir='ltr'>peccato</span> <span class='ocrx_word' id='word_1_448' title='bbox 1198 3808 1450 3864; x_wconf 89' lang='lat' dir='ltr'>convinci</span> <span class='ocrx_word' id='word_1_449' title='bbox 1480 3808 1613 3879; x_wconf 89' lang='lat' dir='ltr'>(non</span> <span class='ocrx_word' id='word_1_450' title='bbox 1634 3810 1780 3864; x_wconf 90' lang='lat' dir='ltr'>enim</span> <span class='ocrx_word' id='word_1_451' title='bbox 1799 3825 2025 3879; x_wconf 87' lang='lat' dir='ltr'>parvum</span> 
     </span>
    </p>
   </div>
   <div class='ocr_carea' id='block_1_59' title="bbox 416 3894 2028 3969">
    <p class='ocr_par' dir='ltr' id='par_1_59' title="bbox 416 3894 2028 3969">
     <span class='ocr_line' id='line_1_59' title="bbox 416 3894 2028 3969; baseline 0.002 -21"><span class='ocrx_word' id='word_1_452' title='bbox 416 3894 623 3949; x_wconf 88' lang='lat' dir='ltr'>malum</span> <span class='ocrx_word' id='word_1_453' title='bbox 669 3903 749 3950; x_wconf 87' lang='lat' dir='ltr'>est</span> <span class='ocrx_word' id='word_1_454' title='bbox 790 3912 886 3950; x_wconf 91' lang='lat' dir='ltr'>eos</span> <span class='ocrx_word' id='word_1_455' title='bbox 927 3895 983 3949; x_wconf 90' lang='lat' dir='ltr'>in</span> <span class='ocrx_word' id='word_1_456' title='bbox 1031 3896 1242 3952; x_wconf 89' lang='lat' dir='ltr'>scelere</span> <span class='ocrx_word' id='word_1_457' title='bbox 1295 3897 1653 3966; x_wconf 89' lang='lat' dir='ltr'>deprehendi,</span> <span class='ocrx_word' id='word_1_458' title='bbox 1710 3898 1799 3969; x_wconf 89' lang='lat' dir='ltr'>qui</span> <span class='ocrx_word' id='word_1_459' title='bbox 1849 3897 2028 3952; x_wconf 90' lang='lat' dir='ltr'>forma</span> 
     </span>
    </p>
   </div>
   <div class='ocr_carea' id='block_1_60' title="bbox 418 3983 2023 4059">
    <p class='ocr_par' dir='ltr' id='par_1_60' title="bbox 418 3983 2023 4059">
     <span class='ocr_line' id='line_1_60' title="bbox 418 3983 2023 4059; baseline 0.003 -23"><span class='ocrx_word' id='word_1_460' title='bbox 418 3983 548 4038; x_wconf 90' lang='lat' dir='ltr'>boni</span> <span class='ocrx_word' id='word_1_461' title='bbox 593 4000 715 4039; x_wconf 92' lang='lat' dir='ltr'>esse</span> <span class='ocrx_word' id='word_1_462' title='bbox 766 3984 966 4039; x_wconf 90' lang='lat' dir='ltr'>debent</span> <span class='ocrx_word' id='word_1_463' title='bbox 1002 3984 1184 4055; x_wconf 88' lang='lat' dir='ltr'>aliis);</span> <span class='ocrx_word' id='word_1_464' title='bbox 1220 4002 1287 4039; x_wconf 92' lang='lat' dir='ltr'>ne</span> <span class='ocrx_word' id='word_1_465' title='bbox 1334 3985 1437 4040; x_wconf 93' lang='lat' dir='ltr'>hoc</span> <span class='ocrx_word' id='word_1_466' title='bbox 1479 3986 1665 4057; x_wconf 91' lang='lat' dir='ltr'>utique</span> <span class='ocrx_word' id='word_1_467' title='bbox 1718 3986 2023 4059; x_wconf 83' lang='lat' dir='ltr'>contingat,</span> 
     </span>
    </p>
   </div>
   <div class='ocr_carea' id='block_1_61' title="bbox 420 4072 2030 4145">
    <p class='ocr_par' dir='ltr' id='par_1_61' title="bbox 420 4072 2030 4145">
     <span class='ocr_line' id='line_1_61' title="bbox 420 4072 2030 4145; baseline 0.001 -16"><span class='ocrx_word' id='word_1_468' title='bbox 420 4072 677 4144; x_wconf 72' lang='lat' dir='ltr'>praecipio</span> <span class='ocrx_word' id='word_1_469' title='bbox 711 4088 779 4128; x_wconf 92' lang='lat' dir='ltr'>ne</span> <span class='ocrx_word' id='word_1_470' title='bbox 812 4090 977 4144; x_wconf 89' lang='lat' dir='ltr'>quem</span> <span class='ocrx_word' id='word_1_471' title='bbox 1009 4088 1303 4129; x_wconf 89' lang='lat' dir='ltr'>consecres</span> <span class='ocrx_word' id='word_1_472' title='bbox 1354 4074 1700 4129; x_wconf 89' lang='lat' dir='ltr'>sacerdotem</span> <span class='ocrx_word' id='word_1_473' title='bbox 1729 4074 1847 4129; x_wconf 87' lang='lat' dir='ltr'>sine</span> <span class='ocrx_word' id='word_1_474' title='bbox 1886 4091 2030 4145; x_wconf 62' lang='lat' dir='ltr'>prm-</span> 
     </span>
    </p>
   </div>
   <div class='ocr_carea' id='block_1_62' title="bbox 427 4161 2028 4219">
    <p class='ocr_par' dir='ltr' id='par_1_62' title="bbox 427 4161 2028 4219">
     <span class='ocr_line' id='line_1_62' title="bbox 427 4161 2028 4219; baseline -0.001 -1"><span class='ocrx_word' id='word_1_475' title='bbox 427 4161 644 4218; x_wconf 91' lang='lat' dir='ltr'>cedenti</span> <span class='ocrx_word' id='word_1_476' title='bbox 708 4162 1131 4218; x_wconf 88' lang='lat' dir='ltr'>examinatione.</span> <span class='ocrx_word' id='word_1_477' title='bbox 1190 4164 1258 4219; x_wconf 94' lang='lat' dir='ltr'>Ut</span> <span class='ocrx_word' id='word_1_478' title='bbox 1316 4171 1493 4218; x_wconf 89' lang='lat' dir='ltr'>autem</span> <span class='ocrx_word' id='word_1_479' title='bbox 1551 4164 1653 4219; x_wconf 88' lang='lat' dir='ltr'>hoc</span> <span class='ocrx_word' id='word_1_480' title='bbox 1714 4164 2028 4218; x_wconf 89' lang='lat' dir='ltr'>mandatum</span> 
     </span>
    </p>
   </div>
   <div class='ocr_carea' id='block_1_63' title="bbox 422 4251 2029 4323">
    <p class='ocr_par' dir='ltr' id='par_1_63' title="bbox 422 4251 2029 4323">
     <span class='ocr_line' id='line_1_63' title="bbox 422 4251 2029 4323; baseline 0.001 -16"><span class='ocrx_word' id='word_1_481' title='bbox 422 4251 574 4307; x_wconf 91' lang='lat' dir='ltr'>nulla</span> <span class='ocrx_word' id='word_1_482' title='bbox 599 4266 766 4307; x_wconf 88' lang='lat' dir='ltr'>causa</span> <span class='ocrx_word' id='word_1_483' title='bbox 798 4259 1116 4323; x_wconf 77' lang='lat' dir='ltr'>praetereas,</span> <span class='ocrx_word' id='word_1_484' title='bbox 1150 4253 1397 4308; x_wconf 87' lang='lat' dir='ltr'>obtestor</span> <span class='ocrx_word' id='word_1_485' title='bbox 1429 4260 1480 4307; x_wconf 91' lang='lat' dir='ltr'>te</span> <span class='ocrx_word' id='word_1_486' title='bbox 1512 4269 1704 4310; x_wconf 88' lang='lat' dir='ltr'>coram</span> <span class='ocrx_word' id='word_1_487' title='bbox 1735 4256 1843 4309; x_wconf 87' lang='lat' dir='ltr'>Deo</span> <span class='ocrx_word' id='word_1_488' title='bbox 1872 4254 2029 4308; x_wconf 90' lang='lat' dir='ltr'>Patre</span> 
     </span>
    </p>
   </div>
   <div class='ocr_carea' id='block_1_64' title="bbox 2109 1684 3711 1756">
    <p class='ocr_par' dir='ltr' id='par_1_64' title="bbox 2109 1684 3711 1756">
     <span class='ocr_line' id='line_1_64' title="bbox 2109 1684 3711 1756; baseline 0 -18"><span class='ocrx_word' id='word_1_489' title='bbox 2109 1684 2374 1738; x_wconf 89' lang='lat' dir='ltr'>subtiliter</span> <span class='ocrx_word' id='word_1_490' title='bbox 2391 1684 2686 1752; x_wconf 88' lang='lat' dir='ltr'>examines,</span> <span class='ocrx_word' id='word_1_491' title='bbox 2702 1684 2869 1755; x_wconf 81' lang='lat' dir='ltr'>digne</span> <span class='ocrx_word' id='word_1_492' title='bbox 2881 1700 3173 1740; x_wconf 89' lang='lat' dir='ltr'>consecres</span> <span class='ocrx_word' id='word_1_493' title='bbox 3190 1702 3203 1739; x_wconf 86' lang='lat'><strong>:</strong></span> <span class='ocrx_word' id='word_1_494' title='bbox 3223 1685 3442 1741; x_wconf 85' lang='lat' dir='ltr'>custodi</span> <span class='ocrx_word' id='word_1_495' title='bbox 3457 1685 3711 1756; x_wconf 85' lang='lat' dir='ltr'>teipsum</span> 
     </span>
    </p>
   </div>
   <div class='ocr_carea' id='block_1_65' title="bbox 2107 1773 3359 1845">
    <p class='ocr_par' dir='ltr' id='par_1_65' title="bbox 2107 1773 3359 1845">
     <span class='ocr_line' id='line_1_65' title="bbox 2107 1773 3359 1845; baseline -0.002 -16"><span class='ocrx_word' id='word_1_496' title='bbox 2107 1778 2349 1838; x_wconf 90' lang='lat' dir='ltr'>castum,</span> <span class='ocrx_word' id='word_1_497' title='bbox 2383 1773 2437 1826; x_wconf 93' lang='lat' dir='ltr'>id</span> <span class='ocrx_word' id='word_1_498' title='bbox 2469 1782 2551 1827; x_wconf 91' lang='lat' dir='ltr'>est</span> <span class='ocrx_word' id='word_1_499' title='bbox 2578 1773 2633 1827; x_wconf 93' lang='lat' dir='ltr'>in</span> <span class='ocrx_word' id='word_1_500' title='bbox 2662 1774 2809 1827; x_wconf 91' lang='lat' dir='ltr'>omni</span> <span class='ocrx_word' id='word_1_501' title='bbox 2841 1773 3036 1828; x_wconf 91' lang='lat' dir='ltr'>virtute</span> <span class='ocrx_word' id='word_1_502' title='bbox 3065 1773 3359 1845; x_wconf 89' lang='lat' dir='ltr'>integrum.</span> 
     </span>
    </p>
   </div>
   <div class='ocr_carea' id='block_1_66' title="bbox 2180 1860 3709 1931">
    <p class='ocr_par' dir='ltr' id='par_1_66' title="bbox 2180 1860 3709 1931">
     <span class='ocr_line' id='line_1_66' title="bbox 2180 1860 3709 1931; baseline 0.001 -16"><span class='ocrx_word' id='word_1_503' title='bbox 2180 1860 2316 1929; x_wconf 89' lang='lat' dir='ltr'>Quia</span> <span class='ocrx_word' id='word_1_504' title='bbox 2347 1870 2528 1916; x_wconf 89' lang='lat' dir='ltr'>autem</span> <span class='ocrx_word' id='word_1_505' title='bbox 2573 1862 2642 1917; x_wconf 88' lang='lat' dir='ltr'>dc</span> <span class='ocrx_word' id='word_1_506' title='bbox 2670 1862 2910 1916; x_wconf 90' lang='lat' dir='ltr'>castitate</span> <span class='ocrx_word' id='word_1_507' title='bbox 2959 1878 3081 1916; x_wconf 90' lang='lat' dir='ltr'>eum</span> <span class='ocrx_word' id='word_1_508' title='bbox 3112 1862 3412 1930; x_wconf 89' lang='lat' dir='ltr'>admonuit,</span> <span class='ocrx_word' id='word_1_509' title='bbox 3446 1862 3517 1916; x_wconf 94' lang='lat' dir='ltr'>ob</span> <span class='ocrx_word' id='word_1_510' title='bbox 3550 1862 3709 1931; x_wconf 87' lang='lat' dir='ltr'>cujus</span> 
     </span>
    </p>
   </div>
   <div class='ocr_carea' id='block_1_67' title="bbox 2110 1950 3713 2021">
    <p class='ocr_par' dir='ltr' id='par_1_67' title="bbox 2110 1950 3713 2021">
     <span class='ocr_line' id='line_1_67' title="bbox 2110 1950 3713 2021; baseline -0.001 -16"><span class='ocrx_word' id='word_1_511' title='bbox 2110 1950 2411 2005; x_wconf 88' lang='lat' dir='ltr'>custodiam</span> <span class='ocrx_word' id='word_1_512' title='bbox 2454 1950 2579 2006; x_wconf 93' lang='lat' dir='ltr'>vino</span> <span class='ocrx_word' id='word_1_513' title='bbox 2618 1966 2729 2005; x_wconf 92' lang='lat' dir='ltr'>non</span> <span class='ocrx_word' id='word_1_514' title='bbox 2775 1950 3020 2005; x_wconf 90' lang='lat' dir='ltr'>utebatur</span> <span class='ocrx_word' id='word_1_515' title='bbox 3051 1969 3065 2005; x_wconf 93' lang='lat'>:</span> <span class='ocrx_word' id='word_1_516' title='bbox 3097 1967 3265 2021; x_wconf 91' lang='lat' dir='ltr'>quare</span> <span class='ocrx_word' id='word_1_517' title='bbox 3297 1959 3349 2005; x_wconf 90' lang='lat' dir='ltr'>et</span> <span class='ocrx_word' id='word_1_518' title='bbox 3396 1952 3713 2006; x_wconf 87' lang='lat' dir='ltr'>stomachus</span> 
     </span>
    </p>
   </div>
   <div class='ocr_carea' id='block_1_68' title="bbox 2111 2038 3712 2109">
    <p class='ocr_par' dir='ltr' id='par_1_68' title="bbox 2111 2038 3712 2109">
     <span class='ocr_line' id='line_1_68' title="bbox 2111 2038 3712 2109; baseline 0 -16"><span class='ocrx_word' id='word_1_519' title='bbox 2111 2040 2228 2108; x_wconf 89' lang='lat' dir='ltr'>ejus</span> <span class='ocrx_word' id='word_1_520' title='bbox 2276 2038 2673 2104; x_wconf 88' lang='lat' dir='ltr'>debilitabatur,</span> <span class='ocrx_word' id='word_1_521' title='bbox 2721 2056 2789 2093; x_wconf 91' lang='lat' dir='ltr'>ne</span> <span class='ocrx_word' id='word_1_522' title='bbox 2830 2038 3048 2109; x_wconf 88' lang='lat' dir='ltr'>penitus</span> <span class='ocrx_word' id='word_1_523' title='bbox 3077 2055 3110 2094; x_wconf 86' lang='lat' dir='ltr'>a</span> <span class='ocrx_word' id='word_1_524' title='bbox 3158 2038 3285 2095; x_wconf 88' lang='lat' dir='ltr'>vino</span> <span class='ocrx_word' id='word_1_525' title='bbox 3326 2039 3712 2094; x_wconf 88' lang='lat' dir='ltr'>abstinendum</span> 
     </span>
    </p>
   </div>
   <div class='ocr_carea' id='block_1_69' title="bbox 2112 2127 3714 2201">
    <p class='ocr_par' dir='ltr' id='par_1_69' title="bbox 2112 2127 3714 2201">
     <span class='ocr_line' id='line_1_69' title="bbox 2112 2127 3714 2201; baseline 0 -20"><span class='ocrx_word' id='word_1_526' title='bbox 2112 2128 2215 2182; x_wconf 90' lang='lat' dir='ltr'>sibi</span> <span class='ocrx_word' id='word_1_527' title='bbox 2263 2144 2385 2182; x_wconf 89' lang='lat' dir='ltr'>esse</span> <span class='ocrx_word' id='word_1_528' title='bbox 2432 2128 2703 2194; x_wconf 88' lang='lat' dir='ltr'>crederet,</span> <span class='ocrx_word' id='word_1_529' title='bbox 2749 2127 2823 2182; x_wconf 89' lang='lat' dir='ltr'>ait</span> <span class='ocrx_word' id='word_1_530' title='bbox 2853 2128 3048 2183; x_wconf 86' lang='lat' dir='ltr'>Paulus</span> <span class='ocrx_word' id='word_1_531' title='bbox 3082 2146 3095 2181; x_wconf 90' lang='lat'>:</span> <span class='ocrx_word' id='word_1_532' title='bbox 3127 2129 3253 2183; x_wconf 87' lang='lat' dir='ltr'>Noli</span> <span class='ocrx_word' id='word_1_533' title='bbox 3290 2128 3471 2184; x_wconf 88' lang='lat' dir='ltr'>bibere</span> <span class='ocrx_word' id='word_1_534' title='bbox 3504 2144 3714 2201; x_wconf 86' lang='lat' dir='ltr'>aquam</span> 
     </span>
    </p>
   </div>
   <div class='ocr_carea' id='block_1_70' title="bbox 2113 2216 3713 2290">
    <p class='ocr_par' dir='ltr' id='par_1_70' title="bbox 2113 2216 3713 2290">
     <span class='ocr_line' id='line_1_70' title="bbox 2113 2216 3713 2290; baseline -0.001 -19"><span class='ocrx_word' id='word_1_535' title='bbox 2113 2218 2316 2272; x_wconf 87' lang='lat' dir='ltr'>adhuc.</span> <span class='ocrx_word' id='word_1_536' title='bbox 2382 2217 2488 2271; x_wconf 89' lang='lat' dir='ltr'>Per</span> <span class='ocrx_word' id='word_1_537' title='bbox 2541 2216 2644 2272; x_wconf 91' lang='lat' dir='ltr'>hoc</span> <span class='ocrx_word' id='word_1_538' title='bbox 2675 2216 2825 2287; x_wconf 91' lang='lat' dir='ltr'>quod</span> <span class='ocrx_word' id='word_1_539' title='bbox 2852 2217 2986 2271; x_wconf 89' lang='lat' dir='ltr'>dixit</span> <span class='ocrx_word' id='word_1_540' title='bbox 3015 2217 3219 2283; x_wconf 86' lang='lat' dir='ltr'>adhuc,</span> <span class='ocrx_word' id='word_1_541' title='bbox 3252 2217 3557 2290; x_wconf 81' lang='lat' dir='ltr'>designavit</span> <span class='ocrx_word' id='word_1_542' title='bbox 3585 2232 3713 2271; x_wconf 89' lang='lat' dir='ltr'>eum</span> 
     </span>
    </p>
   </div>
   <div class='ocr_carea' id='block_1_71' title="bbox 2114 2304 3713 2377">
    <p class='ocr_par' dir='ltr' id='par_1_71' title="bbox 2114 2304 3713 2377">
     <span class='ocr_line' id='line_1_71' title="bbox 2114 2304 3713 2377; baseline 0 -19"><span class='ocrx_word' id='word_1_543' title='bbox 2114 2305 2267 2375; x_wconf 89' lang='lat' dir='ltr'>prius</span> <span class='ocrx_word' id='word_1_544' title='bbox 2315 2305 2391 2359; x_wconf 89' lang='lat' dir='ltr'>uti</span> <span class='ocrx_word' id='word_1_545' title='bbox 2439 2320 2600 2376; x_wconf 90' lang='lat' dir='ltr'>aqua.</span> <span class='ocrx_word' id='word_1_546' title='bbox 2650 2304 2775 2359; x_wconf 92' lang='lat' dir='ltr'>Noli</span> <span class='ocrx_word' id='word_1_547' title='bbox 2804 2304 2988 2359; x_wconf 92' lang='lat' dir='ltr'>bibere</span> <span class='ocrx_word' id='word_1_548' title='bbox 3018 2320 3231 2377; x_wconf 88' lang='lat' dir='ltr'>aquam,</span> <span class='ocrx_word' id='word_1_549' title='bbox 3266 2306 3363 2360; x_wconf 88' lang='lat' dir='ltr'>sed</span> <span class='ocrx_word' id='word_1_550' title='bbox 3391 2308 3554 2361; x_wconf 86' lang='lat' dir='ltr'>utere</span> <span class='ocrx_word' id='word_1_551' title='bbox 3600 2320 3713 2359; x_wconf 92' lang='lat' dir='ltr'>non</span> 
     </span>
    </p>
   </div>
   <div class='ocr_carea' id='block_1_72' title="bbox 2116 2393 3715 2465">
    <p class='ocr_par' dir='ltr' id='par_1_72' title="bbox 2116 2393 3715 2465">
     <span class='ocr_line' id='line_1_72' title="bbox 2116 2393 3715 2465; baseline 0.001 -19"><span class='ocrx_word' id='word_1_552' title='bbox 2116 2393 2306 2459; x_wconf 90' lang='lat' dir='ltr'>semel,</span> <span class='ocrx_word' id='word_1_553' title='bbox 2336 2393 2432 2448; x_wconf 91' lang='lat' dir='ltr'>sed</span> <span class='ocrx_word' id='word_1_554' title='bbox 2460 2393 2514 2447; x_wconf 93' lang='lat' dir='ltr'>in</span> <span class='ocrx_word' id='word_1_555' title='bbox 2557 2409 2658 2447; x_wconf 91' lang='lat' dir='ltr'>usu</span> <span class='ocrx_word' id='word_1_556' title='bbox 2705 2394 2862 2447; x_wconf 89' lang='lat' dir='ltr'>habe.</span> <span class='ocrx_word' id='word_1_557' title='bbox 2897 2394 3076 2459; x_wconf 87' lang='lat' dir='ltr'>Utere,</span> <span class='ocrx_word' id='word_1_558' title='bbox 3128 2393 3368 2465; x_wconf 90' lang='lat' dir='ltr'>inquam,</span> <span class='ocrx_word' id='word_1_559' title='bbox 3404 2395 3535 2451; x_wconf 86' lang='lat' dir='ltr'>vino</span> <span class='ocrx_word' id='word_1_560' title='bbox 3564 2414 3581 2449; x_wconf 94' lang='lat'><strong><em>:</em></strong></span> <span class='ocrx_word' id='word_1_561' title='bbox 3614 2393 3715 2448; x_wconf 88' lang='lat' dir='ltr'>sed</span> 
     </span>
    </p>
   </div>
   <div class='ocr_carea' id='block_1_73' title="bbox 2113 2482 3715 2549">
    <p class='ocr_par' dir='ltr' id='par_1_73' title="bbox 2113 2482 3715 2549">
     <span class='ocr_line' id='line_1_73' title="bbox 2113 2482 3715 2549; baseline 0.001 -14"><span class='ocrx_word' id='word_1_562' title='bbox 2113 2482 2348 2548; x_wconf 90' lang='lat' dir='ltr'>modico,</span> <span class='ocrx_word' id='word_1_563' title='bbox 2397 2482 2450 2535; x_wconf 89' lang='lat' dir='ltr'>id</span> <span class='ocrx_word' id='word_1_564' title='bbox 2498 2490 2580 2535; x_wconf 88' lang='lat' dir='ltr'>est</span> <span class='ocrx_word' id='word_1_565' title='bbox 2642 2482 3001 2537; x_wconf 89' lang='lat' dir='ltr'>custodiendo</span> <span class='ocrx_word' id='word_1_566' title='bbox 3047 2483 3292 2549; x_wconf 91' lang='lat' dir='ltr'>modum,</span> <span class='ocrx_word' id='word_1_567' title='bbox 3346 2482 3555 2537; x_wconf 87' lang='lat' dir='ltr'>scilicet</span> <span class='ocrx_word' id='word_1_568' title='bbox 3602 2497 3715 2536; x_wconf 91' lang='lat' dir='ltr'>non</span> 
     </span>
    </p>
   </div>
   <div class='ocr_carea' id='block_1_74' title="bbox 2116 2570 3715 2642">
    <p class='ocr_par' dir='ltr' id='par_1_74' title="bbox 2116 2570 3715 2642">
     <span class='ocr_line' id='line_1_74' title="bbox 2116 2570 3715 2642; baseline 0.001 -17"><span class='ocrx_word' id='word_1_569' title='bbox 2116 2578 2339 2641; x_wconf 87' lang='lat' dir='ltr'>propter</span> <span class='ocrx_word' id='word_1_570' title='bbox 2354 2570 2693 2637; x_wconf 87' lang='lat' dir='ltr'>ebrietatem,</span> <span class='ocrx_word' id='word_1_571' title='bbox 2716 2571 2813 2625; x_wconf 90' lang='lat' dir='ltr'>sed</span> <span class='ocrx_word' id='word_1_572' title='bbox 2818 2576 3054 2642; x_wconf 77' lang='lat' dir='ltr'>propter</span> <span class='ocrx_word' id='word_1_573' title='bbox 3069 2572 3425 2626; x_wconf 83' lang='lat' dir='ltr'>stomachum</span> <span class='ocrx_word' id='word_1_574' title='bbox 3449 2575 3636 2637; x_wconf 85' lang='lat' dir='ltr'>tuum,</span> <span class='ocrx_word' id='word_1_575' title='bbox 3659 2571 3715 2625; x_wconf 90' lang='lat' dir='ltr'>id</span> 
     </span>
    </p>
   </div>
   <div class='ocr_carea' id='block_1_75' title="bbox 2119 2659 3712 2730">
    <p class='ocr_par' dir='ltr' id='par_1_75' title="bbox 2119 2659 3712 2730">
     <span class='ocr_line' id='line_1_75' title="bbox 2119 2659 3712 2730; baseline -0.001 -15"><span class='ocrx_word' id='word_1_576' title='bbox 2119 2668 2199 2715; x_wconf 91' lang='lat' dir='ltr'>est</span> <span class='ocrx_word' id='word_1_577' title='bbox 2231 2668 2450 2730; x_wconf 89' lang='lat' dir='ltr'>propter</span> <span class='ocrx_word' id='word_1_578' title='bbox 2495 2660 2748 2714; x_wconf 90' lang='lat' dir='ltr'>morbum</span> <span class='ocrx_word' id='word_1_579' title='bbox 2797 2659 2992 2715; x_wconf 90' lang='lat' dir='ltr'>crebro</span> <span class='ocrx_word' id='word_1_580' title='bbox 3033 2660 3312 2715; x_wconf 87' lang='lat' dir='ltr'>stomacho</span> <span class='ocrx_word' id='word_1_581' title='bbox 3342 2660 3712 2727; x_wconf 88' lang='lat' dir='ltr'>insidentem;</span> 
     </span>
    </p>
   </div>
   <div class='ocr_carea' id='block_1_76' title="bbox 2119 2748 3717 2820">
    <p class='ocr_par' dir='ltr' id='par_1_76' title="bbox 2119 2748 3717 2820">
     <span class='ocr_line' id='line_1_76' title="bbox 2119 2748 3717 2820; baseline -0.001 -16"><span class='ocrx_word' id='word_1_582' title='bbox 2119 2753 2173 2804; x_wconf 88' lang='lat' dir='ltr'>et</span> <span class='ocrx_word' id='word_1_583' title='bbox 2190 2756 2416 2819; x_wconf 87' lang='lat' dir='ltr'>prepter</span> <span class='ocrx_word' id='word_1_584' title='bbox 2426 2752 2749 2820; x_wconf 76' lang='lat' dir='ltr'>frequentes</span> <span class='ocrx_word' id='word_1_585' title='bbox 2765 2754 2892 2804; x_wconf 86' lang='lat' dir='ltr'>tuas</span> <span class='ocrx_word' id='word_1_586' title='bbox 2906 2749 3295 2818; x_wconf 80' lang='lat' dir='ltr'>inﬁrmitates,</span> <span class='ocrx_word' id='word_1_587' title='bbox 3315 2748 3371 2803; x_wconf 91' lang='lat' dir='ltr'>id</span> <span class='ocrx_word' id='word_1_588' title='bbox 3391 2757 3473 2803; x_wconf 91' lang='lat' dir='ltr'>est</span> <span class='ocrx_word' id='word_1_589' title='bbox 3490 2756 3717 2819; x_wconf 86' lang='lat' dir='ltr'>propter</span> 
     </span>
    </p>
   </div>
   <div class='ocr_carea' id='block_1_77' title="bbox 2118 2837 3707 2907">
    <p class='ocr_par' dir='ltr' id='par_1_77' title="bbox 2118 2837 3707 2907">
     <span class='ocr_line' id='line_1_77' title="bbox 2118 2837 3707 2907; baseline 0 -16"><span class='ocrx_word' id='word_1_590' title='bbox 2118 2837 2446 2907; x_wconf 90' lang='lat' dir='ltr'>multiplices</span> <span class='ocrx_word' id='word_1_591' title='bbox 2478 2852 2737 2893; x_wconf 88' lang='lat' dir='ltr'>accessus</span> <span class='ocrx_word' id='word_1_592' title='bbox 2765 2845 2817 2892; x_wconf 90' lang='lat' dir='ltr'>et</span> <span class='ocrx_word' id='word_1_593' title='bbox 2845 2838 3188 2893; x_wconf 68' lang='lat' dir='ltr'>mstuationes</span> <span class='ocrx_word' id='word_1_594' title='bbox 3214 2837 3458 2905; x_wconf 81' lang='lat' dir='ltr'>ejusdem</span> <span class='ocrx_word' id='word_1_595' title='bbox 3508 2837 3707 2903; x_wconf 89' lang='lat' dir='ltr'>morbi,</span> 
     </span>
    </p>
   </div>
   <div class='ocr_carea' id='block_1_78' title="bbox 2123 2920 3716 2993">
    <p class='ocr_par' dir='ltr' id='par_1_78' title="bbox 2123 2920 3716 2993">
     <span class='ocr_line' id='line_1_78' title="bbox 2123 2920 3716 2993; baseline 0 -18"><span class='ocrx_word' id='word_1_596' title='bbox 2123 2930 2180 2975; x_wconf 91' lang='lat' dir='ltr'>ut</span> <span class='ocrx_word' id='word_1_597' title='bbox 2209 2921 2437 2992; x_wconf 89' lang='lat' dir='ltr'>quilibet</span> <span class='ocrx_word' id='word_1_598' title='bbox 2477 2920 2791 2976; x_wconf 86' lang='lat' dir='ltr'>febricitans</span> <span class='ocrx_word' id='word_1_599' title='bbox 2838 2922 3091 2977; x_wconf 89' lang='lat' dir='ltr'>morbum</span> <span class='ocrx_word' id='word_1_600' title='bbox 3141 2922 3360 2993; x_wconf 90' lang='lat' dir='ltr'>quidem</span> <span class='ocrx_word' id='word_1_601' title='bbox 3409 2938 3629 2993; x_wconf 90' lang='lat' dir='ltr'>semper</span> <span class='ocrx_word' id='word_1_602' title='bbox 3658 2921 3716 2975; x_wconf 91' lang='lat' dir='ltr'>in</span> 
     </span>
    </p>
   </div>
   <div class='ocr_carea' id='block_1_79' title="bbox 2121 3010 3715 3081">
    <p class='ocr_par' dir='ltr' id='par_1_79' title="bbox 2121 3010 3715 3081">
     <span class='ocr_line' id='line_1_79' title="bbox 2121 3010 3715 3081; baseline 0 -17"><span class='ocrx_word' id='word_1_603' title='bbox 2121 3027 2180 3064; x_wconf 91' lang='lat' dir='ltr'>se</span> <span class='ocrx_word' id='word_1_604' title='bbox 2209 3010 2388 3076; x_wconf 88' lang='lat' dir='ltr'>habet,</span> <span class='ocrx_word' id='word_1_605' title='bbox 2420 3010 2549 3065; x_wconf 90' lang='lat' dir='ltr'>licet</span> <span class='ocrx_word' id='word_1_606' title='bbox 2590 3010 2753 3065; x_wconf 90' lang='lat' dir='ltr'>modo</span> <span class='ocrx_word' id='word_1_607' title='bbox 2800 3010 2997 3076; x_wconf 90' lang='lat' dir='ltr'>acrius,</span> <span class='ocrx_word' id='word_1_608' title='bbox 3032 3011 3194 3066; x_wconf 91' lang='lat' dir='ltr'>modo</span> <span class='ocrx_word' id='word_1_609' title='bbox 3224 3010 3509 3065; x_wconf 90' lang='lat' dir='ltr'>remissius</span> <span class='ocrx_word' id='word_1_610' title='bbox 3539 3011 3715 3081; x_wconf 88' lang='lat' dir='ltr'>patia-</span> 
     </span>
    </p>
   </div>
   <div class='ocr_carea' id='block_1_80' title="bbox 2119 3099 3718 3169">
    <p class='ocr_par' dir='ltr' id='par_1_80' title="bbox 2119 3099 3718 3169">
     <span class='ocr_line' id='line_1_80' title="bbox 2119 3099 3718 3169; baseline 0.001 -17"><span class='ocrx_word' id='word_1_611' title='bbox 2119 3107 2225 3166; x_wconf 91' lang='lat' dir='ltr'>tur,</span> <span class='ocrx_word' id='word_1_612' title='bbox 2257 3100 2356 3154; x_wconf 89' lang='lat' dir='ltr'>sed</span> <span class='ocrx_word' id='word_1_613' title='bbox 2399 3099 2725 3154; x_wconf 87' lang='lat' dir='ltr'>accedentes</span> <span class='ocrx_word' id='word_1_614' title='bbox 2754 3107 2914 3154; x_wconf 60' lang='lat' dir='ltr'>aestus</span> <span class='ocrx_word' id='word_1_615' title='bbox 2944 3099 3112 3154; x_wconf 86' lang='lat' dir='ltr'>febris</span> <span class='ocrx_word' id='word_1_616' title='bbox 3140 3099 3379 3155; x_wconf 90' lang='lat' dir='ltr'>vicissim</span> <span class='ocrx_word' id='word_1_617' title='bbox 3409 3099 3631 3169; x_wconf 87' lang='lat' dir='ltr'>patitur,</span> <span class='ocrx_word' id='word_1_618' title='bbox 3666 3106 3718 3153; x_wconf 83' lang='lat' dir='ltr'>et</span> 
     </span>
    </p>
   </div>
   <div class='ocr_carea' id='block_1_81' title="bbox 2120 3186 3718 3259">
    <p class='ocr_par' dir='ltr' id='par_1_81' title="bbox 2120 3186 3718 3259">
     <span class='ocr_line' id='line_1_81' title="bbox 2120 3186 3718 3259; baseline 0.001 -18"><span class='ocrx_word' id='word_1_619' title='bbox 2120 3202 2229 3243; x_wconf 92' lang='lat' dir='ltr'>non</span> <span class='ocrx_word' id='word_1_620' title='bbox 2277 3202 2514 3257; x_wconf 89' lang='lat' dir='ltr'>semper.</span> <span class='ocrx_word' id='word_1_621' title='bbox 2567 3188 2655 3242; x_wconf 88' lang='lat' dir='ltr'>Sic</span> <span class='ocrx_word' id='word_1_622' title='bbox 2702 3186 2804 3242; x_wconf 91' lang='lat' dir='ltr'>iste</span> <span class='ocrx_word' id='word_1_623' title='bbox 2853 3186 3167 3242; x_wconf 89' lang='lat' dir='ltr'>Timotheus</span> <span class='ocrx_word' id='word_1_624' title='bbox 3204 3196 3455 3242; x_wconf 89' lang='lat' dir='ltr'>naturam</span> <span class='ocrx_word' id='word_1_625' title='bbox 3496 3187 3718 3259; x_wconf 90' lang='lat' dir='ltr'>quidem</span> 
     </span>
    </p>
   </div>
   <div class='ocr_carea' id='block_1_82' title="bbox 2120 3275 3718 3348">
    <p class='ocr_par' dir='ltr' id='par_1_82' title="bbox 2120 3275 3718 3348">
     <span class='ocr_line' id='line_1_82' title="bbox 2120 3275 3718 3348; baseline 0.001 -19"><span class='ocrx_word' id='word_1_626' title='bbox 2120 3275 2298 3330; x_wconf 91' lang='lat' dir='ltr'>morbi</span> <span class='ocrx_word' id='word_1_627' title='bbox 2336 3276 2391 3329; x_wconf 93' lang='lat' dir='ltr'>in</span> <span class='ocrx_word' id='word_1_628' title='bbox 2439 3276 2722 3331; x_wconf 88' lang='lat' dir='ltr'>stomacho</span> <span class='ocrx_word' id='word_1_629' title='bbox 2755 3276 2961 3348; x_wconf 90' lang='lat' dir='ltr'>jugiter</span> <span class='ocrx_word' id='word_1_630' title='bbox 3009 3276 3265 3343; x_wconf 89' lang='lat' dir='ltr'>habebat,</span> <span class='ocrx_word' id='word_1_631' title='bbox 3313 3277 3412 3331; x_wconf 91' lang='lat' dir='ltr'>sed</span> <span class='ocrx_word' id='word_1_632' title='bbox 3459 3292 3718 3333; x_wconf 89' lang='lat' dir='ltr'>accessus</span> 
     </span>
    </p>
   </div>
   <div class='ocr_carea' id='block_1_83' title="bbox 2122 3363 3719 3435">
    <p class='ocr_par' dir='ltr' id='par_1_83' title="bbox 2122 3363 3719 3435">
     <span class='ocr_line' id='line_1_83' title="bbox 2122 3363 3719 3435; baseline 0.001 -17"><span class='ocrx_word' id='word_1_633' title='bbox 2122 3364 2297 3419; x_wconf 89' lang='lat' dir='ltr'>morbi</span> <span class='ocrx_word' id='word_1_634' title='bbox 2312 3364 2552 3419; x_wconf 89' lang='lat' dir='ltr'>vicissim</span> <span class='ocrx_word' id='word_1_635' title='bbox 2569 3363 2883 3420; x_wconf 77' lang='lat' dir='ltr'>difficillime</span> <span class='ocrx_word' id='word_1_636' title='bbox 2905 3365 3232 3435; x_wconf 89' lang='lat' dir='ltr'>patiebatur.</span> <span class='ocrx_word' id='word_1_637' title='bbox 3254 3366 3384 3420; x_wconf 89' lang='lat' dir='ltr'>Ideo</span> <span class='ocrx_word' id='word_1_638' title='bbox 3406 3365 3719 3421; x_wconf 89' lang='lat' dir='ltr'>necessaria</span> 
     </span>
    </p>
   </div>
   <div class='ocr_carea' id='block_1_84' title="bbox 2133 3452 3712 3524">
    <p class='ocr_par' dir='ltr' id='par_1_84' title="bbox 2133 3452 3712 3524">
     <span class='ocr_line' id='line_1_84' title="bbox 2133 3452 3712 3524; baseline -0.001 -16"><span class='ocrx_word' id='word_1_639' title='bbox 2133 3460 2215 3508; x_wconf 87' lang='lat' dir='ltr'>est</span> <span class='ocrx_word' id='word_1_640' title='bbox 2277 3452 2603 3507; x_wconf 89' lang='lat' dir='ltr'>examinatio</span> <span class='ocrx_word' id='word_1_641' title='bbox 2646 3453 2965 3524; x_wconf 87' lang='lat' dir='ltr'>priusquam</span> <span class='ocrx_word' id='word_1_642' title='bbox 3007 3454 3294 3524; x_wconf 83' lang='lat' dir='ltr'>presbyter</span> <span class='ocrx_word' id='word_1_643' title='bbox 3339 3461 3712 3520; x_wconf 87' lang='lat' dir='ltr'>consecretur,</span> 
     </span>
    </p>
   </div>
   <div class='ocr_carea' id='block_1_85' title="bbox 2126 3541 3720 3613">
    <p class='ocr_par' dir='ltr' id='par_1_85' title="bbox 2126 3541 3720 3613">
     <span class='ocr_line' id='line_1_85' title="bbox 2126 3541 3720 3613; baseline 0.001 -17"><span class='ocrx_word' id='word_1_644' title='bbox 2126 3541 2253 3613; x_wconf 90' lang='lat' dir='ltr'>quia</span> <span class='ocrx_word' id='word_1_645' title='bbox 2271 3546 2504 3612; x_wconf 83' lang='lat' dir='ltr'>peccata</span> <span class='ocrx_word' id='word_1_646' title='bbox 2533 3542 2780 3612; x_wconf 64' lang='lat' dir='ltr'>quaedam</span> <span class='ocrx_word' id='word_1_647' title='bbox 2811 3543 3183 3613; x_wconf 85' lang='lat' dir='ltr'>quorumdam</span> <span class='ocrx_word' id='word_1_648' title='bbox 3205 3543 3503 3598; x_wconf 86' lang='lat' dir='ltr'>hominum</span> <span class='ocrx_word' id='word_1_649' title='bbox 3533 3544 3720 3598; x_wconf 83' lang='lat' dir='ltr'>mani-</span> 
     </span>
    </p>
   </div>
   <div class='ocr_carea' id='block_1_86' title="bbox 2123 3630 3719 3703">
    <p class='ocr_par' dir='ltr' id='par_1_86' title="bbox 2123 3630 3719 3703">
     <span class='ocr_line' id='line_1_86' title="bbox 2123 3630 3719 3703; baseline 0 -18"><span class='ocrx_word' id='word_1_650' title='bbox 2123 3631 2273 3700; x_wconf 87' lang='lat' dir='ltr'>festa</span> <span class='ocrx_word' id='word_1_651' title='bbox 2294 3635 2433 3685; x_wconf 87' lang='lat' dir='ltr'>sunt</span> <span class='ocrx_word' id='word_1_652' title='bbox 2451 3631 2833 3701; x_wconf 64' lang='lat' dir='ltr'>praecedentia</span> <span class='ocrx_word' id='word_1_653' title='bbox 2845 3631 2916 3685; x_wconf 90' lang='lat' dir='ltr'>ad</span> <span class='ocrx_word' id='word_1_654' title='bbox 2922 3630 3206 3701; x_wconf 86' lang='lat' dir='ltr'>judicium</span> <span class='ocrx_word' id='word_1_655' title='bbox 3224 3650 3243 3698; x_wconf 90' lang='lat'><strong><em>;</em></strong></span> <span class='ocrx_word' id='word_1_656' title='bbox 3262 3631 3389 3702; x_wconf 88' lang='lat' dir='ltr'>quia</span> <span class='ocrx_word' id='word_1_657' title='bbox 3402 3632 3719 3703; x_wconf 90' lang='lat' dir='ltr'>priusquam</span> 
     </span>
    </p>
   </div>
   <div class='ocr_carea' id='block_1_87' title="bbox 2124 3718 3719 3790">
    <p class='ocr_par' dir='ltr' id='par_1_87' title="bbox 2124 3718 3719 3790">
     <span class='ocr_line' id='line_1_87' title="bbox 2124 3718 3719 3790; baseline -0.001 -16"><span class='ocrx_word' id='word_1_658' title='bbox 2124 3718 2374 3774; x_wconf 88' lang='lat' dir='ltr'>veniatur</span> <span class='ocrx_word' id='word_1_659' title='bbox 2403 3718 2473 3773; x_wconf 90' lang='lat' dir='ltr'>ad</span> <span class='ocrx_word' id='word_1_660' title='bbox 2513 3718 2782 3786; x_wconf 88' lang='lat' dir='ltr'>judicium</span> <span class='ocrx_word' id='word_1_661' title='bbox 2812 3719 2899 3775; x_wconf 89' lang='lat' dir='ltr'>vel</span> <span class='ocrx_word' id='word_1_662' title='bbox 2926 3719 2997 3773; x_wconf 90' lang='lat' dir='ltr'>ad</span> <span class='ocrx_word' id='word_1_663' title='bbox 3023 3719 3444 3786; x_wconf 90' lang='lat' dir='ltr'>discussionem,</span> <span class='ocrx_word' id='word_1_664' title='bbox 3478 3736 3719 3790; x_wconf 64' lang='lat' dir='ltr'>praeces-</span> 
     </span>
    </p>
   </div>
   <div class='ocr_carea' id='block_1_88' title="bbox 2126 3807 3720 3879">
    <p class='ocr_par' dir='ltr' id='par_1_88' title="bbox 2126 3807 3720 3879">
     <span class='ocr_line' id='line_1_88' title="bbox 2126 3807 3720 3879; baseline 0.002 -18"><span class='ocrx_word' id='word_1_665' title='bbox 2126 3815 2317 3862; x_wconf 91' lang='lat' dir='ltr'>serunt</span> <span class='ocrx_word' id='word_1_666' title='bbox 2344 3807 2747 3863; x_wconf 90' lang='lat' dir='ltr'>discussionem</span> <span class='ocrx_word' id='word_1_667' title='bbox 2794 3807 2942 3861; x_wconf 91' lang='lat' dir='ltr'>illam</span> <span class='ocrx_word' id='word_1_668' title='bbox 2973 3808 3219 3879; x_wconf 62' lang='lat' dir='ltr'>quasdam</span> <span class='ocrx_word' id='word_1_669' title='bbox 3249 3816 3471 3879; x_wconf 88' lang='lat' dir='ltr'>peccata</span> <span class='ocrx_word' id='word_1_670' title='bbox 3502 3808 3720 3864; x_wconf 86' lang='lat' dir='ltr'>illorum</span> 
     </span>
    </p>
   </div>
   <div class='ocr_carea' id='block_1_89' title="bbox 2126 3896 3719 3968">
    <p class='ocr_par' dir='ltr' id='par_1_89' title="bbox 2126 3896 3719 3968">
     <span class='ocr_line' id='line_1_89' title="bbox 2126 3896 3719 3968; baseline 0.001 -18"><span class='ocrx_word' id='word_1_671' title='bbox 2126 3896 2218 3967; x_wconf 89' lang='lat' dir='ltr'>qui</span> <span class='ocrx_word' id='word_1_672' title='bbox 2246 3896 2514 3965; x_wconf 89' lang='lat' dir='ltr'>probandi</span> <span class='ocrx_word' id='word_1_673' title='bbox 2532 3904 2657 3951; x_wconf 90' lang='lat' dir='ltr'>sunt</span> <span class='ocrx_word' id='word_1_674' title='bbox 2684 3896 2817 3951; x_wconf 87' lang='lat' dir='ltr'>satis</span> <span class='ocrx_word' id='word_1_675' title='bbox 2839 3897 3057 3968; x_wconf 87' lang='lat' dir='ltr'>cognita</span> <span class='ocrx_word' id='word_1_676' title='bbox 3076 3914 3177 3968; x_wconf 90' lang='lat' dir='ltr'>per</span> <span class='ocrx_word' id='word_1_677' title='bbox 3196 3897 3370 3952; x_wconf 90' lang='lat' dir='ltr'>solam</span> <span class='ocrx_word' id='word_1_678' title='bbox 3392 3897 3617 3953; x_wconf 87' lang='lat' dir='ltr'>famam.</span> <span class='ocrx_word' id='word_1_679' title='bbox 3641 3898 3719 3952; x_wconf 92' lang='lat' dir='ltr'>De</span> 
     </span>
    </p>
   </div>
   <div class='ocr_carea' id='block_1_90' title="bbox 2126 3985 3714 4056">
    <p class='ocr_par' dir='ltr' id='par_1_90' title="bbox 2126 3985 3714 4056">
     <span class='ocr_line' id='line_1_90' title="bbox 2126 3985 3714 4056; baseline 0.001 -18"><span class='ocrx_word' id='word_1_680' title='bbox 2126 3985 2211 4039; x_wconf 91' lang='lat' dir='ltr'>his</span> <span class='ocrx_word' id='word_1_681' title='bbox 2241 3993 2423 4039; x_wconf 90' lang='lat' dir='ltr'>autem</span> <span class='ocrx_word' id='word_1_682' title='bbox 2454 4002 2572 4056; x_wconf 70' lang='lat' dir='ltr'>qum</span> <span class='ocrx_word' id='word_1_683' title='bbox 2622 3985 2808 4056; x_wconf 89' lang='lat' dir='ltr'>palam</span> <span class='ocrx_word' id='word_1_684' title='bbox 2853 3994 2977 4039; x_wconf 93' lang='lat' dir='ltr'>sunt</span> <span class='ocrx_word' id='word_1_685' title='bbox 3025 4002 3137 4041; x_wconf 91' lang='lat' dir='ltr'>non</span> <span class='ocrx_word' id='word_1_686' title='bbox 3181 3994 3395 4056; x_wconf 88' lang='lat' dir='ltr'>oportet</span> <span class='ocrx_word' id='word_1_687' title='bbox 3422 3986 3714 4042; x_wconf 88' lang='lat' dir='ltr'>discutere.</span> 
     </span>
    </p>
   </div>
   <div class='ocr_carea' id='block_1_91' title="bbox 2130 4074 3721 4146">
    <p class='ocr_par' dir='ltr' id='par_1_91' title="bbox 2130 4074 3721 4146">
     <span class='ocr_line' id='line_1_91' title="bbox 2130 4074 3721 4146; baseline 0.001 -18"><span class='ocrx_word' id='word_1_688' title='bbox 2130 4074 2406 4140; x_wconf 86' lang='lat' dir='ltr'>Quosdam</span> <span class='ocrx_word' id='word_1_689' title='bbox 2441 4077 2637 4129; x_wconf 85' lang='lat' dir='ltr'>autem</span> <span class='ocrx_word' id='word_1_690' title='bbox 2683 4074 3103 4146; x_wconf 86' lang='lat' dir='ltr'>subsequuntur</span> <span class='ocrx_word' id='word_1_691' title='bbox 3130 4083 3349 4145; x_wconf 89' lang='lat' dir='ltr'>peccata</span> <span class='ocrx_word' id='word_1_692' title='bbox 3378 4075 3721 4131; x_wconf 89' lang='lat' dir='ltr'>discussione</span> 
     </span>
    </p>
   </div>
   <div class='ocr_carea' id='block_1_92' title="bbox 2127 4160 3721 4233">
    <p class='ocr_par' dir='ltr' id='par_1_92' title="bbox 2127 4160 3721 4233">
     <span class='ocr_line' id='line_1_92' title="bbox 2127 4160 3721 4233; baseline 0.003 -18"><span class='ocrx_word' id='word_1_693' title='bbox 2127 4160 2268 4217; x_wconf 87' lang='lat' dir='ltr'>facta</span> <span class='ocrx_word' id='word_1_694' title='bbox 2302 4177 2314 4215; x_wconf 75' lang='grc' dir='ltr'><strong>ε</strong></span> <span class='ocrx_word' id='word_1_695' title='bbox 2348 4161 2476 4233; x_wconf 88' lang='lat' dir='ltr'>quia</span> <span class='ocrx_word' id='word_1_696' title='bbox 2518 4162 2835 4233; x_wconf 90' lang='lat' dir='ltr'>priusquam</span> <span class='ocrx_word' id='word_1_697' title='bbox 2866 4164 2934 4218; x_wconf 90' lang='lat' dir='ltr'>de</span> <span class='ocrx_word' id='word_1_698' title='bbox 2986 4163 3071 4217; x_wconf 91' lang='lat' dir='ltr'>his</span> <span class='ocrx_word' id='word_1_699' title='bbox 3100 4163 3369 4219; x_wconf 90' lang='lat' dir='ltr'>discussio</span> <span class='ocrx_word' id='word_1_700' title='bbox 3416 4162 3592 4230; x_wconf 87' lang='lat' dir='ltr'>fieret,</span> <span class='ocrx_word' id='word_1_701' title='bbox 3625 4179 3721 4219; x_wconf 89' lang='lat' dir='ltr'>oc-</span> 
     </span>
    </p>
   </div>
   <div class='ocr_carea' id='block_1_93' title="bbox 2127 4249 3723 4324">
    <p class='ocr_par' dir='ltr' id='par_1_93' title="bbox 2127 4249 3723 4324">
     <span class='ocr_line' id='line_1_93' title="bbox 2127 4249 3723 4324; baseline 0.001 -19"><span class='ocrx_word' id='word_1_702' title='bbox 2127 4249 2267 4305; x_wconf 91' lang='lat' dir='ltr'>culta</span> <span class='ocrx_word' id='word_1_703' title='bbox 2315 4258 2470 4305; x_wconf 89' lang='lat' dir='ltr'>erant</span> <span class='ocrx_word' id='word_1_704' title='bbox 2514 4250 2744 4306; x_wconf 88' lang='lat' dir='ltr'>crimina</span> <span class='ocrx_word' id='word_1_705' title='bbox 2791 4268 2910 4323; x_wconf 75' lang='lat' dir='ltr'>quae</span> <span class='ocrx_word' id='word_1_706' title='bbox 2953 4268 3050 4322; x_wconf 90' lang='lat' dir='ltr'>per</span> <span class='ocrx_word' id='word_1_707' title='bbox 3090 4252 3489 4309; x_wconf 89' lang='lat' dir='ltr'>discussionem</span> <span class='ocrx_word' id='word_1_708' title='bbox 3536 4260 3723 4324; x_wconf 86' lang='lat' dir='ltr'>aperta</span> 
     </span>
    </p>
   </div>
   <div class='ocr_carea' id='block_1_94' title="bbox 430 4337 3721 4413">
    <p class='ocr_par' dir='ltr' id='par_1_94' title="bbox 430 4337 3721 4413">
     <span class='ocr_line' id='line_1_94' title="bbox 430 4337 3721 4413; baseline -0 -18"><span class='ocrx_word' id='word_1_709' title='bbox 430 4348 489 4395; x_wconf 91' lang='lat' dir='ltr'>ut</span> <span class='ocrx_word' id='word_1_710' title='bbox 522 4340 667 4394; x_wconf 92' lang='lat' dir='ltr'>Deus</span> <span class='ocrx_word' id='word_1_711' title='bbox 715 4342 821 4395; x_wconf 92' lang='lat' dir='ltr'>hoc</span> <span class='ocrx_word' id='word_1_712' title='bbox 870 4357 979 4396; x_wconf 90' lang='lat' dir='ltr'>non</span> <span class='ocrx_word' id='word_1_713' title='bbox 1011 4356 1045 4395; x_wconf 94' lang='lat' dir='ltr'>a</span> <span class='ocrx_word' id='word_1_714' title='bbox 1071 4357 1178 4408; x_wconf 92' lang='lat' dir='ltr'>me,</span> <span class='ocrx_word' id='word_1_715' title='bbox 1223 4342 1321 4397; x_wconf 91' lang='lat' dir='ltr'>sed</span> <span class='ocrx_word' id='word_1_716' title='bbox 1350 4341 1419 4397; x_wconf 91' lang='lat' dir='ltr'>de</span> <span class='ocrx_word' id='word_1_717' title='bbox 1456 4358 1616 4396; x_wconf 90' lang='lat' dir='ltr'>manu</span> <span class='ocrx_word' id='word_1_718' title='bbox 1645 4350 1736 4396; x_wconf 89' lang='lat' dir='ltr'>tua</span> <span class='ocrx_word' id='word_1_719' title='bbox 1766 4341 2025 4413; x_wconf 89' lang='lat' dir='ltr'>requirat,</span> <span class='ocrx_word' id='word_1_720' title='bbox 2054 4337 2271 4403; x_wconf 91' lang='lat' dir='ltr'>Dsunt,</span> <span class='ocrx_word' id='word_1_721' title='bbox 2319 4346 2373 4393; x_wconf 89' lang='lat' dir='ltr'>et</span> <span class='ocrx_word' id='word_1_722' title='bbox 2418 4346 2644 4410; x_wconf 82' lang='lat' dir='ltr'>prOpter</span> <span class='ocrx_word' id='word_1_723' title='bbox 2699 4340 2816 4395; x_wconf 72' lang='lat' dir='ltr'>haec</span> <span class='ocrx_word' id='word_1_724' title='bbox 2866 4340 3081 4395; x_wconf 88' lang='lat' dir='ltr'>occulta</span> <span class='ocrx_word' id='word_1_725' title='bbox 3126 4340 3355 4397; x_wconf 89' lang='lat' dir='ltr'>crimina</span> <span class='ocrx_word' id='word_1_726' title='bbox 3405 4340 3721 4397; x_wconf 88' lang='lat' dir='ltr'>necessaria</span> 
     </span>
    </p>
   </div>
   <div class='ocr_carea' id='block_1_95' title="bbox 428 4427 2026 4499">
    <p class='ocr_par' dir='ltr' id='par_1_95' title="bbox 428 4427 2026 4499">
     <span class='ocr_line' id='line_1_95' title="bbox 428 4427 2026 4499; baseline 0.002 -16"><span class='ocrx_word' id='word_1_727' title='bbox 428 4429 476 4484; x_wconf 90' lang='lat' dir='ltr'>si</span> <span class='ocrx_word' id='word_1_728' title='bbox 507 4436 688 4483; x_wconf 90' lang='lat' dir='ltr'>tamen</span> <span class='ocrx_word' id='word_1_729' title='bbox 719 4427 938 4484; x_wconf 87' lang='lat' dir='ltr'>feceris.</span> <span class='ocrx_word' id='word_1_730' title='bbox 990 4432 1178 4486; x_wconf 84' lang='lat' dir='ltr'>Testor</span> <span class='ocrx_word' id='word_1_731' title='bbox 1209 4430 1375 4485; x_wconf 90' lang='lat' dir='ltr'>etiam</span> <span class='ocrx_word' id='word_1_732' title='bbox 1405 4446 1593 4486; x_wconf 91' lang='lat' dir='ltr'>coram</span> <span class='ocrx_word' id='word_1_733' title='bbox 1630 4432 1847 4486; x_wconf 82' lang='lat' dir='ltr'>Christo</span> <span class='ocrx_word' id='word_1_734' title='bbox 1876 4432 2026 4499; x_wconf 85' lang='lat' dir='ltr'>Jesu,</span> 
     </span>
    </p>
   </div>
   <div class='ocr_carea' id='block_1_96' title="bbox 429 4516 2027 4589">
    <p class='ocr_par' dir='ltr' id='par_1_96' title="bbox 429 4516 2027 4589">
     <span class='ocr_line' id='line_1_96' title="bbox 429 4516 2027 4589; baseline 0.001 -17"><span class='ocrx_word' id='word_1_735' title='bbox 429 4517 518 4589; x_wconf 91' lang='lat' dir='ltr'>qui</span> <span class='ocrx_word' id='word_1_736' title='bbox 548 4516 761 4572; x_wconf 91' lang='lat' dir='ltr'>futurus</span> <span class='ocrx_word' id='word_1_737' title='bbox 791 4526 870 4572; x_wconf 93' lang='lat' dir='ltr'>est</span> <span class='ocrx_word' id='word_1_738' title='bbox 895 4518 1063 4587; x_wconf 89' lang='lat' dir='ltr'>judex</span> <span class='ocrx_word' id='word_1_739' title='bbox 1092 4519 1353 4586; x_wconf 91' lang='lat' dir='ltr'>omnium,</span> <span class='ocrx_word' id='word_1_740' title='bbox 1387 4526 1444 4573; x_wconf 91' lang='lat' dir='ltr'>ut</span> <span class='ocrx_word' id='word_1_741' title='bbox 1473 4518 1529 4572; x_wconf 90' lang='lat' dir='ltr'>in</span> <span class='ocrx_word' id='word_1_742' title='bbox 1556 4518 1763 4587; x_wconf 91' lang='lat' dir='ltr'>judicio</span> <span class='ocrx_word' id='word_1_743' title='bbox 1781 4534 1891 4573; x_wconf 94' lang='lat' dir='ltr'>non</span> <span class='ocrx_word' id='word_1_744' title='bbox 1920 4535 2027 4586; x_wconf 89' lang='lat' dir='ltr'>me,</span> 
     </span>
    </p>
   </div>
   <div class='ocr_carea' id='block_1_97' title="bbox 432 4606 2033 4680">
    <p class='ocr_par' dir='ltr' id='par_1_97' title="bbox 432 4606 2033 4680">
     <span class='ocr_line' id='line_1_97' title="bbox 432 4606 2033 4680; baseline 0.001 -19"><span class='ocrx_word' id='word_1_745' title='bbox 432 4607 529 4663; x_wconf 89' lang='lat' dir='ltr'>sed</span> <span class='ocrx_word' id='word_1_746' title='bbox 562 4613 613 4661; x_wconf 93' lang='lat' dir='ltr'>te</span> <span class='ocrx_word' id='word_1_747' title='bbox 643 4606 768 4662; x_wconf 91' lang='lat' dir='ltr'>inde</span> <span class='ocrx_word' id='word_1_748' title='bbox 815 4615 1033 4680; x_wconf 86' lang='lat' dir='ltr'>arguat.</span> <span class='ocrx_word' id='word_1_749' title='bbox 1066 4608 1263 4663; x_wconf 91' lang='lat' dir='ltr'>Testor</span> <span class='ocrx_word' id='word_1_750' title='bbox 1292 4607 1452 4662; x_wconf 89' lang='lat' dir='ltr'>etiam</span> <span class='ocrx_word' id='word_1_751' title='bbox 1484 4622 1668 4661; x_wconf 89' lang='lat' dir='ltr'>coram</span> <span class='ocrx_word' id='word_1_752' title='bbox 1698 4608 1893 4663; x_wconf 83' lang='lat' dir='ltr'>electis</span> <span class='ocrx_word' id='word_1_753' title='bbox 1920 4624 2033 4663; x_wconf 90' lang='lat' dir='ltr'>an-</span> 
     </span>
    </p>
   </div>
   <div class='ocr_carea' id='block_1_98' title="bbox 432 4694 2035 4767">
    <p class='ocr_par' dir='ltr' id='par_1_98' title="bbox 432 4694 2035 4767">
     <span class='ocr_line' id='line_1_98' title="bbox 432 4694 2035 4767; baseline -0.001 -15"><span class='ocrx_word' id='word_1_754' title='bbox 432 4697 570 4767; x_wconf 82' lang='lat' dir='ltr'>gelis</span> <span class='ocrx_word' id='word_1_755' title='bbox 604 4715 620 4751; x_wconf 92' lang='lat'><strong><em>:</em></strong></span> <span class='ocrx_word' id='word_1_756' title='bbox 651 4695 957 4751; x_wconf 91' lang='lat' dir='ltr'>ministerio</span> <span class='ocrx_word' id='word_1_757' title='bbox 984 4712 1213 4767; x_wconf 90' lang='lat' dir='ltr'>quorum</span> <span class='ocrx_word' id='word_1_758' title='bbox 1244 4696 1298 4749; x_wconf 93' lang='lat' dir='ltr'>in</span> <span class='ocrx_word' id='word_1_759' title='bbox 1331 4695 1417 4749; x_wconf 91' lang='lat' dir='ltr'>die</span> <span class='ocrx_word' id='word_1_760' title='bbox 1438 4695 1630 4763; x_wconf 91' lang='lat' dir='ltr'>judicii</span> <span class='ocrx_word' id='word_1_761' title='bbox 1660 4694 1788 4750; x_wconf 91' lang='lat' dir='ltr'>boni</span> <span class='ocrx_word' id='word_1_762' title='bbox 1816 4711 2035 4767; x_wconf 86' lang='lat' dir='ltr'>separa-</span> 
     </span>
    </p>
   </div>
   <div class='ocr_carea' id='block_1_99' title="bbox 434 4783 2034 4856">
    <p class='ocr_par' dir='ltr' id='par_1_99' title="bbox 434 4783 2034 4856">
     <span class='ocr_line' id='line_1_99' title="bbox 434 4783 2034 4856; baseline 0.001 -17"><span class='ocrx_word' id='word_1_763' title='bbox 434 4784 635 4839; x_wconf 90' lang='lat' dir='ltr'>buntur</span> <span class='ocrx_word' id='word_1_764' title='bbox 666 4786 736 4839; x_wconf 91' lang='lat' dir='ltr'>ab</span> <span class='ocrx_word' id='word_1_765' title='bbox 765 4784 966 4856; x_wconf 91' lang='lat' dir='ltr'>impiis,</span> <span class='ocrx_word' id='word_1_766' title='bbox 1001 4792 1056 4839; x_wconf 91' lang='lat' dir='ltr'>ut</span> <span class='ocrx_word' id='word_1_767' title='bbox 1085 4784 1139 4838; x_wconf 90' lang='lat' dir='ltr'>in</span> <span class='ocrx_word' id='word_1_768' title='bbox 1170 4785 1258 4839; x_wconf 92' lang='lat' dir='ltr'>die</span> <span class='ocrx_word' id='word_1_769' title='bbox 1285 4784 1380 4838; x_wconf 92' lang='lat' dir='ltr'>illo</span> <span class='ocrx_word' id='word_1_770' title='bbox 1409 4784 1486 4838; x_wconf 85' lang='lat' dir='ltr'>rei</span> <span class='ocrx_word' id='word_1_771' title='bbox 1515 4784 1674 4853; x_wconf 87' lang='lat' dir='ltr'>hujus</span> <span class='ocrx_word' id='word_1_772' title='bbox 1704 4783 1835 4839; x_wconf 90' lang='lat' dir='ltr'>mihi</span> <span class='ocrx_word' id='word_1_773' title='bbox 1866 4793 2034 4841; x_wconf 91' lang='lat' dir='ltr'>testes</span> 
     </span>
    </p>
   </div>
   <div class='ocr_carea' id='block_1_100' title="bbox 435 4873 2035 4945">
    <p class='ocr_par' dir='ltr' id='par_1_100' title="bbox 435 4873 2035 4945">
     <span class='ocr_line' id='line_1_100' title="bbox 435 4873 2035 4945; baseline 0.001 -17"><span class='ocrx_word' id='word_1_774' title='bbox 435 4873 563 4939; x_wconf 91' lang='lat' dir='ltr'>sint,</span> <span class='ocrx_word' id='word_1_775' title='bbox 598 4888 700 4929; x_wconf 91' lang='lat' dir='ltr'>nec</span> <span class='ocrx_word' id='word_1_776' title='bbox 728 4890 815 4929; x_wconf 90' lang='lat' dir='ltr'>me</span> <span class='ocrx_word' id='word_1_777' title='bbox 848 4874 970 4929; x_wconf 90' lang='lat' dir='ltr'>ideo</span> <span class='ocrx_word' id='word_1_778' title='bbox 1002 4873 1267 4944; x_wconf 90' lang='lat' dir='ltr'>repellant</span> <span class='ocrx_word' id='word_1_779' title='bbox 1297 4888 1329 4927; x_wconf 88' lang='lat' dir='ltr'>a</span> <span class='ocrx_word' id='word_1_780' title='bbox 1357 4880 1510 4943; x_wconf 88' lang='lat' dir='ltr'>parte</span> <span class='ocrx_word' id='word_1_781' title='bbox 1558 4873 1793 4945; x_wconf 90' lang='lat' dir='ltr'>piorum.</span> <span class='ocrx_word' id='word_1_782' title='bbox 1844 4877 2035 4930; x_wconf 83' lang='lat' dir='ltr'>Testor</span> 
     </span>
    </p>
   </div>
   <div class='ocr_carea' id='block_1_101' title="bbox 437 4960 2030 5033">
    <p class='ocr_par' dir='ltr' id='par_1_101' title="bbox 437 4960 2030 5033">
     <span class='ocr_line' id='line_1_101' title="bbox 437 4960 2030 5033; baseline 0.003 -18"><span class='ocrx_word' id='word_1_783' title='bbox 437 4965 510 5029; x_wconf 88' lang='lat' dir='ltr'>te,</span> <span class='ocrx_word' id='word_1_784' title='bbox 543 4960 780 5032; x_wconf 88' lang='lat' dir='ltr'>inquam,</span> <span class='ocrx_word' id='word_1_785' title='bbox 834 4967 900 5017; x_wconf 87' lang='lat' dir='ltr'>ut</span> <span class='ocrx_word' id='word_1_786' title='bbox 942 4964 1058 5018; x_wconf 66' lang='lat' dir='ltr'>haec</span> <span class='ocrx_word' id='word_1_787' title='bbox 1107 4979 1230 5033; x_wconf 70' lang='lat' dir='ltr'>quas</span> <span class='ocrx_word' id='word_1_788' title='bbox 1270 4960 1514 5017; x_wconf 91' lang='lat' dir='ltr'>dicturus</span> <span class='ocrx_word' id='word_1_789' title='bbox 1559 4979 1679 5017; x_wconf 92' lang='lat' dir='ltr'>sum</span> <span class='ocrx_word' id='word_1_790' title='bbox 1720 4963 2030 5031; x_wconf 86' lang='lat' dir='ltr'>custodias,</span> 
     </span>
    </p>
   </div>
   <div class='ocr_carea' id='block_1_102' title="bbox 437 5048 2034 5116">
    <p class='ocr_par' dir='ltr' id='par_1_102' title="bbox 437 5048 2034 5116">
     <span class='ocr_line' id='line_1_102' title="bbox 437 5048 2034 5116; baseline 0.002 -13"><span class='ocrx_word' id='word_1_791' title='bbox 437 5048 645 5105; x_wconf 90' lang='lat' dir='ltr'>scilicet</span> <span class='ocrx_word' id='word_1_792' title='bbox 671 5049 804 5103; x_wconf 89' lang='lat' dir='ltr'>nihil</span> <span class='ocrx_word' id='word_1_793' title='bbox 835 5050 1025 5116; x_wconf 86' lang='lat' dir='ltr'>facias,</span> <span class='ocrx_word' id='word_1_794' title='bbox 1061 5050 1115 5105; x_wconf 90' lang='lat' dir='ltr'>id</span> <span class='ocrx_word' id='word_1_795' title='bbox 1147 5058 1229 5106; x_wconf 90' lang='lat' dir='ltr'>est</span> <span class='ocrx_word' id='word_1_796' title='bbox 1257 5051 1532 5106; x_wconf 90' lang='lat' dir='ltr'>neminem</span> <span class='ocrx_word' id='word_1_797' title='bbox 1563 5052 1633 5106; x_wconf 92' lang='lat' dir='ltr'>ad</span> <span class='ocrx_word' id='word_1_798' title='bbox 1664 5052 2034 5108; x_wconf 88' lang='lat' dir='ltr'>sacerdotium</span> 
     </span>
    </p>
   </div>
   <div class='ocr_carea' id='block_1_103' title="bbox 436 5139 2035 5212">
    <p class='ocr_par' dir='ltr' id='par_1_103' title="bbox 436 5139 2035 5212">
     <span class='ocr_line' id='line_1_103' title="bbox 436 5139 2035 5212; baseline 0.003 -21"><span class='ocrx_word' id='word_1_799' title='bbox 436 5152 760 5210; x_wconf 88' lang='lat' dir='ltr'>promoveas</span> <span class='ocrx_word' id='word_1_800' title='bbox 788 5140 911 5194; x_wconf 84' lang='lat' dir='ltr'>sine</span> <span class='ocrx_word' id='word_1_801' title='bbox 956 5140 1308 5210; x_wconf 70' lang='lat' dir='ltr'>prwjudicio,</span> <span class='ocrx_word' id='word_1_802' title='bbox 1336 5139 1393 5194; x_wconf 90' lang='lat' dir='ltr'>id</span> <span class='ocrx_word' id='word_1_803' title='bbox 1434 5148 1515 5195; x_wconf 91' lang='lat' dir='ltr'>est</span> <span class='ocrx_word' id='word_1_804' title='bbox 1557 5140 1675 5196; x_wconf 91' lang='lat' dir='ltr'>sine</span> <span class='ocrx_word' id='word_1_805' title='bbox 1706 5140 2035 5212; x_wconf 67' lang='lat' dir='ltr'>praecedenti</span> 
     </span>
    </p>
   </div>
   <div class='ocr_carea' id='block_1_104' title="bbox 439 5226 2037 5301">
    <p class='ocr_par' dir='ltr' id='par_1_104' title="bbox 439 5226 2037 5301">
     <span class='ocr_line' id='line_1_104' title="bbox 439 5226 2037 5301; baseline 0.001 -18"><span class='ocrx_word' id='word_1_806' title='bbox 439 5226 855 5283; x_wconf 89' lang='lat' dir='ltr'>examinatione.</span> <span class='ocrx_word' id='word_1_807' title='bbox 936 5229 1312 5297; x_wconf 88' lang='lat' dir='ltr'>Praejudicium</span> <span class='ocrx_word' id='word_1_808' title='bbox 1375 5230 1636 5301; x_wconf 89' lang='lat' dir='ltr'>accipitur</span> <span class='ocrx_word' id='word_1_809' title='bbox 1703 5231 1812 5297; x_wconf 90' lang='lat' dir='ltr'>hic,</span> <span class='ocrx_word' id='word_1_810' title='bbox 1881 5229 2037 5301; x_wconf 90' lang='lat' dir='ltr'>quasi</span> 
     </span>
    </p>
   </div>
   <div class='ocr_carea' id='block_1_105' title="bbox 438 5315 2037 5391">
    <p class='ocr_par' dir='ltr' id='par_1_105' title="bbox 438 5315 2037 5391">
     <span class='ocr_line' id='line_1_105' title="bbox 438 5315 2037 5391; baseline 0.001 -20"><span class='ocrx_word' id='word_1_811' title='bbox 438 5317 758 5389; x_wconf 64' lang='lat' dir='ltr'>praecedens</span> <span class='ocrx_word' id='word_1_812' title='bbox 777 5315 1035 5386; x_wconf 90' lang='lat' dir='ltr'>judicium</span> <span class='ocrx_word' id='word_1_813' title='bbox 1073 5334 1084 5372; x_wconf 95' lang='lat'>:</span> <span class='ocrx_word' id='word_1_814' title='bbox 1119 5318 1216 5372; x_wconf 92' lang='lat' dir='ltr'>sed</span> <span class='ocrx_word' id='word_1_815' title='bbox 1246 5318 1302 5373; x_wconf 93' lang='lat' dir='ltr'>in</span> <span class='ocrx_word' id='word_1_816' title='bbox 1331 5319 1631 5374; x_wconf 87' lang='lat' dir='ltr'>canonibus</span> <span class='ocrx_word' id='word_1_817' title='bbox 1660 5318 2037 5391; x_wconf 70' lang='lat' dir='ltr'>praejudicium</span> 
     </span>
    </p>
   </div>
   <div class='ocr_carea' id='block_1_106' title="bbox 442 5405 2039 5481">
    <p class='ocr_par' dir='ltr' id='par_1_106' title="bbox 442 5405 2039 5481">
     <span class='ocr_line' id='line_1_106' title="bbox 442 5405 2039 5481; baseline 0 -19"><span class='ocrx_word' id='word_1_818' title='bbox 442 5405 773 5478; x_wconf 82' lang='lat' dir='ltr'>praecipitata</span> <span class='ocrx_word' id='word_1_819' title='bbox 804 5406 1071 5463; x_wconf 88' lang='lat' dir='ltr'>sententia</span> <span class='ocrx_word' id='word_1_820' title='bbox 1104 5406 1322 5464; x_wconf 89' lang='lat' dir='ltr'>dicitur.</span> <span class='ocrx_word' id='word_1_821' title='bbox 1365 5408 1607 5481; x_wconf 89' lang='lat' dir='ltr'>Cumque</span> <span class='ocrx_word' id='word_1_822' title='bbox 1652 5407 1935 5479; x_wconf 85' lang='lat' dir='ltr'>praemisso</span> <span class='ocrx_word' id='word_1_823' title='bbox 1958 5406 2039 5477; x_wconf 91' lang='lat' dir='ltr'>ju-</span> 
     </span>
    </p>
   </div>
   <div class='ocr_carea' id='block_1_107' title="bbox 2130 4426 3724 4501">
    <p class='ocr_par' dir='ltr' id='par_1_107' title="bbox 2130 4426 3724 4501">
     <span class='ocr_line' id='line_1_107' title="bbox 2130 4426 3724 4501; baseline 0.004 -21"><span class='ocrx_word' id='word_1_824' title='bbox 2130 4426 2229 4481; x_wconf 88' lang='lat' dir='ltr'>fuit</span> <span class='ocrx_word' id='word_1_825' title='bbox 2260 4426 2549 4483; x_wconf 89' lang='lat' dir='ltr'>discussio.</span> <span class='ocrx_word' id='word_1_826' title='bbox 2604 4429 2884 4485; x_wconf 84' lang='lat' dir='ltr'>Similiter</span> <span class='ocrx_word' id='word_1_827' title='bbox 2928 4437 2984 4483; x_wconf 92' lang='lat' dir='ltr'>ut</span> <span class='ocrx_word' id='word_1_828' title='bbox 3012 4428 3081 4484; x_wconf 91' lang='lat' dir='ltr'>de</span> <span class='ocrx_word' id='word_1_829' title='bbox 3112 4430 3268 4483; x_wconf 88' lang='lat' dir='ltr'>malis</span> <span class='ocrx_word' id='word_1_830' title='bbox 3298 4430 3547 4501; x_wconf 59' lang='lat' dir='ltr'>quasdam</span> <span class='ocrx_word' id='word_1_831' title='bbox 3578 4430 3724 4486; x_wconf 86' lang='lat' dir='ltr'>bona</span> 
     </span>
    </p>
   </div>
   <div class='ocr_carea' id='block_1_108' title="bbox 2129 4516 3725 4589">
    <p class='ocr_par' dir='ltr' id='par_1_108' title="bbox 2129 4516 3725 4589">
     <span class='ocr_line' id='line_1_108' title="bbox 2129 4516 3725 4589; baseline 0.002 -18"><span class='ocrx_word' id='word_1_832' title='bbox 2129 4519 2291 4587; x_wconf 84' lang='lat' dir='ltr'>facta</span> <span class='ocrx_word' id='word_1_833' title='bbox 2319 4531 2508 4571; x_wconf 91' lang='lat' dir='ltr'>eorum</span> <span class='ocrx_word' id='word_1_834' title='bbox 2537 4516 2630 4588; x_wconf 88' lang='lat' dir='ltr'>qui</span> <span class='ocrx_word' id='word_1_835' title='bbox 2676 4516 2941 4587; x_wconf 90' lang='lat' dir='ltr'>probandi</span> <span class='ocrx_word' id='word_1_836' title='bbox 2987 4524 3113 4572; x_wconf 90' lang='lat' dir='ltr'>sunt</span> <span class='ocrx_word' id='word_1_837' title='bbox 3142 4521 3451 4589; x_wconf 78' lang='lat' dir='ltr'>manifesta</span> <span class='ocrx_word' id='word_1_838' title='bbox 3480 4524 3642 4589; x_wconf 87' lang='lat' dir='ltr'>sunt,</span> <span class='ocrx_word' id='word_1_839' title='bbox 3674 4527 3725 4574; x_wconf 88' lang='lat' dir='ltr'>et</span> 
     </span>
    </p>
   </div>
   <div class='ocr_carea' id='block_1_109' title="bbox 2132 4604 3727 4677">
    <p class='ocr_par' dir='ltr' id='par_1_109' title="bbox 2132 4604 3727 4677">
     <span class='ocr_line' id='line_1_109' title="bbox 2132 4604 3727 4677; baseline 0.003 -18"><span class='ocrx_word' id='word_1_840' title='bbox 2132 4604 2529 4660; x_wconf 89' lang='lat' dir='ltr'>examinatione</span> <span class='ocrx_word' id='word_1_841' title='bbox 2559 4621 2669 4660; x_wconf 91' lang='lat' dir='ltr'>non</span> <span class='ocrx_word' id='word_1_842' title='bbox 2698 4614 2880 4677; x_wconf 85' lang='lat' dir='ltr'>egent,</span> <span class='ocrx_word' id='word_1_843' title='bbox 2914 4610 2971 4662; x_wconf 88' lang='lat' dir='ltr'>et</span> <span class='ocrx_word' id='word_1_844' title='bbox 2999 4623 3029 4661; x_wconf 93' lang='lat' dir='ltr'>e</span> <span class='ocrx_word' id='word_1_845' title='bbox 3058 4622 3326 4664; x_wconf 90' lang='lat' dir='ltr'>converso</span> <span class='ocrx_word' id='word_1_846' title='bbox 3348 4607 3489 4663; x_wconf 87' lang='lat' dir='ltr'>bona</span> <span class='ocrx_word' id='word_1_847' title='bbox 3517 4624 3727 4663; x_wconf 82' lang='lat' dir='ltr'>comm-</span> 
     </span>
    </p>
   </div>
   <div class='ocr_carea' id='block_1_110' title="bbox 2133 4694 3727 4768">
    <p class='ocr_par' dir='ltr' id='par_1_110' title="bbox 2133 4694 3727 4768">
     <span class='ocr_line' id='line_1_110' title="bbox 2133 4694 3727 4768; baseline 0.001 -19"><span class='ocrx_word' id='word_1_848' title='bbox 2133 4694 2260 4749; x_wconf 88' lang='lat' dir='ltr'>dem</span> <span class='ocrx_word' id='word_1_849' title='bbox 2289 4710 2410 4766; x_wconf 72' lang='lat' dir='ltr'>qua:</span> <span class='ocrx_word' id='word_1_850' title='bbox 2441 4694 2650 4749; x_wconf 90' lang='lat' dir='ltr'>habent</span> <span class='ocrx_word' id='word_1_851' title='bbox 2680 4711 2736 4751; x_wconf 87' lang='lat' dir='ltr'>se</span> <span class='ocrx_word' id='word_1_852' title='bbox 2767 4696 2957 4764; x_wconf 85' lang='lat' dir='ltr'>aliter,</span> <span class='ocrx_word' id='word_1_853' title='bbox 2992 4694 3046 4749; x_wconf 92' lang='lat' dir='ltr'>id</span> <span class='ocrx_word' id='word_1_854' title='bbox 3075 4704 3157 4752; x_wconf 89' lang='lat' dir='ltr'>est</span> <span class='ocrx_word' id='word_1_855' title='bbox 3187 4714 3307 4768; x_wconf 71' lang='lat' dir='ltr'>quae</span> <span class='ocrx_word' id='word_1_856' title='bbox 3337 4712 3444 4751; x_wconf 92' lang='lat' dir='ltr'>non</span> <span class='ocrx_word' id='word_1_857' title='bbox 3468 4705 3593 4751; x_wconf 90' lang='lat' dir='ltr'>sunt</span> <span class='ocrx_word' id='word_1_858' title='bbox 3613 4712 3727 4751; x_wconf 89' lang='lat' dir='ltr'>ma-</span> 
     </span>
    </p>
   </div>
   <div class='ocr_carea' id='block_1_111' title="bbox 2132 4781 3726 4855">
    <p class='ocr_par' dir='ltr' id='par_1_111' title="bbox 2132 4781 3726 4855">
     <span class='ocr_line' id='line_1_111' title="bbox 2132 4781 3726 4855; baseline 0.002 -19"><span class='ocrx_word' id='word_1_859' title='bbox 2132 4781 2346 4851; x_wconf 88' lang='lat' dir='ltr'>nifesta,</span> <span class='ocrx_word' id='word_1_860' title='bbox 2398 4784 2662 4839; x_wconf 87' lang='lat' dir='ltr'>abscondi</span> <span class='ocrx_word' id='word_1_861' title='bbox 2704 4799 2820 4838; x_wconf 89' lang='lat' dir='ltr'>non</span> <span class='ocrx_word' id='word_1_862' title='bbox 2868 4790 3112 4855; x_wconf 82' lang='lat' dir='ltr'>possunt</span> <span class='ocrx_word' id='word_1_863' title='bbox 3152 4785 3205 4839; x_wconf 90' lang='lat' dir='ltr'>in</span> <span class='ocrx_word' id='word_1_864' title='bbox 3238 4785 3579 4842; x_wconf 89' lang='lat' dir='ltr'>discussione</span> <span class='ocrx_word' id='word_1_865' title='bbox 3615 4800 3628 4838; x_wconf 92' lang='lat'>:</span> <span class='ocrx_word' id='word_1_866' title='bbox 3659 4785 3726 4839; x_wconf 90' lang='lat' dir='ltr'>ad</span> 
     </span>
    </p>
   </div>
   <div class='ocr_carea' id='block_1_112' title="bbox 2135 4872 3728 4943">
    <p class='ocr_par' dir='ltr' id='par_1_112' title="bbox 2135 4872 3728 4943">
     <span class='ocr_line' id='line_1_112' title="bbox 2135 4872 3728 4943; baseline 0.001 -18"><span class='ocrx_word' id='word_1_867' title='bbox 2135 4887 2255 4943; x_wconf 75' lang='lat' dir='ltr'>qua:</span> <span class='ocrx_word' id='word_1_868' title='bbox 2286 4872 2430 4926; x_wconf 88' lang='lat' dir='ltr'>bona</span> <span class='ocrx_word' id='word_1_869' title='bbox 2460 4872 2789 4927; x_wconf 90' lang='lat' dir='ltr'>invenienda</span> <span class='ocrx_word' id='word_1_870' title='bbox 2816 4881 3179 4943; x_wconf 89' lang='lat' dir='ltr'>opportunum</span> <span class='ocrx_word' id='word_1_871' title='bbox 3212 4872 3311 4929; x_wconf 89' lang='lat' dir='ltr'>fuit</span> <span class='ocrx_word' id='word_1_872' title='bbox 3340 4874 3630 4929; x_wconf 89' lang='lat' dir='ltr'>discutere.</span> <span class='ocrx_word' id='word_1_873' title='bbox 3663 4874 3728 4928; x_wconf 86' lang='lat' dir='ltr'>Et</span> 
     </span>
    </p>
   </div>
   <div class='ocr_carea' id='block_1_113' title="bbox 2135 4959 3727 5032">
    <p class='ocr_par' dir='ltr' id='par_1_113' title="bbox 2135 4959 3727 5032">
     <span class='ocr_line' id='line_1_113' title="bbox 2135 4959 3727 5032; baseline 0.001 -18"><span class='ocrx_word' id='word_1_874' title='bbox 2135 4959 2262 5031; x_wconf 91' lang='lat' dir='ltr'>quia</span> <span class='ocrx_word' id='word_1_875' title='bbox 2290 4960 2367 5015; x_wconf 89' lang='lat' dir='ltr'>sic</span> <span class='ocrx_word' id='word_1_876' title='bbox 2386 4960 2441 5014; x_wconf 91' lang='lat' dir='ltr'>in</span> <span class='ocrx_word' id='word_1_877' title='bbox 2463 4960 2791 5031; x_wconf 90' lang='lat' dir='ltr'>quibusdam</span> <span class='ocrx_word' id='word_1_878' title='bbox 2811 4970 3059 5032; x_wconf 87' lang='lat' dir='ltr'>peccata,</span> <span class='ocrx_word' id='word_1_879' title='bbox 3084 4962 3139 5016; x_wconf 90' lang='lat' dir='ltr'>in</span> <span class='ocrx_word' id='word_1_880' title='bbox 3159 4961 3279 5017; x_wconf 86' lang='lat' dir='ltr'>aliis</span> <span class='ocrx_word' id='word_1_881' title='bbox 3304 4963 3373 5018; x_wconf 85' lang='lat'><strong>3</strong></span> <span class='ocrx_word' id='word_1_882' title='bbox 3388 4962 3559 5019; x_wconf 84' lang='lat'><strong>30</strong></span> <span class='ocrx_word' id='word_1_883' title='bbox 3587 4963 3727 5018; x_wconf 88' lang='lat' dir='ltr'>bona</span> 
     </span>
    </p>
   </div>
   <div class='ocr_carea' id='block_1_114' title="bbox 2134 5046 3725 5123">
    <p class='ocr_par' dir='ltr' id='par_1_114' title="bbox 2134 5046 3725 5123">
     <span class='ocr_line' id='line_1_114' title="bbox 2134 5046 3725 5123; baseline 0.003 -21"><span class='ocrx_word' id='word_1_884' title='bbox 2134 5046 2279 5103; x_wconf 87' lang='lat' dir='ltr'>facta</span> <span class='ocrx_word' id='word_1_885' title='bbox 2308 5048 2519 5105; x_wconf 87' lang='lat' dir='ltr'>occulta</span> <span class='ocrx_word' id='word_1_886' title='bbox 2549 5058 2672 5104; x_wconf 90' lang='lat' dir='ltr'>sunt</span> <span class='ocrx_word' id='word_1_887' title='bbox 2707 5068 2719 5103; x_wconf 87' lang='lat'><strong>:</strong></span> <span class='ocrx_word' id='word_1_888' title='bbox 2754 5050 2878 5106; x_wconf 91' lang='lat' dir='ltr'>ideo</span> <span class='ocrx_word' id='word_1_889' title='bbox 2907 5066 3133 5106; x_wconf 90' lang='lat' dir='ltr'>necesse</span> <span class='ocrx_word' id='word_1_890' title='bbox 3163 5059 3247 5106; x_wconf 91' lang='lat' dir='ltr'>est</span> <span class='ocrx_word' id='word_1_891' title='bbox 3278 5067 3375 5107; x_wconf 90' lang='lat' dir='ltr'>eos</span> <span class='ocrx_word' id='word_1_892' title='bbox 3407 5052 3498 5123; x_wconf 89' lang='lat' dir='ltr'>qui</span> <span class='ocrx_word' id='word_1_893' title='bbox 3528 5067 3725 5107; x_wconf 89' lang='lat' dir='ltr'>conse-</span> 
     </span>
    </p>
   </div>
   <div class='ocr_carea' id='block_1_115' title="bbox 2136 5136 3724 5211">
    <p class='ocr_par' dir='ltr' id='par_1_115' title="bbox 2136 5136 3724 5211">
     <span class='ocr_line' id='line_1_115' title="bbox 2136 5136 3724 5211; baseline 0.001 -18"><span class='ocrx_word' id='word_1_894' title='bbox 2136 5136 2324 5193; x_wconf 89' lang='lat' dir='ltr'>crandi</span> <span class='ocrx_word' id='word_1_895' title='bbox 2356 5146 2478 5191; x_wconf 92' lang='lat' dir='ltr'>sunt</span> <span class='ocrx_word' id='word_1_896' title='bbox 2527 5138 2863 5207; x_wconf 88' lang='lat' dir='ltr'>examinare,</span> <span class='ocrx_word' id='word_1_897' title='bbox 2914 5148 2971 5194; x_wconf 90' lang='lat' dir='ltr'>ut</span> <span class='ocrx_word' id='word_1_898' title='bbox 3001 5139 3093 5211; x_wconf 92' lang='lat' dir='ltr'>qui</span> <span class='ocrx_word' id='word_1_899' title='bbox 3123 5140 3248 5194; x_wconf 91' lang='lat' dir='ltr'>mali</span> <span class='ocrx_word' id='word_1_900' title='bbox 3275 5140 3482 5195; x_wconf 88' lang='lat' dir='ltr'>inventi</span> <span class='ocrx_word' id='word_1_901' title='bbox 3511 5140 3724 5211; x_wconf 89' lang='lat' dir='ltr'>fuerint,</span> 
     </span>
    </p>
   </div>
   <div class='ocr_carea' id='block_1_116' title="bbox 2137 5226 3727 5299">
    <p class='ocr_par' dir='ltr' id='par_1_116' title="bbox 2137 5226 3727 5299">
     <span class='ocr_line' id='line_1_116' title="bbox 2137 5226 3727 5299; baseline 0.003 -19"><span class='ocrx_word' id='word_1_902' title='bbox 2137 5226 2531 5296; x_wconf 90' lang='lat' dir='ltr'>reprobentur;</span> <span class='ocrx_word' id='word_1_903' title='bbox 2566 5227 2659 5299; x_wconf 91' lang='lat' dir='ltr'>qui</span> <span class='ocrx_word' id='word_1_904' title='bbox 2720 5244 2849 5284; x_wconf 91' lang='lat' dir='ltr'>vero</span> <span class='ocrx_word' id='word_1_905' title='bbox 2907 5228 3056 5296; x_wconf 88' lang='lat' dir='ltr'>boni,</span> <span class='ocrx_word' id='word_1_906' title='bbox 3110 5237 3553 5299; x_wconf 88' lang='lat' dir='ltr'>promoveantur.</span> <span class='ocrx_word' id='word_1_907' title='bbox 3605 5231 3727 5285; x_wconf 61' lang='lat' dir='ltr'>Haec</span> 
     </span>
    </p>
   </div>
   <div class='ocr_carea' id='block_1_117' title="bbox 2139 5315 3730 5389">
    <p class='ocr_par' dir='ltr' id='par_1_117' title="bbox 2139 5315 3730 5389">
     <span class='ocr_line' id='line_1_117' title="bbox 2139 5315 3730 5389; baseline 0.003 -20"><span class='ocrx_word' id='word_1_908' title='bbox 2139 5315 2403 5371; x_wconf 89' lang='lat' dir='ltr'>sententia</span> <span class='ocrx_word' id='word_1_909' title='bbox 2432 5315 2575 5370; x_wconf 90' lang='lat' dir='ltr'>beati</span> <span class='ocrx_word' id='word_1_910' title='bbox 2604 5316 2895 5389; x_wconf 85' lang='lat' dir='ltr'>Augustini</span> <span class='ocrx_word' id='word_1_911' title='bbox 2938 5325 3038 5373; x_wconf 91' lang='lat' dir='ltr'>est.</span> <span class='ocrx_word' id='word_1_912' title='bbox 3085 5318 3409 5374; x_wconf 81' lang='lat' dir='ltr'>Ambrosius</span> <span class='ocrx_word' id='word_1_913' title='bbox 3443 5325 3624 5374; x_wconf 86' lang='lat' dir='ltr'>autem</span> <span class='ocrx_word' id='word_1_914' title='bbox 3655 5319 3730 5374; x_wconf 88' lang='lat' dir='ltr'>sic</span> 
     </span>
    </p>
   </div>
   <div class='ocr_carea' id='block_1_118' title="bbox 2144 5404 3731 5479">
    <p class='ocr_par' dir='ltr' id='par_1_118' title="bbox 2144 5404 3731 5479">
     <span class='ocr_line' id='line_1_118' title="bbox 2144 5404 3731 5479; baseline 0.001 -19"><span class='ocrx_word' id='word_1_915' title='bbox 2144 5404 2215 5460; x_wconf 87' lang='lat' dir='ltr'>ad</span> <span class='ocrx_word' id='word_1_916' title='bbox 2244 5404 2551 5475; x_wconf 90' lang='lat' dir='ltr'>proximum</span> <span class='ocrx_word' id='word_1_917' title='bbox 2598 5406 2766 5462; x_wconf 90' lang='lat' dir='ltr'>verba</span> <span class='ocrx_word' id='word_1_918' title='bbox 2804 5406 2984 5479; x_wconf 79' lang='lat' dir='ltr'>jungit</span> <span class='ocrx_word' id='word_1_919' title='bbox 3014 5424 3028 5462; x_wconf 87' lang='lat'><strong>:</strong></span> <span class='ocrx_word' id='word_1_920' title='bbox 3060 5408 3256 5463; x_wconf 86' lang='lat' dir='ltr'>Moneo</span> <span class='ocrx_word' id='word_1_921' title='bbox 3302 5414 3356 5463; x_wconf 87' lang='lat' dir='ltr'>te</span> <span class='ocrx_word' id='word_1_922' title='bbox 3396 5406 3473 5464; x_wconf 92' lang='lat' dir='ltr'>uti</span> <span class='ocrx_word' id='word_1_923' title='bbox 3501 5407 3649 5479; x_wconf 82' lang='lat' dir='ltr'>vino,</span> <span class='ocrx_word' id='word_1_924' title='bbox 3680 5407 3731 5462; x_wconf 91' lang='lat' dir='ltr'>in</span> 
     </span>
    </p>
   </div>
  </div>
