3966 6050
234 211 338 266 £53

882 210 1264 267 EXPOSITIO
1302 211 1377 265 IN
1414 208 1795 266 EPISTOLAS
1834 207 2064 264 PAULI.
2100 236 2169 245 —
2198 206 2271 261 IN
2310 204 2531 260 EPIST.
2579 204 2601 257 Ι
2639 204 2733 259 ΑΙ)
2777 204 2922 258 ΤΙΜ.

3436 203 3541 258 454

234 351 345 407 quo
377 344 427 390 te
458 334 803 390 obedientem
835 351 956 391 esse
1006 336 1208 391 bonum
1240 343 1321 390 est
1353 353 1365 389 :
1400 334 1528 407 quia
1572 334 1696 389 licet
1726 349 1833 388 non
1855 335 1909 394 Α
1944 352 1965 380 cr
2002 338 2101 384 stat
2133 330 2291 384 nobis
2313 328 2496 385 omnia
2526 328 2741 383 abunde
2765 328 2831 381 ad
2854 326 3164 395 fruendum,
3188 327 3327 381 bene
3352 342 3539 396 agere,

235 425 490 480 omnibus
520 432 777 494 appareat
806 426 909 480 hoc
941 433 990 479 te
1021 426 1159 479 bene
1189 440 1377 496 agere,
1412 441 1479 478 ne
1509 424 1631 478 ideo
1662 422 1836 477 refor-

237 514 415 567 mides
448 530 460 566 :
496 513 619 583 quia
646 530 835 568 verum
869 512 1088 583 quidem
1121 522 1203 567 est
1234 513 1379 583 quod
1412 512 1663 582 quaedam
1695 513 1839 565 bona

240 601 385 657 facta
414 600 704 656 manifesta
734 610 878 666 sunt,
913 610 963 655 et
992 602 1240 672 quaedam
1271 600 1414 655 facta
1444 618 1566 671 qua:
1597 600 1749 654 aliter
1779 616 1839 653 se

237 690 461 754 habent,
496 690 551 744 id
584 698 666 745 est
698 707 816 762 quae
848 690 1137 745 manifesta
1165 706 1273 744 non
1305 698 1448 755 sunt,
1472 705 1582 744 non
1611 695 1839 758 possunt

236 778 506 833 abscondi
534 778 588 831 in
610 778 699 832 die
723 778 912 847 judicii
937 797 951 843 ;
977 778 1047 832 ita
1078 778 1125 832 si
1153 778 1314 832 modo
1345 794 1454 832 non
1473 776 1670 832 videris
1702 777 1841 830 bene

238 882 411 938 agere
458 867 659 921 utendo
699 866 847 933 vino,
882 867 1007 938 quia
1053 867 1204 937 prius
1234 875 1501 921 noverunt
1550 874 1598 920 te
1647 881 1839 920 omnes

235 955 516 1010 abstinere
564 956 636 1009 ab
664 956 769 1011 hoc
809 955 880 1010 ob
928 956 1228 1010 custodiam
1278 954 1603 1019 sobrietatis,
1640 971 1706 1008 ne
1739 970 1839 1009 cu-

237 1060 335 1098 res
369 1062 382 1097 :
415 1044 541 1115 quia
570 1044 697 1099 licet
726 1060 836 1098 non
862 1044 1049 1110 modo,
1081 1052 1264 1098 tamen
1303 1044 1359 1097 in
1387 1044 1473 1097 die
1498 1043 1686 1112 judicii
1717 1058 1839 1096 ma-

238 1132 501 1187 nifestum
534 1132 635 1187 erit
664 1142 713 1187 te
761 1133 900 1187 bene
930 1132 1130 1205 egisse,
1167 1133 1315 1198 dum,
1346 1132 1479 1185 mihi
1509 1132 1836 1196 obediendo,

236 1239 378 1276 usus
407 1238 467 1276 es
497 1222 642 1276 vino.
689 1221 847 1289 Quod
893 1223 1143 1292 quaedam
1191 1222 1332 1276 bona
1379 1221 1663 1276 manifesta
1712 1221 1837 1287 sint,

237 1311 494 1381 quiedam
525 1325 653 1365 vero
682 1326 811 1375 non,
846 1319 1075 1380 apparet
1101 1327 1201 1381 per
1230 1310 1519 1375 contraria,
1550 1310 1677 1381 quia
1707 1325 1841 1379 pec-

238 1408 364 1457 cata
396 1400 753 1470 quorumdam
798 1399 1077 1453 hominum
1123 1398 1413 1453 manifesta
1460 1410 1582 1452 sunt
1629 1414 1842 1468 praece-

237 1488 429 1543 dentia
475 1488 543 1541 ad
579 1487 887 1555 judicium:
922 1487 1281 1557 quorumdam
1334 1496 1515 1542 autem
1560 1495 1611 1541 et
1655 1486 1844 1540 subsc-

239 1584 504 1648 quuntur,
556 1575 694 1631 sicut
737 1575 1041 1645 expositum
1089 1583 1191 1630 est.
1244 1575 1503 1631 Similiter
1548 1576 1602 1629 in
1648 1574 1841 1629 ordine

239 1665 437 1720 littere
465 1663 680 1733 legitur.

875 1800 1098 1855 CAPUT
1130 1801 1220 1856 VI.

321 1956 343 1986 α
380 1933 699 2004 Quicunque
732 1941 853 1986 sunt
893 1932 993 1986 sub
1037 1933 1170 2004 jugo
1222 1932 1366 1987 servi
1417 1932 1667 1987 dominos
1715 1949 1845 1987 suos

238 2047 261 2071 α
305 2023 451 2079 omni
479 2024 687 2077 honore
709 2021 905 2091 dignos
936 2020 1283 2087 arbitrentur,
1306 2038 1375 2075 ne
1404 2037 1603 2076 nomen
1628 2021 1847 2076 Domini

244 2135 267 2162 α
308 2122 358 2167 et
389 2111 639 2167 doctrina
685 2111 1108 2179 blasphemetur.
1144 2108 1247 2177 Qui
1296 2118 1476 2165 autem
1526 2109 1715 2165 ﬁdeles
1747 2111 1844 2165 ha-

240 2225 263 2248 u
304 2200 434 2255 bent
462 2199 731 2264 dominos,
765 2213 875 2253 non
905 2206 1271 2262 contemnant,
1298 2199 1423 2269 quia
1452 2198 1650 2253 fratres
1681 2206 1803 2252 sunt
1828 2216 1841 2252 :

244 2314 266 2337 ιι
307 2289 405 2343 sed
443 2288 621 2360 magis
669 2287 924 2351 serviant,
960 2286 1088 2358 quia
1135 2285 1326 2341 ﬁdeles
1360 2294 1485 2340 sunt
1531 2296 1583 2341 et
1613 2287 1796 2343 dilecti
1831 2305 1845 2342 :

242 2402 265 2424 «ι
305 2378 437 2449 quia
464 2374 719 2431 beneﬁcii
749 2375 1044 2446 participes
1074 2382 1219 2429 sunt.
1253 2376 1369 2431 Hoc
1399 2376 1535 2431 doce
1566 2384 1618 2430 et
1649 2377 1847 2431 exhor-

243 2492 266 2515 ι.
307 2475 443 2521 tare.
477 2465 534 2519 Si
563 2465 683 2537 quis
728 2464 885 2518 aliter
912 2464 1092 2531 docet,
1129 2473 1181 2518 et
1212 2479 1317 2518 non
1370 2464 1669 2535 acquiescit
1699 2466 1846 2519 sanis

245 2577 269 2605 ι
306 2553 654 2610 sermonibus
685 2552 903 2607 Domini
948 2552 1123 2607 nostri
1150 2553 1279 2607 Jesu
1312 2552 1531 2619 Christi,
1564 2560 1616 2608 et
1647 2553 1696 2608 ei
1726 2571 1847 2625 quae

245 2666 269 2695 ι
308 2642 607 2699 secundum
653 2642 911 2712 pietatem
963 2650 1041 2695 est
1090 2641 1367 2706 doctrinae,
1423 2642 1692 2711 superbus
1740 2650 1841 2706 est,

200 2796 203 2797 ν
246 2754 271 2784 ι
307 2732 441 2786 nihil
472 2731 673 2797 sciens,
706 2730 805 2784 sed
833 2731 1101 2801 languens
1134 2730 1278 2785 circa
1309 2730 1635 2800 quaestiones
1665 2738 1720 2785 et
1746 2747 1846 2801 pu-

245 2842 270 2872 ι
307 2836 445 2891 gnas
472 2820 766 2875 verborum
801 2833 812 2872 :
842 2834 908 2872 ex
935 2818 1134 2890 quibus
1166 2818 1411 2873 oriuntur
1436 2818 1672 2885 invidiae,
1708 2835 1844 2874 con-

247 2931 271 2960 ‹
309 2909 598 2974 tentiones,
631 2907 1004 2977 blasphemiae,
1051 2907 1389 2977 suspiciones
1438 2908 1613 2975 malae,
1649 2908 1845 2963 conﬁi-

246 3023 268 3045 α
311 2998 575 3053 ctationes
631 2996 910 3051 hominum
954 3004 1136 3050 mente
1186 3004 1607 3066 corruptorum:
1642 3004 1696 3051 et
1753 2997 1845 3068 qui

245 3111 268 3135 α
307 3086 529 3143 veritate
558 3084 752 3156 privati
782 3091 927 3153 sunt,
961 3084 1380 3138 existimantium
1428 3093 1694 3155 quaestum
1726 3102 1849 3140 esse

247 3197 271 3227 ι
307 3176 583 3246 pietatem.
616 3174 714 3227 Est
743 3180 928 3228 autem
957 3181 1197 3244 quaestus
1239 3189 1490 3245 magnus,
1524 3173 1693 3244 pietas
1724 3191 1850 3231 cum

247 3285 271 3314 ι
310 3263 647 3319 sufficientia.
692 3262 840 3316 Nihil
887 3262 1032 3317 enim
1077 3262 1351 3316 intulimus
1397 3262 1452 3315 in
1494 3264 1637 3318 hunc
1684 3280 1849 3318 mun—

247 3376 268 3401 α
308 3352 459 3419 dum,
492 3352 635 3405 haud
663 3350 890 3405 dubium
939 3350 1063 3421 quia
1094 3366 1198 3405 nec
1244 3349 1462 3405 auferre
1494 3351 1623 3421 quid
1654 3367 1849 3421 possu-

250 3462 274 3493 ι
308 3457 451 3495 mus.
500 3440 775 3495 Habentes
822 3447 1003 3494 autem
1049 3438 1304 3493 alimenta
1347 3448 1400 3493 et
1449 3439 1645 3510 quibus
1692 3448 1849 3513 tega-

248 3552 271 3581 ι
307 3546 448 3598 mur,
483 3529 566 3583 his
614 3528 854 3583 contenti
904 3527 1090 3582 simus.
1121 3528 1263 3582 Nam
1292 3526 1383 3597 qui
1431 3528 1617 3583 volunt
1656 3529 1849 3584 divites

251 3650 274 3679 ι
312 3626 450 3693 ﬁeri,
484 3625 728 3681 incidunt
760 3625 815 3678 in
864 3625 1215 3680 tentationem
1264 3632 1317 3679 et
1346 3625 1403 3679 in
1450 3624 1703 3696 laqueum
1732 3626 1850 3681 dia-

249 3739 273 3768 α
310 3716 441 3780 boli,
475 3723 528 3770 et
556 3714 835 3770 desideria
881 3714 1052 3769 multa
1083 3722 1137 3768 et
1164 3713 1373 3768 inutilia
1402 3721 1453 3769 et
1484 3714 1696 3779 nociva,
1731 3732 1851 3786 quae

252 3827 274 3857 ι
310 3812 569 3877 mergunt
616 3803 868 3858 homines
916 3803 972 3857 in
1020 3802 1294 3857 interitum
1342 3810 1395 3857 et
1463 3802 1849 3873 perditionem.

252 3915 276 3945 ι
313 3894 486 3948 Radix
519 3892 662 3947 enim
692 3892 935 3947 omnium
950 3891 1222 3946 malorum
1252 3898 1333 3946 est
1358 3891 1625 3961 cupiditas
1655 3907 1851 3962 :quam

252 4003 274 4033 α
312 3982 534 4053 quidam
580 3988 917 4051 appetentes,
952 3987 1274 4034 erraverunt
1300 3996 1331 4032 a
1363 3978 1489 4047 fide,
1524 3987 1577 4035 et
1606 3980 1855 4036 inserue—

251 4095 272 4119 σι
310 4079 440 4125 runt
468 4087 528 4125 se
554 4069 835 4125 doloribus
879 4067 1083 4123 multis.
1116 4069 1195 4123 Tu
1235 4076 1435 4132 autem,
1470 4084 1502 4122 0
1534 4069 1696 4123 homo
1728 4069 1847 4135 Dei,

250 4184 271 4207 ιι
309 4161 430 4215 haec
459 4158 606 4231 fuge.
642 4158 863 4213 Sectare
894 4173 1021 4211 vero
1046 4156 1328 4225 justitiam,
1355 4156 1628 4226 pietatem,
1664 4157 1847 4225 ﬁdem,

252 4269 273 4299 ι
310 4247 651 4313 charitatem,
673 4245 1008 4317 patientiam,
1039 4244 1533 4299 mansuetudinem.
1563 4245 1724 4300 Certa
1754 4246 1852 4301 bo-

252 4357 271 4390 ι
308 4354 440 4391 num
468 4344 749 4392 certamen
779 4334 907 4390 fidei
942 4351 955 4387 :
990 4334 1342 4404 apprehende
1391 4332 1555 4388 vitam
1591 4342 1849 4389 aeternam

1943 441 1964 469 ε
2002 420 2200 473 divites
2246 418 2365 473 ﬁeri
2421 418 2475 471 in
2534 416 2692 471 bonis
2748 416 3024 487 operibus,
3077 416 3236 470 facile
3281 415 3533 480 tribuere,

1949 530 1969 557 α
2008 507 2427 571 communicare,
2464 506 2830 561 thesaurizarc
2862 506 2963 558 sibi
2996 504 3405 559 fundamentum
3436 503 3541 557 bo-

1944 618 1965 647 «
2005 613 2133 649 num
2187 596 2241 649 in
2294 596 2552 660 futurum,
2584 602 2639 649 ut
2671 594 3077 665 apprehendant
3123 608 3304 648 veram
3354 592 3541 647 vitam.

1946 706 1966 734 α
2005 684 2049 739 Ο
2080 685 2383 750 Timotheo,
2417 684 2723 754 depositum
2752 683 2984 747 custodi,
3009 682 3253 736 devitans
3285 682 3543 752 profanas

1946 796 1967 823 ι
2007 789 2203 827 vocum
2268 773 2555 838 novitates,
2603 780 2656 826 et
2703 771 3075 842 oppositiones
3132 770 3253 825 falsi
3307 768 3541 824 nominis

1946 885 1965 908 ιι
2005 862 2244 917 scientia:
2279 877 2290 914 :
2326 878 2487 932 quam
2520 861 2738 931 quidam
2767 860 3166 931 promittentes,
3200 858 3342 915 circa
3379 856 3540 913 ﬁdem

1946 973 1966 997 «
2008 950 2345 1006 exciderunt.
2382 950 2572 1005 Gratia
2603 957 2799 1005 tecum.
2834 951 3027 1003 Amen.
3070 972 3091 996 ιι

2619 1116 2934 1155 EXPOSITIO.

2019 1231 2156 1299 Quia
2183 1231 2376 1286 iterum
2406 1231 2533 1287 vidit
2567 1233 2761 1287 Paulus
2785 1233 3047 1304 quosdam
3070 1248 3257 1288 servos
3278 1234 3347 1289 ad
3378 1233 3543 1290 ﬁdem

1947 1335 2241 1375 conversos
2298 1320 2603 1393 indignari,
2663 1338 2767 1377 nec
2831 1322 2969 1377 velle
3033 1323 3238 1378 servire
3307 1323 3542 1378 dominis

1948 1409 2061 1463 suis
2094 1407 2421 1476 inﬁdelibus,
2455 1418 2709 1479 putantes
2760 1411 3053 1465 absurdum
3085 1427 3225 1478 esse,
3260 1419 3315 1465 ut
3341 1413 3386 1466 si
3419 1412 3541 1482 quis

1946 1495 2124 1551 ﬁdelis
2172 1506 2319 1552 esset
2364 1498 2593 1553 serviret
2640 1497 2892 1553 inﬁdeli:
2926 1516 3027 1555 nec
3070 1500 3229 1554 etiam
3292 1499 3543 1555 ﬁdelibus

1947 1586 2199 1652 dominis,
2254 1586 2518 1653 dicentes,
2580 1603 2705 1642 cum
2752 1603 2942 1642 omnes
2984 1586 3172 1642 ﬁdeles
3227 1588 3281 1642 in
3329 1589 3543 1645 Christo

1865 1693 1918 1752 Β
1954 1673 2023 1727 3
2038 1674 2105 1728 3
2124 1673 2185 1729 1
2217 1674 2413 1729 fratres
2435 1675 2558 1741 sint,
2577 1676 2777 1730 debere
2798 1675 2915 1729 fieri
2935 1691 3125 1730 omnes
3147 1677 3394 1745 ejusdem
3415 1692 3546 1732 con-

1948 1762 2186 1816 ditionis.
2219 1764 2284 1817 Ut
2324 1764 2526 1816 malum
2572 1764 2727 1831 hujus
2776 1764 3046 1833 opinionis
3092 1764 3383 1832 refelleret,
3417 1766 3490 1820 ait
3525 1781 3538 1820 :

1949 1849 2096 1905 Sicut
2125 1851 2353 1921 praedixi
2382 1852 2450 1906 de
2480 1852 2868 1907 consecrandis
2904 1853 3241 1923 presbyteris
3269 1854 3539 1921 observa;

1946 1938 2182 2009 praecipe
2204 1939 2365 1993 etiam
2386 1941 2508 2005 hoc,
2534 1948 2591 1994 ut
2612 1941 2927 2013 quicunque
2956 1942 3100 1996 servi
3121 1945 3258 1997 sunt
3286 1944 3382 1998 sub
3402 1943 3542 2013 jugo

1948 2026 2248 2081 inﬁdelium
2263 2028 2627 2094 dominorum,
2648 2031 3007 2085 arbitrentur
3025 2030 3279 2085 dominos
3308 2047 3435 2087 suos
3459 2032 3544 2087 di-

1946 2132 2083 2186 gnos
2112 2118 2268 2172 omni
2300 2117 2545 2183 honore;
2577 2116 2683 2171 ﬁde
2699 2126 2881 2172 tamen
2901 2117 2956 2172 in
2977 2118 3230 2173 omnibus
3250 2119 3539 2175 custodita.

1950 2203 2079 2258 Ideo
2106 2220 2203 2275 per
2225 2205 2418 2277 jugum
2450 2204 2695 2260 inﬁdeles
2725 2206 2976 2276 signavit,
3000 2207 3093 2277 qui
3112 2205 3380 2262 difﬁcilius
3409 2224 3543 2278 pre-

1949 2292 2171 2347 mebant
2202 2310 2392 2348 servos
2424 2310 2586 2365 quam
2617 2293 2807 2349 ﬁdeles
2836 2294 3059 2349 domini.
3094 2296 3224 2351 Ideo
3255 2296 3335 2352 sic
3363 2296 3543 2352 domi-

1948 2381 2032 2434 nis
2055 2381 2425 2450 subjiciantur,
2451 2400 2543 2446 ne,
2564 2382 2610 2436 si
2631 2383 2786 2438 aliter
2805 2381 2978 2449 ﬁeret,
3002 2386 3419 2455 blasphemetur
3438 2402 3545 2441 n0-

1947 2486 2081 2525 men
2110 2472 2357 2536 Domini,
2376 2471 2619 2526 dicentes
2648 2473 2822 2527 Deum
2849 2472 3124 2541 injustum,
3150 2473 3241 2544 qui
3272 2474 3545 2530 conditio-

1949 2574 2048 2612 nes
2096 2559 2402 2624 mutaverit,
2437 2567 2490 2615 et
2520 2576 2707 2615 servos
2737 2560 2828 2632 qui
2858 2578 2957 2631 pro
3002 2561 3243 2630 peccatis
3288 2562 3400 2617 suis
3447 2579 3545 2619 seu

1948 2653 2238 2716 parentum
2269 2647 2415 2701 servi
2456 2648 2582 2703 facti
2622 2657 2767 2718 sunt,
2803 2656 2860 2703 ut
2888 2650 3058 2703 Cham
3088 2648 3229 2703 ﬁlius
3252 2651 3388 2718 Noe,
3421 2667 3543 2707 cum

1947 2736 2300 2806 generatione
2331 2752 2429 2790 sua
2457 2736 2616 2807 (Gen.
2651 2753 2731 2802 1x,
2764 2741 2875 2808 25),
2929 2738 3055 2809 quia
3082 2739 3334 2809 pudenda
3375 2741 3545 2811 patris

1947 2823 2168 2890 detexit,
2202 2824 2413 2879 liberos
2437 2840 2547 2881 non
2579 2825 2786 2893 fecerit,
2820 2826 2943 2882 ideo
2975 2827 3140 2882 etiam
3171 2827 3409 2884 serviant
3440 2830 3544 2884 do-

1947 2913 2128 2979 minis,
2186 2930 2254 2968 ne
2312 2915 2599 2981 doctrina,
2648 2915 2703 2968 id
2747 2924 2827 2970 est
2875 2916 3189 2986 praedicatio
3233 2925 3545 2973 sanctorum

1949 3001 2359 3071 blasphemetur
2387 3010 2439 3057 et
2488 3003 2909 3073 contemptibilis
2960 3003 3070 3073 ﬁat,
3106 3005 3235 3059 dum
3284 3022 3404 3077 quae
3449 3023 3545 3061 sua

1948 3099 2091 3156 sunt,
2125 3091 2357 3145 dominis
2405 3091 2633 3147 auferat.
2669 3092 2751 3146 Illi
2776 3098 2971 3148 autem
3002 3094 3147 3149 servi
3195 3096 3291 3167 qui
3338 3095 3544 3151 habent

1947 3179 2139 3247 ﬁdeles
2169 3179 2442 3245 dominos,
2476 3197 2593 3235 non
2621 3185 2995 3237 contemnant
3031 3198 3125 3237 eos
3156 3186 3288 3254 quia
3332 3187 3547 3254 [ratres

1947 3271 2088 3322 sunt
2106 3267 2159 3321 in
2182 3268 2396 3322 Christo
2420 3287 2433 3334 ;
2457 3269 2551 3323 sed
2570 3272 2771 3339 magis,
2788 3285 2898 3324 non
2918 3271 3063 3341 quod
3076 3271 3233 3341 plura
3244 3272 3423 3327 debita
3438 3274 3547 3329 sol-

1949 3362 2094 3423 vant,
2129 3356 2226 3409 sed
2255 3356 2444 3423 majori
2492 3357 2780 3412 dilectione
2824 3360 3076 3413 serviant
3116 3360 3215 3426 eis,
3248 3361 3372 3416 ideo
3415 3363 3548 3434 quia

1948 3445 2140 3512 ﬁdeles
2171 3448 2327 3509 sunt,
2354 3448 2409 3499 et
2430 3445 2624 3500 dilecti
2646 3461 2678 3500 a
2698 3447 2832 3507 Deo,
2858 3454 2911 3500 et
2933 3447 3056 3516 quia
3074 3449 3383 3520 participes
3409 3454 3547 3505 sunt

1949 3533 2205 3601 beneﬁcii
2235 3532 2356 3597 Dei,
2376 3533 2430 3586 id
2451 3540 2532 3588 est
2547 3534 2877 3601 justitiarum
2900 3552 3021 3605 quae
3041 3535 3308 3590 habentur
3328 3537 3385 3590 in
3403 3554 3547 3607 prae-

1949 3621 2106 3687 senti,
2158 3629 2210 3675 et
2267 3621 2461 3676 futurae
2516 3622 2884 3678 beatitudinis.
2945 3623 3056 3678 Hos
3104 3624 3312 3680 scilicet
3355 3642 3546 3682 servos

1951 3709 2226 3777 subjectos
2274 3726 2398 3765 esse
2447 3710 2680 3764 dominis
2726 3711 2857 3767 doce
2904 3726 3018 3778 eos,
3053 3712 3143 3783 qui
3187 3713 3455 3783 nesciunt,
3487 3721 3545 3771 et

1951 3797 2260 3853 exhortare
2292 3800 2579 3870 superbos,
2606 3799 2698 3869 qui
2727 3800 2903 3855 sciunt
2932 3808 2985 3855 et
3014 3800 3222 3856 servire
3243 3801 3543 3875 dedignan-

1951 3893 2055 3940 tur.
2090 3888 2150 3942 Si
2174 3889 2297 3957 quis
2322 3903 2454 3942 vero
2484 3888 2692 3958 pseudo
2720 3889 2895 3944 aliter
2922 3890 3100 3956 docet,
3127 3906 3317 3945 servos
3336 3891 3546 3948 scilicet

1950 3989 2058 4028 non
2098 3974 2301 4029 debere
2345 3976 2551 4031 servire
2598 3976 2852 4043 dominis,
2886 3982 2944 4032 et
2970 3994 2999 4030 a
3028 3985 3081 4032 te
3124 3979 3431 4048 prohibitus
3475 3996 3546 4037 ne

1950 4062 2055 4117 hoc
2066 4062 2277 4133 doceat,
2302 4081 2415 4119 non
2437 4066 2744 4137 acquiescit
2773 4068 2928 4122 sanis
2943 4068 3297 4122 sermonihus
3318 4069 3547 4125 Domini

1951 4153 2134 4205 nostri
2155 4154 2284 4208 Jesu
2308 4153 2538 4219 Christi,
2555 4158 2609 4208 et
2630 4170 2737 4209 non
2750 4154 3108 4226 acquiescitei
3127 4156 3400 4212 doctrina:
3420 4174 3543 4229 quia

1952 4244 2033 4295 est
2064 4241 2375 4297 secundum
2400 4243 2696 4313 pietatem.
2732 4243 2987 4298 Doctrina
3011 4242 3155 4297 enim
3186 4244 3287 4299 Dei
3315 4245 3407 4315 pia
3436 4254 3539 4317 est,

1952 4343 2061 4382 non
2079 4337 2295 4383 mutans
2326 4329 2684 4397 conditiones,
2710 4331 2840 4384 nulli
2871 4330 3065 4386 tollens
3083 4332 3227 4403 quod
3258 4349 3416 4388 suum
3437 4343 3539 4391 est.

250 4446 271 4476 ι
308 4427 361 4479 in
392 4440 498 4495 qua
525 4432 749 4479 vocatus
781 4438 860 4488 es,
895 4430 947 4476 et
976 4420 1259 4477 confessus
1309 4421 1504 4476 bonam
1550 4421 1849 4478 confessio-
1877 4409 2119 4470 DEtiam
2149 4417 2272 4471 ideo
2300 4417 2391 4487 pia
2419 4417 2546 4488 quia
2590 4435 2688 4489 per
2714 4419 2818 4474 hoc
2850 4419 3100 4475 dominos
3137 4421 3365 4477 multum
3395 4422 3540 4479 invi-

254 4535 275 4566 ι
310 4530 437 4569 nem
466 4511 671 4585 [ﬁdem]
700 4527 888 4567 coram
935 4510 1117 4565 multis
1164 4510 1410 4565 testibus.
1461 4510 1722 4581 Praecipio
1752 4511 1848 4566 tibi

257 4626 277 4653 ι
308 4619 493 4659 coram
518 4603 633 4657 Deo
666 4600 758 4672 qui
786 4598 988 4656 vivitiat
1036 4599 1237 4665 omnia,
1270 4607 1322 4654 et
1352 4599 1566 4654 Christo
1593 4601 1724 4654 Jesu
1755 4600 1848 4671 qui

253 4690 678 4747 «testimonium
734 4688 971 4744 reddidit
1016 4689 1117 4743 sub
1164 4687 1355 4743 Pontio
1404 4687 1589 4755 Pilato,
1646 4688 1847 4744 bonam

253 4802 276 4832 ι
309 4779 730 4845 confessionem,
776 4785 835 4832 ut
882 4793 1066 4832 serves
1110 4778 1427 4831 mandatum
1469 4777 1587 4831 sine
1630 4777 1849 4833 macula

254 4894 275 4918 α
310 4866 792 4940 irreprehensibile
823 4882 997 4938 usque
1025 4865 1081 4920 in
1110 4866 1404 4921 adventum
1430 4865 1647 4919 Domini
1676 4866 1848 4921 nostri

252 4980 274 5010 ι
308 4959 441 5013 Jesu
471 4956 670 5013 Christi
704 4971 899 5027 :quem
929 4955 1040 5010 suis
1073 4954 1410 5024 temporibus
1440 4954 1687 5010 ostendet
1717 4955 1847 5009 bea-

251 5068 274 5098 ι
308 5056 397 5102 tus
426 5053 479 5101 et
507 5045 655 5100 solus
684 5052 878 5115 potens
908 5045 1021 5100 Rex
1046 5059 1242 5116 regum
1273 5050 1326 5098 et
1366 5042 1630 5098 Dominus
1673 5043 1848 5099 domi-

250 5160 272 5184 ιι
310 5135 573 5200 nantium,
608 5134 701 5205 qui
749 5133 897 5189 solus
945 5133 1109 5187 habet
1147 5132 1625 5198 immortalitatem,
1660 5141 1713 5187 et
1758 5132 1845 5187 lu-

249 5248 273 5271 «ι
309 5240 431 5280 cem
470 5222 668 5277 habitat
716 5221 1151 5278 inaccessibilem
1182 5238 1194 5274 :
1230 5237 1391 5292 quem
1435 5220 1615 5276 nullus
1662 5221 1845 5276 homi—

249 5337 273 5361 α
309 5329 442 5367 num
488 5312 641 5379 vidit,
675 5312 773 5366 sed
816 5327 919 5367 nec
962 5310 1149 5367 videre
1192 5318 1375 5380 potest
1406 5326 1418 5363 :
1451 5310 1539 5366 cui
1587 5311 1763 5365 honor
1791 5318 1845 5366 et

248 5423 272 5453 ι
307 5401 599 5474 imperium
661 5400 1048 5471 sempiternum
1082 5417 1095 5454 :
1128 5400 1320 5454 Amen.
1372 5398 1640 5453 Divitibus
1685 5399 1844 5468 hujus

250 5514 272 5540 ει
307 5490 494 5547 saeculi
522 5490 761 5561 praecipe
780 5505 888 5545 non
920 5488 1149 5543 sublime
1181 5503 1394 5559 sapere,
1419 5503 1598 5558 neque
1622 5504 1845 5559 sperare

249 5604 273 5632 ς
310 5580 369 5636 in
396 5580 606 5636 incerto
647 5578 976 5647 divitiarum,
1011 5577 1109 5635 sed
1138 5576 1195 5632 in
1243 5577 1361 5633 Deo
1390 5575 1533 5645 vivo,
1566 5576 1658 5648 qui
1706 5593 1844 5650 prae-

1949 4512 2023 4559 tat
2064 4506 2133 4559 ad
2182 4505 2343 4560 tidem
2375 4513 2427 4561 et
2455 4506 2641 4573 allicit,
2689 4524 2847 4579 quam
2900 4509 3087 4581 utique
3135 4509 3462 4580 doctrinam,
3496 4511 3543 4568 si

1950 4610 2140 4649 servos
2169 4594 2249 4649 eis
2278 4594 2538 4663 auferret,
2582 4595 2985 4654 intolerabilem
3024 4599 3327 4668 judicarent
3354 4609 3408 4656 et
3436 4599 3541 4657 ab-

1942 4683 2193 4751 jicerent.
2248 4684 2431 4739 Servis
2480 4684 2640 4739 etiam
2670 4701 2767 4755 per
2804 4687 2922 4742 haec
2962 4687 3051 4757 pia
3081 4696 3163 4743 est
3194 4706 3207 4742 :
3242 4688 3371 4759 quia
3416 4704 3541 4745 cum

1947 4788 2044 4842 pro
2089 4772 2326 4842 peccatis
2374 4772 2506 4840 suis,
2540 4789 2636 4829 seu
2664 4784 2948 4845 parentum
2980 4775 3121 4834 servi
3163 4776 3288 4833 facti
3317 4786 3461 4845 sunt,
3496 4777 3543 4834 si

1947 4876 2164 4930 pmnam
2206 4863 2347 4916 hanc
2388 4863 2595 4932 peccati
2642 4863 2909 4933 patienter
2954 4865 3238 4932 sustinent,
3268 4874 3543 4922 merentur

1942 4948 2222 5017 justiﬁcari
2265 4966 2366 5021 per
2410 4950 2795 5019 humilitatem;
2840 4951 2887 5007 si
2930 4968 3061 5009 vero
3098 4962 3349 5021 renuunt,
3383 4954 3540 5010 dam-

1947 5046 2148 5093 nantur
2174 5054 2274 5109 per
2321 5040 2650 5109 superbiam.
2685 5040 2740 5095 Si
2790 5039 2929 5113 quis,
2962 5041 3205 5112 inquam,
3239 5041 3394 5099 aliter
3433 5043 3538 5102 do-

1948 5135 2053 5194 cet,
2080 5143 2182 5183 nec
2210 5128 2512 5198 prohibitus
2542 5129 2790 5196 desistit;
2827 5128 2914 5184 hic
2941 5130 3225 5200 abjiciatur
3252 5140 3308 5188 ut
3337 5150 3538 5206 super-

1948 5216 2047 5271 bus
2093 5223 2146 5270 et
2175 5217 2325 5272 nihil
2370 5218 2571 5283 sciens,
2604 5235 2728 5273 cum
2758 5235 2818 5273 se
2847 5226 2997 5289 putet
3043 5219 3245 5292 aliquid
3291 5222 3452 5290 scire,
3487 5230 3541 5279 et

1947 5320 2137 5359 omnes
2168 5305 2415 5361 homines
2445 5306 2605 5360 unius
2653 5306 2979 5363 conditionis
3009 5325 3131 5364 esse
3175 5318 3404 5366 asserat.
3436 5311 3541 5365 Ni-

1945 5394 2043 5460 hil,
2074 5393 2312 5466 inquam,
2348 5394 2547 5461 sciens,
2580 5395 2674 5449 sed
2725 5396 3020 5467 languens,
3054 5397 3109 5451 id
3139 5405 3221 5452 est
3244 5398 3539 5453 dissolutus

1947 5490 1999 5537 et
2029 5482 2317 5555 languidus
2348 5485 2502 5540 circa
2531 5486 2867 5555 quaestiones
2897 5502 3035 5557 quas
3064 5485 3249 5555 objicit
3268 5494 3321 5541 et
3349 5486 3535 5542 absol-

1945 5587 2075 5628 vere
2104 5572 2314 5640 nescit;
2347 5577 2404 5628 et
2434 5573 2583 5628 circa
2606 5589 2829 5644 pugnas
2856 5574 3171 5643 verborum,
3195 5574 3252 5632 id
3279 5583 3362 5633 est
3391 5575 3539 5633 circa
