3966 6050
428 235 531 289 455

987 228 1044 283 S.
1085 224 1438 282 BRUNONIS
1478 223 2124 282 CARTHUSIANORUM
2160 224 2641 283 INSTITUTORIS
2680 225 2832 283 OPP.
2874 226 3050 281 PARS
3086 226 3153 280 II.

3616 232 3719 285 456

426 354 726 428 pugnantia
755 353 940 415 verba,
973 358 1030 405 ut
1058 350 1190 404 illud
1225 368 1238 403 :
1277 374 1297 397 α
1336 350 1392 404 Si
1421 367 1519 405 vos
1551 351 1716 405 Filius
1746 350 2017 404 liberave-
2044 353 2095 410 Α
2126 357 2271 405 ctare
2293 351 2450 405 etiam
2469 352 2895 423 patientiam,id
2915 358 2995 405 est
3016 349 3571 421 patientersustine,si
3595 355 3714 426 quis

431 447 519 509 rit,
555 460 681 497 vere
711 441 869 495 liberi
919 440 1064 495 eritis
1094 440 1276 509 (Joan.
1324 455 1444 507 vm,
1500 440 1589 508 36)
1622 455 1633 492 :
1672 461 1693 489 ι
1746 447 1797 493 et
1843 437 1972 491 illud
2008 452 2019 490 :

437 556 458 579 «ι
495 532 723 587 Reddite
753 529 957 584 Caesari
986 544 1104 599 quae
1133 536 1253 581 sunt
1277 528 1506 582 Caesaris
1536 528 1688 598 (Luc.
1723 543 1821 593 xx,
1854 528 1965 596 25'),
1996 550 2018 573 ι)

430 639 551 693 quae
581 630 762 675 tamen
795 618 898 671 sibi
928 617 1194 673 contraria
1226 632 1335 671 non
1365 624 1505 670 sunt.

499 712 587 765 Ex
619 709 816 781 quibus
860 706 1059 778 pugnis
1106 706 1401 760 verborum
1456 706 1727 760 oriuntur
1770 705 2017 769 invidiae,

430 798 578 871 quod
605 795 811 851 domini
838 794 1080 849 invident
1110 793 1547 864 superbientibus
1588 793 1781 847 servis.
1817 792 2022 847 Oriun-

426 894 513 941 tur
543 886 703 942 etiam
732 884 1144 947 contentiones,
1173 882 1298 953 quia
1329 882 1531 936 domini
1549 882 1879 936 contendunt
1900 897 2023 935 cum

425 976 598 1031 servis
626 974 829 1029 verbis.
859 972 1121 1027 Oriuntur
1144 971 1302 1025 etiam
1332 971 1713 1044 blasphemiae,
1740 971 1864 1041 quia
1886 970 2023 1037 (sic-

425 1072 483 1119 ut
513 1064 711 1119 dictum
743 1062 848 1132 est)
876 1060 1288 1130 blasphematur
1316 1060 1443 1114 inde
1489 1060 1656 1123 Deus,
1691 1068 1743 1113 et
1773 1058 2022 1113 doctrina

424 1154 560 1223 ejus.
597 1151 859 1206 Oriuntur
890 1149 1050 1203 etiam
1078 1150 1247 1203 malae
1277 1149 1641 1219 suspiciones,
1678 1148 1805 1217 quia
1830 1154 2021 1216 putant

420 1241 627 1297 domini
657 1238 805 1311 quod
834 1238 1224 1309 praedicatores
1265 1237 1530 1306 accipiant
1578 1251 1805 1289 munera
1834 1251 1865 1289 a
1896 1251 2018 1288 ser-

423 1330 525 1384 vis.
548 1329 813 1384 Oriuntur
834 1327 996 1381 etiam
1027 1327 1481 1393 conflictatio-nes
1509 1325 1802 1379 hominum
1825 1322 2019 1392 praedi-

419 1418 655 1475 cantium
687 1418 810 1482 hoc,
845 1415 967 1485 quia
1013 1414 1175 1467 etiam
1222 1420 1466 1484 pugnant
1513 1429 1636 1467 cum
1667 1412 1751 1465 his
1792 1410 1884 1481 qui
1913 1411 2018 1466 hoc

416 1507 733 1577 praedicant.
768 1505 1073 1559 Hominum
1102 1502 1245 1567 dico,
1271 1502 1325 1555 id
1359 1510 1441 1556 est
1470 1501 1804 1571 perditorum
1826 1504 2016 1553 mente

416 1599 832 1665 corruptorum,
867 1593 922 1646 id
968 1599 1050 1645 est
1080 1591 1171 1661 qui
1214 1598 1530 1660 corruptum
1570 1589 1768 1643 habent
1797 1588 2015 1642 intelle-

417 1691 580 1747 ctum,
597 1684 689 1755 qui
704 1682 862 1736 etiam
882 1680 1098 1752 privati
1119 1684 1256 1735 sunt
1278 1680 1425 1733 omni
1444 1679 1682 1733 veritate
1703 1677 2012 1734 verborum.
2037 1705 2088 1765 Β

416 1773 719 1827 Hominum
735 1770 858 1825 dico
873 1769 1047 1823 adhuc
1069 1769 1531 1824 existimantium
1552 1766 1911 1839 pietatem,id
1933 1774 2017 1820 est

421 1861 775 1915 Christianam
808 1858 1110 1913 doctrinam
1142 1873 1255 1912 esse
1303 1861 1602 1928 quaestum,
1635 1856 1688 1909 id
1720 1862 1800 1909 est
1829 1854 1921 1925 qui
1950 1871 2015 1909 ex

414 1949 657 2005 doctrina
690 1962 788 2001 sua
818 1953 1005 2017 putant
1048 1946 1214 2000 licere
1246 1945 1348 1999 sibi
1392 1961 1493 2015 per
1522 1944 1627 1999 hoc
1674 1958 2015 2015 congregare

415 2038 652 2103 divitias,
685 2037 783 2090 sed
814 2035 953 2089 falso
983 2042 1189 2105 putant,
1225 2035 1352 2104 quia
1391 2035 1573 2104 pietas
1600 2048 1707 2086 non
1750 2040 1833 2085 est
1861 2048 2015 2102 quae-

414 2134 531 2181 stus
563 2124 963 2195 temporalium,
1001 2123 1094 2177 sed
1125 2127 1209 2176 est
1256 2126 1505 2193 quaestus
1554 2138 1814 2190 magnus,
1848 2120 1902 2173 id
1933 2126 2017 2174 est

412 2231 627 2286 magna;
647 2221 700 2267 et
721 2211 1166 2282 incomparabilis
1188 2210 1267 2264 rei
1289 2210 1481 2280 pietas,
1500 2226 1628 2263 cum
1646 2209 2010 2279 sufﬁcientia,

414 2304 467 2358 id
500 2310 582 2357 est
613 2316 737 2357 cum
768 2301 909 2356 victu
932 2307 985 2354 et
1014 2299 1230 2363 vestitu,
1249 2299 1394 2369 quod
1424 2298 1620 2369 cuique
1643 2296 1889 2352 sufﬁcere
1920 2297 2015 2350 de-

414 2392 522 2447 bet.
549 2391 678 2445 Ideo
701 2389 827 2461 quia
848 2404 949 2443 nos
970 2388 1100 2442 nudi
1118 2388 1227 2441 nati
1252 2388 1403 2442 nihil
1434 2388 1743 2442 intulimus
1773 2387 1835 2439 in
1864 2386 2013 2440 hunc

411 2481 710 2545 mundum,
746 2483 802 2534 et
852 2478 1002 2533 haud
1052 2478 1281 2532 dubium
1332 2485 1415 2530 est
1458 2476 1586 2547 quin
1636 2482 1896 2529 exeuntes
1945 2474 2013 2528 de

409 2569 614 2624 mundo
643 2584 752 2622 non
783 2583 1077 2639 possumus
1110 2567 1339 2635 auferre
1370 2565 1501 2636 quid
1532 2564 1677 2619 inde.
1706 2564 1787 2617 Ne
1808 2571 2008 2627 autem,

411 2658 538 2729 quia
582 2674 640 2712 se
684 2656 859 2711 nudos
908 2656 1119 2709 dixerat
1160 2654 1366 2708 intrare
1412 2653 1694 2717 mundum,
1729 2652 2013 2723 nudosque

410 2745 628 2813 reverti,
663 2752 878 2815 putaret
926 2744 979 2796 in
1010 2743 1251 2796 nuditate
1303 2742 1739 2796 eonversandum
1788 2756 1910 2794 esse
1957 2740 2013 2793 in

412 2834 635 2889 mundo.
680 2834 878 2887 Contra
922 2832 1027 2886 hoc
1057 2832 1130 2885 ait
1165 2830 1355 2885 :Licet
1404 2830 1535 2883 nihil
1583 2829 1925 2883 intulerimus
1957 2828 2013 2881 in

410 2923 669 2978 mundum
707 2936 719 2975 ε
754 2930 933 2975 tamen
962 2921 1088 2975 dum
1121 2919 1176 2973 in
1208 2934 1273 2974 eo
1292 2935 1572 2973 manemus
1605 2918 1775 2972 simus
1806 2917 2011 2972 haben-

413 3016 495 3068 tes
526 3012 806 3067 alimenta
836 3014 893 3065 et
921 3009 1237 3063 indumenta
1267 3008 1462 3080 quibus
1495 3011 1751 3079 tegamur
1773 3026 1790 3061 :
1818 3022 1925 3061 non
1955 3006 2010 3059 in

2126 446 2217 493 tua
2266 440 2520 509 rapuerit.
2555 441 2774 496 Sectare
2806 440 2969 494 etiam
3002 441 3519 505 mansuetudinem,
3553 443 3607 495 id
3638 452 3725 500 est

2124 528 2233 581 noli
2283 529 2497 599 litigare
2548 530 2687 584 sicut
2735 529 3001 599 cupiditas
3042 528 3185 583 facit.
3239 529 3458 583 Sectare
3502 532 3634 594 haec,
3670 541 3729 587 et

2123 621 2279 671 certa
2308 621 2597 673 certamen
2631 638 2648 672 :
2680 617 3039 688 frequentiam
3068 626 3235 671 notat.
3272 618 3558 673 Certamen
3588 620 3712 675 dico

2122 706 2272 773 ﬁdei,
2308 706 2452 776 quod
2484 707 2687 761 bonum
2719 714 2770 760 et
2798 706 2927 760 utile
2955 714 3035 761 est
3065 722 3165 776 pro
3214 704 3319 760 ﬁde
3352 707 3549 761 Christi
3591 723 3717 763 cer-

2123 801 2240 848 tare
2256 812 2268 847 :
2284 799 2339 849 et
2360 794 2716 866 apprehende
2740 796 2913 849 vitam
2936 796 3304 861 wternam,in
3328 812 3489 866 quam
3510 798 3722 852 haben-

2123 882 2243 936 dam
2286 887 2515 938 vocatus
2545 900 2601 938 es
2648 883 2716 938 de
2765 882 3077 938 inﬁdelitate
3124 900 3221 953 per
3264 884 3515 956 gratiam.
3570 885 3713 941 Con-

2120 974 2304 1041 fessus
2333 987 2392 1025 es
2422 971 2581 1025 etiam
2631 972 2783 1041 (dum
2828 972 2881 1025 in
2928 972 3244 1041 episcopum
3291 974 3715 1044 consecrareris)

2121 1076 2311 1115 coram
2341 1061 2541 1114 multis
2574 1060 2827 1124 testibus,
2853 1060 2943 1131 qui
2976 1068 3025 1114 te
3056 1076 3267 1115 mecum
3300 1062 3715 1129 consecrabant,

2121 1150 2546 1218 confessionem,
2572 1166 2601 1201 a
2622 1164 2731 1219 qua
2760 1149 3017 1203 recedere
3036 1166 3143 1203 non
3171 1150 3340 1204 debes
3368 1166 3378 1203 :
3406 1152 3530 1220 quia
3552 1152 3715 1219 bona,

2120 1236 2176 1290 id
2206 1244 2285 1291 est
2315 1236 2460 1290 utilis
2494 1244 2576 1291 est
2604 1237 2699 1290 tibi
2722 1246 2774 1291 et
2808 1237 3056 1303 subditis,
3084 1238 3127 1291 si
3148 1238 3201 1291 in
3231 1254 3295 1292 ea
3317 1255 3715 1308 perseverave-

2120 1325 2216 1378 ris.
2252 1325 2432 1379 Monui
2463 1326 2709 1395 superius
2740 1335 2794 1379 ut
2838 1327 3187 1396 cupiditatem
3217 1326 3458 1399 fugeres,
3494 1336 3545 1383 et
3575 1344 3714 1383 con-

2121 1413 2290 1467 traria
2334 1414 2612 1483 cupiditati
2668 1414 2971 1479 sectareris,
3008 1416 3153 1483 quod
3184 1424 3241 1468 ut
3271 1415 3436 1470 facias
3479 1432 3585 1471 non
3618 1433 3714 1471 so-

2119 1501 2228 1555 lum
2260 1518 2474 1569 moneo,
2508 1503 2605 1557 sed
2652 1510 2705 1557 et
2746 1505 3011 1575 praecipio
3060 1505 3178 1567 tibi,
3213 1504 3415 1559 faciens
3461 1522 3581 1561 cum
3614 1506 3718 1559 ad-

2119 1590 2412 1645 monitione
2442 1591 2789 1645 mandatum:
2814 1600 2870 1645 ut
2900 1592 2945 1645 si
2975 1593 3076 1647 hoc
3107 1592 3551 1665 transgrediaris,
3588 1611 3711 1648 reus

2118 1678 2499 1735 inobedientia:
2553 1680 2916 1735 convincaris.
2976 1680 3256 1751 Praecipio,
3316 1680 3553 1752 inquam,
3614 1683 3710 1736 tibi

2118 1769 2234 1823 11836
2264 1786 2451 1823 coram
2484 1771 2590 1825 Deo
2621 1770 2799 1834 Patre,
2833 1777 2891 1822 ut
2920 1768 3051 1822 nihil
3082 1770 3227 1823 Deus
3256 1770 3491 1840 amplius
3521 1771 3712 1841 requi-

2115 1865 2196 1909 rat
2224 1841 2298 1910 de
2322 1872 2485 1910 manu
2519 1872 2655 1923 mea,
2710 1859 2805 1929 qui
2835 1858 2981 1911 Deus
3028 1858 3274 1925 viviﬁcat
3322 1859 3530 1914 omnia.
3577 1858 3713 1914 Vide

2115 1960 2245 2017 ergo
2280 1952 2334 1997 ut
2363 1944 2662 2015 (implendo
2712 1962 2832 2015 quae
2877 1945 3155 2015 praecipio)
3208 1946 3360 2001 vivas
3404 1946 3459 1999 in
3508 1963 3574 2001 eo
3622 1964 3721 2018 per

2114 2050 2275 2104 quem
2306 2034 2491 2088 vivunt
2523 2033 2722 2088 omnia.
2758 2034 3020 2104 Praeeipio
3052 2034 3212 2088 etiam
3261 2035 3355 2089 tibi
3395 2036 3500 2090 hoc
3528 2052 3715 2091 coram

2118 2123 2337 2177 Christo
2369 2124 2517 2183 Jesu,
2551 2123 2641 2193 qui
2678 2122 2844 2190 judex
2876 2122 3118 2177 omnium
3166 2123 3295 2177 nihil
3336 2124 3531 2179 horum
3563 2141 3594 2179 a
3624 2141 3713 2181 me

2114 2210 2353 2281 requirat
2382 2211 2433 2263 in
2467 2211 2555 2264 die
2582 2211 2792 2278 judicii,
2826 2213 2922 2283 qui
2966 2211 3126 2266 Jesus
3156 2212 3401 2267 reddidit
3454 2215 3713 2269 testimo-

2114 2302 2278 2354 nium
2309 2300 2409 2354 sub
2442 2301 2645 2354 Pontio
2676 2301 2881 2355 Pilato.
2910 2301 3040 2354 Cum
3065 2301 3208 2355 enim
3231 2301 3660 2373 interrogaretur
3683 2319 3713 2356 a

2114 2388 2285 2441 Pilato
2311 2406 2321 2441 :
2349 2388 2514 2441 Filius
2544 2388 2643 2442 Dei
2675 2404 2734 2442 es
2764 2396 2818 2442 tu
2840 2389 2866 2442 ‘?
2890 2390 3169 2458 respondit
3197 2408 3209 2442 :
3234 2390 3313 2443 Tu
3343 2389 3523 2444 dixisti
3550 2408 3562 2444 :
3588 2392 3711 2462 quia

2114 2492 2303 2531 revera
2333 2476 2503 2530 Filius
2533 2477 2632 2530 Dei
2663 2492 2767 2548 ego
2790 2494 2907 2530 sum
2943 2478 3162 2543 (Matth.
3200 2493 3381 2543 xxvn,
3412 2482 3501 2548 11)
3527 2495 3538 2532 :
3564 2479 3642 2534 sic
3660 2488 3713 2535 et

2115 2573 2188 2633 tu,
2222 2565 2518 2629 Timothee,
2554 2564 2812 2620 confitere
2845 2566 3140 2631 Christum,
3170 2566 3335 2621 etiam
3367 2568 3412 2621 si
3445 2575 3712 2623 tormenta

2116 2653 2204 2708 vel
2234 2670 2383 2707 mors
2414 2654 2713 2708 immineat.

2184 2742 2457 2807 Reddidit,
2484 2742 2726 2812 inquam,
2753 2742 3142 2809 testimonium,
3169 2744 3373 2799 scilicet
3405 2746 3709 2816 confessio—

2112 2847 2245 2885 nem
2274 2833 2495 2899 bonam,
2527 2831 2583 2885 id
2614 2840 2696 2885 est
2736 2831 2939 2898 utilem,
2975 2832 3102 2903 quid
3151 2833 3293 2887 enim
3331 2841 3434 2887 tam
3482 2833 3610 2887 utile
3641 2834 3712 2887 ad

2112 2918 2537 2989 redemptionem
2589 2936 2752 2990 quam
2783 2928 2834 2973 et
2865 2921 3013 2991 quod.
3055 2920 3170 2985 fuit,
3203 2929 3256 2975 et
3300 2922 3585 2977 confessus
3625 2930 3709 2977 est

2113 3024 2171 3062 se
2204 3024 2325 3062 esse
2359 3007 2557 3087 Filium.
2581 3009 2730 3062 Dei?
2752 3007 2998 3064 Profecto
3019 3009 3062 3063 si
3086 3019 3362 3081 negasset,
3396 3027 3504 3065 non
3536 3011 3712 3065 cruci-

412 3100 608 3171 quibus
660 3100 1014 3164 luxuriemus,
1049 3106 1100 3152 et
1133 3098 1218 3152 his
1267 3096 1536 3151 alimentis
1582 3103 1637 3149 et
1684 3094 2012 3167 tegumentis
2038 3070 2083 3130 Ο
2111 3095 2391 3168 figeretur,
2424 3113 2525 3151 nec
2550 3080 2746 3167 genus
2795 3098 3093 3151 humanum
3124 3098 3419 3153 redimeret
3450 3116 3462 3151 :
3496 3108 3546 3153 et
3578 3099 3704 3153 ideo

411 3190 588 3244 simus
618 3190 874 3244 contenti
896 3207 913 3242 :
935 3187 1056 3241 ideo
1088 3185 1210 3257 quia
1240 3185 1485 3241 videmus
1520 3184 1760 3239 332
1794 3200 1889 3238 eos
1917 3184 2013 3254 qui

413 3279 610 3334 volunt
628 3277 829 3331 divites
851 3276 976 3344 fieri
990 3275 1134 3345 quod
1146 3275 1411 3329 incidunt
1429 3275 1491 3327 in
1512 3275 1890 3327 tentationem
1903 3271 2014 3325 ani-

409 3366 567 3433 mi,et
584 3381 683 3435 per
699 3366 839 3420 hanc
858 3366 919 3419 in
943 3366 1202 3435 laqueum
1225 3362 1513 3427 diaboli,id
1527 3369 1608 3416 est
1622 3362 1673 3414 in
1687 3376 1824 3431 Opus
1838 3369 2010 3415 tenta-

408 3454 589 3509 tionis.
626 3454 915 3524 Postquam
966 3451 1128 3507 etiam
1177 3451 1371 3507 divites
1420 3449 1545 3505 facti
1593 3458 1735 3515 sunt,
1769 3449 2011 3504 incidunt

410 3542 466 3597 in
491 3544 677 3598 multa
707 3542 984 3598 desideria
1007 3561 1025 3596 :
1047 3541 1268 3611 cupiunt
1298 3540 1440 3594 enim
1472 3539 1665 3594 domos
1694 3546 1748 3592 et
1776 3537 2004 3607 praedia.

406 3632 694 3687 Desideria
727 3631 849 3687 dico
878 3632 1115 3685 inutilia
1139 3649 1156 3684 :
1178 3644 1281 3684 nec
1299 3628 1473 3682 solum
1503 3627 1618 3681 sine
1638 3626 1884 3691 utilitate,
1910 3626 2008 3679 sed

408 3721 567 3777 etiam
587 3723 784 3776 nociva
806 3740 822 3775 :
844 3719 970 3791 quia
990 3722 1258 3787 mergunt
1279 3718 1532 3772 homines
1554 3714 1923 3769 desiderantes
1943 3715 2006 3769 in

409 3811 738 3874 interitum,
758 3812 814 3863 et
843 3816 967 3877 post
988 3814 1218 3861 mortem
1240 3807 1294 3858 in
1314 3813 1576 3859 aeternam
1602 3804 2000 3875 perditionem.

405 3898 548 3952 Vere
578 3898 693 3951 hac
724 3895 995 3950 desideria
1026 3895 1104 3949 sic
1135 3901 1386 3964 mergunt
1418 3892 1686 3946 homines.
1733 3892 1870 3945 Nam
1900 3908 2003 3947 cu-

405 3986 618 4057 piditas
645 3988 731 4039 est
759 3984 928 4038 radix
958 3984 1213 4038 omnium
1243 3983 1525 4036 malorum
1550 4000 1566 4035 :
1590 3996 1697 4035 non
1728 3980 1869 4051 quod
1893 3980 2003 4033 sin-

404 4074 532 4147 gula
560 4072 706 4127 mala
735 4071 864 4126 fiant
884 4088 984 4142 per
1013 4071 1363 4141 cupiditatem
1389 4070 1652 4140 pecuniae,
1678 4069 1773 4123 sed
1795 4068 2004 4122 nullum

405 4178 579 4233 genus
610 4169 693 4217 est
712 4160 934 4227 mali,in
966 4175 1072 4231 quo
1094 4175 1298 4230 genere
1328 4174 1436 4213 non
1468 4158 1535 4211 sit
1564 4157 1763 4213 factum
1781 4156 2002 4227 aliquod

404 4251 607 4305 malum
634 4267 733 4322 per
762 4249 1107 4320 cupiditatem
1139 4248 1469 4302 divitiarum.
1509 4249 1685 4315 Quam
1728 4246 2000 4316 cupidita-

404 4346 516 4394 tem
545 4341 773 4411 quidam
794 4341 1145 4411 appetentes,
1166 4340 1502 4392 erraverunt
1520 4353 1554 4389 a
1569 4336 1677 4405 fide
1701 4354 1718 4390 :
1736 4342 2001 4405 negantes

2110 3185 2237 3239 utile
2271 3184 2369 3238 fuit
2416 3184 2663 3239 confiteri
2712 3186 2857 3256 quod
2902 3195 3047 3241 esset
3086 3186 3249 3241 Filius
3296 3187 3414 3242 Dei.
3452 3188 3649 3241 Pilatus
3678 3204 3708 3241 a

2110 3275 2281 3328 Ponto
2309 3274 2482 3327 insula
2534 3274 2751 3328 Pontius
2798 3276 3112 3329 vocabatur.
3149 3276 3285 3343 Quia
3333 3292 3437 3331 nec
3466 3276 3705 3331 haeretici

2109 3363 2377 3417 invertere
2405 3371 2629 3433 possent
2658 3363 2859 3418 dictum
2891 3380 3013 3418 esse
3044 3365 3112 3418 de
3142 3364 3247 3419 alio
3294 3365 3441 3429 Jesu,
3475 3364 3559 3419 vel
3599 3366 3707 3420 alio

2107 3452 2278 3505 Pilato
2314 3469 2325 3504 :
2358 3451 2511 3505 multi
2559 3452 2703 3505 enim
2748 3460 2875 3507 tunc
2919 3454 3077 3506 Jesus
3126 3452 3232 3508 dici
3278 3462 3549 3523 poterant,
3583 3453 3709 3509 ideo

2107 3539 2309 3593 Paulus
2336 3538 2541 3593 addidit
2572 3539 2780 3593 Pontio.
2816 3540 3097 3609 Prazcipio,
3148 3541 3390 3611 inquam,
3423 3546 3487 3596 ut
3519 3558 3704 3597 serves

2106 3628 2210 3683 hoc
2238 3628 2577 3682 mandatum
2607 3628 2754 3698 quod
2800 3628 3031 3698 amplius
3061 3628 3177 3683 sine
3218 3628 3379 3699 culpa
3425 3630 3701 3700 praeterire

2104 3716 2317 3786 nequis.
2354 3716 2663 3769 Mandatum
2711 3715 2835 3771 dico
2861 3718 2985 3772 sine
3014 3718 3259 3783 macula,
3296 3719 3424 3788 quia
3452 3719 3506 3771 in
3552 3718 3703 3772 nulla

2103 3812 2253 3874 parte
2283 3804 2541 3859 doctrinae
2590 3821 2727 3859 mea:
2774 3805 3059 3860 maculatio
3105 3806 3287 3876 aliqua
3332 3815 3510 3877 potest
3541 3806 3701 3861 inve-

2102 3893 2203 3946 niri
2234 3909 2245 3947 :
2281 3894 2377 3947 sed
2407 3893 2461 3946 in
2492 3894 2741 3948 doctrina
2783 3894 3161 3949 haereticorum
3189 3895 3314 3949 licet
3344 3894 3565 3966 aliquod
3598 3895 3702 3949 bo-

2102 3998 2230 4035 num
2260 3982 2637 4051 praeminatur,
2671 3991 2728 4036 ut
2757 3983 2835 4037 sic
2878 3983 3072 4037 melius
3119 3982 3322 4051 fallant,
3360 3983 3568 4038 macula
3612 3992 3701 4038 ta-

2101 4086 2228 4125 men
2260 4071 2366 4125 cito
2396 4070 2667 4125 invenitur
2696 4071 2919 4125 inserta.
2955 4072 3263 4126 Mandatum
3305 4072 3427 4128 dico
3468 4088 3575 4127 non
3608 4088 3700 4127 so-

2100 4158 2209 4212 lum
2240 4158 2355 4213 sine
2386 4160 2617 4226 macula,
2650 4160 2747 4214 sed
2776 4160 2939 4214 etiam
2994 4162 3487 4232 irreprehensibile
3520 4181 3537 4216 :
3570 4160 3701 4232 quia

2100 4263 2203 4303 nec
2254 4248 2472 4303 occasio
2506 4248 2940 4317 reprehendendi
2968 4248 3093 4303 inde
3150 4257 3328 4319 potest
3356 4248 3584 4319 concipi,
3652 4249 3701 4303 si

2102 4336 2223 4405 quis
2254 4352 2382 4390 sane
2410 4337 2670 4391 attendat.
2702 4338 2897 4393 Serves
2927 4336 3048 4392 dico
3080 4353 3249 4409 usque
3297 4339 3359 4392 in
3388 4338 3697 4393 adventum

401 4428 579 4482 Deum
608 4426 879 4482 desiderio
900 4425 1227 4491 divitiarum,
1254 4442 1387 4497 quas
1418 4432 1473 4478 ut
1494 4424 1691 4494 cupide
1711 4431 1994 4496 augerent,
2016 4430 2068 4488 D
2099 4425 2323 4479 Domini
2352 4426 2536 4480 nostri
2563 4427 2693 4480 Iesu
2735 4424 2961 4492 Christi,
2994 4425 3049 4479 id
3096 4433 3178 4479 est
3218 4442 3391 4497 usque
3441 4426 3496 4479 in
3548 4426 3695 4480 diem

401 4517 770 4572 inseruerunt
804 4532 862 4571 se
898 4515 1101 4570 multis
1152 4514 1450 4583 doloribus,
1484 4521 1744 4568 vexantes
1766 4526 1997 4582 corpora

401 4621 497 4659 sua
520 4612 572 4660 et
594 4604 824 4673 animas,
849 4620 944 4675 per
958 4618 1130 4671 mare,
1147 4619 1244 4673 per
1262 4610 1452 4658 terras.
1479 4601 1584 4669 Qui
1602 4600 1878 4673 cupiditati
1906 4616 1997 4655 va-

399 4701 543 4761 cant,
577 4701 780 4748 errant.

471 4782 579 4837 Sed
600 4787 683 4849 tu,
704 4798 737 4838 o
759 4782 922 4839 homo
942 4782 1059 4850 Dei,
1085 4781 1385 4846 Timothee,
1410 4783 1541 4851 fuge
1561 4781 1677 4835 haec
1698 4776 1988 4841 desideria,

396 4871 515 4927 haec
544 4871 693 4945 fuge,
718 4876 933 4927 sectare
965 4887 1089 4927 vero
1110 4871 1423 4941 justitiam,
1449 4868 1728 4940 erogando
1744 4875 1836 4921 tua
1854 4865 1994 4919 indi-

398 4960 651 5031 gentibus
695 4960 974 5031 proximis,
1017 4960 1165 5031 quod
1209 4958 1475 5029 cupiditas
1522 4972 1799 5028 nunquam
1844 4954 1989 5009 facit.

399 5048 616 5103 Sectare
645 5049 807 5104 etiam
851 5050 1145 5122 pietatem,
1180 5048 1303 5118 quia
1333 5048 1380 5101 si
1410 5054 1517 5099 tam
1563 5061 1686 5099 rara
1714 5045 1905 5110 habes,
1939 5050 1998 5097 ut

396 5150 505 5190 non
536 5136 663 5191 inde
691 5138 871 5207 possis
921 5138 1055 5192 dare
1102 5136 1352 5206 proximo
1402 5135 1517 5189 sine
1565 5141 1651 5187 tua
1699 5132 1996 5205 indigentia

398 5225 567 5295 (quod
599 5225 805 5282 faceres
829 5225 1038 5295 justitia
1068 5240 1176 5278 non
1202 5231 1255 5277 te
1298 5225 1566 5294 cogeret),
1600 5222 1880 5292 impertire
1911 5229 1993 5274 ta-

395 5329 521 5368 men
553 5314 600 5369 ei
631 5331 697 5370 ex
727 5316 947 5386 pietate.
979 5315 1200 5369 Sectare
1248 5312 1411 5367 etiam
1440 5313 1628 5381 ﬁdem,
1662 5326 1823 5382 quam
1871 5308 1995 5380 qui-

396 5402 523 5457 dam
550 5413 892 5477 negaverunt
921 5410 1143 5475 propter
1172 5401 1541 5471 cupiditatem.
1579 5402 1800 5457 Sectare
1831 5398 1994 5453 etiam

397 5492 761 5561 charitatem,
796 5493 852 5550 id
880 5501 964 5550 est
991 5490 1341 5547 dilectionem
1373 5491 1472 5546 Dei
1522 5499 1574 5547 et
1603 5489 1855 5563 proximi.
1888 5487 1993 5543 Se-

2095 4513 2284 4566 mortis
2332 4521 2473 4568 tute:
2506 4513 2718 4583 quando
2766 4513 2910 4567 enim
2955 4514 3179 4569 moritur
3224 4515 3347 4585 quis
3395 4512 3591 4579 fidelis,
3628 4530 3696 4569 eo

2094 4600 2182 4656 die
2230 4600 2427 4656 dicitur
2480 4602 2629 4655 Deus
2685 4601 2754 4655 ad
2814 4618 2937 4657 eum
2992 4602 3199 4671 venire,
3233 4604 3359 4674 quia
3415 4610 3545 4658 tunc
3599 4618 3691 4658 re-

2094 4689 2223 4759 cipit
2253 4705 2374 4743 eum
2408 4690 2553 4743 Deus
2582 4690 2637 4743 in
2668 4689 2862 4761 gloria,
2891 4708 3070 4762 quem,
3106 4691 3262 4762 quasi
3293 4691 3531 4746 alienum
3562 4707 3595 4745 a
3628 4708 3690 4746 se

2094 4778 2147 4831 in
2176 4778 2410 4832 miseriis
2431 4778 2618 4833 mundi
2639 4778 2770 4833 dum
2789 4779 3013 4845 viveret,
3032 4780 3395 4851 dereliquerat
3417 4795 3428 4833 :
3451 4780 3693 4851 quandiu

2100 4867 2168 4922 3
2183 4866 2251 4922 3
2266 4867 2335 4923 3
2362 4868 2504 4921 enim
2519 4868 2694 4935 justus
2715 4868 2984 4923 detinetur
2998 4868 3052 4923 in
3071 4869 3290 4934 mundo,
3308 4868 3520 4924 videtur
3541 4870 3691 4923 Deus

2093 4972 2202 5011 non
2250 4957 2437 5011 venire
2485 4957 2554 5010 ad
2583 4973 2727 5023 eum,
2756 4956 2881 5028 quia
2909 4957 2982 5011 ibi
3027 4956 3289 5027 permittit
3328 4973 3453 5012 eum
3504 4958 3694 5031 afﬂigi,

2093 5044 2191 5099 sed
2220 5060 2343 5099 cum
2369 5046 2546 5113 justus
2588 5061 2747 5100 carne
2778 5046 3023 5110 solvitur,
3060 5046 3243 5100 venire
3276 5047 3425 5101 Deus
3470 5048 3538 5101 ad
3572 5064 3697 5101 eum

2093 5132 2304 5199 dicitur,
2358 5134 2510 5201 cujus
2568 5134 2802 5187 animam
2852 5133 3074 5204 suscipit
3120 5134 3173 5187 in
3216 5135 3419 5206 requie.
3478 5136 3699 5191 Diceret

2093 5220 2341 5276 fortassis
2370 5222 2680 5278 Timotheus
2713 5239 2725 5277 :
2761 5223 3101 5277 Sustinerem
3134 5224 3327 5289 Deum,
3363 5224 3409 5278 si
3438 5241 3545 5279 non
3579 5233 3697 5279 tar-

2094 5311 2248 5366 daret
2278 5312 2393 5380 ejus
2440 5312 2724 5367 adventus.
2778 5312 2972 5367 Contra
3002 5314 3105 5367 hoc
3159 5312 3234 5367 ait
3264 5313 3464 5368 Paulus
3501 5330 3512 5367 :
3549 5315 3699 5369 Bone

2092 5400 2193 5465 vir,
2242 5400 2448 5455 sustine
2497 5419 2509 5455 :
2558 5402 2682 5472 quia
2725 5417 2888 5472 quem
2926 5402 3223 5456 adventum
3264 5403 3515 5459 ostendet
3550 5404 3700 5458 Deus

2093 5489 2226 5559 suis,
2276 5489 2330 5544 id
2380 5498 2479 5559 est,
2530 5490 2788 5562 congruis
2859 5490 3241 5561 temporibus:
3278 5493 3497 5563 quando
3545 5491 3692 5547 enim
