3966 6050
220 213 324 267 457

836 211 1216 271 EXPOSITIO
1256 214 1329 270 IN
1367 213 1742 271 EPISTOLAS
1781 215 2003 272 PAULI.
2049 245 2118 257 --
2157 216 2231 271 IN
2266 216 2485 272 EPIST.
2530 218 2577 272 II
2617 218 2711 272 AD
2750 218 2891 275 TIM.

3405 224 3508 277 458

224 344 441 407 tempus
470 335 726 392 idoneum
757 338 971 405 viderit,
1013 339 1265 395 adveniet
1295 340 1410 394 tibi.
1446 342 1678 395 Causam
1709 356 1813 410 po-
1842 342 1895 401 A
1918 341 2080 396 homo
2110 341 2334 407 dormit,
2369 341 2619 412 corporei
2669 358 2864 397 sensus
2907 342 3039 396 nihil
3071 350 3195 398 tunc
3226 342 3459 431 sentiunt
3494 360 3507 400 :

224 424 303 477 nit
336 440 499 495 quare
546 425 816 481 sustinere
865 426 1060 481 debeat
1106 428 1294 483 dicens
1330 446 1341 481 :
1378 429 1610 483 Servare
1646 429 1814 483 debes

223 512 347 577 hoc,
382 514 557 568 donec
588 515 733 568 Deus
769 515 1042 581 adveniat,
1078 516 1201 587 quia
1229 516 1319 571 ille
1353 516 1549 572 beatus
1577 517 1812 571 beatitu-

223 600 407 655 dinem
439 602 583 656 dabit
611 603 706 656 tibi
734 603 779 657 si
812 604 1077 658 sustincas
1110 622 1123 658 :
1158 613 1209 659 et
1226 605 1315 659 ille
1336 606 1487 660 solus
1507 610 1702 676 potens
1725 621 1816 675 po-

222 697 427 743 tentem
486 698 537 745 te
595 691 757 747 faciet
816 709 981 761 super
1037 708 1227 747 omnes
1268 701 1665 762 persecutores.
1700 696 1815 748 Rex

221 780 384 832 etiam
413 796 605 850 regum
654 797 842 853 regem
870 788 923 835 te
967 780 1127 835 faciet
1160 800 1172 835 :
1209 782 1335 852 quia
1366 797 1468 836 nec
1499 790 1814 851 persecuto-

220 882 361 932 rem,
421 884 522 922 nec
552 876 900 923 tentationem
932 886 1053 923 cum
1085 885 1150 924 eo
1193 869 1400 939 positus
1427 870 1639 924 timebis
1676 885 1687 923 :
1723 869 1815 940 qui

218 954 386 1009 etiam
418 958 685 1012 Dominus
714 966 795 1011 est
825 958 1286 1012 dominantium:
1310 965 1361 1013 et
1382 957 1541 1012 faciet
1563 964 1613 1011 te
1634 957 1814 1013 domi-

219 1044 347 1097 nari
376 1043 713 1100 inimicorum
744 1054 985 1099 tuorum.

294 1131 435 1187 Nota
465 1133 608 1204 quod
639 1133 859 1205 quidam
888 1141 1137 1204 potentes
1182 1141 1324 1199 sunt,
1358 1149 1459 1188 nec
1498 1141 1678 1187 tamen
1710 1134 1813 1188 do-

219 1220 503 1275 minantur
531 1220 781 1276 aliorum.
820 1222 922 1289 Qui
945 1222 1091 1275 Deus
1112 1224 1265 1276 solus
1286 1221 1450 1276 habet
1472 1222 1815 1276 immortali-

222 1312 424 1373 tatem,
484 1309 537 1362 id
598 1317 679 1363 est
726 1308 1218 1363 immutabilitatem
1253 1327 1265 1363 :
1301 1309 1422 1379 quia
1489 1324 1704 1374 semper
1760 1309 1813 1362 in

216 1396 414 1451 eodem
437 1405 575 1451 statu
596 1405 880 1467 permanet
906 1415 917 1452 :
936 1398 1025 1468 qui
1048 1398 1212 1451 etiam
1235 1398 1453 1452 habitat
1479 1398 1681 1452 lucem.
1706 1397 1814 1451 Lo-

220 1486 406 1555 quitur
433 1485 502 1540 de
531 1487 647 1540 Deo
692 1501 723 1540 a
766 1486 1116 1540 similitudine
1160 1485 1300 1539 illius
1343 1486 1434 1556 qui
1463 1485 1729 1539 habitaret
1761 1485 1814 1538 in

219 1573 505 1643 splendida
551 1574 797 1644 regione.
855 1573 1086 1639 Habitat,
1142 1573 1385 1644 inquam,
1430 1573 1652 1627 lucem:
1688 1572 1816 1642 quia

1918 429 2094 483 anima
2125 445 2256 484 vero
2277 436 2402 484 tunc
2432 431 2549 485 sola
2578 430 2787 501 vigilat.

1990 516 2129 584 Quia
2161 519 2411 588 superius
2432 519 2643 573 dixerat
2666 519 2865 573 Paulus
2890 536 2902 571 :
2929 518 3233 573 Habeamus
3256 519 3512 575 alimenta

1916 613 1968 659 et
2002 606 2316 660 indumenta
2348 607 2545 677 quibus
2593 614 2845 679 tegamur
2876 626 2889 673 ;
2923 624 2989 661 ne
3032 608 3153 661 ideo
3197 608 3511 664 Timotheus

1918 694 2271 748 arbitraretur
2314 711 2580 764 pauperes
2632 703 2832 749 tantum
2902 696 3263 765 recipiendos,
3320 697 3512 751 divites

1917 798 2049 836 vero
2086 783 2153 835 ab
2182 782 2429 836 Ecclesia
2468 783 2832 853 repellendos,
2862 791 3052 838 contra
3092 784 3194 839 hoc
3235 784 3303 837 ait
3332 784 3513 840 :Licet

1921 870 2192 923 alimentis
2224 878 2276 924 et
2306 872 2633 941 tegumentis
2680 879 2964 925 contentos
3012 887 3112 926 nos
3161 888 3281 925 esse
3313 872 3513 927 debere

1916 957 2166 1025 dixerim,
2228 974 2298 1012 ne
2343 966 2523 1012 tamen
2575 959 2798 1027 abjicias
2845 959 3059 1025 divites,
3106 960 3203 1013 sed
3250 960 3513 1016 divitibus

1908 1046 2084 1116 hujus
2117 1048 2309 1101 saeculi
2341 1048 2579 1118 prwcipe
2611 1064 2723 1103 non
2744 1064 2938 1119 sapere
2959 1048 3215 1113 sublime,
3238 1042 3289 1102 id
3307 1055 3512 1103 estnon

1916 1141 2143 1203 propter
2172 1134 2387 1187 divitias
2409 1134 2691 1204 superbire
2715 1153 2728 1199 ;
2750 1152 2927 1207 neque
2944 1151 3202 1207 seperare
3218 1136 3281 1190 in
3296 1138 3512 1192 incerto

1917 1222 2276 1287 divitiarum,
2310 1222 2362 1275 id
2394 1232 2475 1276 est
2508 1222 2561 1275 in
2581 1222 2804 1277 incertis
2825 1223 3046 1289 divitiis,
3068 1224 3223 1294 quasi
3244 1224 3332 1294 qui
3350 1223 3512 1278 hodie

1914 1310 2098 1375 habet,
2131 1326 2255 1365 cras
2288 1309 2520 1365 fortasse
2541 1326 2650 1365 non
2674 1311 2957 1365 habiturus
2979 1320 3077 1377 cst,
3095 1312 3188 1366 sed
3204 1327 3429 1382 sperare
3449 1313 3512 1365 in

1914 1401 2023 1454 Deo
2044 1419 2061 1466 ;
2080 1406 2365 1453 etcausam
2388 1399 2564 1453 subdit
2580 1414 2777 1470 quare:
2803 1403 2897 1472 qui
2922 1401 3064 1454 Deus
3080 1404 3322 1471 pra’stat
3355 1400 3513 1456 nobis

1914 1489 2107 1541 omnia
2137 1488 2357 1542 abunde
2374 1503 2391 1538 :
2412 1502 2518 1542 non
2542 1488 2715 1541 solum
2748 1488 2815 1541 ad
2836 1488 3112 1553 utendum,
3139 1488 3235 1541 sed
3257 1488 3417 1541 etiam
3440 1488 3512 1543 ad

1914 1575 2243 1645 fruendum,
2278 1576 2333 1629 id
2360 1584 2459 1640 est,
2495 1591 2615 1630 cum
2628 1576 2965 1644 jucunditate
2996 1584 3209 1629 utamur
3238 1575 3362 1629 illis.
3384 1575 3515 1630 Frui

217 1662 399 1715 omnis
429 1678 556 1716 vera
587 1662 674 1716 lux
705 1662 907 1716 habitat
927 1662 980 1715 in
1000 1678 1085 1716 eo.
1120 1662 1320 1715 Lucem
1352 1661 1472 1716 dico
1503 1663 1813 1716 inaccessi-
1834 1694 1887 1755 Β
1916 1663 2145 1717 dicimus
2175 1664 2243 1718 de
2275 1680 2329 1718 re
2362 1680 2481 1733 qua:
2515 1664 2699 1718 suavis
2720 1672 2800 1717 est
2822 1672 2875 1717 et
2895 1664 3038 1717 utilis
3063 1680 3074 1717 :
3101 1663 3176 1717 uti
3194 1680 3318 1719 vero
3341 1663 3409 1718 de
3430 1681 3513 1733 re,

222 1750 413 1817 bilem,
447 1750 501 1804 id
532 1759 611 1805 est
642 1750 710 1804 ad
742 1767 901 1822 quam
944 1750 1122 1804 lucem
1175 1749 1584 1819 intelligendam
1631 1748 1813 1802 nullus

219 1839 486 1893 accedere
516 1847 694 1908 potast
729 1856 742 1891 :
776 1838 921 1908 quod
942 1837 1059 1908 ipse
1080 1838 1403 1892 determinat
1424 1837 1631 1905 ,dicens
1650 1838 1815 1892 inac-

220 1927 551 1992 cessibilem,
586 1927 727 1992 ideo,
760 1926 881 1997 quia
911 1941 1075 1997 quam
1105 1927 1281 1981 lucem
1313 1925 1366 1978 in
1389 1926 1523 1991 Deo,
1548 1925 1634 1980 vel
1654 1940 1816 1997 quem

222 2016 401 2068 Deum
432 2014 487 2068 in
514 2015 651 2080 luce,
685 2016 881 2070 nullus
904 2015 1196 2071 hominum
1220 2014 1518 2069 secundum
1540 2014 1815 2068 hominem

220 2103 388 2167 vidit,
422 2104 515 2158 sed
555 2120 658 2159 nec
685 2104 752 2157 de
802 2102 980 2157 futuro
1028 2103 1324 2157 secundum
1372 2103 1516 2173 quod
1546 2103 1708 2157 homo
1738 2109 1818 2156 est

222 2191 411 2246 videre
429 2196 611 2262 potest
646 2211 663 2247 :
696 2192 789 2247 cui
815 2192 932 2247 Deo
963 2199 1044 2245 est
1090 2190 1264 2262 gloria
1314 2190 1611 2245 secundum
1642 2190 1815 2244 deita-

221 2288 387 2343 tem;
475 2279 669 2343 honor,
743 2278 1038 2335 secundum
1106 2278 1419 2343 hominem;
1489 2280 1813 2349 imperium,

219 2368 524 2422 secundum
551 2367 817 2436 judicium
850 2384 958 2438 quo
1000 2366 1223 2436 judicat,
1277 2374 1329 2421 et
1370 2366 1709 2435 judicaturus
1736 2372 1819 2420 est

221 2456 737 2527 omnes.Imperium
754 2456 875 2512 dico
898 2457 1211 2510 duraturum
1234 2455 1287 2509 in
1309 2456 1818 2526 sempiternum:et

222 2546 370 2617 quod
400 2552 527 2615 opto
553 2553 611 2599 ut
642 2545 709 2598 sit
730 2545 778 2598 ei
796 2544 968 2615 gloria
990 2552 1041 2597 et
1067 2546 1260 2612 honor,
1289 2545 1483 2607 Amen,
1505 2542 1559 2595 id
1580 2548 1818 2597 estcerte

222 2634 301 2688 ita
322 2633 424 2687 erit
445 2641 496 2688 et
518 2634 710 2689 deesse
733 2632 937 2703 nequit.
962 2633 1102 2687 Nota
1120 2631 1263 2703 quod
1282 2631 1409 2686 dicit
1428 2630 1621 2685 Nullus
1642 2630 1819 2684 homi—

220 2738 354 2776 num
388 2723 560 2776 Deum
592 2722 760 2776 vidit:
792 2721 848 2775 in
878 2736 943 2775 eo
976 2720 1120 2791 quod
1138 2722 1299 2775 homo
1325 2728 1406 2774 est
1428 2718 1600 2789 accipi
1623 2718 1812 2771 debet:

222 2810 355 2881 quia
384 2818 435 2864 et
464 2810 663 2864 Paulus
693 2818 880 2879 raptus
909 2816 991 2863 est
1017 2808 1084 2863 ad
1116 2808 1333 2863 tertium
1363 2808 1578 2875 cmlum,
1600 2806 1693 2860 ubi
1714 2820 1817 2859 au-

222 2899 357 2953 divit
387 2915 509 2969 quaa
540 2914 648 2953 non
691 2898 887 2953 licebat
935 2896 1123 2951 audire
1179 2896 1384 2951 homini
1419 2912 1430 2949 :
1467 2912 1590 2951 cum
1637 2902 1819 2949 tamen

220 2987 422 3041 Paulus
454 2995 507 3042 et
536 2999 826 3058 antequam
857 2993 1155 3057 raperetur,
1181 2993 1234 3040 et
1264 2992 1404 3055 post,
1438 2985 1601 3039 homo
1630 2982 1812 3038 fuerit.

222 3077 292 3131 Et
323 3091 444 3130 cum
475 3076 543 3130 de
573 3075 778 3129 Joanne
807 3074 1146 3144 evangelista
1172 3073 1316 3127 idem
1348 3073 1547 3128 factum
1574 3072 1661 3138 sit,
1695 3072 1820 3127 ideo

220 3165 387 3219 homo
418 3164 715 3219 secundum
746 3163 889 3233 quod
920 3170 1003 3217 est
1046 3164 1230 3227 homo,
1263 3162 1443 3217 lucem
1477 3160 1703 3215 Deitatis
1734 3160 1818 3214 vi-

221 3254 357 3308 dere
387 3269 497 3308 non
526 3251 722 3307 suﬂicit
754 3268 766 3304 :
801 3251 928 3321 quia
974 3250 1152 3304 anima
1200 3249 1433 3304 hominis
1482 3248 1820 3303 incarcerata

216 3341 543 3411 deprimitur
600 3340 653 3393 in
711 3355 891 3403 carne,
949 3338 1181 3409 ideoque
1240 3354 1347 3393 nec
1393 3336 1598 3407 aliquid
1631 3336 1819 3391 videre

217 3416 417 3501 potest,
450 3429 537 3484 vel
568 3428 831 3501 cogitare,
892 3426 997 3481 nisi
1043 3426 1277 3481 excitata
1324 3426 1506 3496 aliquo
1555 3440 1819 3494 corporeo

219 3534 408 3582 sensu,
442 3517 582 3583 visu,
612 3516 699 3571 vel
730 3515 935 3583 auditu,
956 3515 1039 3569 vel
1063 3514 1391 3583 hujusmodi.
1413 3512 1551 3580 Quia
1572 3512 1617 3565 si
1639 3528 1819 3582 quan-

220 3606 317 3660 diu
346 3606 522 3659 anima
548 3605 602 3659 in
634 3619 856 3660 carcere
887 3603 1066 3658 carnis
1094 3602 1385 3665 clauditur,
1418 3599 1604 3670 nequit
1636 3599 1819 3654 facere

219 3693 514 3765 quidquam
549 3712 564 3760 ;
597 3692 645 3747 si
673 3708 781 3747 non
831 3691 1097 3747 excitetur
1125 3706 1221 3760 per
1250 3704 1544 3759 corporeos
1573 3703 1768 3742 sensus
1801 3704 1815 3741 :

218 3782 290 3837 de
322 3782 517 3853 quibus
540 3782 756 3852 planum
789 3788 889 3845 est,
932 3778 1075 3849 quod
1124 3778 1211 3832 vix
1259 3792 1453 3847 parum
1482 3776 1549 3830 de
1581 3776 1698 3829 Deo
1729 3774 1817 3828 in-

220 3871 473 3941 telligunt
505 3886 518 3924 :
548 3869 882 3924 credendum
915 3875 997 3922 est
1026 3866 1171 3937 quod
1195 3881 1297 3920 nec
1344 3864 1519 3918 anima
1557 3862 1812 3925 hominis,

222 3958 465 4030 quandiu
494 3958 549 4011 in
578 3956 798 4012 homine
832 3964 933 4021 est,
967 3955 1020 4008 in
1050 3953 1359 4024 cognitione
1392 3952 1491 4007 Dei
1522 3966 1817 4022 corporeos

222 4063 417 4103 sensus
446 4046 677 4102 excedit.
711 4046 767 4099 Si
795 4052 971 4099 autem
999 4042 1177 4097 anima
1233 4041 1400 4108 Pauli,
1434 4056 1530 4094 seu
1571 4038 1813 4105 Joannis,

221 4136 291 4191 de
319 4136 437 4189 Deo
462 4134 595 4189 vidit
624 4134 769 4205 quod
798 4132 985 4187 videre
1030 4129 1235 4185 homini
1281 4144 1388 4183 non
1435 4127 1616 4191 locuit,
1664 4126 1817 4182 credi

223 4231 438 4294 Oportet
476 4221 620 4293 quod
649 4221 735 4276 vel
764 4220 945 4275 anima
975 4219 1091 4287 ejus
1118 4217 1335 4288 penitus
1379 4216 1468 4270 illa
1516 4216 1648 4270 hora
1689 4229 1815 4269 cor-

221 4327 326 4383 pus
386 4309 643 4377 deseruit,
694 4308 781 4365 vel
851 4308 896 4363 si
944 4308 1002 4362 in
1046 4321 1277 4377 corpore
1335 4302 1563 4371 mansit,
1623 4317 1815 4356 omnes

1921 1768 2061 1822 quaa,
2094 1752 2221 1807 licet
2252 1751 2397 1805 utilis
2427 1752 2514 1817 sit,
2550 1767 2793 1805 amarum
2825 1760 3006 1806 tamen
3037 1768 3194 1806 usum
3224 1752 3381 1806 habet
3418 1760 3515 1819 ;ut

1918 1839 2099 1909 plures
2128 1840 2430 1910 potationes
2462 1857 2583 1910 qua:
2628 1856 2873 1894 amarum
2924 1848 3141 1912 gustum
3192 1840 3408 1906 habent,
3460 1847 3516 1894 et

1918 1927 2077 1981 utiles
2128 1935 2269 1981 sunt.
2320 1928 2560 1998 Prazcipe
2616 1928 2775 1983 etiam
2820 1928 3075 1982 divitibus
3124 1928 3259 1983 bene
3308 1943 3512 1999 agere:

1920 2031 2122 2087 eosque
2151 2017 2279 2084 ﬁeri
2307 2016 2505 2071 divites
2542 2017 2603 2070 in
2636 2016 2792 2071 bonis
2815 2017 3071 2087 aperibus
3101 2035 3118 2070 :
3149 2032 3269 2086 quae
3300 2030 3432 2069 auro
3461 2022 3515 2069 et

1919 2111 2147 2174 argento
2176 2104 2383 2173 potiora
2418 2103 2659 2159 334-.
2711 2111 2851 2158 sunt.
2889 2104 3124 2173 Prazcipe
3156 2104 3314 2157 etiam
3344 2104 3517 2174 facile

1921 2193 2167 2247 tribuere
2196 2208 2293 2246 sua
2320 2192 2651 2262 pauperibus
2685 2211 2698 2258 ;
2724 2206 2827 2247 nec
2857 2192 2959 2246 hoc
2997 2191 3189 2257 solum,
3216 2190 3313 2245 sed
3354 2192 3515 2245 etiam

1919 2281 1973 2334 in
1993 2280 2150 2335 bonis
2168 2280 2279 2333 suis
2300 2279 3151 2350 communicarepauperibus,ut
3173 2278 3387 2333 divitias
3409 2295 3519 2335 non

1918 2368 2097 2440 magis
2128 2368 2325 2422 iaciant
2384 2368 2636 2438 proprias
2693 2368 2814 2433 sibi,
2868 2382 3027 2438 quam
3089 2367 3278 2438 egenis
3310 2386 3323 2433 ;
3357 2375 3409 2421 et
3440 2367 3520 2423 sic

1920 2456 2294 2510 distribuendo
2313 2472 2427 2519 sua,
2454 2455 2827 2525 pra‘cipeillos
2851 2455 3236 2509 thesaurizare
3258 2454 3363 2510 sibi
3382 2458 3519 2525 fun-

1920 2544 2276 2609 damentum,
2309 2543 2365 2597 id
2399 2551 2481 2597 est
2511 2543 2737 2597 virtutes
2770 2542 2823 2595 in
2847 2543 3043 2613 quibus
3067 2542 3290 2596 firmiter
3310 2542 3520 2597 fundati

1922 2632 2046 2686 sint.
2083 2631 2185 2699 Qui
2223 2632 2366 2685 enim
2398 2631 2559 2685 hodie
2600 2638 2781 2686 castus
2830 2638 2929 2695 est,
2963 2646 3087 2685 cras
3136 2630 3398 2697 incestus,
3431 2631 3520 2685 hic

1921 2720 2073 2791 quasi
2105 2720 2157 2773 in
2188 2720 2395 2775 lubrico
2452 2728 2503 2774 et
2534 2736 2643 2773 non
2674 2719 2727 2773 in
2780 2718 3127 2773 fundamento
3159 2734 3276 2773 eam
3310 2719 3517 2774 habuit.

1922 2808 2357 2862 Fundamentum
2387 2808 2509 2863 dico
2540 2808 2766 2873 bonum,
2792 2807 2847 2861 id
2869 2816 2951 2861 est
2972 2807 3121 2874 utile,
3140 2809 3199 2862 in
3217 2810 3520 2878 futurum;

1919 2897 1987 2951 ad
2007 2898 2110 2952 hoc
2126 2901 2192 2951 ut
2212 2897 2453 2969 perillud
2475 2895 2907 2968 apprehendant
2928 2896 3105 2953 vitam
3128 2900 3409 2951 (eternam
3429 2897 3521 2967 qui

1919 2986 2007 3040 hic
2038 2985 2093 3039 in
2122 2985 2410 3041 virtutibus
2434 2984 2642 3039 fundati
2675 2993 2819 3038 sunt.
2854 2985 2921 3039 Ut
2952 2992 3132 3038 autem
3164 2985 3232 3039 de
3268 2984 3524 3039 divitibus

1853 3047 1899 3107 Ο
1920 3081 1973 3128 et
2004 3074 2070 3128 de
2102 3074 2356 3128 omnibus
2383 3090 2503 3144 quae
2532 3073 2763 3144 prazcepi
2797 3088 2988 3126 sanam
3011 3073 3409 3127 observantiam
3449 3072 3527 3126 fa-

1920 3161 2243 3227 cias,ideo,o
2277 3162 2577 3226 Timothee,
2596 3162 2817 3216 custodi
2836 3163 3171 3233 depositum,
3199 3161 3251 3215 id
3279 3169 3361 3215 est
3382 3176 3527 3217 com-

1919 3250 2147 3303 missum
2178 3256 2229 3303 et
2259 3249 2524 3303 creditum
2570 3250 2666 3302 tibi
2697 3250 2895 3303 donum
2932 3249 3166 3319 Spiritus
3201 3249 3398 3305 sancti.
3430 3250 3527 3304 Ut-

1919 3354 2025 3408 que
2057 3338 2196 3393 bene
2243 3337 2541 3401 custodias,
2587 3344 2703 3391 esto
2735 3338 2990 3392 deuitans
3022 3339 3325 3403 novitates,
3358 3338 3412 3391 id
3441 3345 3525 3393 cst

1918 3426 2158 3483 alternas
2209 3424 2641 3495 aequipollentias
2690 3441 2885 3480 vocum
2941 3424 3066 3478 fidei
3115 3433 3316 3480 nostra:
3351 3444 3363 3478 :
3398 3425 3526 3496 quia

1917 3512 2163 3583 profanae
2194 3521 2337 3567 sunt.
2372 3512 2623 3567 Haeretici
2654 3513 2798 3567 enim
2829 3528 2993 3567 voces
3017 3512 3213 3583 quibus
3240 3512 3402 3566 fidem
3424 3512 3525 3567 Dei

1918 3600 2261 3667 conﬁtemur,
2298 3608 2527 3667 mutant,
2563 3601 2815 3670 ponendo
2854 3599 3267 3670 arquipollentes
3299 3615 3311 3652 :
3346 3600 3522 3655 donec

1920 3689 2123 3743 sensim
2154 3705 2253 3760 per
2286 3689 2386 3742 has
2417 3688 2847 3759 aequipollentias
2875 3688 3151 3742 incautum
3173 3686 3387 3742 fidelem
3417 3687 3520 3743 de-

1919 3777 2163 3847 ceperint
2197 3795 2209 3830 :
2246 3792 2412 3847 quare
2444 3775 2691 3846 praecipit
2734 3775 3003 3830 novitates
3036 3790 3226 3831 vocum
3251 3775 3515 3831 devitarc.

1920 3865 2113 3920 Devita
2143 3864 2299 3919 etiam
2354 3866 2747 3936 oppositiones,
2800 3863 2852 3917 id
2885 3871 2966 3918 est
2996 3863 3387 3934 disputationes
3420 3880 3517 3918 so-

1916 3954 2236 4024 phistarum.
2274 3952 2662 4024 Oppositiones
2693 3952 2815 4007 dico
2838 3954 3093 4007 scientia:
3118 3969 3239 4023 qua:
3268 3960 3349 4007 est
3379 3953 3518 4023 falsi

1916 4042 2166 4096 nominis
2196 4060 2213 4095 :
2246 4039 2385 4095 falso
2417 4040 2561 4094 enim
2593 4048 2816 4095 vocatur
2843 4039 3087 4108 scientia,
3122 4040 3247 4111 quia
3271 4056 3401 4095 vero
3419 4057 3514 4096 no-

1916 4130 2059 4183 mine
2089 4137 2376 4184 vocaretur
2415 4128 2742 4198 insipientia.
2781 4128 2958 4194 Quam
3008 4126 3199 4181 falsam
3232 4128 3516 4183 scientiam

1915 4216 2635 4289 quidampromittentes,id
2655 4224 2736 4269 est
2747 4216 3015 4283 jactantes
3040 4232 3097 4269 se
3120 4215 3339 4282 habere,
3362 4218 3515 4272 exci-

1917 4306 2126 4361 derunt
2158 4306 2311 4360 circa
2330 4305 2521 4373 ﬁdem,
2555 4304 2608 4357 id
2640 4312 2721 4357 est
2752 4303 3029 4373 perierunt
3068 4303 3196 4374 :qui
3228 4304 3515 4359 noluerunt

218 4414 417 4455 sensus
466 4398 709 4469 corporis
768 4396 1020 4463 excessit,
1077 4402 1132 4450 et
1175 4393 1477 4449 secundum
1523 4392 1638 4445 haec
1668 4397 1888 4461 extraD
1917 4389 2127 4461 ingredi
2163 4388 2229 4441 ad
2261 4386 2444 4442 ﬁdem.
2496 4388 2564 4441 Et
2606 4394 2661 4441 ut
2711 4388 2816 4441 hoc
2867 4386 3172 4457 depositum
3216 4388 3511 4455 custodias,

218 4488 501 4543 hominem
539 4485 635 4540 fuit
668 4503 681 4540 :
715 4485 839 4557 quia
895 4492 1022 4538 tunc
1085 4482 1347 4553 temporis
1407 4479 1562 4551 quasi
1619 4476 1819 4532 mortui
1917 4480 2107 4550 gratia
2128 4476 2226 4531 Dei
2249 4476 2317 4529 sit
2341 4479 2547 4544 tecum,
2572 4476 2772 4542 Amen,
2799 4474 2850 4528 id
2874 4474 3043 4529 estita
3064 4482 3209 4531 certe
3232 4476 3515 4543 erit;vide

219 4575 371 4631 fuere
398 4574 647 4646 corporei
687 4571 1070 4628 sensus.Unde
1091 4570 1329 4625 visiones
1351 4568 1530 4640 magis
1550 4565 1822 4621 dormien-
1920 4573 2104 4619 tamen
2134 4570 2193 4619 ut
2222 4578 2565 4634 perseveres.

216 4666 363 4720 tibus
429 4663 786 4720 ostenduntur
840 4654 1029 4733 quam'
1059 4659 1426 4731 vigilantibus.
1482 4658 1621 4711 Dum
1678 4654 1820 4709 enim

220 4792 3505 4824 _______________________________.______.—__—_

840 4902 1331 4961 ARGUMENTUM
1368 4902 1441 4956 IN
1478 4897 1871 4955 EPISTOLAM
1910 4894 2289 4950 SECUNDAM
2325 4895 2420 4949 AD
2458 4894 2895 4949 TIMOTHEUM.

295 5034 427 5090 Item
456 5032 737 5087 Timotheo
767 5029 956 5085 scribit
984 5029 1051 5083 de
1082 5026 1451 5083 exhortatione
1481 5022 1759 5095 martyrii,
1786 5028 1838 5077 et
1867 5022 2043 5095 oman
2071 5017 2276 5091 regulae
2306 5017 2547 5073 veritatis
2581 5032 2593 5071 :
2628 5026 2678 5073 et
2708 5018 2837 5090 quid
2879 5016 3118 5073 futurum
3149 5016 3217 5072 sit
3245 5017 3507 5091 tempori-

220 5108 325 5161 bus
354 5103 666 5160 novissimis
700 5120 714 5156 :
746 5110 799 5157 et
828 5101 896 5155 de
927 5115 1026 5155 sua
1054 5098 1329 5169 passione,
1364 5096 1607 5151 scribens
1623 5091 1684 5148 'ei
1715 5094 1783 5147 ab
1814 5092 1948 5147 urbe
1978 5091 2167 5145 Roma.

236 5221 2280 5253 _________________________________

1078 5323 1522 5386 PROLOGUS
1566 5323 1642 5381 B.
1687 5318 2107 5382 BRUNONIS
2148 5318 2230 5377 IN
2273 5316 2637 5377 EAMDEM.

296 5459 589 5517 Prmmissa
616 5459 856 5531 Epistola
885 5475 919 5515 a
950 5458 1123 5515 Roma
1157 5457 1323 5512 missa
1351 5455 1549 5512 dicitur
1580 5470 1702 5509 esse
1725 5452 1815 5508 Ti-

224 5550 452 5607 motheo
480 5564 512 5603 a
538 5548 726 5605 Paulo.
761 5547 898 5618 Quia
927 5547 973 5601 si
1000 5547 1233 5619 primam
1276 5550 1504 5612 constat,
1537 5541 1658 5614 quia
1705 5548 1758 5597 et
1785 5555 1816 5596 a

361 5647 606 5702 Paraon.
646 5645 826 5701 CLIII.

1924 5452 2099 5507 Roma
2124 5450 2263 5505 hanc
2294 5448 2590 5505 secundam
2618 5445 2783 5502 misit.
2825 5446 3111 5519 Postquam
3144 5445 3288 5502 enim
3319 5447 3511 5505 Paulus

1922 5539 2153 5596 Romam
2182 5536 2360 5605 venit,
2392 5536 2518 5592 inde
2546 5550 2657 5592 non
2685 5534 2938 5591 discessit
2967 5534 3142 5591 donec
3167 5549 3268 5606 pro
3299 5534 3515 5595 Christo

3278 5636 3345 5689 15
