3966 6050
443 190 546 243 459

954 190 1010 244 S.
1046 190 1399 247 BRUNONIS
1455 191 2100 248 CARTHUSIANORUM
2159 189 2641 267 INSTITUTORIS
2696 190 2846 245 OPP.
2904 189 3082 245 PARS
3142 190 3209 244 ΙΙ.

3621 192 3726 243 460

442 312 759 382 martyrium
789 313 1058 367 sustinuit.
1092 315 1243 369 Hanc
1274 315 1470 370 iterum
1503 316 1699 370 Paulus
1736 333 1857 371 cum
1889 323 2033 370 esset
2060 319 2115 377 Α
2139 315 2273 369 dens
2304 315 2589 386 passiones
2619 332 2743 369 suas
2774 315 2851 369 illi
2895 331 3017 371 cum
3068 314 3414 385 passionibus
3444 312 3641 367 Christi
3673 320 3727 367 et

443 400 632 455 Roma;
688 400 742 453 iri
797 401 1029 456 vinculis
1086 403 1369 457 Timotheo
1420 404 1719 474 rescripsit.
1778 404 2036 457 Audierat

443 489 663 559 quidem
693 490 760 543 de
793 504 857 543 eo
888 490 1051 543 multa
1084 490 1245 554 bona,
1294 492 1389 545 sed
1440 500 1619 546 tamen
1651 492 2035 562 aliquantulum

442 578 729 631 remissum
764 593 776 631 :
812 586 862 631 et
892 578 1085 632 timore
1108 580 1423 648 passionum
1444 588 1495 633 et
1516 580 1723 647 mortis,
1744 596 1851 633 non
1875 580 2036 649 (sicut

440 665 683 729 deberet)
718 666 1092 735 praadicationi
1130 667 1419 721 instantem
1452 686 1463 723 :
1490 684 1660 739 quare
1691 668 1744 721 in
1776 669 1875 722 hac
1901 668 2034 737 Epi-

442 754 577 808 stola
605 753 718 826 agit
748 754 814 807 ad
846 770 969 808 eum
996 755 1063 809 de
1091 755 1439 825 passionibus
1471 764 1523 810 ct
1545 765 1719 810 morte
1753 773 1766 809 :
1803 764 2036 827 praeten-

2135 412 2311 458 morte
2349 422 2360 456 :
2394 404 2689 457 ostendens
2746 412 2977 474 quantus
3030 403 3234 457 fructus
3266 403 3334 456 de
3383 401 3727 472 passionibus

2135 492 2218 545 his
2242 492 2522 561 proveniat
2553 508 2564 545 :
2592 508 2791 562 easque
2833 491 3013 545 multis
3048 490 3222 545 modis
3256 490 3597 546 commendat
3626 489 3675 543 ei
3709 504 3722 543 :

2136 596 2200 633 eo
2232 579 2337 633 fine
2368 588 2423 633 ut
2454 580 2532 634 sic
2562 581 2890 643 exhortatus,
2924 588 3144 649 paratus
3174 578 3241 632 sit
3263 579 3373 649 pati
3403 586 3455 633 et
3476 577 3609 631 mori
3626 594 3725 647 pro

2135 668 2391 732 Christo;
2423 677 2477 721 et
2533 667 2681 738 quasi
2739 668 2895 722 morti
2949 668 3089 722 ultro
3146 684 3205 722 se
3254 667 3534 739 ingerens,
3579 666 3725 720 omni

2136 756 2391 810 instantia
2420 756 2677 826 praedicet
2707 756 2930 810 verbum
2965 756 3081 810 Dei.

1233 1111 1778 1195 EPISTOLA
1850 1112 1927 1195 II
1995 1112 2141 1195 AD
2212 1111 2911 1206 TIMOTHEUM.

954 1292 1178 1346 CAPUT
1216 1291 1513 1347 PRIMUM.

514 1445 535 1469 «ι
572 1422 766 1476 Paulus
815 1421 1090 1491 apostolus
1130 1422 1258 1474 Jesu
1299 1421 1493 1475 Christi
1542 1438 1640 1490 per
1689 1421 2024 1475 voluntatem

444 1535 463 1557 ιι
502 1511 618 1577 Dei,
672 1510 969 1564 secundum
1009 1510 1426 1579 promissionem
1484 1510 1626 1575 vitae,
1681 1526 1801 1581 qua?
1850 1518 1933 1564 est
1980 1510 2034 1563 in

444 1623 464 1645 α
503 1598 711 1653 Christo
758 1598 885 1651 Jesu
920 1614 931 1652 :
958 1597 1237 1652 Timotheo
1268 1598 1591 1652 charissimo
1640 1596 1748 1652 filio
1777 1598 1951 1668 gratia
1982 1605 2035 1652 et

444 1711 465 1733 «
502 1686 871 1741 misericordia
904 1693 955 1740 et
1002 1702 1106 1756 pax
1156 1702 1188 1740 a
1237 1687 1350 1740 Deo
1382 1688 1535 1740 Patre
1585 1694 1637 1740 et
1664 1686 1874 1741 Christo
1904 1688 2034 1741 Jesu

440 1799 460 1821 -
499 1774 728 1829 Domino
758 1782 969 1829 nostro.
1001 1774 1215 1829 Gratias
1245 1790 1348 1846 ago
1380 1776 1496 1828 Deo
1526 1790 1645 1829 meo
1676 1774 1761 1829 cui
1794 1775 1972 1829 servio
2004 1789 2036 1827 a

444 1884 466 1913 ι
502 1863 945 1934 progenitoribus
1002 1862 1140 1916 meis
1172 1862 1224 1915 in
1281 1863 1609 1917 conscientia
1651 1879 1788 1933 pura
1827 1861 2030 1933 [bona],

445 1972 466 2001 ι
501 1952 646 2022 quod
678 1952 795 2006 sine
824 1951 1225 2005 intermissione
1259 1951 1489 2005 habeam
1521 1951 1597 2004 tui
1629 1951 1947 2005 memoriam
1982 1952 2034 2004 iu

445 2061 467 2089 ι
505 2040 840 2093 orationibus
853 2039 1174 2103 meis,nocte
1195 2054 1259 2093 ac
1282 2039 1367 2093 die
1390 2039 1737 2093 :desiderans
1755 2048 1803 2092 te
1826 2040 2032 2108 videre,

446 2150 466 2173 «
504 2143 712 2182 memor
738 2127 1098 2196 lacrymarum
1123 2134 1357 2193 tuarum,
1382 2127 1907 2197 utgaudioimplear.
1934 2128 2037 2181 Re-

445 2239 466 2262 α
504 2215 871 2270 cordationcm
902 2215 1175 2283 accipiens
1204 2215 1317 2282 ejus
1348 2214 1473 2269 fidei
1502 2233 1622 2286 qua:
1652 2224 1732 2269 est
1764 2216 1815 2267 in
1849 2223 1897 2268 te
1929 2232 2037 2269 non

446 2324 467 2353 ι
506 2302 645 2367 ficta,
681 2320 800 2373 qua»
830 2310 879 2355 et
901 2303 1409 2373 habitavitprimum
1440 2304 1493 2357 in
1514 2303 1635 2357 avia
1668 2311 1755 2357 tua
1786 2303 2038 2367 Loide,et

447 2414 466 2441 ι
502 2400 673 2445 matre
704 2401 793 2445 tua
824 2392 1012 2446 Eutice
1045 2390 1165 2461 [al.,
1202 2392 1424 2462 Eunice}
1450 2411 1462 2457 ;
1488 2400 1668 2446 certus
1717 2408 1836 2445 sum
1860 2401 2038 2445 autem

447 2501 469 2531 ι
506 2480 651 2552 quod
675 2480 909 2535 335
937 2488 984 2534 et
1013 2480 1063 2532 in
1088 2487 1158 2533 te.
1186 2480 1410 2549 Propter
1432 2496 1590 2551 quam
1608 2496 1825 2535 causam
1852 2481 2036 2534 admo-

447 2592 468 2616 u
506 2585 609 2623 neo
650 2577 719 2633 te,
753 2576 807 2622 ut
837 2568 1130 2621 resuscites
1162 2567 1392 2639 gratiam
1416 2568 1514 2621 Dei
1536 2585 1656 2639 qua:
1677 2570 1831 2622 estin
1854 2577 2039 2638 te,per

2062 1295 2113 1354 B
2137 1295 2431 1365 Apostolus
2462 1294 2582 1348 dico
2613 1294 2923 1349 secundum
2951 1294 3381 1366 promissionem
3412 1296 3558 1349 vita}.
3593 1294 3726 1349 Pro-

2135 1382 2302 1436 missa
2357 1392 2439 1436 est
2487 1383 2672 1452 utique
2717 1382 2826 1436 vita
2875 1383 3115 1454 legitime
3153 1383 3529 1437 certantibus:
3564 1398 3729 1453 quam

2134 1470 2558 1540 promissionem
2614 1471 2751 1524 bene
2814 1486 3033 1541 sequor,
3094 1470 3333 1542 legitime
3381 1479 3615 1525 certans.
3648 1472 3728 1525 Tu

2135 1574 2263 1612 vero
2294 1559 2563 1611 animatus
2592 1575 2823 1628 sequere
2851 1574 3063 1613 mecum
3087 1560 3519 1630 promissionem
3540 1561 3672 1613 vita:
3703 1579 3721 1614 :

2136 1661 2242 1700 non
2301 1646 2605 1715 praesentis,
2667 1646 2762 1701 sed
2821 1647 2937 1714 ejus
2984 1647 3107 1701 vitae
3149 1664 3269 1717 qua:
3298 1652 3381 1702 est
3412 1652 3474 1701 in
3508 1648 3728 1702 Christo

2137 1735 2287 1800 Jesu,
2338 1734 2391 1787 id
2430 1743 2511 1788 est
2559 1742 2795 1788 aeternae.
2848 1735 2904 1789 Si
2951 1734 3095 1788 enim
3143 1735 3382 1807 legitime
3430 1743 3724 1803 certamus,

2138 1822 2300 1876 vitam
2358 1832 2611 1877 aeternam
2662 1823 2845 1893 utique
2893 1823 3229 1877 habebimus.
3297 1824 3491 1877 Paulus
3541 1824 3729 1879 scribit

2138 1911 2253 1965 hinc
2278 1926 2290 1964 :
2331 1912 2609 1965 Timotheo
2632 1912 2961 1967 charissima
2981 1912 3100 1978 ﬁlio
3122 1931 3139 1966 :
3154 1911 3259 1964 sint
3281 1911 3373 1965 tibi
3389 1913 3596 1982 gratia,
3619 1913 3728 1966 mi-

2138 2000 2437 2053 sericordia
2453 2004 2509 2054 et
2526 2015 2644 2069 pax
2661 2017 2693 2053 a
2712 2000 2818 2056 Deo
2836 2002 3005 2054 Patre
3025 2004 3080 2054 et
3106 1999 3321 2055 Christo
3342 2002 3470 2055 Jesu
3491 2001 3727 2057 Domino

2138 2092 2348 2153 nostro,
2384 2088 2523 2142 sicut
2554 2104 2715 2157 supra
2745 2088 3109 2158 exposuimus.
3131 2088 3229 2143 Hic
3259 2088 3313 2141 in
3334 2089 3538 2157 primus
3561 2089 3722 2142 blan-

2139 2176 2284 2229 ditur
2314 2176 2363 2229 ei
2410 2176 2626 2239 Paulus,
2676 2184 2732 2229 ut
2767 2176 2845 2229 sic
2902 2176 3094 2229 melius
3142 2175 3359 2229 inducat
3407 2192 3528 2230 eum
3578 2176 3633 2230 in
3674 2177 3728 2230 id

2140 2264 2283 2333 quod
2317 2264 2545 2317 suadere
2576 2264 2761 2317 nititur
2798 2263 2985 2318 dicens
3020 2279 3031 2316 :
3068 2265 3288 2319 Gratias
3335 2282 3432 2335 ago
3480 2267 3585 2319 Deo
3632 2267 3730 2320 cui

2140 2368 2244 2423 ego
2270 2352 2446 2407 seruio
2478 2352 2700 2406 edoctus
2731 2370 2763 2405 a
2791 2353 3242 2423 progenitoribus
3272 2355 3431 2415 meis,
3462 2352 3515 2405 id
3546 2361 3623 2406 est
3656 2353 3728 2406 ab

2140 2440 2428 2504 Abraham,
2465 2441 2610 2493 Isaac
2641 2449 2693 2493 et
2740 2441 2929 2494 Jacob.
2964 2440 3059 2494 llic
3088 2440 3232 2494 enim
3264 2440 3455 2494 Paulus
3487 2441 3555 2495 de
3587 2440 3727 2495 tribu

2140 2527 2438 2595 Benjamiu.
2475 2529 2659 2584 Seruio
2689 2528 2812 2582 dico
2842 2531 2904 2582 in
2928 2545 3077 2599 pura
3098 2530 3481 2583 conscientia:
3503 2529 3557 2582 in
3580 2529 3727 2599 nullo

446 2679 473 2709 α
503 2656 901 2725 impositionem
951 2672 1207 2708 manuum
1253 2671 1517 2709 mearum.
1565 2657 1686 2709 Non
1719 2656 1862 2709 enim
1893 2656 2042 2709 dedit
2074 2642 2119 2701 Ο
2318 2626 2808 2725 ῩῩΡΫΫῘῨῨΗΫΜΜὙ
2854 2632 2984 2725 iam?
2992 2625 3195 2725 11313:;

447 2765 469 2794 α
505 2743 662 2798 nobis
694 2744 840 2796 Deus
872 2743 1115 2811 spiritum
1147 2743 1386 2807 timoris,
1421 2744 1517 2797 sed
1548 2744 1778 2810 virtutis,
1814 2752 1865 2797 et
1897 2744 2038 2797 dile-

451 2854 471 2881 ι
508 2830 789 2899 ctionis,et
814 2830 1140 2884 sobrietatis.
1170 2830 1295 2883 Noli
1330 2830 1508 2901 itaque
1544 2834 1866 2886 erubescere
1893 2831 2041 2885 testi-

450 2942 471 2970 ‹
504 2920 745 2973 monium
776 2919 990 2973 Domini
1022 2918 1224 2983 nostri,
1258 2935 1433 2989 neque
1469 2935 1557 2973 me
1604 2920 1840 2974 vinctum
1898 2920 2035 2987 ejus,

449 3030 471 3059 ι
507 3009 605 3063 sed
634 3007 903 3063 collabora
936 3006 1234 3078 Evangelio
1280 3008 1578 3061 secundum
1609 3008 1860 3061 virtutem
1890 3007 1989 3062 Dei
2023 3025 2036 3061 :

450 3116 471 3140 α
507 3092 599 3164 qui
630 3108 729 3147 nos
760 3092 1005 3145 liberavit
1035 3099 1087 3146 et
1117 3091 1331 3146 vocavit
1360 3091 1642 3146 vocatione
1677 3106 1777 3145 sua
1806 3100 1987 3146 sancta
2022 3106 2034 3144 :

449 3203 470 3227 α
505 3196 612 3235 non
644 3180 939 3235 secundum
970 3195 1139 3250 opera
1179 3188 1387 3247 nostra,
1439 3180 1537 3234 sed
1567 3180 1864 3234 secundum
1907 3196 2038 3249 pro-

448 3292 470 3316 α
507 3269 740 3339 positum
768 3285 923 3322 suum
955 3277 1003 3322 et
1050 3268 1304 3337 gratiam,
1340 3285 1461 3338 qua:
1500 3268 1624 3321 data
1666 3276 1744 3322 est
1796 3268 1953 3322 nobis
1984 3267 2039 3321 in

449 3379 471 3404 υ
505 3356 719 3411 Christo
748 3357 874 3410 Jesu
907 3364 1030 3410 ante
1072 3364 1311 3426 tempora
1355 3356 1658 3410 szecularia.
1704 3355 2039 3409 Manifestata

448 3468 469 3491 «
506 3453 588 3500 est
618 3452 794 3500 autem
826 3461 966 3499 nunc
995 3460 1092 3513 per
1134 3444 1578 3498 illuminationem
1610 3444 1906 3499 Salvatoris
1934 3460 2037 3499 no-

449 3556 469 3580 α
508 3533 603 3588 stri
655 3534 784 3588 Jesu
845 3532 1062 3599 Christi,
1116 3532 1205 3602 qui
1237 3532 1502 3586 destruxit
1532 3531 1752 3602 quidem
1783 3538 2035 3597 mortem,

449 3644 471 3672 ι
504 3622 827 3676 illuminavit
872 3629 1049 3675 autem
1096 3620 1257 3674 vitam
1319 3628 1372 3674 et
1427 3620 1888 3688 incorruptionem
1944 3635 2042 3688 per

450 3730 467 3761 ι
506 3709 865 3780 Evangelium
895 3726 907 3761 :
942 3708 993 3761 in
1020 3725 1126 3778 quo
1157 3707 1365 3776 positus
1404 3723 1524 3760 sum
1555 3723 1659 3776 ego
1688 3706 2035 3776 praedicator,

448 3820 469 3844 «ι
508 3806 561 3851 et
589 3796 887 3867 apostolus,
923 3804 974 3849 et
1003 3794 1269 3866 magister
1300 3794 1561 3865 gentium.
1597 3794 1679 3848 Ob
1712 3810 1872 3864 quam
1904 3809 2038 3848 cau-

450 3907 471 3931 «
511 3901 626 3938 sam
656 3884 815 3938 etiam
865 3884 981 3936 haec
1024 3882 1220 3951 patior,
1265 3883 1362 3935 sed
1409 3897 1517 3935 non
1548 3880 1870 3935 confundor.
1914 3881 2039 3936 Scio

451 3996 472 4018 «ι
510 3971 654 4027 enim
685 3970 770 4025 cui
802 3969 1024 4035 credidi,
1060 3977 1111 4023 et
1153 3977 1334 4023 certus
1380 3985 1496 4021 sum
1547 3968 1669 4039 quia
1717 3978 1909 4039 potens
1956 3976 2109 4049 estD

451 4083 472 4106 α
509 4058 813 4129 depositum
838 4073 1017 4111 meum
1049 4072 1265 4111 servare
1300 4057 1353 4109 in
1404 4056 1553 4111 illum
1585 4057 1751 4110 diem.
1786 4057 2032 4111 Formam

452 4171 472 4194 «
510 4148 647 4201 habe
678 4144 926 4219 [habens]
964 4160 1222 4199 sanorum
1245 4145 1534 4199 verborum
1577 4161 1696 4216 quae
1728 4161 1757 4197 a
1786 4161 1872 4199 me
1930 4161 2032 4198 au-

452 4257 473 4287 c
510 4235 636 4290 disti
664 4235 719 4289 in
749 4232 853 4288 ﬁde
886 4242 938 4287 et
993 4232 1046 4286 in
1075 4233 1364 4287 dilectione
1412 4234 1465 4286 in
1497 4232 1708 4287 Christo
1738 4233 1888 4287 Jesu.
1921 4234 2030 4287 Bo-

452 4346 475 4375 ι
511 4340 639 4377 num
692 4321 997 4391 depositum
1043 4321 1274 4380 custodi.
1326 4336 1422 4391 per
1478 4320 1734 4391 Spiritum
1793 4329 2035 4375 sanctum

457 4436 479 4458 ι
510 4411 600 4482 qui
631 4410 833 4464 habitat
863 4409 947 4471 in.
973 4409 1147 4464 nobis.
1182 4409 1288 4463 Sed
1322 4409 1463 4463 enim
1512 4410 1634 4475 hoc,
1684 4410 1829 4480 quod
1858 4408 2037 4463 aversi

456 4520 477 4549 ι
515 4506 638 4552 sunt
668 4513 700 4551 a
728 4513 815 4551 me
843 4512 1033 4551 omnes
1060 4498 1151 4567 qui
1185 4500 1239 4551 in
1286 4497 1411 4551 Asia
1460 4506 1601 4565 sunt,
1637 4514 1701 4551 ex
1734 4497 1930 4567 quibus
1960 4504 2042 4550 cst

459 4607 480 4637 ι
516 4586 754 4640 Philetus
782 4592 835 4638 et
864 4585 1261 4655 Hormogenes.
1316 4586 1416 4639 Det
1463 4584 1890 4639 misericordiam
1924 4585 2038 4637 Do-

458 4697 479 4721 «
515 4675 694 4728 minus
724 4672 1052 4743 Onesiphori
1083 4673 1264 4728 domui
1301 4688 1312 4725 :
1343 4673 1466 4743 quia
1498 4688 1643 4742 srepe
1671 4688 1757 4726 me
1809 4671 2043 4742 refrige-

461 4786 483 4810 α
520 4762 677 4823 ravit,
708 4769 762 4816 et
816 4769 1062 4815 catenam
1115 4777 1294 4815 meam
1343 4776 1451 4815 non
1500 4760 1712 4814 erubuit
1746 4776 1758 4814 :
1794 4760 1890 4813 sed
1919 4775 2045 4814 cum

461 4875 482 4899 α
518 4852 741 4907 Romam
789 4849 1047 4914 venisset,
1090 4848 1320 4905 sollicite
1366 4865 1453 4903 me
1502 4848 1767 4919 quazsivit,
1802 4855 1854 4901 et
1884 4847 2043 4902 inve-

465 4960 487 4988 ι
522 4939 618 4991 nit.
668 4940 771 4992 Det
811 4936 887 4989 illi
935 4936 1198 4990 Dominus
1244 4936 1489 4990 invenire
1536 4935 1969 4990 misericordiam
2016 4951 2048 4988 a

468 5047 490 5072 α
526 5025 757 5079 Domino
786 5023 840 5077 in
871 5023 959 5077 illa
989 5024 1077 5077 die
1112 5038 1125 5076 :
1159 5032 1209 5077 et
1254 5032 1455 5094 quanta
1497 5023 1702 5094 Ephesi
1729 5022 2049 5078 ministravit

467 5136 488 5159 α
526 5112 675 5178 mihi,
711 5119 765 5165 tu
793 5110 985 5165 melius
1014 5111 1205 5166 nostri.
1246 5134 1268 5158 η

1109 5301 1421 5341 EXPOSITIO.

539 5431 775 5495 Paulus,
807 5436 913 5484 etc.
944 5428 1160 5484 Paulus
1187 5428 1472 5499 apostolus
1496 5426 1707 5483 Christi
1730 5442 1829 5484 esu
1848 5444 1951 5501 per
1970 5444 2057 5485 vo-

473 5520 755 5577 luntatem
782 5519 901 5585 Dei,
955 5515 1092 5573 sicut
1138 5515 1192 5572 in
1232 5516 1559 5588 praecedenti
1603 5516 1907 5590 expositum
1950 5525 2054 5573 est.

2142 2705 2281 2758 habe
2312 2704 2716 2769 conscientiam,
2752 2712 2803 2758 et
2851 2704 2929 2760 sic
2960 2720 3179 2759 servare
3230 2705 3433 2774 poteris
3463 2706 3726 2759 commis-

2140 2808 2257 2845 sam
2288 2792 2383 2845 tibi
2412 2793 2660 2861 gratiam.
2714 2794 2791 2846 De
2822 2794 2926 2848 hoc
2955 2793 3135 2863 utique
3162 2796 3379 2863 gratias
3409 2795 3528 2864 a'go,
3580 2793 3727 2864 quod

2141 2881 2370 2935 habeam
2399 2882 2729 2935 memoriam
2748 2882 2833 2935 tui
2852 2883 2978 2936 sine
2998 2882 3418 2938 intermissione
3438 2883 3498 2936 in
3520 2882 3727 2936 oratio-

2140 2968 2305 3023 nibus
2334 2970 2493 3033 meis,
2530 2968 2583 3023 id
2616 2978 2716 3038 est,
2742 2970 2866 3040 quia
2881 2971 3026 3023 Deus
3045 2978 3094 3024 te
3109 2970 3270 3024 talem
3291 2970 3435 3036 fecit,
3464 2970 3617 3038 cujus
3638 2986 3728 3025 me

2138 3056 2267 3111 velit
2297 3065 2348 3111 et
2378 3057 2602 3129 dignum
2625 3058 2693 3111 sit
2726 3074 2945 3127 semper
2966 3074 3088 3113 esse
3110 3074 3406 3113 memorem
3440 3076 3453 3111 :
3486 3059 3558 3113 ita
3580 3058 3728 3129 quod

2140 3160 2241 3201 nec
2272 3146 2441 3200 semel
2471 3162 2627 3200 orare
2654 3162 2876 3216 possum
2908 3146 3023 3200 sine
3054 3146 3129 3200 tui
3160 3146 3440 3211 memoria,
3466 3151 3630 3203 nocte
3660 3164 3726 3202 ac

2139 3234 2246 3297 die,
2280 3233 2335 3287 id
2365 3241 2446 3287 est
2475 3233 2747 3298 continue,
2783 3234 3111 3289 desiderans
3138 3236 3322 3290 videre
3344 3234 3489 3290 te.Si
3510 3235 3656 3289 enim
3673 3242 3726 3289 te

2138 3322 2402 3387 viderem,
2435 3338 2543 3377 non
2572 3322 2757 3393 utique
2788 3339 2873 3377 me
2914 3332 3184 3393 praesente
3214 3323 3537 3378 formidares
3565 3340 3720 3378 mor-

2138 3416 2266 3463 tem.
2290 3410 2411 3479 Ego
2432 3410 2555 3465 dico
2570 3426 2784 3465 memor
2807 3414 3038 3466 tuarum
3062 3413 3463 3483 lacrymarum,
3488 3427 3627 3482 quas
3648 3411 3728 3466 ef-

2137 3496 2319 3550 fudisti
2354 3497 2510 3568 :quia
2544 3497 2597 3551 in
2628 3514 2763 3567 pace
2785 3508 2836 3553 te
2857 3499 3185 3554 dimitterem
3214 3499 3727 3571 Ephesi,volentem

2137 3601 2350 3639 mecum
2382 3586 2612 3639 transire
2643 3594 2695 3639 et
2725 3587 2992 3641 sustinere
3014 3588 3229 3643 vincula
3255 3596 3309 3643 et
3336 3597 3557 3644 mortes.
3593 3590 3729 3644 Vide

2136 3681 2195 3726 ut
2224 3672 2360 3728 sicut
2390 3690 2479 3727 me
2508 3682 2793 3743 praesente,
2827 3675 2906 3730 sic
2933 3676 3117 3741 modo,
3162 3675 3279 3730 visa
3329 3676 3555 3746 epistola
3584 3693 3725 3745 mea,

2138 3760 2278 3815 ultro
2332 3769 2385 3815 te
2439 3761 2654 3833 ingeras
2710 3763 3057 3832 passionibus
3086 3772 3139 3819 et
3169 3764 3347 3818 morti.
3385 3765 3510 3819 ldeo
3540 3765 3727 3836 utique

2140 3852 2194 3903 te
2224 3850 2406 3904 videre
2434 3850 2707 3918 desidero,
2743 3854 3067 3923 utimplear
3091 3852 3313 3924 gaudio.
3346 3852 3402 3907 Si
3416 3852 3558 3907 enim
3581 3870 3725 3923 prae-

2138 3952 2264 3990 sens
2319 3953 2517 4001 essem,
2579 3947 2809 3994 mortem
2859 3942 3043 4011 utique
3096 3956 3204 3995 non
3255 3940 3577 3996 formidares
3612 3957 3625 3995 :
3658 3942 3728 3997 de

2144 4040 2251 4095 quo
2281 4024 2569 4094 plurimum
2600 4027 2919 4098 gauderem.
2944 4028 3236 4100 Accipiens
3269 4030 3427 4083 etiam
3457 4030 3727 4085 recorda-

2148 4114 2358 4168 tionem
2385 4116 2505 4185 ejus
2525 4115 2656 4182 ﬁdei
2683 4132 2804 4187 qua:
2825 4120 2908 4170 est
2940 4118 2997 4170 in
3034 4121 3087 4171 te
3117 4134 3232 4171 non
3260 4117 3414 4185 ﬁcta,
3437 4117 3491 4171 id
3514 4127 3597 4172 est
3617 4134 3727 4173 non

2144 4200 2439 4267 inventitia,
2500 4202 2583 4257 vel
2641 4219 2749 4257 non
2809 4203 3203 4277 fragiliszquw
3258 4204 3393 4259 fides
3451 4204 3729 4262 habitavit

2145 4293 2200 4343 et
2210 4290 2336 4359 jam
2356 4292 2605 4360 primum
2627 4292 2688 4345 in
2702 4293 2826 4346 avia
2850 4296 2948 4347 tua
2969 4294 3216 4359 Loide,et
3230 4294 3289 4347 in
3310 4298 3492 4348 matre
3510 4298 3611 4348 tua
3630 4296 3735 4349 Eu-

2144 4379 2288 4433 nice.
2323 4376 2460 4444 Quia
2490 4378 2535 4431 si
2564 4378 2618 4431 in
2648 4380 3106 4451 progenitricibus
3137 4380 3241 4434 tuis
3270 4388 3322 4435 et
3378 4381 3430 4435 in
3478 4380 3732 4437 muliebri

2141 4481 2272 4518 sexu
2301 4466 2609 4535 exemplum
2639 4466 2806 4522 habes
2846 4468 2997 4535 fidei,
3035 4468 3193 4539 quasi
3230 4469 3341 4537 jam
3372 4468 3632 4523 naturalis
3664 4470 3734 4523 sit

2140 4552 2255 4618 tibi,
2292 4553 2459 4607 debes
2482 4554 2661 4623 utique
2690 4570 2790 4624 per
2818 4556 2923 4611 hoc
2952 4556 3239 4625 plurimum
3269 4555 3484 4612 fervere
3512 4557 3567 4611 in
3598 4556 3729 4612 fide.

2142 4641 2205 4694 In
2226 4644 2411 4695 matre
2441 4645 2495 4694 et
2524 4643 2584 4695 in
2614 4644 2741 4697 avia
2755 4647 2856 4697 tua
2876 4642 3012 4697 fides
3033 4643 3148 4698 fuit.
3176 4644 3372 4701 Certus
3389 4650 3580 4700 autem
3602 4662 3732 4701 sum

2143 4729 2283 4800 quod
2314 4730 2488 4783 etiam
2525 4731 2588 4784 in
2638 4734 2693 4785 te
2748 4731 2950 4786 habitat
2996 4731 3133 4786 fides
3168 4733 3307 4787 :sed
3352 4734 3555 4787 utinam
3614 4732 3731 4787 fer-

2144 4825 2293 4872 veret
2316 4816 2327 4871 Ι

2216 4907 2451 4977 Pr0pter
2478 4921 2640 4978 quam
2661 4923 2909 4973 causam,
2944 4908 3071 4980 quia
3090 4914 3143 4963 et
3168 4906 3332 4963 fidem
3355 4916 3406 4963 et
3427 4908 3734 4980 exemplum

2149 4990 2294 5057 fidei,
2330 4993 2484 5063 quasi
2516 4994 2763 5049 naturale
2805 4995 2859 5065 in
2892 5004 2945 5051 te
2975 4996 3155 5063 video,
3216 4998 3486 5053 admoneo
3541 5002 3615 5063 te,
3664 5002 3735 5053 ut

2146 5082 2393 5151 gratiam
2405 5082 2504 5136 Dei
2517 5099 2638 5153 qua
2650 5088 2733 5139 est
2746 5087 2809 5139 in
2826 5088 2880 5140 te
2896 5102 3000 5157 per
3019 5086 3438 5157 impositionem
3460 5102 3740 5141 manuum

2150 5184 2407 5224 mearum
2439 5170 2584 5239 (cum
2615 5170 2760 5225 enim
2800 5180 2851 5227 te
2879 5188 3259 5228 consecrarem
3291 5173 3611 5243 episcopum
3640 5189 3739 5243 per

2152 5255 2552 5326 impositionem
2589 5274 2846 5314 manuum
2892 5276 3159 5329 mearum,
3221 5260 3452 5333 gratiam
3510 5260 3741 5330 Spiritus

2154 5344 2323 5400 sancti
2352 5345 2636 5415 accepisti)
2663 5364 2676 5411 ;
2709 5347 2832 5402 volo
2861 5348 3047 5418 utique
3078 5357 3137 5403 ut
3179 5348 3329 5403 illam
3366 5350 3616 5420 gratiam
3642 5348 3744 5402 ali-

2156 5432 2469 5503 quantulum
2498 5432 2554 5486 in
2581 5440 2634 5488 te
2662 5434 2891 5505 sopitam
2920 5438 3243 5502 resuscites,
3268 5435 3324 5490 id
3360 5442 3444 5491 est
3468 5434 3696 5507 evigiles
3722 5451 3737 5491 :

2155 5526 2208 5573 et
2236 5527 2497 5577 aestuante
2524 5519 2620 5577 illa
2645 5522 2815 5595 gratia
2842 5521 2897 5577 in
2927 5529 2996 5591 te,
3011 5523 3257 5595 gaudeas
3271 5522 3384 5595 pati
3403 5531 3458 5579 et
3487 5522 3627 5579 mori
3646 5538 3750 5595 pro
