3966 6050
250 195 347 248 461

860 194 1241 252 EXPOSITIO
1280 195 1353 251 IN
1389 195 1769 253 EPISTOLAS
1808 196 1846 251 P

1953 196 2031 250 LI.
2062 226 2131 236 ——
2158 197 2231 252 ΙΝ
2268 197 2488 253 EPIST.
2530 200 2577 253 II
2615 199 2709 253 AD
2748 198 2890 254 ΤΙΜ.

3444 204 3548 259 462

261 317 502 373 336
525 318 744 373 nomine
765 318 981 374 Christi.
1002 321 1211 376 Memor
1239 321 1383 377 illius
1404 340 1416 376 :
1437 322 1561 393 quia
1590 323 1734 377 Deus
1763 322 1853 377 de-
1876 321 1926 381 A
1955 321 2045 391 plo
2091 322 2234 376 illius
2281 322 2491 378 custodi
2560 324 2865 394 depositum
2892 367 2903 391 ,
2956 324 3010 379 id
3057 333 3139 379 est
3187 325 3550 395 episcopalem

254 407 339 461 dit
358 408 513 462 nobis
543 406 803 478 Spiritum
831 416 1079 465 sanctum
1112 429 1125 464 :
1159 427 1275 466 non
1311 413 1577 481 spiritum
1631 412 1852 466 timoris

252 495 349 550 sed
372 497 623 560 virtutis,
656 497 711 551 id
755 506 837 552 est
884 499 1200 554 constantiae
1235 518 1247 553 :
1280 508 1338 554 ut
1377 500 1617 555 virtuose
1649 500 1851 554 tolere-

253 599 437 639 remus
484 584 705 649 omnia;
757 593 809 640 et
859 586 1105 656 spiritum
1152 588 1473 644 dilectionis
1524 589 1641 643 Dei.
1695 588 1855 643 Dedit

254 672 415 726 etiam
446 672 692 742 spiritum
721 674 1059 741 sobrietatis,
1081 675 1134 729 id
1157 684 1238 730 est
1268 676 1662 746 temperantia).
1702 678 1855 730 Tem-

251 760 497 830 perantia
525 762 668 815 enim
701 763 868 817 nutrit
899 763 1262 829 dilectionem,
1298 764 1516 820 dilectio
1550 764 1802 819 virtutem
1836 782 1849 817 :

248 848 341 902 ubi
373 849 516 903 enim
546 849 785 916 dilectio,
816 851 891 904 ibi
919 850 1161 921 profecto
1211 868 1318 907 non
1366 862 1448 907 est
1502 852 1681 907 timor.
1717 854 1852 907 Per-

247 935 385 992 fecta
415 938 558 992 enim
585 938 825 994 charitas
855 938 997 994 foras
1050 940 1209 994 mittit
1252 941 1521 995 timorem.
1557 940 1690 996 Vide
1720 956 1852 1012 ergo

249 1032 326 1093 ut,
362 1026 499 1081 sicut
528 1026 711 1082 socius
739 1027 871 1081 mihi
895 1026 1042 1082 fuisti
1089 1028 1422 1098 suscipiendi
1473 1028 1697 1101 gratiam
1726 1029 1852 1099 Spi-

250 1113 389 1167 ritus
437 1114 643 1181 sancti,
679 1116 756 1170 sic
820 1116 1057 1171 imitator
1104 1116 1179 1171 sis
1226 1117 1540 1186 passionum
1584 1133 1849 1171 mearum.

250 1201 319 1255 Et
350 1202 793 1274 quandoquidem
837 1205 1106 1275 spiritum
1148 1206 1384 1260 virtutis
1441 1209 1497 1260 et
1533 1206 1854 1261 dilectionis

246 1304 464 1345 mecum
481 1291 738 1361 accepisti
760 1307 771 1344 :
797 1292 975 1363 itaque
987 1294 1108 1348 noli
1118 1294 1439 1349 erubescere
1459 1294 1853 1349 testimonium

248 1378 476 1433 Domini
504 1380 687 1434 nostri
713 1382 845 1435 Jcsu
888 1381 1116 1435 Christi.
1171 1379 1312 1448 Quia
1360 1380 1405 1434 si
1451 1382 1854 1451 improperatur

246 1466 345 1519 tibi
375 1467 519 1537 quod
570 1466 888 1523 crucifixum
945 1469 1160 1533 adores,
1212 1467 1472 1523 conﬁtere
1515 1469 1676 1539 plane
1724 1468 1852 1540 quia

249 1554 330 1609 sic
361 1555 580 1610 adoras.
612 1557 795 1628 Neque
816 1556 977 1611 etiam
1000 1558 1292 1612 erubescas
1313 1574 1403 1613 me
1427 1559 1685 1613 vinctum
1706 1559 1846 1626 ejus.

1953 410 2186 482 gratiam
2217 412 2310 466 tibi
2340 413 2705 467 commissam.
2762 414 2874 468 Hoc
2903 414 3045 467 enim
3095 413 3410 484 depositum
3454 414 3551 468 bo-

1953 516 2101 565 num,
2135 499 2188 553 id
2221 509 2303 555 est
2332 500 2477 566 utile,
2512 510 2615 570 est,
2649 502 2695 556 si
2727 502 3079 556 custodiatur.
3112 502 3303 572 Neque
3332 502 3435 557 hoc
3464 503 3549 558 vi-

1954 587 2105 641 ribus
2136 588 2241 642 tuis
2264 590 2536 644 custodire
2570 599 2619 644 te
2650 606 2808 659 posse
2852 591 3111 660 opineris,
3173 592 3270 645 sed
3327 608 3422 661 per
3450 607 3551 647 co—

1954 677 2296 744 adjuvantem
2329 678 2588 747 Spiritum
2637 687 2885 733 sanctum
2921 680 3013 750 qui
3044 679 3250 733 habitat
3279 680 3331 732 in
3370 680 3548 734 nobis.

1954 766 2131 835 thue
2158 765 2464 835 depositum
2490 767 2630 821 bene
2660 767 2953 831 custodias,
3001 772 3119 823 esto
3170 768 3376 823 habens
3425 771 3550 838 for-

1953 869 2104 908 mam
2135 870 2405 910 sanorum
2438 857 2745 921 verborum,
2782 873 2958 927 quam
2985 872 3073 911 me
3104 857 3339 922 audisti,
3382 856 3437 910 id
3469 864 3552 911 est

1954 941 2093 995 adeo
2122 958 2380 1011 expresse
2430 942 2774 998 conformare
2832 944 2984 1008 mihi,
3038 952 3095 997 ut
3144 943 3380 998 videaris
3428 959 3551 998 esse

1955 1029 2175 1084 Paulus.
2211 1031 2463 1085 Formam
2493 1048 2667 1086 meam
2699 1032 2890 1102 utique
2925 1032 3062 1086 habe
3092 1033 3155 1086 in
3183 1032 3290 1100 ﬁde
3321 1047 3553 1087 conser-

1954 1118 2130 1172 vanda
2153 1123 2207 1173 et
2240 1120 2301 1174 in
2334 1120 2636 1175 dilectione
2665 1120 2918 1174 habenda
2953 1135 2965 1174 :
3000 1137 3121 1191 quas
3165 1120 3300 1175 fides
3329 1127 3381 1175 et
3410 1120 3551 1175 dile-

1956 1206 2062 1261 ctio
2094 1215 2218 1260 sunt
2249 1208 2310 1261 in
2348 1208 2563 1263 Christo
2596 1210 2745 1264 Iesu.
2780 1208 3075 1263 Plurimum
3117 1217 3294 1263 autem
3326 1224 3553 1264 necesse

1955 1301 2037 1348 est
2065 1302 2123 1347 ut
2152 1302 2210 1348 tu
2266 1296 2580 1366 depositum
2603 1296 2885 1351 custodias
2917 1317 2933 1351 :
2966 1313 3025 1353 eo
3048 1298 3193 1367 quod
3210 1298 3386 1353 eversi
3415 1300 3553 1352 sunt

1953 1399 1987 1436 a
2017 1399 2106 1437 me
2128 1399 2321 1439 omnes
2349 1383 2622 1453 discipuli,
2656 1386 2768 1455 qui,
2802 1401 2889 1439 me
2911 1384 3119 1451 relicto,
3144 1391 3280 1440 sunt
3299 1388 3359 1441 in
3381 1386 3512 1440 Asia
3535 1404 3554 1441 :

1953 1478 2003 1524 et
2035 1471 2139 1526 hoc
2168 1471 2312 1526 idem
2342 1479 2397 1525 tu
2430 1472 2570 1526 bene
2598 1473 2707 1527 scis
2742 1492 2761 1527 :
2783 1489 2857 1528 ea:
2878 1472 3073 1545 quibus
3104 1478 3187 1529 est
3214 1474 3470 1529 Philetas
3497 1477 3555 1529 et

1952 1556 2337 1626 Hermogenes.

248 1641 392 1710 Quia
421 1643 466 1697 si
497 1644 618 1714 quis
646 1645 843 1698 iterum
864 1645 1197 1715 improperat
1230 1663 1241 1699 :
1276 1647 1418 1701 Ecce
1438 1645 1701 1717 magister
1729 1653 1849 1699 tuus
1877 1673 1930 1732 Β
2026 1644 2137 1697 Hos
2166 1643 2288 1698 ideo
2319 1643 2647 1698 determinat
2677 1644 2779 1697 sibi
2828 1661 2891 1699 ex
2939 1644 3178 1713 nomine,
3212 1661 3279 1699 ne
3327 1645 3372 1707 si
3404 1644 3555 1701 veni-

245 1730 304 1783 in
338 1730 586 1807 Avinculis
638 1732 923 1787 damnatus
979 1741 1099 1801 est;
1133 1749 1200 1788 ne
1250 1733 1374 1788 ideo
1428 1733 1847 1798 verecunderis,

246 1835 345 1873 sea
367 1820 957 1892 collaboraEvangelio
980 1829 1032 1876 et
1047 1821 1286 1892 praedica
1307 1838 1517 1877 mecum
1540 1823 1852 1878 secundum

246 1908 521 1963 virtutem
549 1909 665 1976 Dei,
702 1909 756 1963 id
786 1919 887 1976 est,
908 1911 1188 1981 sequendo
1210 1910 1571 1966 constantiam
1596 1926 1758 1980 quam
1779 1909 1855 1963 di-

247 1993 409 2051 lectio
438 1996 538 2050 Dei
565 1998 733 2051 nutrit
766 2015 779 2052 :
813 1999 910 2069 qui
938 2000 1085 2053 Deus
1111 1999 1371 2054 liberavit
1396 2015 1497 2054 nos
1527 2014 1560 2052 a
1584 1998 1717 2069 jugo
1741 1998 1859 2052 dia-

248 2083 379 2147 boli,
410 2088 465 2139 et
497 2087 713 2141 vocavit
743 2102 845 2140 nos
876 2089 1166 2142 vocatione
1191 2103 1295 2141 sua
1324 2090 1545 2154 sancta,
1585 2086 1640 2139 id
1669 2094 1751 2139 est
1781 2086 1851 2140 ad

245 2172 350 2227 hoc
380 2181 435 2226 ut
463 2189 710 2228 essemus
742 2174 934 2229 sancti.
984 2176 1052 2228 Et
1079 2175 1150 2229 ad
1196 2176 1337 2229 hanc
1367 2175 1709 2229 sanctitatem
1741 2189 1850 2227 non

242 2262 459 2315 vocavit
470 2276 570 2316 nos
590 2262 786 2317 merito
806 2277 1035 2332 operum
1057 2270 1387 2327 nostrorum,
1415 2262 1512 2317 sed
1532 2262 1845 2318 secundum

242 2350 593 2421 propositum
612 2367 797 2417 suum,
823 2351 876 2405 id
892 2358 973 2405 est
993 2351 1302 2406 secundum
1318 2350 1517 2420 provisi
1525 2366 1684 2404 onem
1698 2365 1849 2404 suam

247 2452 354 2508 qua
384 2452 483 2492 nos
504 2438 934 2494 misericorditer
954 2438 1201 2509 praevidit
1222 2439 1449 2493 idoneos
1472 2438 1575 2492 sibi
1599 2438 1807 2492 futuros
1832 2455 1845 2492 :

247 2533 305 2579 et
332 2524 471 2581 sicut
508 2526 735 2591 vocatio,
773 2526 849 2581 sic
876 2542 977 2581 nec
1024 2526 1264 2597 provisio
1308 2526 1401 2581 fuit
1431 2543 1495 2580 ex
1526 2526 1707 2597 aliquo
1737 2542 1849 2580 me-

247 2613 373 2677 rito,
407 2614 504 2669 sed
534 2615 831 2670 secundum
877 2616 1144 2686 gratiam,
1179 2632 1299 2687 qua:
1342 2615 1475 2670 data
1523 2618 1629 2683 est,
1681 2614 1734 2668 id
1767 2622 1849 2668 est

247 2719 372 2773 quae
402 2704 762 2772 prmordinata
792 2711 873 2758 est
902 2704 1058 2759 nobis
1088 2703 1205 2757 dari
1226 2704 1287 2758 in
1313 2702 1529 2759 Christo
1550 2705 1676 2758 Jesu
1710 2706 1847 2757 ante

248 2794 504 2860 tempora
532 2793 851 2857 saecularia,
887 2791 942 2845 id
974 2799 1055 2846 est
1082 2792 1149 2845 ab
1181 2799 1386 2846 mterno
1407 2798 1533 2845 ante
1564 2792 1681 2845 haec
1711 2799 1845 2844 tem-

245 2892 385 2949 pora
415 2887 619 2945 nostra,
656 2896 775 2951 quae
806 2879 1094 2935 volvuntur
1140 2896 1241 2950 per
1287 2879 1486 2934 saecula
1533 2878 1676 2933 Olim
1716 2894 1845 2948 pro-

242 2967 415 3022 missa
444 2967 541 3022 fuit
570 2970 687 3025 hazc
735 2968 912 3041 gratia
962 2968 1078 3022 dari
1124 2967 1304 3022 nobis.
1357 2969 1517 3023 Nunc
1564 2974 1746 3022 autem
1790 2967 1845 3020 in

254 3063 501 3127 tempore
524 3057 723 3112 Christi
742 3059 1138 3127 manifestata,
1171 3056 1227 3110 id
1256 3064 1339 3111 est
1364 3056 1587 3125 impleta
1620 3063 1719 3120 est,
1752 3055 1853 3110 sic—

242 3151 303 3198 ut
326 3145 596 3213 promissa
612 3144 785 3200 fuerat
800 3145 1402 3217 perilluminationem
1424 3144 1732 3198 Saluatoris
1752 3159 1852 3198 no-

243 3234 356 3287 stri
383 3235 513 3288 Jesu
547 3234 775 3299 Christi,
800 3233 853 3287 id
885 3241 965 3287 est
996 3249 1095 3304 per
1146 3232 1414 3287 Christum
1443 3231 1498 3285 in
1527 3230 1728 3286 lumine
1758 3246 1848 3286 co-

200 3314 207 3319 ’
241 3320 502 3392 gnitionis
528 3330 728 3377 nostra;
752 3321 989 3392 positum
1018 3337 1118 3393 per
1138 3328 1476 3391 assumptam
1507 3319 1611 3373 sibi
1644 3321 1845 3373 huma-

243 3408 494 3464 nitatem.

316 3498 399 3553 Ad
430 3498 575 3569 quod
601 3497 735 3554 forte
765 3498 973 3555 diceret
1003 3498 1316 3554 Timotheus
1350 3514 1362 3551 ε
1387 3496 1527 3551 Nolo
1555 3494 1716 3561 mori,
1751 3494 1849 3549 sed

242 3602 468 3641 manere
497 3588 554 3641 in
594 3588 697 3642 hac
742 3586 1154 3643 illuminatione.
1206 3588 1400 3642 Contra
1448 3586 1553 3639 hoc
1601 3583 1844 3638 Paulus:

240 3676 325 3730 Ne
370 3676 559 3735 timeas
603 3676 775 3742 mori;
826 3676 952 3747 quia
1000 3675 1247 3730 Christus
1294 3673 1580 3729 moriendo
1629 3672 1847 3743 quidem

244 3763 535 3819 destruxit
562 3769 823 3830 mortem,
857 3772 910 3819 et
931 3764 1094 3819 etiam
1125 3765 1400 3819 destructa
1430 3769 1605 3816 morte
1626 3762 1848 3816 illumi-

246 3856 431 3918 navit,
464 3853 519 3907 id
550 3860 632 3907 est
661 3853 925 3908 revelavit
955 3860 1006 3907 et
1034 3852 1313 3924 cognitam
1361 3849 1505 3915 fecit,
1540 3852 1715 3905 vitam
1738 3864 1847 3903 non

254 3940 642 4006 transitoriam,
678 3942 776 3996 sed
808 3941 1311 4013 incorruptionem,
1356 3939 1409 3993 id
1441 3946 1522 3993 est
1569 3938 1737 3993 vitam
1766 3937 1848 3990 in-

245 4029 671 4099 corruptibilem,
724 4029 779 4082 in
826 4044 935 4099 qua
998 4028 1365 4099 impassibiles
1414 4036 1467 4081 et
1509 4025 1847 4080 immortales

246 4117 466 4172 erimus.
499 4118 854 4173 Illuminavit
872 4117 993 4172 dico
1019 4133 1121 4189 per
1149 4116 1515 4185 Evangelium
1547 4131 1703 4168 suum
1740 4128 1751 4167 :
1783 4114 1847 4168 in

245 4223 348 4277 quo
368 4206 667 4277 Evangelio
678 4205 1025 4276 praedicando
1048 4222 1145 4275 ego
1152 4206 1373 4276 positus
1394 4219 1423 4256 a
1446 4204 1561 4257 Deo
1572 4202 1850 4274 prwdica-

251 4298 355 4361 tor,
377 4298 435 4349 et
457 4294 766 4365 apostolus,
790 4294 1133 4364 etmagister
1152 4294 1407 4364 gentium
1428 4310 1446 4345 :
1470 4306 1632 4361 quem
1653 4306 1751 4360 pro
1770 4296 1849 4344 tot

1955 1739 2075 1785 rent
2104 1732 2174 1786 ad
2206 1747 2348 1798 eum,
2382 1740 2579 1801 putans
2612 1733 2789 1788 adhuc
2821 1749 2914 1788 eos
2936 1728 3145 1800 fideles,
3178 1733 3392 1788 facilius
3421 1749 3557 1804 pos-

1955 1827 2073 1873 sent
2101 1820 2331 1875 suadere
2362 1819 2486 1890 ipsi,
2539 1829 2591 1875 et
2639 1822 2792 1891 quasi
2840 1838 2905 1875 ex
2952 1829 3100 1891 parte
3149 1822 3299 1876 Pauli
3347 1822 3551 1877 fallere.

1952 1907 2204 1977 Ephesus
2240 1908 2384 1963 enim
2416 1908 2470 1961 in
2498 1909 2629 1962 Asia
2659 1916 2794 1963 erat.
2820 1908 2885 1963 Hi
2905 1909 3083 1964 aversi
3106 1917 3227 1963 sunt
3257 1925 3289 1963 a
3318 1925 3423 1975 me,
3460 1910 3557 1965 sed

1959 1994 2345 2066 Onesiphorus
2374 1997 2673 2067 permansit
2708 2012 2719 2051 :
2755 2005 2808 2052 et
2852 1998 2976 2052 ideo
3024 1999 3117 2052 det
3148 1999 3419 2052 Dominus
3448 2012 3559 2052 non

1954 2082 2074 2148 soli,
2130 2084 2227 2138 sed
2270 2085 2430 2139 etiam
2460 2085 2650 2140 domui
2706 2085 3038 2156 Onesiphori
3087 2085 3552 2151 misericordiam,

1952 2171 2007 2225 id
2085 2179 2167 2226 est
2254 2172 2659 2227 retributionem
2724 2172 3111 2227 misericordiae
3186 2188 3347 2243 quam
3427 2172 3559 2225 mihi

1958 2259 2193 2314 33'?“
2225 2259 2350 2315 fecit
2386 2278 2398 2313 :
2432 2262 2564 2332 quia
2595 2276 2740 2331 sirpe
2774 2262 3131 2331 refrigeravit
3153 2277 3263 2325 me,
3289 2268 3342 2315 et
3369 2259 3427 2314 in
3451 2259 3557 2315 ﬁde

1951 2347 2306 2414 consolando,
2345 2356 2399 2402 et
2432 2349 2745 2403 necessaria
2777 2348 3133 2403 ministrando
3166 2367 3179 2403 :
3211 2353 3266 2404 et
3281 2364 3396 2404 non
3425 2364 3560 2405 eru-

1954 2436 2074 2491 buit
2111 2441 2377 2492 catenam
2406 2453 2611 2492 meam.
2652 2438 2782 2492 Vide
2821 2454 2889 2492 ne
2920 2445 2971 2491 et
2997 2445 3054 2491 tu
3084 2437 3381 2493 erubescas
3412 2455 3425 2490 :
3461 2436 3560 2492 sed

1951 2524 2331 2595 amplecteris.
2368 2526 2491 2579 Non
2518 2526 2705 2595 utique
2736 2526 2950 2580 erubuit
2983 2543 2997 2579 :
3030 2526 3125 2581 sed
3155 2543 3285 2581 cum
3314 2526 3558 2581 venisset

1952 2615 2202 2677 Romam,
2226 2614 2476 2668 sollicite
2496 2615 2755 2685 quwsivit
2781 2630 2890 2681 me,
2915 2617 2973 2669 et
3000 2614 3285 2685 quaesitum
3313 2615 3553 2669 invenit.

1949 2701 2017 2755 Et
2047 2701 2173 2771 quia
2199 2717 2286 2755 me
2317 2701 2541 2770 invenit,
2576 2703 2666 2756 det
2700 2703 2791 2757 illi
2814 2704 3084 2756 Dominus
3116 2703 3273 2756 Pater
3302 2703 3556 2757 invenire

1949 2789 2405 2845 misericordiam
2431 2832 2443 2855 ,
2478 2790 2532 2843 id
2562 2797 2644 2845 est
2671 2789 2905 2845 fructum
2954 2790 3114 2859 hujus
3144 2790 3551 2858 misericordiae,

1949 2895 1983 2932 a
2010 2880 2138 2943 Deo,
2170 2878 2224 2931 id
2257 2886 2336 2932 est
2370 2895 2399 2931 a
2430 2879 2642 2933 Christo
2687 2878 2888 2947 judice,
2941 2881 3005 2933 in
3054 2880 3157 2934 illa
3208 2880 3316 2948 die,
3341 2879 3552 2947 judicii.

1948 2967 2134 3021 Roma:
2184 2967 2237 3019 in
2288 2966 2518 3022 vinculis
2563 2967 2646 3021 sic
2702 2966 3051 3022 ministravit.
3118 2969 3338 3034 Quanta
3395 2968 3556 3022 etiam

1951 3054 2151 3126 Ephesi
2174 3055 2549 3120 ministravit,
2580 3059 2644 3109 tu
2663 3056 2815 3109 nosti
2842 3057 3069 3120 melius,
3106 3070 3264 3125 quam
3294 3055 3409 3110 haec
3438 3071 3557 3126 qua:

1951 3142 2115 3197 modo
2168 3142 2549 3198 ministravit:
2607 3142 2713 3210 vel,
2774 3143 2969 3198 melius
3023 3158 3187 3214 quam
3236 3142 3328 3196 alii
3385 3143 3556 3199 disci-

1948 3230 2081 3300 puli.
2866 3247 2881 3261 ο

2582 3301 2808 3356 CAPUT
2840 3302 2909 3355 II.

2024 3430 2045 3453 ιι
2082 3407 2160 3461 Tu
2190 3422 2345 3478 ergo,
2374 3405 2448 3460 fili
2478 3407 2573 3476 mi,
2626 3406 2934 3461 confortare
2964 3406 3018 3460 in
3060 3407 3252 3477 gratia,
3306 3424 3426 3478 quae
3476 3417 3559 3463 est

1953 3517 1974 3542 α
2001 3494 2056 3548 in
2087 3495 2302 3550 Christo
2351 3496 2479 3549 Jesu
2513 3513 2525 3548 :
2561 3503 2613 3550 et
2664 3512 2783 3566 quae
2830 3495 3027 3549 audisti
3057 3510 3090 3549 a
3144 3512 3231 3549 me
3275 3512 3374 3565 per
3418 3496 3556 3548 mul-

1952 3605 1973 3630 α
2012 3591 2095 3637 tos
2127 3590 2309 3648 testes,
2352 3584 2469 3638 hare
2527 3583 2847 3639 commenda
2916 3582 3165 3637 fidelibus
3219 3582 3550 3649 hominibus,

1951 3694 1973 3719 ιι
2010 3671 2100 3742 qui
2156 3671 2337 3725 idonei
2392 3679 2545 3725 erunt
2601 3680 2652 3726 et
2710 3672 2848 3727 alios
2898 3671 3117 3726 docere.
3168 3670 3381 3725 Labora
3417 3670 3554 3726 sicut

1951 3781 1974 3809 α
2010 3760 2186 3815 bonus
2215 3760 2373 3813 miles
2404 3760 2603 3814 Christi
2632 3761 2779 3814 Jesu.
2816 3761 2988 3814 Nemo
3019 3759 3256 3813 militans
3301 3760 3416 3814 Deo
3445 3758 3554 3813 im-
3590 3797 3596 3804 .

1950 3870 1973 3893 α
2009 3848 2173 3917 plicat
2211 3864 2270 3903 se
2319 3847 2551 3919 negotiis
2600 3847 2972 3913 saecularibus,
3024 3856 3080 3901 ut
3129 3848 3177 3902 ei
3222 3847 3438 3917 placeat
3467 3847 3554 3903 cui

1952 3957 1973 3985 α
2008 3936 2279 4006 probavit.
2311 3936 2452 3990 Nam
2501 3946 2552 3991 et
2593 3936 2684 4008 qui
2736 3944 2908 3992 certat
2959 3936 3013 3989 in
3064 3952 3259 4007 agone,
3305 3951 3416 3990 non
3462 3951 3555 3991 co-

1952 4044 1974 4073 «
2011 4032 2236 4078 ronatur
2306 4025 2411 4077 nisi
2468 4024 2710 4096 legitime
2796 4024 3103 4080 certaverit.
3195 4024 3553 4078 Laborantem

1953 4112 2307 4184 «agricolam
2354 4120 2568 4182 oportet
2614 4112 2849 4182 primum
2880 4112 2948 4166 de
2995 4112 3261 4166 fructibus
3305 4111 3552 4182 accipere

1950 4222 1971 4247 ρ
2010 4199 2355 4271 [percipere].
2389 4200 2641 4272 lntellige
2672 4217 2793 4271 qum
2833 4201 2989 4265 dico;
3051 4200 3197 4253 dabit
3254 4200 3397 4254 enim
3456 4200 3552 4254 tibi

1952 4309 1973 4337 α
2010 4290 2274 4342 Dominus
2331 4288 2388 4341 in
2442 4288 2693 4341 omnibus
2749 4287 3103 4343 intellectum.
3166 4290 3375 4342 Memor
3433 4298 3551 4342 esto

245 4383 654 4438 auctoritatibus
678 4382 885 4451 justum
917 4389 1018 4451 est,
1050 4389 1109 4435 ut
1154 4397 1263 4435 non
1294 4380 1590 4434 erubescas
1623 4378 1839 4433 imitari.
1863 4377 1915 4437 D
1950 4399 1971 4425 α
2007 4377 2297 4431 Dominum
2325 4376 2511 4430 Jesum
2553 4376 2827 4430 Christum
2870 4376 3235 4431 resurrexisse
3266 4392 3297 4430 a
3326 4377 3550 4432 mortuis

248 4470 320 4525 0b
351 4487 519 4543 quam
548 4487 799 4539 causam,
833 4470 887 4524 id
918 4478 1000 4525 est
1030 4470 1158 4540 quia
1202 4470 1306 4524 hoc
1353 4467 1710 4537 Evangelium
1741 4466 1844 4521 do-

241 4559 327 4614 cui
356 4567 571 4631 gentes,
602 4576 797 4631 passus
828 4576 949 4614 sum
1000 4557 1186 4613 multa.
1241 4559 1364 4612 Hazc
1418 4555 1580 4610 etiam
1629 4554 1846 4609 vincula

245 4663 391 4704 nunc
417 4651 606 4719 patior
636 4669 653 4704 :
682 4648 775 4704 sed
806 4655 989 4702 tamen
1020 4662 1137 4701 non
1163 4645 1502 4715 confundor,
1540 4643 1593 4698 id
1625 4651 1708 4698 est
1737 4658 1844 4698 non

243 4735 532 4801 erubesco,
565 4736 663 4790 sed
691 4735 902 4807 gaudeo
930 4733 1037 4806 pati
1067 4749 1169 4805 pro
1201 4733 1418 4788 Christo
1452 4747 1464 4785 :
1498 4731 1575 4786 sic
1608 4738 1660 4784 et
1692 4738 1747 4784 tu
1777 4746 1845 4785 ne

245 4824 562 4880 erubescas.
598 4824 725 4879 Ideo
754 4824 968 4893 patiens
1011 4838 1120 4878 non
1170 4820 1513 4877 confundor:
1565 4819 1686 4890 quia
1732 4817 1845 4874 scio

245 4912 330 4965 cui
360 4911 590 4981 credidi,
626 4912 680 4966 id
711 4920 793 4967 est
822 4911 877 4965 in
927 4926 1034 4982 quo
1080 4908 1242 4965 ﬁdem
1290 4908 1455 4963 habui
1491 4923 1503 4962 :
1537 4907 1745 4963 scilicet
1790 4905 1846 4960 in

243 5000 384 5055 Deo.
418 5000 517 5055 Vel
546 5000 617 5054 ita
651 5018 664 5053 :
698 5000 819 5057 Scio
847 5000 941 5054 cui
970 4999 1203 5066 credidi,
1249 4997 1304 5051 id
1353 5004 1435 5052 est
1480 4997 1565 5051 cui
1598 4994 1847 5051 commisi

242 5088 530 5158 passiones
560 5104 715 5143 meas
745 5096 798 5143 et
823 5103 990 5158 Opera
1010 5105 1023 5141 :
1043 5091 1098 5142 et
1128 5090 1318 5142 certus
1337 5101 1461 5140 sum
1492 5084 1558 5138 de
1589 5082 1844 5138 mercede

243 5177 440 5231 horum
465 5196 479 5243 ;
511 5180 642 5250 quia
673 5176 763 5231 ille
792 5176 876 5231 cui
900 5174 1147 5232 commisi
1165 5178 1365 5245 potens
1390 5178 1475 5229 est
1505 5173 1841 5244 depositum,

241 5264 299 5319 id
312 5273 394 5319 est
410 5265 785 5331 commissum,
810 5280 994 5320 meum
1007 5280 1228 5319 servare
1244 5276 1419 5332 usque
1436 5264 1497 5316 in
1508 5262 1675 5315 illum
1696 5260 1845 5314 diem

240 5353 699 5408 remunerationis
730 5353 991 5408 omnium.
1038 5352 1105 5406 Et
1136 5350 1262 5423 quia
1308 5349 1460 5405 vides
1507 5348 1651 5418 quod
1698 5349 1844 5401 Deus

237 5441 483 5499 custodit
513 5442 660 5514 quod
688 5456 859 5513 penes
889 5457 1013 5497 eum
1042 5438 1348 5511 deponitur,
1382 5445 1439 5493 tu
1466 5435 1632 5510 igitur
1662 5450 1843 5492 exem-

1951 4487 1972 4513 α
2010 4482 2073 4521 ex
2105 4464 2313 4520 semine
2342 4464 2537 4530 David,
2564 4465 2859 4520 secundum
2879 4464 3235 4537 Evangelium
3265 4482 3468 4533 meum,
3492 4465 3547 4519 in

1952 4573 1973 4606 ι
2008 4570 2116 4625 quo
2146 4554 2331 4608 laboro
2361 4569 2532 4623 usque
2558 4553 2629 4607 ad
2660 4553 2891 4619 vincula,
2916 4553 3072 4624 quasi
3102 4553 3246 4608 male
3276 4569 3507 4624 operans
3530 4573 3549 4609 :

1951 4663 1973 4693 ι
2009 4643 2106 4697 sed
2138 4642 2365 4698 verbum
2395 4641 2495 4696 Dei
2524 4657 2633 4696 non
2682 4650 2765 4696 est
2820 4641 3120 4712 alligatum.
3175 4643 3305 4697 Ideo
3362 4643 3546 4697 omnia

1951 4754 1972 4779 «
2009 4731 2250 4786 sustineo
2279 4738 2501 4801 propter
2530 4730 2733 4786 electos
2767 4747 2778 4784 :
2810 4738 2869 4784 ut
2897 4738 2949 4784 et
2998 4730 3102 4800 ipsi
3150 4730 3380 4785 salutem
3409 4745 3545 4785 con-

1950 4843 1971 4867 α
2008 4827 2324 4890 sequantur,
2355 4836 2474 4890 quas
2513 4826 2596 4874 est
2650 4818 2705 4872 in
2759 4818 2974 4873 Christo
3020 4820 3148 4872 Jesu
3206 4834 3327 4873 cum
3367 4818 3546 4889 gloria

1950 4930 1971 4954 ιε
2008 4907 2238 4963 caelesti.
2270 4906 2474 4961 Fidelis
2505 4922 2706 4962 sermo.
2731 4907 2869 4961 Nam
2898 4906 2945 4960 si
2975 4906 3301 4962 commortui
3331 4922 3540 4974 sumus,

1951 5018 1973 5042 ‹‹
2009 5002 2063 5050 et
2095 4995 2447 5051 convivemus
2500 5010 2513 5048 :
2574 4995 2619 5049 si
2677 4994 3026 5063 sustinemus,
3084 5001 3135 5048 et
3174 4995 3542 5066 conregnabi-

1951 5106 1973 5135 α
2009 5101 2130 5138 mus
2165 5102 2177 5138 :
2212 5083 2258 5137 si
2284 5083 2691 5154 negaverimus,
2719 5091 2771 5138 et
2803 5082 2893 5138 ille
2923 5083 3143 5155 negabit
3173 5098 3275 5138 nos
3311 5100 3323 5137 :
3357 5085 3403 5138 si
3431 5101 3540 5140 non

1950 5193 1972 5222 α
2008 5172 2299 5238 credimus,
2336 5172 2427 5226 ille
2475 5171 2653 5226 fidelis
2701 5180 2998 5242 permanet,
3052 5188 3255 5242 negare
3303 5173 3542 5244 seipsum

1951 5284 1972 5307 α
2008 5276 2117 5316 non
2145 5268 2342 5331 potest.
2378 5261 2505 5316 Haec
2536 5276 2821 5315 commone
2852 5259 3213 5332 [commoneo]
3244 5261 3540 5318 testificans

1949 5371 1969 5395 α
2007 5364 2195 5404 coram
2222 5350 2359 5404 Deo.
2392 5349 2517 5403 Noli
2533 5349 2865 5404 contendere
2896 5350 3101 5415 verbis,
3131 5349 3200 5403 ad
3231 5349 3539 5404 subversio-

1950 5455 1971 5479 κ
2005 5449 2129 5490 nem
2185 5433 2536 5489 audientium.
2597 5432 2836 5490 Sollicite
2886 5442 3066 5490 autem
3119 5449 3247 5489 cura
3302 5433 3537 5505 teipsum
