3966 6050
429 194 531 249 463

980 191 1036 245 S.
1077 188 1433 247 BRUNONIS
1471 188 2119 247 CARTHUSIANORUM
2157 189 2637 248 INSTITUTORIS
2677 193 2828 248 OPP.
2870 193 3065 249 PARS.
3108 194 3173 248 II.

3616 197 3724 251 464

433 342 454 365 «
491 316 829 388 probabilem
862 316 1124 371 exhibere
1154 318 1269 371 Deo
1308 316 1613 388 operarium
1662 314 2018 372 inconfusibi—
2051 315 2385 375 Amilitans
2425 319 2545 383 Deo,
2579 319 2836 390 implicat
2863 335 2921 373 se
2968 317 3331 373 swcularibus
3362 318 3619 388 negotiis,
3656 317 3712 372 id

433 434 453 452 ιι
492 405 619 471 lem,
652 412 799 460 recte
830 413 1143 460 tractantem
1186 405 1411 460 verbum
1470 405 1725 460 veritatis.
1791 403 2026 458 Profana

437 516 458 545 ι
496 503 672 549 autem
706 502 757 549 et
789 493 1102 564 vaniloquia
1150 494 1349 547 devita.
1401 493 1620 547 Multum
1670 493 1811 548 enim
1854 490 2025 563 proti-

436 607 457 635 ι
495 584 640 639 ciunt
671 582 741 637 ad
772 582 1121 652 impietatem,
1156 589 1205 635 et
1265 596 1444 636 sermo
1501 597 1684 635 eorum
1715 590 1772 635 ut
1828 596 2027 636 cancer

433 696 455 724 ι
493 671 678 741 serpit.
712 671 793 725 Ex
818 669 1013 741 quibus
1062 677 1144 723 est
1180 670 1504 739 Hymenaeus
1542 677 1593 724 et
1632 669 1888 735 Philetus,
1934 669 2023 739 qui

434 783 455 813 ι
493 777 525 816 a
582 759 803 816 veritate
864 757 1198 821 exciderunt,
1269 757 1512 812 dicentes
1570 756 2024 812 resurrectionem

434 874 455 899 ιι
491 865 612 905 esse
635 848 749 916 jam
780 846 990 912 factam,
1022 853 1075 900 et
1115 845 1496 899 subverterunt
1547 845 1907 916 quorumdam
1963 843 2025 898 fi-

433 962 455 986 u
491 939 636 993 dem.
670 935 776 990 Sed
807 933 1023 987 firmum
1051 932 1459 987 fundamentum
1518 933 1615 988 Dei
1668 941 1787 997 stat,
1821 933 2026 987 habens

433 1049 455 1079 ι
491 1023 832 1097 signaculum
862 1023 967 1077 hoc
996 1040 1009 1075 :
1044 1021 1297 1093 cognovit
1320 1021 1580 1075 Dominus
1611 1020 1703 1092 qui
1733 1028 1857 1075 sunt
1885 1021 2020 1089 ejus,

431 1136 453 1167 ι
490 1122 544 1171 et
570 1112 802 1169 discedit
829 1110 897 1164 ab
926 1109 1203 1180 iniquitate
1233 1109 1409 1163 omnis
1440 1109 1530 1179 qui
1586 1110 1801 1164 invocat
1830 1108 2026 1181 [nomi-

432 1226 454 1255 ι
491 1201 604 1274 nat]
628 1217 823 1256 nomen
854 1198 1088 1253 Domini.
1122 1199 1181 1250 ln
1213 1212 1414 1269 magna
1470 1205 1651 1253 autem
1698 1197 1860 1252 domo
1917 1213 2024 1251 non

438 1310 458 1342 ι
490 1291 664 1347 solum
693 1295 815 1344 sunt
844 1302 977 1343 vasa
1008 1301 1178 1340 aurea
1209 1292 1260 1339 et
1289 1292 1563 1356 argentea,
1616 1285 1713 1340 sed
1743 1292 1794 1340 et
1842 1284 2026 1357 lignea

434 1403 457 1428 α
491 1387 543 1435 et
572 1377 750 1434 fictilia
786 1392 796 1429 :
832 1384 885 1430 et
914 1374 1161 1446 quaedam
1193 1373 1409 1443 quidem
1451 1373 1505 1427 in
1553 1375 1838 1438 honorem,
1872 1388 2024 1443 quae-

430 1492 452 1515 α
489 1467 613 1521 dam
636 1473 814 1521 autem
843 1464 898 1516 in
924 1460 1327 1517 contumeliam.
1365 1462 1422 1515 Si
1470 1462 1590 1532 quis
1639 1477 1772 1532 ergo
1829 1476 2024 1514 emun-

432 1580 454 1603 «ι
491 1554 698 1609 daverit
727 1568 786 1606 se
819 1551 888 1605 ab
917 1550 1054 1617 istis,
1115 1549 1215 1603 erit
1244 1565 1339 1603 vas
1376 1549 1431 1602 in
1490 1550 1754 1603 honorem
1785 1546 2025 1603 sanctifi-

2125 412 2345 459 estnon
2384 405 2610 460 intendit
2653 406 3086 461 discussionibus
3129 404 3470 460 saecularium
3517 420 3718 460 causa-

2124 509 2265 559 rum,
2300 494 2395 547 sed
2426 494 2805 564 spiritualium.
2853 496 3025 549 Habet
3071 494 3214 549 enim
3262 495 3499 548 mundus
3546 509 3720 548 saecu-

2124 580 2270 635 lares
2298 582 2528 651 judices,
2584 583 2671 653 qui
2718 583 2962 650 judicant
3009 583 3077 636 de
3123 582 3531 653 temporalibus.
3580 580 3715 651 Epi-

2125 670 2273 739 scopi
2307 679 2487 725 autem
2536 686 2732 726 vocare
2776 671 2971 725 debent
3020 670 3279 726 doctrinis
3326 670 3711 741 spiritualibus.

2127 757 2221 812 Vel
2254 758 2322 811 ita
2357 776 2369 811 :
2403 759 2635 813 Militans
2666 760 2781 814 Deo
2808 775 2914 814 non
2947 775 3006 814 se
3052 759 3291 829 implicat
3338 759 3570 829 negotiis
3614 774 3716 813 saa-

2125 845 2418 910 cularibus,
2469 855 2525 900 ut
2583 847 2638 900 in
2674 847 3057 917 praedicatione
3133 863 3228 901 sua
3288 847 3598 919 negotietur
3663 854 3715 901 et

2124 936 2321 989 vendat
2352 952 2490 1001 eam,
2524 936 2807 1005 requirens
2836 936 2959 990 ideo
2989 935 3224 1006 pretium
3252 936 3323 989 ab
3353 935 3712 990 auditoribus.

2125 1021 2253 1077 Ideo
2284 1023 2521 1078 militans
2554 1025 2687 1090 Deo,
2722 1040 2781 1079 se
2809 1039 2918 1078 non
2938 1022 3177 1094 implicat
3198 1023 3282 1077 his
3298 1028 3362 1078 ut
3385 1026 3613 1096 placeat
3642 1026 3715 1090 ei,

2127 1098 2332 1167 scilicet
2358 1113 2494 1179 Deo,
2529 1113 2615 1168 cui
2646 1112 2786 1167 bene
2834 1112 3067 1168 vivendo
3112 1112 3307 1166 bonam
3357 1112 3717 1168 existimatio-

2124 1216 2250 1254 nem
2288 1200 2356 1254 de
2387 1216 2445 1254 se
2479 1201 2793 1270 praebendo,
2824 1216 2927 1270 per
2970 1208 3270 1255 anteactam
3318 1199 3480 1255 vitam
3510 1201 3717 1272 proba-

2126 1288 2199 1342 vit
2223 1304 2282 1343 se
2330 1287 2676 1358 placiturum.
2729 1288 2929 1343 Probat
2973 1289 3042 1342 ab
3087 1304 3153 1343 eo
3194 1288 3340 1359 quod
3388 1288 3566 1343 minus
3594 1297 3717 1357 est,

2125 1376 2359 1429 militans
2425 1376 2540 1431 Deo
2613 1392 2722 1431 non
2770 1376 3010 1446 implicat
3067 1393 3126 1430 se
3182 1376 3506 1447 mundanis,
3554 1377 3721 1434 utsic

2124 1464 2335 1534 placeat
2380 1465 2515 1519 Deo.
2567 1465 2707 1519 Nam
2752 1464 2913 1519 etiam
2943 1464 3111 1535 (quod
3149 1464 3324 1519 minus
3368 1469 3473 1536 est)
3502 1465 3593 1520 ille
3622 1467 3722 1538 qui

2124 1556 2307 1608 certat
2340 1554 2401 1606 in
2434 1569 2631 1623 agone,
2664 1552 2717 1606 id
2757 1561 2839 1607 est
2886 1553 2940 1607 in
2991 1552 3272 1608 certamini
3322 1553 3524 1625 aliquo,
3567 1562 3627 1608 ut
3663 1554 3719 1609 in

430 1669 452 1691 ι
487 1650 665 1698 catum
696 1647 749 1694 et
778 1639 907 1692 utile
940 1636 1169 1692 Domino
1200 1637 1265 1689 ad
1299 1652 1459 1691 omne
1513 1652 1651 1706 opus
1700 1636 1899 1690 bonum
1930 1652 2023 1706 pa-
2052 1662 2104 1722 B
2126 1635 2381 1705 palaestra
2408 1636 2496 1690 vel
2527 1636 2580 1689 in
2610 1636 2802 1699 stadio,
2835 1636 2923 1691 hic
2950 1637 3065 1691 nisi
3094 1638 3395 1692 certaverit
3446 1639 3717 1709 legitime,

435 1752 457 1777 α
489 1738 687 1785 ratum.
720 1726 982 1782 Juvenilia
1013 1733 1191 1780 autem
1254 1725 1526 1779 desideria
1574 1724 1702 1796 fuge
1739 1740 1751 1779 :
1812 1731 2023 1779 sectare

432 1840 454 1865 ιι
493 1832 622 1871 vero
647 1814 931 1884 justitiam,
965 1811 1146 1877 fidem,
1181 1828 1355 1882 spem,
1388 1811 1702 1865 charitatem
1734 1820 1785 1866 et
1814 1826 2020 1881 pacem,

434 1929 455 1953 α
492 1920 615 1960 cum
647 1903 730 1957 his
762 1902 853 1973 qui
882 1903 1135 1956 invocant
1184 1900 1473 1955 Dominum
1522 1899 1742 1971 [nomen
1788 1897 2024 1970 Domini]

429 2017 451 2042 ιι
488 1994 556 2048 de
586 1992 752 2047 corde
781 2005 937 2061 puro.
974 1989 1174 2043 Stultas
1223 1997 1403 2043 autem
1457 1996 1509 2042 et
1564 1988 1681 2042 sine
1738 1986 2026 2056 disciplina

437 2102 455 2134 ι
490 2080 817 2152 quaestiones
873 2077 1070 2143 devita,
1134 2077 1313 2130 sciens
1351 2075 1496 2146 quod
1571 2083 1835 2147 generant
1881 2074 2021 2128 lites.

432 2192 453 2215 α
492 2169 722 2223 Servum
751 2173 930 2220 autem
961 2164 1176 2219 Domini
1207 2179 1315 2216 non
1374 2171 1586 2233 oportet
1641 2163 1874 2234 litigare,
1927 2161 2025 2216 sed

432 2280 454 2304 α
489 2263 827 2309 mansuetum
859 2268 980 2307 esse
1011 2252 1080 2305 ad
1109 2266 1319 2318 omnes,
1350 2250 1660 2315 docibilem,
1710 2249 2023 2320 patientem,

432 2365 455 2394 ι
492 2359 615 2398 cum
645 2340 911 2396 modestia
941 2340 1327 2409 corripientem
1360 2354 1456 2393 eos
1486 2338 1577 2409 qui
1636 2339 1897 2393 resistunt
1925 2354 2024 2391 ve-

434 2453 456 2482 ι
491 2431 638 2485 ritati
675 2445 686 2483 :
722 2446 790 2484 ne
821 2429 1041 2499 quando
1071 2429 1163 2482 det
1192 2426 1299 2480 illis
1331 2427 1478 2481 Deus
1529 2426 1920 2497 pmnitentiam,
1955 2424 2026 2480 ad

436 2544 457 2567 α
492 2518 929 2589 cognoscendam
978 2517 1275 2580 veritatem,
1332 2524 1383 2569 et
1412 2516 1733 2587 resipiscant
1764 2530 1797 2569 a
1827 2513 2025 2568 diaboli

434 2630 457 2658 ι
493 2607 724 2678 laqueis,
757 2621 790 2660 a
820 2621 927 2677 quo
957 2603 1154 2674 captivi
1199 2612 1446 2658 tenentur
1504 2604 1572 2658 ad
1625 2603 1795 2673 ipsius
1842 2602 2028 2657 volun-

432 2716 454 2745 ι
489 2703 671 2749 tatem.
711 2714 733 2743 ι

1096 2779 1415 2819 EXPOSITIO.

501 2870 642 2938 Quia
672 2876 895 2941 prOpter
925 2870 1269 2924 aversionem
1316 2866 1673 2941 quorumdam
1714 2865 1891 2937 magis
1922 2880 2023 2918 ne—

429 2959 707 3014 cessarius
739 2974 798 3012 es
833 2976 845 3011 :
881 2958 1009 3029 quia
1037 2958 1197 3011 etiam
1257 2955 1505 3026 exemplo
1562 2952 2023 3025 perseverantium

431 3048 500 3102 de
522 3046 837 3102 fortitudine
853 3046 1163 3100 admoneris
1198 3061 1209 3099 :
1247 3062 1371 3115 ergo
1395 3049 1477 3105 tu,
1501 3044 1589 3113 ﬁli
1616 3045 1697 3097 mi
1724 3042 2025 3104 Timothee,

432 3138 780 3205 confortare,
813 3134 867 3188 id
893 3142 977 3189 est
1008 3134 1163 3188 fortis
1193 3142 1331 3198 esto,
1389 3148 1495 3186 non
1550 3146 1771 3200 paveas.
1803 3128 2027 3184 Confor-

431 3232 569 3291 tare,
605 3223 845 3293 inquam,
878 3226 940 3277 in
969 3224 1158 3293 gratia
1189 3238 1311 3293 qua:
1331 3225 1417 3276 est
1443 3221 1507 3274 in
1540 3218 1757 3274 Christo
1788 3219 1938 3281 Iesu,
1972 3218 2027 3271 id

434 3319 518 3366 est
547 3312 598 3364 in
628 3308 925 3381 pontificali
977 3310 1246 3375 doctrina,
1312 3309 1464 3376 cujus
1520 3307 1748 3379 gratiam
1804 3305 2027 3361 contulit

431 3399 528 3453 tibi
558 3400 724 3453 Deus.
755 3398 874 3464 Vel,
908 3397 1217 3453 confortare
1250 3397 1305 3450 in
1327 3395 1526 3467 gratia,
1571 3395 1624 3449 id
1653 3403 1735 3449 est
1762 3394 1815 3448 in
1845 3394 2028 3448 remis-

432 3488 587 3542 sione
638 3494 1003 3558 peccatorum,
1080 3494 1132 3540 et
1187 3485 1296 3539 vita
1376 3493 1583 3540 aeterna
1653 3481 2022 3553 praedicanda.

432 3576 560 3630 Haec
590 3575 731 3629 enim
765 3582 846 3629 est
875 3575 1051 3645 gratia
1078 3590 1199 3644 quae
1248 3581 1329 3628 est
1372 3588 1469 3642 per
1506 3572 1691 3626 Iesum
1731 3571 2023 3625 Christum.

433 3665 607 3734 thue
637 3662 973 3719 confortatus
1031 3662 1207 3732 magis
1248 3660 1520 3731 proficias,
1584 3658 1699 3714 hac
1754 3674 1875 3729 quae
1933 3656 2027 3710 tibi

433 3752 683 3807 docenda
712 3751 1054 3818 commendo,
1097 3750 1429 3805 commenda
1468 3756 1520 3801 et
1567 3755 1621 3800 tu
1666 3747 1939 3815 ﬁdelibus,
1972 3744 2027 3799 id

432 3847 515 3893 est
545 3838 809 3893 constitue
839 3838 941 3891 sub
972 3846 1021 3891 te
1052 3837 1460 3907 praedicatores,
1524 3835 1616 3905 qui
1666 3843 1843 3889 tecum
1888 3848 2029 3903 prae-

432 3926 613 3980 dicent
643 3925 846 3995 populo
876 3925 976 3979 Dei
1008 3939 1019 3977 :
1055 3924 1107 3978 hi
1137 3932 1316 3977 autem
1347 3924 1453 3976 sint
1485 3938 1632 3976 sana:
1662 3920 1788 3976 fidei
1821 3940 1834 3975 :
1869 3937 2026 3976 cum-

434 4029 539 4085 que
560 4013 667 4067 sint
696 4011 904 4078 fideles,
940 4019 1154 4082 oportet
1185 4027 1307 4066 esse
1330 4010 1466 4065 tales
1497 4012 1593 4082 qui
1639 4013 1810 4065 erunt
1840 4010 2029 4065 idonei

435 4110 485 4156 et
515 4101 743 4157 scientia
773 4110 825 4155 et
883 4101 1064 4173 gratia
1120 4099 1442 4170 eloquentia:
1501 4098 1695 4154 docere
1752 4100 1895 4153 alios
1926 4096 2029 4152 sibi

432 4189 773 4246 commissos.
803 4188 1040 4253 Talibus,
1072 4188 1312 4258 inquam,
1370 4186 1692 4242 commenda
1745 4187 1861 4241 haec
1907 4200 2029 4258 qua:

433 4285 490 4332 tu
520 4279 733 4334 audisti
761 4294 795 4332 a
816 4293 923 4343 me,
957 4276 1009 4330 id
1041 4284 1122 4330 est
1150 4292 1271 4346 quae
1326 4291 1430 4345 ego
1484 4275 1645 4330 docui
1688 4283 1759 4342 te,
1821 4291 2026 4346 appro-

2127 1722 2179 1777 id
2210 1731 2293 1778 est
2323 1724 2619 1779 secundum
2649 1724 2827 1794 legem
2858 1724 2975 1793 ejus
3004 1724 3333 1791 certaminis,
3357 1741 3471 1780 non
3493 1740 3724 1781 corona-

2130 1816 2245 1879 tur,
2278 1812 2331 1865 id
2364 1819 2445 1865 est
2476 1828 2583 1866 non
2616 1812 2812 1883 accipit
2840 1812 3054 1866 laudem
3082 1812 3167 1867 vel
3207 1813 3475 1867 bravium.

2196 1900 2278 1954 Ne
2328 1900 2492 1954 modo
2533 1901 2845 1970 opinaretur
2898 1901 3209 1955 Timotheus
3255 1902 3381 1973 quia
3426 1902 3723 1958 interdixe-

2127 1996 2207 2042 rat
2238 1988 2288 2042 ei
2325 1988 2548 2058 negotia
2576 1988 2880 2054 saecularia,
2912 1988 3045 2042 nihil
3075 1988 3129 2043 in
3160 1990 3549 2060 temporalibus
3577 1992 3723 2047 acci-

2124 2075 2383 2145 piendum
2409 2092 2530 2130 esse
2561 2092 2592 2131 a
2623 2076 2871 2141 subditis,
2905 2077 2978 2131 ait
3020 2077 3221 2131 Paulus
3254 2093 3266 2131 :
3301 2078 3446 2133 Licet
3488 2079 3719 2133 interdi-

2126 2180 2242 2218 cam
2273 2164 2368 2218 tibi
2399 2163 2682 2220 saecularia
2711 2165 2948 2237 negotia,
2998 2172 3182 2220 tamen
3227 2166 3351 2221 volo
3390 2174 3441 2221 te
3468 2167 3721 2237 accipere

2126 2252 2194 2306 de
2226 2250 2402 2307 fructu
2431 2252 2834 2322 praedicationis
2881 2252 3220 2323 temporalia.
3254 2255 3328 2309 Te
3375 2254 3519 2309 enim
3572 2255 3720 2311 laba-

2126 2344 2353 2394 rantem
2376 2340 2430 2393 in
2460 2339 2671 2395 cultura
2688 2340 2957 2395 Dominici
2986 2341 3104 2411 agri
3136 2346 3353 2414 oportet
3372 2344 3624 2415 accipere
3654 2343 3721 2399 de

2124 2428 2409 2498 fructibus
2441 2430 2614 2483 allius
2642 2430 2785 2498 agri,
2819 2428 2873 2483 id
2894 2437 2975 2484 est
2994 2430 3309 2500 temporalia
3340 2446 3459 2501 quae
3490 2445 3642 2502 ager,
3664 2431 3721 2485 id

2125 2522 2205 2569 est
2235 2516 2486 2587 populus,
2519 2516 2652 2571 dare
2681 2524 2879 2587 potest.
2920 2517 3181 2589 Accipiat,
3215 2518 3452 2589 inquam,
3486 2518 3722 2589 primum

2124 2603 2192 2657 de
2222 2603 2399 2659 fructu
2451 2604 2596 2675 quod
2645 2605 2748 2659 sibi
2794 2604 3020 2660 sufﬁciat
3052 2623 3065 2658 :
3098 2614 3152 2660 et
3199 2606 3245 2660 si
3292 2607 3721 2677 superabundat,

2126 2692 2451 2747 secundario
2482 2693 2748 2763 accipiant
2789 2709 3078 2764 pauperes.
3119 2693 3219 2749 Vel
3255 2694 3507 2764 primum,
3541 2695 3596 2748 id
3641 2702 3723 2749 est

2123 2778 2351 2833 multum
2399 2779 2524 2835 inde
2587 2780 2813 2851 accipiat
2847 2796 2859 2834 :
2891 2781 3015 2852 quia
3062 2797 3151 2836 res
3211 2798 3371 2853 quam
3430 2782 3716 2848 ministrat,

2122 2866 2413 2935 plurimum
2446 2868 2613 2939 digna
2660 2877 2761 2924 est.
2810 2869 3076 2939 Accipere
3124 2878 3305 2926 autem
3332 2871 3402 2925 de
3448 2870 3721 2941 praedica-

2123 2954 2267 3009 tione
2294 2956 2439 3026 quod
2471 2956 2723 3024 sufﬁciat,
2758 2972 2863 3012 non
2895 2966 2978 3012 est
2997 2958 3275 3029 negotium
3307 2959 3588 3015 saeculare.
3620 2959 3721 3015 Vel

2127 3042 2527 3117 itajungamus
2562 3060 2574 3099 :
2608 3045 2742 3101 Dico
2789 3062 2898 3101 non
2946 3046 3193 3116 implices
3240 3056 3293 3102 te
3349 3047 3720 3117 saecularibus,

2128 3146 2229 3185 nec
2260 3148 2489 3188 necesse
2521 3133 2615 3187 tibi
2647 3142 2730 3188 est
2757 3153 2771 3200 ;
2804 3135 2927 3205 quia
2949 3135 3018 3190 de
3037 3134 3301 3189 fructibus
3328 3136 3724 3206 praedicationis

2124 3217 2179 3271 in
2214 3235 2317 3291 qua
2348 3220 2588 3288 laboras,
2619 3221 2853 3293 accipies
2884 3238 3005 3292 quae
3043 3230 3349 3294 Opportuna
3377 3223 3575 3278 fuerint
3604 3224 3720 3279 tibi.

2128 3308 2289 3376 Quod
2317 3309 2733 3380 aequipollenter
2761 3311 2858 3379 ait,
2891 3326 2959 3365 ne
2992 3310 3129 3365 forte
3175 3312 3489 3367 Timotheus
3518 3312 3720 3367 absur-

2130 3398 2258 3451 dum
2283 3397 2554 3465 judicaret
2583 3398 2763 3453 vivere
2793 3399 2862 3453 de
2891 3400 3271 3469 praedicatione
3307 3415 3319 3452 :
3352 3401 3478 3472 quia
3523 3400 3722 3456 Paulus

2126 3500 2237 3539 non
2267 3485 2356 3551 ita,
2391 3486 2487 3540 sed
2516 3486 2583 3540 de
2611 3503 2865 3541 manuum
2896 3487 3084 3543 labore
3112 3488 3337 3543 viveret.
3367 3489 3455 3543 Ait
3484 3488 3681 3544 Paulus
3706 3506 3721 3543 :

2131 3576 2205 3628 Ea
2226 3590 2349 3646 quae
2376 3574 2515 3641 dico,
2548 3574 2600 3628 id
2630 3583 2713 3630 est
2740 3583 2793 3629 te
2824 3576 2893 3630 de
2943 3575 3120 3632 fructu
3168 3576 3567 3648 praedicationis
3616 3593 3723 3648 op-

2126 3669 2354 3731 portuna
2383 3662 2637 3732 accipere
2664 3706 2675 3729 ,
2709 3664 2967 3733 intellige
2995 3680 3211 3719 causam
3232 3679 3401 3736 quare
3439 3680 3547 3720 non
3578 3665 3725 3721 acci-

2128 3748 2269 3819 piam
2302 3749 2446 3820 quod
2483 3750 2701 3819 jubeam
2739 3760 2792 3810 te
2840 3752 3109 3822 accipere.
3159 3753 3329 3821 Hujus
3370 3753 3453 3807 rei
3497 3768 3723 3808 causam

2128 3836 2312 3892 dicunt
2355 3854 2477 3893 esse
2516 3838 2707 3905 sancti,
2762 3840 2907 3910 quod
2952 3841 3075 3911 quia
3122 3840 3433 3896 Timotheus
3478 3840 3725 3897 inﬁrmus

2128 3933 2261 3993 erat,
2314 3934 2367 3980 et
2414 3927 2480 3991 si,
2527 3927 2801 3982 laboraret
2862 3928 3150 3991 manibus,
3195 3928 3564 3999 praedicationi
3612 3945 3725 3985 non

2128 4021 2314 4083 posset
2342 4013 2595 4070 insistere
2627 4030 2639 4068 :
2676 4015 2870 4070 Paulus
2901 4024 3101 4087 autem,
3134 4015 3287 4072 fortis
3316 4024 3370 4072 et
3396 4016 3719 4086 laboriosus,

2129 4110 2243 4156 erat
2272 4102 2340 4155 ad
2383 4110 2672 4175 utrumque
2723 4103 3013 4172 sufficiens,
3065 4105 3189 4159 ideo
3236 4104 3353 4175 ipse
3396 4105 3529 4159 nihil
3568 4105 3722 4161 acci-

2129 4189 2329 4259 piebat,
2363 4198 2417 4244 et
2445 4191 2569 4247 ideo
2600 4192 2851 4262 accipere
2878 4192 3213 4247 Timotheum
3243 4192 3476 4248 volebat.
3513 4192 3721 4248 Poteris

2128 4277 2315 4349 utique
2342 4292 2562 4333 causam
2594 4280 2735 4335 hanc
2764 4280 3071 4353 intelligere
3105 4298 3118 4334 :
3151 4279 3278 4351 quia
3307 4281 3577 4337 Dominus
3624 4282 3724 4336 da-

432 4366 613 4420 bando
643 4382 706 4420 ea
729 4382 831 4437 per
857 4366 1071 4419 multos
1102 4368 1286 4428 testes,
1312 4364 1366 4417 id
1415 4372 1498 4418 est
1541 4380 1639 4434 per
1680 4364 1851 4418 multa
1880 4363 2024 4417 testi-
2047 4357 2098 4416 D
2128 4365 2209 4420 bit
2254 4366 2361 4420 tibi
2404 4368 2784 4432 intellectum,
2837 4376 2889 4423 et
2935 4368 2991 4422 in
3028 4369 3130 4423 hac
3186 4384 3247 4423 re
3275 4376 3329 4423 et
3366 4368 3421 4422 in
3467 4368 3722 4423 omnibus

431 4453 610 4507 monia
637 4453 776 4524 legis
806 4452 1044 4507 33S
1068 4460 1121 4506 et
1150 4453 1559 4522 prophetarum.
1609 4451 1766 4520 Quod
1797 4452 1940 4506 enim
1972 4461 2021 4505 te

430 4542 499 4596 de
526 4542 633 4595 fide
659 4541 857 4595 Christi
886 4540 1066 4605 docui,
1126 4548 1294 4595 totum
1352 4541 1409 4594 in
1466 4540 1588 4611 lege
1635 4548 1689 4594 et
1740 4541 2021 4611 prophetis

429 4630 817 4700 prmsignatum
846 4629 1078 4683 ostendi.
1111 4630 1192 4683 Ne
1248 4628 1382 4683 forte
1438 4629 1753 4682 Timotheus
1806 4636 2023 4698 putaret

429 4734 489 4773 se
518 4719 681 4773 modo
711 4733 873 4788 posse
903 4718 1206 4788 quiescere,
1240 4716 1545 4772 constitutis
1588 4716 1690 4769 sub
1729 4732 1787 4769 se
1817 4717 2020 4787 praedi-

426 4807 719 4872 catoribus,
762 4813 950 4861 contra
993 4806 1098 4860 hoc
1154 4804 1229 4859 ait
1282 4804 1478 4858 Paulus
1514 4819 1526 4857 :
1560 4804 1704 4859 Licet
1760 4804 2022 4875 quosdam

424 4901 482 4948 ut
509 4894 735 4949 doceant
766 4894 902 4947 alios
931 4892 1257 4963 prmfeceris,
1293 4908 1359 4946 ne
1403 4900 1583 4946 tamen
1629 4890 1751 4945 ideo
1801 4900 1856 4945 tu
1903 4899 2021 4947 tor-

424 4996 559 5051 peas
597 4996 609 5034 :
641 4982 736 5036 sed
771 4981 961 5036 labora
990 4982 1139 5035 sicut
1186 4981 1351 5034 miles
1401 4978 1615 5034 Christi
1660 4981 1812 5046 Iesu,
1858 4979 1911 5033 id
1943 4988 2023 5034 est

423 5085 636 5123 memor
682 5078 798 5123 esto
847 5078 896 5122 te
935 5069 1170 5123 militare
1218 5073 1275 5121 in
1322 5067 1513 5122 castris
1570 5066 1790 5121 Christi.
1841 5067 2022 5123 Labor

423 5166 602 5212 autem
632 5158 879 5228 congruit
917 5156 1186 5223 militanti,
1234 5171 1341 5210 non
1389 5155 1579 5210 otium.
1628 5155 1835 5211 Labora
1884 5156 2024 5212 sicut

424 5247 581 5301 miles
609 5248 800 5312 bonus,
835 5246 887 5299 id
918 5254 1000 5299 est
1032 5244 1196 5298 utilis.
1233 5243 1516 5312 Quomodo
1562 5243 1737 5300 bonus
1766 5244 2023 5299 determi-

422 5344 514 5390 nat
543 5335 596 5390 in
628 5334 1008 5407 sequentibus,
1061 5333 1248 5387 dicens
1281 5349 1293 5385 :
1331 5331 1386 5386 Si
1436 5331 1595 5386 miles
1629 5332 1803 5386 bonus
1834 5332 2021 5399 fueris,

420 5423 771 5480 saecularibus
802 5420 1037 5493 negotiis
1065 5435 1174 5475 non
1225 5419 1535 5491 implieabis
1568 5427 1641 5476 te.
1676 5421 1846 5479 Nemo
1877 5421 2022 5477 enim

2122 4455 2272 4508 More
2302 4454 2429 4509 boni
2457 4455 2643 4509 militis
2684 4455 2876 4511 labora
2917 4456 3055 4512 sicut
3096 4456 3418 4527 praemonui.
3465 4458 3531 4512 Et
3561 4465 3620 4510 ut
3644 4456 3723 4511 ita

2121 4541 2360 4611 labores,
2411 4558 2621 4597 memor
2658 4551 2774 4598 esto
2829 4545 3246 4600 resurrectionis
3290 4544 3487 4600 Christi
3520 4562 3533 4599 :
3575 4553 3627 4600 et
3666 4554 3721 4601 te

2123 4644 2246 4684 cum
2274 4645 2340 4684 eo
2369 4630 2437 4699 (si
2466 4630 2608 4686 bene
2638 4631 2999 4703 laboraveris)
3046 4641 3495 4689 resurrecturum.
3530 4633 3717 4704 Spem,

2121 4716 2362 4788 inquam,
2396 4718 2605 4774 habens
2634 4720 2972 4791 resurgendi,
3004 4737 3219 4778 memor
3265 4726 3383 4776 esto
3433 4721 3722 4778 Christum

2121 4806 2313 4861 Iesum
2380 4808 2761 4863 resin-rexisse
2810 4824 2846 4863 a
2887 4811 3154 4865 mortuis.
3212 4809 3370 4864 Solus
3412 4809 3659 4865 Christus
3688 4824 3723 4864 a

2122 4893 2353 4948 mortuis
2400 4895 2741 4950 resurrexit:
2789 4896 2916 4966 quia
2959 4905 3145 4967 postea
3192 4912 3295 4953 nec
3340 4905 3522 4953 actum
3570 4912 3723 4952 mor-

2122 4981 2343 5036 talitatis
2410 4982 2633 5049 habuit,
2685 4998 2787 5039 nec
2867 4986 3006 5039 mori
3054 4986 3265 5055 potuit:
3333 4986 3432 5041 sed
3489 4987 3722 5041 Lazarus

2124 5076 2175 5123 et
2242 5069 2550 5142 quicunque
2613 5072 2942 5138 resuscitati,
3008 5080 3241 5129 mortem
3305 5073 3495 5128 iterum
3570 5073 3721 5144 passi

2124 5164 2266 5211 sunt.

2197 5245 2412 5299 Diceret
2458 5244 2707 5301 fortassis
2753 5248 3065 5305 Timotheus
3099 5266 3112 5302 :
3146 5248 3280 5318 Quia
3338 5251 3487 5305 Deus
3517 5248 3635 5316 fuit,
3668 5257 3723 5304 et

2121 5333 2294 5402 potuit
2323 5350 2632 5409 resurgere.
2667 5336 2869 5391 Contra
2906 5338 3012 5393 hoc
3060 5338 3259 5393 Paulus
3292 5354 3305 5394 :
3340 5338 3724 5394 Resurrexisse

2122 5420 2244 5477 dico
2271 5423 2458 5478 Iesum
2487 5439 2561 5479 ex
2587 5425 2802 5481 semine
2830 5425 3028 5493 David,
3052 5425 3108 5481 id
3139 5434 3224 5483 est
3258 5426 3557 5483 secundum
3578 5426 3725 5499 quod
