3966 6050
270 240 374 294 465

876 239 1252 297 EXPOSITIO
1293 241 1365 295 IN
1401 240 1781 297 EPISTOLAS
1821 242 2043 297 PAULI.
2077 273 2144 282 —
2211 242 2281 298 IN
2312 243 2527 298 EPIST.
2571 244 2618 298 II
2654 244 2749 298 AD
2782 242 2923 297 TIM.

3460 239 3561 296 £66

270 364 430 417 horto
460 363 595 427 fuit;
630 364 759 434 quia
789 364 1087 419 secundum
1118 380 1338 419 carnem
1369 364 1545 419 solum
1573 363 1715 419 ﬁlius
1746 366 1858 419 Da-
1891 367 1938 426 A
1963 366 2430 439 buendo.Negare
2446 366 2699 421 enimDei
2715 374 2797 421 est
2814 367 2953 421 bona
2966 373 3166 421 interna
3180 381 3285 421 non
3301 364 3557 419 tribuere.

272 451 362 506 vid
394 451 509 506 fuit.
560 453 873 507 Resurrexit
905 453 1088 524 utique
1136 453 1445 508 secundum
1500 453 1869 523 Evangelium

272 555 479 604 meum,
514 539 565 593 id
600 548 681 594 est
710 541 1010 596 secundum
1029 540 1173 612 quod
1204 556 1310 612 ego
1332 540 1601 610 praedico;
1636 540 1722 595 cui
1753 556 1868 595 cre-

274 627 512 681 dendum
545 637 645 693 est,
679 628 805 698 quia
826 629 1104 699 apostolus
1141 646 1171 682 a
1220 630 1336 683 Deo
1366 628 1565 682 missus
1596 645 1733 682 sum.
1772 627 1867 682 Vel

273 714 349 768 ita
383 729 395 768 :
430 716 510 769 Ex
541 716 747 770 semine
778 716 951 771 David
977 716 1337 770 fuitChristus
1358 716 1657 771 secundum
1679 716 1867 769 Evan-

273 802 477 873 gelium
505 818 684 857 meum
720 818 732 856 :
774 804 836 857 in
880 820 982 874 quo
1015 803 1136 876 quia
1179 803 1491 869 resurrexit,
1526 803 1869 873 praedicando

275 906 381 961 ego
405 890 593 945 laboro
614 907 787 963 usque
808 892 878 946 ad
902 892 1147 959 vincula.
1172 892 1465 964 Propterea
1483 891 1626 946 enim
1647 891 1773 963 quia
1792 891 1869 946 sic

272 978 532 1048 praedico,
558 978 613 1031 in
649 979 879 1033 vinculis
900 979 1109 1051 positus
1150 979 1515 1051 constringor,
1542 980 1701 1051 quasi
1721 980 1869 1034 male

273 1082 530 1137 operans,
562 1066 800 1122 339
825 1067 877 1121 id
896 1068 1151 1139 estquasi
1189 1067 1559 1137 deprehensus
1598 1068 1651 1120 in
1686 1068 1869 1138 aliquo

274 1154 521 1208 crimine.
561 1154 731 1222 Quasi
766 1156 971 1211 diceret
1003 1174 1015 1210 :
1054 1157 1123 1210 Et
1146 1171 1362 1225 pugnam
1389 1155 1585 1225 patior,
1622 1156 1694 1223 (et
1726 1155 1868 1225 quod

273 1242 507 1312 amplius
530 1246 741 1315 gravat)
765 1244 1079 1315 opprobria.
1108 1245 1163 1299 Si
1188 1245 1330 1299 enim
1369 1251 1613 1314 putarent
1643 1260 1729 1298 me
1760 1244 1870 1314 pati

273 1346 374 1400 pro
399 1330 627 1398 justitia,
663 1331 855 1387 solatio
902 1332 1034 1386 mihi
1090 1332 1270 1387 fieret.
1341 1334 1406 1386 Et
1437 1348 1541 1404 ego
1572 1331 1789 1403 quidem
1816 1332 1871 1385 in

272 1418 504 1473 vinculis
528 1426 716 1474 teneor
737 1421 862 1475 :sed
892 1422 1119 1476 verbum
1141 1422 1240 1476 Dei
1268 1437 1381 1475 non
1415 1424 1498 1475 est
1526 1421 1827 1490 alligatum
1851 1439 1868 1474 :

276 1504 398 1577 quia
422 1506 583 1560 etiam
603 1507 655 1560 in
679 1507 907 1563 vinculis
927 1507 1189 1579 praedico.
1212 1507 1347 1562 Vide
1369 1507 1551 1579 igitur,
1574 1523 1642 1561 ne
1664 1516 1713 1560 et
1736 1508 1789 1561 in
1820 1514 1870 1561 te

273 1594 439 1649 timor
467 1594 654 1668 alliget
684 1597 910 1652 verbum
942 1598 1059 1652 Dei.
1091 1597 1299 1651 Memor
1337 1612 1458 1651 esse
1507 1596 1676 1651 debes
1708 1596 1869 1650 Chri-

2043 454 2256 509 Diceret
2285 454 2534 509 fortassis
2582 456 2895 509 Timotheus
2930 470 2941 508 :
2976 454 3295 509 Incredibile
3324 452 3556 517 videtur,

1971 542 2115 613 quod
2146 544 2290 596 Deus
2320 551 2539 613 propter
2568 552 2850 613 peccatum
2880 543 3113 615 abneget
3133 559 3251 597 eum
3278 541 3368 612 qui
3399 539 3560 594 ﬁdem

1973 630 2021 684 ei
2051 630 2334 685 confessus
2369 631 2456 685 sit.
2493 632 2694 686 Contra
2723 632 2826 686 hoc
2876 630 3073 685 Paulus
3107 646 3117 684 :
3153 631 3207 685 Si
3239 646 3348 684 non
3380 628 3560 685 credi-

1970 734 2090 772 mus
2122 718 2266 790 quod
2297 726 2587 790 negantem
2620 735 2679 774 se
2705 721 2773 773 sit
2828 727 3121 791 negaturus
3151 719 3317 781 Deus,
3352 718 3451 772 ille
3472 723 3560 770 ta-

1969 822 2092 860 men
2123 812 2422 877 permanet
2450 808 2652 875 ﬁdelis,
2684 807 2738 861 id
2769 815 2849 862 est
2881 823 3042 861 verax
3073 814 3122 860 et
3153 804 3449 869 credibilis,
3474 802 3564 875 qui

1970 894 2090 948 ait:
2129 915 2150 943 «
2214 893 2314 962 Qui
2374 895 2645 949 erubuerit
2685 911 2772 948 me
2829 910 3011 949 coram
3068 893 3396 958 hominibus,
3456 906 3561 961 ego

1970 982 2293 1037 erubescam
2345 998 2467 1037 eum
2513 998 2697 1037 coram
2748 983 2905 1036 Patre
2928 996 3050 1036 meo
3081 982 3235 1052 (Luc.
3269 996 3349 1050 ix,
3382 980 3494 1049 26).
3534 1003 3555 1025 η

1972 1069 2060 1125 Sic
2091 1079 2269 1124 autem
2298 1070 2786 1139 permanetﬁdelis,
2811 1069 2953 1140 quod
2969 1069 3303 1140 impossibile
3326 1076 3408 1123 est
3437 1083 3561 1121 eum

1968 1174 2079 1213 non
2100 1174 2353 1213 veracem
2376 1173 2517 1212 esse.
2544 1159 2661 1213 Non
2686 1158 2828 1213 enim
2849 1161 3031 1228 potest
3054 1174 3259 1229 negare
3288 1161 3557 1228 seipsum,

1969 1247 2023 1300 id
2054 1254 2136 1301 est
2192 1262 2250 1300 se
2282 1262 2403 1300 esse
2465 1247 2635 1300 Deum
2670 1264 2683 1299 :
2717 1246 2762 1299 si
2802 1246 2941 1299 enim
3000 1245 3336 1306 mentiretur,
3378 1244 3562 1315 utique

1970 1336 2117 1389 Deus
2148 1350 2256 1388 non
2283 1341 2447 1388 esset.
2480 1336 2609 1398 Hoc,
2659 1333 2883 1400 scilicet,
2916 1341 2973 1387 ut
3003 1331 3375 1388 commoriaris
3406 1331 3560 1386 Chri-

1970 1430 2074 1488 sto,
2107 1431 2159 1477 et
2182 1422 2257 1477 sic
2289 1422 2490 1477 doceas
2518 1421 2653 1476 alios
2675 1438 2770 1492 spe
2799 1421 3124 1477 convivendi
3157 1421 3280 1491 ipsi,
3320 1436 3562 1477 commo-

1970 1528 2094 1579 neo,
2125 1515 2179 1566 te
2212 1511 2543 1579 testiﬁcans,
2578 1510 2681 1565 hoc
2711 1510 2805 1563 tibi
2834 1526 3024 1565 coram
3059 1511 3187 1574 Deo,
3223 1524 3291 1563 ne
3332 1507 3562 1578 amplius
3606 1524 3607 1527 ‘

1971 1600 2215 1669 requirat
2250 1600 2397 1653 Deus
2429 1597 2749 1670 sanguinem
2779 1598 3045 1652 Timothei
3074 1597 3142 1652 de
3170 1613 3333 1661 manu
3390 1594 3558 1649 Pauli.

275 1690 417 1737 stum
448 1684 753 1739 surrexisse
790 1700 803 1738 :
837 1684 965 1755 quia
1018 1684 1139 1739 ideo
1169 1684 1314 1755 quod
1346 1700 1555 1739 memor
1584 1701 1723 1752 sum,
1756 1684 1865 1739 sci-
1898 1720 1949 1777 Β
1971 1688 2034 1741 Et
2052 1686 2175 1741 licet
2206 1694 2257 1741 te
2283 1693 2429 1740 tanta
2446 1685 2781 1740 districtione
2810 1701 3202 1751 commoneam,
3232 1693 3411 1739 tamen
3442 1684 3565 1738 noli

274 1773 400 1828 licet
448 1772 870 1828 resurrectionis
901 1772 1065 1835 illius,
1099 1773 1262 1827 credo
1291 1789 1358 1826 ne
1386 1781 1813 1827 resurrecturum
1851 1787 1863 1826 :

275 1882 376 1937 per
405 1880 549 1928 eum,
580 1862 831 1916 sustineo
863 1864 1053 1917 omnia
1085 1860 1300 1915 vincula
1347 1869 1396 1914 et
1425 1860 1733 1931 opprobria.
1768 1860 1864 1914 Di-

275 1961 428 2011 ceret
481 1950 675 2022 aliquis
710 1968 722 2003 :
757 1949 933 2004 Etiam
965 1949 1010 2002 si
1040 1950 1155 2005 haec
1211 1966 1319 2003 non
1352 1949 1670 2014 sustineres,
1704 1966 1865 2002 mun-

277 2043 410 2097 ditia
440 2041 564 2095 vita:
610 2046 662 2094 et
693 2037 828 2093 ﬁdes
885 2053 1014 2091 sana
1065 2035 1357 2093 sufﬁceret.
1392 2037 1585 2091 Contra
1615 2038 1718 2092 hoc
1748 2037 1823 2091 ait
1851 2051 1863 2091 :

275 2133 538 2188 Sustineo
569 2127 757 2200 utique
812 2130 1045 2199 prapter
1070 2127 1273 2181 electos
1302 2125 1401 2179 Dei
1434 2125 1721 2179 salvandos
1755 2142 1768 2178 :
1804 2128 1867 2179 ut

276 2223 333 2274 et
349 2221 461 2290 ipsi
483 2215 757 2289 praeelecti
786 2231 815 2268 a
834 2216 949 2268 Deo
967 2217 1386 2284 consequantur
1414 2214 1679 2278 salutem,
1704 2212 1757 2266 id
1788 2220 1868 2266 est

270 2305 714 2376 justiticationem
745 2318 777 2357 a
806 2302 1047 2373 peccatis
1077 2301 1132 2355 in
1160 2300 1435 2372 praesenti,
1460 2318 1582 2373 qua:
1610 2300 1756 2354 salus
1786 2304 1869 2356 est

280 2397 344 2450 in
374 2394 593 2449 Christo
622 2394 772 2448 Jesu.
803 2392 1234 2461 Consequentur,
1268 2389 1507 2460 inquam,
1540 2390 1679 2444 hanc
1718 2390 1867 2443 salu-

276 2491 382 2538 tem
415 2498 543 2538 cum
574 2481 782 2537 cazlesti
801 2480 983 2551 gloria
1016 2498 1033 2533 :
1064 2478 1186 2549 quia
1219 2494 1315 2549 per
1337 2477 1711 2533 remissionem
1734 2492 1869 2547 pec-

275 2578 543 2636 catorum,
569 2584 689 2641 qua}
710 2568 797 2623 hic
820 2567 895 2633 fit,
920 2566 1233 2637 pervenitur
1249 2566 1317 2619 ad
1334 2573 1593 2619 aeternam
1613 2565 1865 2636 gloriam.

276 2661 377 2716 Hic
408 2668 583 2713 autem
644 2673 826 2713 sermo
887 2672 1047 2726 quem
1096 2654 1225 2719 dixi,
1271 2654 1623 2708 laborandum
1663 2654 1869 2709 scilicet

275 2764 400 2803 esse
430 2765 527 2818 spe
584 2743 1024 2807 resurrectionis,
1056 2743 1241 2811 ﬁdelis
1271 2751 1352 2796 est
1375 2751 1425 2795 et
1456 2743 1594 2797 bene
1627 2741 1868 2797 credibi-

271 2836 362 2890 lis.
397 2835 579 2890 Fidele
612 2842 694 2889 est
722 2834 904 2905 utique
935 2840 987 2886 et
1016 2832 1153 2886 bene
1192 2829 1454 2885 credibile
1490 2847 1502 2883 :
1537 2829 1679 2900 quod
1713 2830 1758 2883 si
1786 2830 1869 2885 le-

272 2924 462 2997 gitime
512 2923 760 2991 laboras,
808 2936 1065 2992 resurges
1114 2918 1575 2990 quemadmodum
1606 2918 1866 2973 Christus.

270 3014 413 3069 Nam
434 3015 487 3067 si
516 3028 711 3067 sumus
741 3009 1097 3075 commortui,
1129 3007 1573 3077 derelinquentes
1605 3014 1757 3061 actus
1778 3022 1871 3061 ve-

1970 1774 2305 1830 contendere
2327 1774 2523 1840 verbis,
2549 1773 2903 1829 immoderate
2925 1773 3172 1828 docendo
3195 1772 3339 1843 quod
3368 1772 3559 1826 doceo.

1970 1863 2070 1917 Vel
2097 1862 2166 1916 ita
2201 1880 2214 1916 :
2245 1863 2373 1928 Hoc,
2432 1861 2485 1915 id
2514 1870 2595 1916 est
2654 1861 3119 1916 commoriendum
3165 1876 3289 1915 esse
3348 1859 3562 1914 Christo

1969 1967 2066 2020 spe
2094 1950 2448 2018 convivendi,
2482 1965 2769 2007 commone
2808 1950 2975 2014 alios,
3014 1948 3307 2004 testiiicans
3338 1947 3453 2002 hac
3483 1947 3562 2001 eis

1970 2054 2150 2095 coram
2180 2041 2294 2093 Deo
2328 2054 2339 2091 :
2376 2055 2443 2092 ne
2473 2038 2693 2108 sanguis
2752 2054 2938 2093 eorum
2961 2037 3029 2092 de
3059 2053 3223 2091 manu
3254 2044 3343 2089 tua
3374 2036 3561 2106 requi-

1973 2136 2136 2182 ratur.
2170 2128 2238 2181 Et
2266 2127 2320 2180 in
2370 2126 2767 2181 commonendo
2798 2127 2921 2180 noli
2974 2124 3309 2180 contendere
3361 2124 3559 2189 verbis,

1969 2216 2040 2271 ad
2060 2215 2209 2271 nihil
2231 2217 2383 2270 enim
2406 2216 2548 2269 utile
2564 2218 2647 2269 est
2672 2213 2908 2285 litigare,
2927 2214 3040 2267 nisi
3061 2212 3132 2267 ad
3149 2213 3562 2268 subversionem

1970 2305 2327 2359 audientum.
2373 2303 2429 2358 Si
2462 2301 2605 2357 enim
2660 2301 2979 2372 insipientes
3038 2301 3261 2355 audiunt
3289 2299 3562 2371 quoslibet

1969 2392 2201 2463 litigare,
2232 2407 2327 2446 eos
2357 2392 2447 2462 qui
2475 2391 2651 2462 magis
2705 2389 2930 2445 clamosi
2961 2397 3103 2455 sunt,
3155 2396 3339 2459 putant
3361 2388 3560 2456 justio-

1971 2497 2085 2535 rem
2117 2496 2338 2535 causam
2368 2480 2591 2534 habere.
2638 2479 2935 2533 Stultorum
2966 2486 3046 2533 est
3077 2478 3221 2532 enim
3253 2476 3429 2531 stultis
3458 2477 3559 2530 ad-

1970 2570 2194 2623 haerere.
2230 2568 2284 2622 Si
2318 2584 2448 2622 vero
2479 2576 2671 2622 neuter
2698 2567 3023 2637 litigantium
3071 2566 3307 2621 clamore
3338 2580 3562 2635 supera-

1971 2656 2125 2722 verit,
2152 2655 2389 2711 340
2406 2656 2651 2710 dubitant
2670 2655 2962 2725 simplices,
2978 2654 3084 2709 utri
3100 2653 3274 2725 magis
3290 2653 3563 2707 adhaeren-

1969 2745 2099 2799 dum
2132 2745 2218 2799 sit.
2254 2745 2379 2800 Noti
2408 2744 2745 2800 contendere
2772 2763 2788 2797 :
2819 2744 2916 2798 sed
2956 2743 3198 2798 sollicite
3230 2758 3368 2798 cura
3398 2741 3563 2797 exhi-

1971 2834 2095 2888 bere
2120 2834 2363 2905 teipsum
2380 2840 2567 2897 totum,
2593 2841 2644 2887 et
2664 2847 2895 2902 corpore
2926 2839 2979 2885 et
3000 2830 3181 2885 animo
3196 2830 3557 2902 probabilem,

1970 2921 2024 2976 id
2058 2929 2141 2975 est
2167 2920 2498 2975 laudabilem
2516 2922 2649 2975 Deo.
2687 2921 2750 2974 Ut
2770 2927 2948 2974 autem
2971 2919 3045 2972 sis
3065 2917 3379 2989 probabilis,
3403 2933 3562 2987 Opor-

1971 3017 2044 3064 tet
2073 3018 2123 3064 te
2154 3026 2276 3064 esse
2332 3010 2653 3079 operarium
2702 3008 3163 3077 inconfusibilem
3208 3026 3226 3061 :
3273 3005 3419 3076 quod
3449 3021 3558 3059 non

268 3101 406 3156 teris
436 3100 670 3154 hominis
700 3099 849 3162 Adae,
911 3099 1267 3151 convivemus
1325 3095 1487 3151 etiam
1545 3110 1669 3151 cum
1726 3095 1865 3165 ipso,
1903 3069 2264 3153 Cerubescas
2296 3097 2587 3167 prmdicare
2619 3112 2839 3152 crucem
2873 3095 3091 3160 Christi,
3133 3101 3237 3149 etc.
3260 3095 3347 3161 _Et
3384 3097 3556 3160 recte,

274 3189 401 3245 facti
430 3187 798 3259 impassibiles
828 3193 880 3240 et
908 3184 1243 3240 immortales
1272 3191 1326 3238 ut
1342 3183 1464 3250 ille;
1498 3183 1747 3237 Christus
1767 3184 1869 3237 uti-

272 3294 379 3349 que
411 3275 648 3348 quandiu
680 3275 733 3328 in
763 3274 963 3329 mundo
994 3280 1346 3329 conversatus
1376 3279 1476 3337 est,
1498 3280 1650 3327 actus
1679 3287 1869 3326 omnes

268 3364 472 3420 veteris
502 3362 737 3417 hominis
786 3370 1004 3432 (praeter
1034 3363 1339 3431 peccatum)
1371 3360 1578 3415 habuit.
1632 3360 1870 3414 Esurivit

269 3453 415 3509 enim
447 3453 667 3523 (Matth.
702 3453 803 3520 iv),
837 3450 998 3505 sitivit
1029 3452 1189 3505 Joan.
1224 3450 1369 3517 χιχ),
1397 3448 1655 3521 fatigatus
1678 3455 1779 3512 est,
1813 3456 1870 3502 ut

271 3550 418 3613 patet
440 3542 494 3594 in
510 3539 812 3610 Evangelio
859 3539 1083 3594 Joannis
1114 3540 1297 3606 (Joan.
1331 3554 1407 3602 tv,
1444 3538 1518 3606 6),
1552 3537 1619 3591 ad
1648 3545 1870 3607 puteum

270 3647 394 3686 cum
427 3630 735 3684 Chananaza
767 3628 949 3697 (Joan.
984 3629 1062 3696 iv)
1080 3627 1313 3697 loquens
1343 3624 1433 3697 qui
1465 3641 1593 3680 vere
1625 3624 1870 3680 mortalis

279 3727 330 3772 et
354 3716 629 3789 passibilis
652 3724 784 3771 erat.
812 3715 919 3770 Sed
940 3722 1231 3786 postquam
1253 3722 1479 3767 mortem
1498 3729 1595 3783 pro
1617 3712 1871 3767 omnibus

267 3807 508 3879 pertulit,
545 3821 719 3876 neque
750 3820 965 3857 manum
989 3847 1001 3867 ,
1035 3818 1212 3872 neque
1244 3802 1457 3872 pedem,
1492 3802 1559 3855 ad
1589 3809 1739 3855 actus
1770 3816 1868 3855 ve-

268 3896 399 3951 teris
423 3894 655 3949 hominis
686 3892 925 3947 extendit
952 3909 965 3945 :
990 3890 1162 3945 factus
1189 3890 1542 3961 impassibilis
1573 3897 1623 3943 et
1646 3888 1869 3943 immor-

267 3984 413 4039 talis.
439 3982 493 4037 Si
518 3998 645 4038 vero
667 3997 766 4035 nos
784 3980 1167 4035 commorimur
1198 3979 1246 4034 ei
1267 3979 1324 4031 in
1350 3979 1695 4048 baptismate,
1726 3976 1870 4047 quod

268 4073 324 4127 in
368 4087 531 4127 cruce
561 4070 629 4124 ad
646 4068 1087 4137 justiticationem
1106 4066 1384 4121 hominum
1405 4065 1762 4129 consecravit,
1784 4063 1869 4118 ef-

270 4161 505 4215 fundens
527 4175 721 4229 aquam
752 4158 821 4211 de
843 4158 1007 4211 latere
1032 4171 1148 4220 suo,
1183 4162 1233 4209 ct
1248 4153 1522 4222 justilicati
1554 4170 1651 4223 per
1674 4153 1872 4223 baptis-

274 4264 419 4303 mum
442 4246 665 4302 ulterius
695 4246 763 4299 ad
795 4252 948 4300 actus
979 4242 1177 4298 veteris
1209 4242 1463 4306 hominis,
1484 4242 1537 4295 id
1568 4249 1648 4296 est
1679 4242 1747 4295 ad
1777 4240 1872 4294 mi-

271 4337 443 4393 serias
466 4334 691 4406 peccati,
713 4350 905 4387 sensus
923 4340 1139 4386 nostros
1157 4346 1264 4384 non
1283 4330 1695 4385 extenderemus
1715 4347 1727 4383 :
1745 4345 1870 4384 con-

1967 3186 2021 3240 id
2053 3194 2134 3240 est
2164 3186 2279 3239 sine
2311 3185 2654 3240 contentione
2678 3225 2692 3249 ,
2727 3199 2850 3238 cum
2880 3183 3026 3237 omni
3056 3181 3347 3247 modestia,
3410 3185 3560 3236 trac-

1971 3278 2189 3329 tantem
2215 3274 2440 3328 verbum
2462 3273 2739 3327 veritatis.
2764 3273 2829 3327 Ut
2846 3279 3023 3326 autem
3061 3278 3208 3325 recte
3231 3285 3397 3339 queas
3413 3276 3560 3323 trac-

1970 3370 2082 3417 tare
2119 3360 2344 3416 verbum
2373 3361 2492 3425 Dci,
2527 3360 2714 3415 devita
2740 3362 3004 3431 profana,
3030 3359 3084 3412 id
3116 3367 3198 3414 est
3226 3358 3317 3412 illa
3348 3357 3561 3428 penitus

1970 3449 2351 3505 abominanda.
2385 3447 2573 3503 Devita
2594 3448 2754 3502 etiam
2776 3447 3149 3518 inaniloquia,
3172 3446 3225 3500 id
3244 3454 3323 3499 est
3354 3461 3475 3517 qua:
3514 3444 3560 3498 si

1970 3554 2076 3592 non
2096 3538 2170 3592 ita
2191 3536 2418 3607 profana
2441 3544 2582 3603 sunt,
2607 3535 2811 3589 inutilia
2830 3543 3011 3589 tamen
3028 3542 3171 3588 sunt.
3198 3534 3389 3587 Devita
3413 3532 3557 3597 ideo,

1971 3626 2101 3698 quia
2123 3626 2238 3680 haec
2254 3624 2435 3679 inania
2458 3626 2621 3679 verba
2641 3624 2888 3679 multum
2908 3622 3204 3694 proﬁcient
3223 3621 3293 3675 ad
3309 3620 3564 3690 impieta-

1973 3719 2083 3769 tem
2104 3713 2539 3784 persuadendam
2562 3716 2647 3768 :et
2664 3728 2846 3767 sermo
2875 3727 3087 3776 eorum,
3121 3709 3299 3763 inania
3328 3707 3561 3779 loquen-

1972 3801 2121 3869 tium,
2136 3802 2310 3873 serpit
2331 3800 2593 3871 paulatim
2611 3805 2673 3855 ut
2697 3816 2919 3867 cancer,
2936 3799 3027 3870 qui
3048 3798 3273 3853 morbus
3289 3795 3564 3867 paululum

1972 3890 2154 3945 carnis
2184 3889 2411 3960 primum
2443 3896 2693 3958 occupat,
2728 3888 2826 3942 sed
2857 3886 3114 3957 paulatim
3147 3885 3322 3955 magis
3350 3900 3413 3939 ac
3442 3900 3563 3937 ma-

1971 3978 2057 4049 gis
2104 3985 2503 4049 augmentatur,
2554 3977 2728 4031 donec
2775 3975 3002 4031 occidat.
3064 3976 3131 4029 Et
3188 3975 3267 4029 sic
3322 3972 3563 4028 hazrctici

1970 4066 2120 4136 prius
2150 4065 2341 4120 callide
2370 4065 2665 4130 inducunt,
2700 4063 2846 4135 quod
2893 4080 2994 4119 nec
3034 4064 3298 4134 prodesse
3329 4078 3430 4118 nec
3460 4078 3563 4117 no-

1971 4170 2097 4209 cere
2126 4154 2393 4219 videatur,
2431 4161 2482 4208 et
2512 4152 2707 4207 dehinc
2738 4152 3058 4206 alternando
3081 4150 3336 4216 rationes,
3363 4150 3567 4204 sensim

1970 4242 2025 4296 in
2055 4242 2342 4296 maximam
2385 4241 2635 4296 haeresim
2666 4240 2927 4295 excrescit
2958 4238 3201 4293 doctrina
3233 4253 3443 4292 eorum.
3477 4239 3565 4292 Ex

1972 4332 2168 4403 quibus
2188 4329 2491 4399 vaniloquis
2526 4334 2612 4384 est
2653 4330 3006 4400 Hymenaeus,
3040 4329 3095 4381 et
3145 4326 3424 4394 Philetas,
3470 4325 3566 4397 qui

276 4427 521 4481 vivemus
552 4422 629 4476 illi
664 4437 674 4475 :
709 4420 836 4477 facti
867 4436 991 4475 cum
1021 4434 1087 4475 eo
1119 4417 1486 4489 impassibiles
1518 4426 1569 4471 et
1600 4417 1943 4481 immorta—D
1974 4418 2315 4474 exciderunt
2343 4435 2377 4472 a
2407 4418 2648 4472 veritate
2678 4414 2825 4470 ﬁdei.

276 4513 377 4568 les.
402 4512 458 4566 Si
477 4527 607 4566 vero
626 4510 785 4578 hujus
806 4509 998 4564 mortis
1018 4508 1306 4578 participes
1330 4522 1437 4560 non
1458 4505 1738 4570 fuerimus,
1772 4520 1874 4561 nec

276 4601 398 4657 vita:
446 4600 561 4668 ejus
618 4597 1083 4669 participabimur.
1120 4596 1177 4651 Si
1207 4594 1548 4650 solummodo
1579 4594 1873 4649 commori-

274 4705 397 4742 mur
428 4688 477 4742 ei
512 4703 523 4741 :
559 4686 803 4741 vivemus
831 4702 953 4740 cum
985 4700 1069 4739 eo.
1105 4684 1162 4738 Si
1192 4699 1322 4739 vero
1370 4682 1538 4753 (quod
1566 4682 1738 4749 majus
1769 4681 1874 4752 est)

276 4776 711 4839 sustinebimus,
761 4781 817 4828 ut
874 4781 1165 4842 martyres,
1227 4772 1421 4842 quibus
1469 4770 1607 4825 mori
1637 4769 1875 4840 peccatis

277 4880 388 4919 non
423 4863 552 4917 satis
574 4862 689 4928 fuit,
715 4862 812 4916 sed
833 4876 933 4931 pro
948 4860 1152 4929 justitia
1175 4859 1457 4914 voluerunt
1479 4858 1589 4928 pati
1615 4876 1627 4911 :
1653 4874 1751 4912 nos
1781 4857 1875 4911 uti-

278 4969 383 5023 que
414 4951 539 5023 quia
593 4949 1001 5017 sustinebimus,
1041 4948 1527 5019 conregnabimus,
1562 4946 1615 5000 id
1654 4954 1733 5000 est
1766 4961 1872 4999 non

276 5040 451 5095 solum
483 5039 747 5103 vivemus,
774 5038 871 5092 sed
904 5038 1067 5092 etiam
1125 5036 1306 5106 palma
1337 5043 1389 5090 et
1421 5035 1642 5106 quidam
1677 5034 1873 5088 trium-

276 5125 416 5193 phus
449 5121 540 5177 fiet
579 5122 735 5177 nobis
765 5138 862 5191 pro
883 5121 1145 5193 dignitate
1167 5119 1431 5189 martyrii.
1459 5119 1604 5175 Licet
1622 5119 1874 5173 omnibus

278 5228 401 5266 esse
431 5227 553 5267 cum
588 5210 800 5264 Christo
849 5208 1090 5273 sufficiat,
1128 5216 1309 5263 tamen
1338 5208 1390 5261 in
1423 5208 1512 5261 illa
1542 5207 1876 5261 beatitudine

278 5300 638 5355 discretiones
667 5306 788 5353 sunt
819 5297 1157 5368 dignitatum.
1193 5296 1330 5350 Vere
1380 5296 1423 5349 si
1469 5295 1871 5362 commorimur,

276 5390 632 5444 convivemus
652 5407 668 5441 :
688 5386 815 5457 quia
837 5386 887 5440 si
916 5385 1303 5456 negaverimus
1335 5385 1505 5437 Deum
1527 5425 1539 5445 ,
1565 5382 1702 5436 male
1716 5398 1875 5452 agen-

277 5477 349 5535 do
375 5494 387 5537 :
416 5477 518 5532 ille
543 5476 703 5531 etiam
740 5474 963 5550 negabit
982 5490 1103 5544 nos,
1128 5472 1293 5529 vitam
1326 5480 1583 5531 aeternam
1620 5486 1723 5525 non
1773 5470 1875 5525 tri-

2046 4504 2379 4561 Determinat
2412 4521 2532 4575 quas
2561 4504 2627 4558 sit
2656 4502 2883 4560 haeresis
2914 4519 3121 4569 eorum,
3154 4510 3208 4557 ut
3237 4501 3283 4556 si
3312 4500 3450 4556 forte
3472 4517 3565 4556 ve-

1974 4594 2153 4649 nerint
2175 4594 2241 4647 ad
2275 4594 2631 4659 Timotheum,
2664 4600 2968 4663 praecaveat
3017 4591 3119 4645 sibi
3153 4609 3167 4644 :
3198 4590 3449 4646 dicentes
3479 4605 3564 4643 re-

1974 4682 2385 4738 surrectionem
2407 4682 2528 4751 jam
2559 4697 2675 4737 esse
2711 4683 2949 4751 factam,
3002 4679 3085 4735 vel
3124 4678 3176 4733 in
3208 4678 3291 4731 his
3322 4677 3412 4749 qui
3442 4692 3565 4731 cum

1977 4770 2191 4825 Christo
2213 4778 2586 4834 surrexerunt,
2612 4768 2697 4824 vel
2724 4768 2779 4822 in
2800 4768 3087 4838 baptismo,
3110 4767 3163 4820 in
3194 4781 3298 4837 quo
3328 4781 3361 4819 a
3391 4772 3565 4818 morte

1975 4859 2181 4929 peccati
2227 4858 2295 4911 ad
2336 4857 2501 4912 vitam
2559 4857 2811 4912 virtutum
2871 4855 3224 4927 resurgimus.
3285 4853 3381 4907 Illa
3419 4852 3566 4907 enim

1976 4947 2115 5000 trina
2145 4945 2454 5011 immersio,
2517 4944 2851 5015 sepulturam
2886 4943 3082 5000 Christi
3114 4942 3277 4997 trium
3307 4942 3522 4996 dierum
3553 4956 3568 4997 :

1976 5035 2205 5090 clevatio
2236 5050 2392 5099 vero,
2454 5033 2906 5089 resurrectionem
2937 5031 3132 5087 Christi
3178 5030 3464 5101 signiﬁcat.
3500 5030 3571 5085 Et

1976 5123 2054 5179 sic
2082 5123 2325 5178 dicentes
2355 5121 2689 5176 subvertant
2711 5122 2877 5189 ﬁdem
2907 5120 3296 5192 quorumdam.
3322 5120 3427 5175 Sed
3446 5119 3570 5174 licet

1976 5212 2051 5266 illi
2091 5211 2423 5275 subvertant,
2458 5217 2636 5264 tamen
2665 5210 3112 5279 fundamentum
3144 5209 3263 5276 Dei,
3315 5207 3370 5261 id
3400 5214 3484 5260 est
3512 5207 3567 5259 in

1977 5300 2173 5371 quibus
2195 5299 2331 5354 ﬁdes
2364 5300 2501 5353 bene
2534 5297 2755 5352 fundata
2794 5301 2897 5362 est,
2933 5304 2985 5351 et
3018 5296 3111 5368 qui
3141 5312 3169 5349 e
3214 5311 3481 5349 converso
3514 5295 3569 5347 in

1977 5386 2082 5443 fide
2113 5405 2210 5458 per
2254 5389 2425 5442 Deum
2473 5385 2681 5441 fundati
2713 5394 2836 5439 sunt
2871 5403 2883 5438 :
2919 5385 3042 5450 hoc,
3088 5384 3326 5454 inquam,
3361 5383 3572 5453 [unda-

1978 5481 2233 5532 mentum
2256 5484 2333 5531 est
2353 5476 2583 5545 ﬁrmum
2601 5474 2807 5529 habens
2822 5474 3204 5545 signaculum.
3231 5472 3345 5527 Hoc
3367 5470 3569 5526 dictum
