3966 6050
441 216 545 269 467

939 214 994 269 S.
1055 213 1409 269 BRUNONIS
1467 211 2111 268 CARTHUSIANORUM
2169 211 2656 269 INSTITUTORIS
2714 210 2864 267 OPP.
2924 212 3100 269 PARS
3156 213 3224 266 II.

3624 215 3731 268 L68

443 346 525 392 est
555 355 583 392 a
619 338 970 393 similitudine
1001 338 1207 392 strenui
1241 338 1413 404 ducis,
1448 337 1541 408 qui
1571 337 1787 407 signum
1816 337 1907 390 dat
1929 336 2037 390 mi-
2066 338 2121 397 A
2142 336 2407 392 scendam
2427 339 2727 392 veritatem
2750 335 2875 391 fidei
2911 354 2925 391 ε
2958 344 3011 391 et
3040 336 3226 409 agnita
3248 335 3374 393 ﬁdei
3402 337 3625 394 veritate
3646 355 3730 395 re-

440 426 625 480 litibus
656 426 787 491 suis,
823 443 929 499 quo
960 426 1182 482 discreti
1212 426 1343 480 fiant
1393 427 1457 479 ab
1488 426 1628 480 aliis.
1664 425 1754 480 Sic
1784 426 1930 479 Deus
1962 424 2040 478 si-

442 522 570 587 gnat
601 530 730 569 suos
761 523 835 583 ut,
894 514 1013 570 viso
1071 515 1252 586 signo,
1302 514 1554 568 diabolus
1610 521 1892 583 praetereat
1922 529 2036 577 eos,

444 602 623 657 sciens
654 602 786 655 nihil
818 602 921 656 sibi
952 618 1075 657 esse
1108 618 1231 657 cum
1279 602 1406 656 illis.
1441 602 1669 672 Signum
1724 609 1904 656 autem
1938 600 2041 656 hoc

444 699 525 746 est
560 707 572 744 :
612 693 873 763 Cognovit
904 693 1176 746 Dominus
1207 691 1302 762 qui
1341 694 1478 745 sunt
1513 693 1634 761 ejus
1659 711 1677 756 ;
1708 692 1811 745 hoc
1839 689 2039 743 Paulus

441 795 508 833 ex
538 788 694 849 parte
728 795 827 832 sua
849 779 1017 848 ponit,
1054 777 1367 849 significans
1400 778 1723 833 electionem
1746 778 1845 833 Dei
1874 778 1929 831 in
1945 778 2038 846 ju-

440 868 557 937 stis,
590 868 811 922 dicens:
844 868 1115 922 Dominus
1147 870 1400 938 cognovit
1430 867 1497 920 ab
1526 875 1728 921 aeterno
1753 866 1843 938 qui
1873 865 2039 920 futuri

436 960 573 1011 sunt
604 959 750 1027 ejus.
791 956 905 1010 Hoc
934 963 1111 1009 autem
1146 971 1381 1025 sequens
1413 954 1604 1008 Isaiam
1623 954 1720 1008 ait.
1752 956 1940 1024 Agens
1971 954 2040 1008 de

436 1051 701 1114 potestate
733 1044 889 1097 liberi
910 1043 1119 1097 arbitrii
1141 1043 1329 1100 dicens
1356 1057 1367 1095 :
1392 1043 1653 1097 Discedat
1673 1043 1851 1097 omnis
1874 1043 2037 1096 homo

437 1132 528 1202 qui
556 1141 747 1201 potens
781 1140 862 1185 est
893 1148 991 1201 per
1020 1132 1329 1185 libertatem
1359 1130 1565 1184 arbitrii
1590 1139 1641 1185 et
1677 1132 1769 1201 qui
1812 1132 2037 1186 invocat

434 1237 640 1275 nomen
680 1222 905 1275 Domini
938 1220 1044 1273 fide
1076 1227 1129 1273 et
1160 1235 1347 1289 opere,
1386 1220 1451 1273 ab
1484 1221 1807 1291 iniquitate.
1844 1219 2035 1273 Divina

436 1308 701 1362 electione
733 1316 784 1361 et
824 1308 1037 1361 lilibero
1069 1307 1290 1361 arbitrio
1313 1349 1325 1371 ,
1360 1307 1503 1377 quod
1534 1324 1633 1376 per
1678 1307 1822 1360 bona
1868 1322 2037 1376 opera

438 1398 671 1451 occurrit
689 1396 886 1449 divinze
909 1395 1179 1450 electioni.
1205 1395 1299 1448 His
1323 1395 1535 1449 duobus
1559 1395 1757 1467 signati
1780 1403 1923 1463 sunt,
1944 1396 2036 1467 qui

436 1485 490 1538 in
517 1485 723 1554 justitia
754 1491 876 1537 sunt
906 1484 1263 1553 permansuri.
1323 1485 1470 1537 Deus
1518 1484 1659 1537 enim
1715 1483 1793 1538 sic
1844 1500 2036 1537 unum-

433 1588 704 1643 quemque
759 1572 990 1626 electum
1028 1571 1275 1641 praevidit
1321 1570 1557 1625 futurum
1591 1572 1820 1640 bonum,
1878 1580 1934 1625 ut
1983 1578 2037 1625 et

434 1676 601 1730 opera
632 1661 770 1714 bona
793 1660 952 1713 simul
974 1660 1028 1712 in
1058 1676 1123 1713 eo
1147 1659 1492 1729 praevideret.
1515 1660 1834 1730 Quicunque
1856 1668 2034 1713 autem
2055 1691 2107 1749 Β

435 1749 696 1803 electione
724 1748 821 1803 Dei
852 1756 904 1801 et
928 1748 1082 1802 bonis
1114 1748 1373 1817 operibus
1394 1748 1549 1802 liberi
1568 1748 1779 1801 arbitrii
1811 1748 2035 1818 signan-

436 1845 540 1905 tur,
576 1836 673 1891 Dei
696 1835 846 1890 fiunt.
880 1837 961 1891 Ne
993 1844 1176 1890 tamen
1204 1836 1327 1890 ideo
1348 1837 1581 1901 mireris,
1609 1836 1653 1889 si
1673 1836 1726 1889 in
1749 1836 1913 1891 domo
1936 1836 2035 1891 Dei

434 1927 537 1980 hoc
572 1925 644 1989 fit,
681 1932 737 1978 ut
768 1925 986 1996 quidam
1023 1940 1056 1979 a
1088 1924 1194 1979 fide
1219 1926 1473 1981 recedant
1507 1943 1519 1979 :
1553 1924 1647 1978 alii
1674 1925 1730 1978 in
1778 1924 1884 1979 fide
1914 1941 2037 1995 per-

437 2021 692 2081 severent
727 2029 737 2066 :
772 2014 897 2084 quia
930 2014 1091 2069 etiam
1122 2016 1185 2068 in
1217 2013 1457 2083 qualibet
1494 2031 1701 2084 magna
1730 2014 1892 2069 domo
1922 2031 2035 2069 non

434 2104 616 2158 solum
646 2106 784 2156 sunt
807 2119 937 2156 vasa
968 2118 1145 2157 aurea
1183 2106 1238 2156 et
1268 2106 1535 2171 argentea
1570 2122 1587 2156 :
1619 2102 1755 2156 sicut
1784 2101 1840 2156 in
1871 2102 2034 2156 domo

435 2190 534 2243 Dei
566 2190 782 2259 quidam
813 2198 936 2243 sunt
968 2189 1338 2259 perfectiores,
1372 2190 1462 2243 alii
1493 2189 1716 2259 perfecti
1748 2191 1848 2243 sub
1884 2190 1990 2244 illis
2016 2210 2030 2257 ;

434 2279 532 2333 sed
563 2280 739 2332 etiam
760 2286 883 2331 sunt
909 2278 963 2331 in
994 2279 1186 2332 eadem
1234 2278 1397 2332 domo
1431 2280 1619 2347 lignea
1652 2296 1785 2334 vasa
1811 2288 1863 2333 et
1891 2280 2037 2347 ﬁcti-

441 2369 519 2421 lia
552 2386 569 2421 :
603 2366 740 2421 sicut
770 2367 825 2420 in
855 2367 1017 2422 domo
1046 2366 1145 2420 Dei
1178 2366 1399 2437 quidam
1429 2367 1574 2435 mali,
1605 2367 1694 2421 alii
1716 2368 2031 2423 deteriores.

440 2456 508 2510 Et
537 2456 791 2527 quwdam
821 2456 1042 2527 quidem
1089 2470 1279 2510 eorum
1311 2470 1565 2510 vasorum
1597 2464 1720 2509 sunt
1745 2459 1809 2511 in
1866 2457 2036 2512 hono-

437 2561 579 2609 rem,
612 2544 667 2598 in
689 2544 883 2615 quibus
906 2543 1155 2614 potiones
1178 2544 1336 2599 bonae
1358 2545 1744 2599 reconduntur.
1772 2546 2036 2612 Quaedam

438 2637 632 2688 autem
655 2641 780 2687 sunt
801 2636 863 2687 in
895 2635 1338 2688 contumeliam:
1361 2641 1418 2686 ut
1446 2633 1515 2687 ad
1539 2633 1907 2703 recipiendum
1928 2634 2038 2687 uri-

438 2736 591 2784 nam,
625 2728 677 2775 et
704 2721 1011 2788 hujusmodi
1046 2736 1057 2773 :
1092 2728 1271 2775 tamen
1304 2721 1441 2775 sicut
1472 2722 1878 2776 honorabiliora
1906 2738 2037 2777 vasa

441 2808 498 2862 in
525 2808 691 2863 domo
735 2817 858 2863 sunt
886 2810 1220 2878 necessaria,
1255 2810 1447 2864 eodem
1477 2810 1643 2864 modo
1674 2826 1803 2864 vasa
1841 2818 2034 2865 contu-

436 2897 682 2952 meliosa.
720 2898 809 2953 Sic
852 2897 908 2952 in
954 2898 1204 2952 Ecclesia
1246 2899 1345 2953 Dei
1402 2898 1529 2952 mali
1561 2907 1612 2952 et
1662 2899 1790 2953 boni
1820 2900 2035 2969 utrique

433 2986 598 3041 modo
628 2986 728 3041 sub
758 2986 1050 3041 necessarii
1080 2994 1221 3041 sunt.
1258 2987 1313 3041 Si
1342 2987 1487 3041 enim
1518 2988 1645 3041 mali
1688 3004 1797 3042 non
1825 2996 2028 3053 essent,

435 3090 546 3131 non
571 3084 717 3130 esset
746 3075 993 3130 meritum
1026 3076 1313 3130 bonorum.
1347 3076 1403 3131 Si
1433 3076 1577 3131 enim
1618 3092 1725 3131 non
1748 3076 1816 3130 sit
1836 3092 2026 3146 perse-

435 3164 597 3229 cutio,
634 3163 725 3217 ubi
755 3164 1014 3235 patientia
1046 3164 1309 3218 bonorum
1331 3165 1359 3218 ?

512 3250 783 3319 Quoniam
825 3252 1045 3323 quidem
1075 3268 1205 3307 vasa
1250 3261 1341 3307 aut
1370 3254 1433 3307 in
1464 3253 1730 3309 honorem
1762 3261 1911 3323 sunt,
1943 3261 2035 3309 aut

436 3341 501 3394 in
529 3342 937 3396 contumeliam
969 3361 986 3395 :
1018 3349 1070 3395 et
1100 3340 1232 3395 nihil
1272 3341 1346 3394 ibi
1392 3342 1630 3396 medium
1670 3350 1752 3397 est
1785 3361 1797 3396 :
1833 3359 1961 3413 ergo
1984 3344 2035 3398 si

439 3430 563 3501 quis
590 3430 957 3485 mandaverit
979 3446 1037 3485 se
1068 3429 1135 3483 ab
1166 3430 1311 3497 istis,
1337 3430 1390 3484 id
1423 3438 1506 3485 est
1527 3431 1572 3484 si
1602 3431 1721 3501 quis
1742 3447 1851 3486 non
1872 3432 2034 3486 fuerit

438 3531 536 3572 vas
557 3516 612 3570 in
643 3517 1048 3582 contumeliam,
1084 3520 1195 3573 erit
1232 3535 1326 3573 vas
1356 3520 1419 3573 in
1467 3518 1733 3574 honorem
1756 3521 1888 3574 Deo.
1923 3522 2033 3575 Vas

439 3605 562 3660 dico
590 3606 1038 3675 sanctiﬁcatum,
1066 3605 1121 3658 id
1170 3614 1251 3659 est
1275 3605 1619 3674 justificatum
1651 3623 1683 3661 a
1710 3608 1951 3677 peccatis
1978 3613 2033 3663 et

436 3696 613 3748 etiam
633 3696 778 3748 utile
791 3695 1024 3749 Domino
1047 3713 1065 3748 :
1088 3694 1215 3764 quia
1233 3699 1507 3765 paratum
1528 3702 1610 3750 est
1626 3697 1695 3750 ad
1716 3712 1880 3751 omne
1897 3712 2034 3767 opus

436 3781 645 3836 bonum
674 3780 998 3835 faciendum.
1024 3784 1276 3851 Pro/"ana
1299 3783 1488 3837 devita
1519 3803 1536 3837 :
1564 3799 1667 3838 nec
1696 3784 1800 3838 hoc
1819 3783 1991 3837 solum
2016 3802 2030 3838 :

434 3868 533 3923 sed
561 3868 719 3923 etiam
748 3871 879 3938 fuge
908 3868 1187 3923 desideria
1207 3871 1512 3939 juvenilia,
1538 3871 1592 3924 id
1619 3878 1846 3941 estquae
1876 3872 2032 3925 lubri-

432 3971 552 4010 cam
577 3956 914 4024 juventutem
942 3956 1295 4011 instimulant.
1324 3958 1448 4011 Haec
1480 3957 1633 4030 fuge,
1662 3964 1878 4019 sectare
1909 3976 2032 4015 vero

426 4044 742 4114 justitiam,
769 4042 824 4097 id
846 4051 926 4097 est
946 4044 1257 4114 aequitatem
1270 4045 1338 4098 ad
1357 4061 1547 4100 omnes
1568 4047 1759 4102 Fidem
1780 4048 1832 4100 in
1858 4049 2033 4103 Deum

433 4132 763 4199 castitatem
793 4132 972 4187 carnis
1003 4142 1054 4185 et
1083 4132 1269 4186 animi.
1305 4135 1537 4202 Pacem,
1572 4135 1626 4189 id
1687 4144 1769 4191 est
1799 4152 2031 4191 concor-

432 4219 597 4285 diam,
628 4219 857 4276 341
886 4220 1084 4275 habeto
1105 4236 1227 4275 cum
1252 4222 1333 4275 his
1364 4222 1457 4293 qui
1485 4223 1553 4278 de
1584 4240 1719 4293 puro
1748 4225 1915 4279 corde
1944 4225 2031 4279 in-

433 4316 627 4364 vocant
654 4309 964 4362 Dominum.
999 4309 1115 4364 Nec
1164 4309 1338 4363 solum
1379 4311 1642 4378 juvenilia
1690 4312 1884 4382 fugias,
1934 4314 2031 4368 sed

2137 425 2419 495 sipiscant
2437 442 2471 479 a
2503 426 2718 497 laqueis
2745 425 2978 491 diaboli,
3012 425 3068 479 id
3097 433 3181 479 est
3210 441 3242 479 a
3271 425 3504 495 peccatis
3536 426 3727 496 quibus

2138 512 2388 566 diabolus
2417 512 2804 584 illaqueaverat
2835 528 2930 567 eos
2967 529 2980 565 :
3021 530 3056 568 a
3085 530 3188 585 quo
3210 513 3425 567 diabolo
3457 518 3732 569 tenentur

2138 601 2370 671 captivi,
2397 601 2715 671 quamdiu-in
2736 600 2977 671 peccatis
2994 608 3137 655 sunt.
3162 602 3454 668 Tenentur,
3480 601 3720 672 inquam,

2138 688 2211 743 ad
2241 690 2643 760 exsequendam
2677 690 2853 761 ipsius
2883 688 3086 744 diaboli
3117 690 3488 746 voluntatem.

2740 858 2967 914 CAPUT
3019 859 3117 913 III.

2214 1031 2234 1054 α
2272 1009 2387 1063 Hoc
2416 1015 2597 1063 autem
2627 1008 2781 1075 scito,
2815 1009 2961 1079 quod
2991 1009 3045 1063 in
3076 1008 3386 1065 novissimis
3417 1008 3609 1063 diebus
3640 1009 3727 1063 in-

2141 1118 2163 1146 «
2201 1096 2415 1150 stabunt
2473 1104 2721 1166 tempora
2766 1096 3076 1166 periculosa
3113 1116 3125 1151 :
3159 1105 3212 1152 et
3267 1107 3422 1151 erunt
3480 1098 3727 1153 homines

2141 1208 2161 1231 «ι
2200 1185 2413 1254 seipsos
2443 1193 2685 1239 amantes
2711 1224 2726 1251 ,
2760 1185 2961 1255 cupidi,
3013 1185 3157 1250 elati,
3194 1186 3432 1256 superbi,
3467 1185 3727 1256 blasphe-

2142 1294 2163 1322 ι
2197 1272 2294 1339 mi,
2328 1272 2646 1343 parentibus
2704 1289 2813 1327 non
2869 1273 3205 1339 obedientes,
3236 1274 3454 1344 ingrati,
3489 1274 3724 1341 scelesti,

2141 1384 2162 1407 ιι
2201 1360 2316 1415 sine
2366 1359 2668 1427 affectione,
2706 1361 2823 1416 sine
2881 1377 3035 1431 pace,
3068 1362 3460 1429 criminatores,
3493 1363 3727 1417 inconti-

2141 1469 2162 1498 σι
2199 1457 2409 1513 nentes,
2442 1449 2696 1517 immites,
2731 1449 2848 1504 sine
2879 1450 3231 1522 benignitate,
3259 1450 3586 1520 proditores,
3610 1468 3733 1522 pro-

2141 1558 2162 1587 α
2200 1538 2337 1591 tervi
2367 1536 2692 1608 [procaces],
2728 1538 2879 1605 caeci,
2913 1538 3104 1592 tumidi
3142 1554 3153 1592 :
3188 1538 3522 1608 voluptatum
3572 1556 3729 1595 ama-

2142 1648 2162 1669 α
2200 1633 2344 1680 tores
2372 1627 2545 1695 magis
2575 1642 2736 1696 quam
2766 1626 2885 1691 Dei,
2914 1628 3177 1682 habentes
3234 1627 3473 1697 speciem
3508 1629 3729 1699 quidem

2142 1734 2163 1763 α
2200 1713 2415 1783 pietatis
2442 1756 2454 1780 ,
2516 1714 2769 1769 virtutem
2813 1714 3137 1787 [veritatem]
3168 1723 3349 1771 autem
3406 1717 3522 1785 ejus
3552 1718 3719 1772 abne-

2142 1825 2163 1852 ε
2198 1809 2417 1874 gantes.
2459 1803 2526 1855 Et
2556 1803 2656 1856 hos
2687 1803 2887 1857 devita.
2922 1805 3001 1858 Ex
3031 1804 3116 1857 his
3146 1804 3287 1859 enim
3306 1812 3430 1858 sunt
3452 1806 3543 1876 qui
3564 1822 3732 1876 pene-

2142 1914 2161 1937 α
2199 1898 2345 1945 trant
2374 1892 2586 1955 domos,
2614 1899 2666 1945 et
2694 1892 2936 1962 captivas
2964 1893 3165 1947 ducunt
3193 1893 3556 1959 mulierculas,
3591 1910 3729 1950 one-

2142 2001 2163 2029 ¢
2202 1988 2348 2035 ratas
2393 1980 2652 2050 peccatis,
2710 1997 2831 2052 quae
2878 1981 3147 2036 ducuntur
3202 1982 3367 2037 variis
3396 1982 3726 2037 desideriis:

2141 2090 2163 2118 «
2200 2085 2415 2139 semper
2457 2069 2751 2135 discentes,
2784 2077 2837 2123 et
2874 2068 3167 2141 'nunquam
3195 2071 3265 2125 ad
3318 2071 3596 2126 scientiam
3630 2089 3729 2127 ve-

2142 2178 2163 2207 α
2202 2157 2375 2211 ritatis
2431 2158 2833 2227 pervenientes.
2868 2157 3339 2226 Quemadmodum
3367 2168 3548 2215 autem
3574 2161 3727 2214 Jam-

2142 2268 2162 2291 ‹‹
2200 2262 2298 2300 nes
2331 2253 2382 2300 et
2411 2246 2675 2300 Mambres
2708 2247 3025 2301 restiterunt
3044 2247 3216 2318 Moysi
3239 2249 3437 2316 (Exod.
3480 2265 3575 2313 vn,
3600 2252 3726 2319 tt);

2142 2357 2163 2386 α
2200 2335 2273 2389 ita
2329 2342 2380 2389 et
2450 2335 2503 2389 hi
2561 2336 2818 2389 resistunt
2864 2336 3114 2401 veritati,
3148 2337 3397 2391 homines
3485 2339 3728 2408 corrupti

2142 2446 2162 2474 σι
2197 2431 2397 2489 mente,
2431 2423 2646 2493 reprobi
2692 2424 2840 2478 circa
2870 2425 3033 2479 fidem
3066 2443 3078 2478 :
3113 2425 3209 2479 sed
3240 2426 3377 2479 ultra
3407 2441 3515 2481 non
3561 2426 3727 2497 proti-

2141 2533 2163 2561 α
2199 2512 2361 2566 cient.
2393 2511 2711 2582 [nsipientia
2740 2512 2884 2566 enim
2941 2529 3126 2567 eorum
3168 2513 3453 2569 manifesta
3486 2516 3583 2570 erit
3611 2531 3729 2570 om-

2141 2623 2161 2647 u
2199 2601 2379 2667 nibus,
2424 2601 2560 2656 sicut
2611 2608 2663 2654 et
2719 2601 2927 2655 illorum
2986 2601 3102 2656 fuit.
3138 2603 3217 2656 Tu
3245 2612 3423 2657 autem
3452 2612 3730 2659 assecutus

2143 2710 2162 2738 α
2200 2705 2259 2743 es
2287 2704 2465 2743 meam
2528 2689 2853 2754 doctrinam,
2914 2689 3321 2757 institutionem,
3372 2694 3729 2763 propositum,

2143 2800 2163 2823 »
2198 2775 2379 2842 fidem,
2434 2776 2904 2848 longanimitatem
2927 2821 2940 2845 ,
2973 2779 3335 2845 dilectionem,
3394 2781 3726 2851 patientiam,

2142 2887 2162 2915 ι
2197 2865 2625 2935 persecutiones,
2658 2866 2945 2935 passiones
2976 2883 2989 2921 :
3028 2867 3204 2938 qualia
3245 2868 3374 2922 mihi
3432 2868 3571 2924 facta
3602 2879 3730 2925 sunt

2142 2977 2162 3003 κ
2201 2954 2522 3019 Antiochiae,
2584 2954 2770 3020 Iconii,
2823 2955 3030 3024 Listris,
3082 2956 3269 3027 quales
3322 2958 3729 3027 persecutiones

2065 3045 2110 3105 Ο
2137 3065 2157 3090 α
2196 3042 2426 3096 sustinui
2463 3060 2475 3096 :
2512 3050 2564 3097 et
2595 3058 2661 3097 ex
2715 3043 2965 3097 omnibus
2992 3044 3189 3114 eripuit
3229 3061 3317 3099 me
3347 3046 3628 3101 Dominus.
3663 3048 3730 3102 Et

2147 3152 2168 3181 α
2204 3146 2393 3185 omnes
2426 3131 2515 3201 qui
2541 3131 2628 3202 pie
2657 3131 2845 3187 volunt
2874 3133 3059 3188 vivere
3089 3133 3145 3186 in
3175 3133 3384 3188 Christo
3413 3135 3562 3201 Jesu,
3594 3152 3729 3205 per-

2139 3241 2160 3270 α
2196 3220 2533 3276 secutionem
2574 3221 2868 3291 patientur.
2911 3221 3035 3275 Mali
3072 3230 3250 3276 autem
3280 3223 3526 3277 homines
3557 3233 3610 3279 et
3635 3240 3729 3280 se-

2138 3330 2165 3360 α
2193 3310 2449 3364 ductores
2497 3308 2787 3381 proficiunt
2816 3310 2870 3364 in
2899 3310 3088 3380 pejus;
3124 3319 3390 3377 errantes,
3423 3319 3475 3366 et
3503 3311 3557 3366 in
3580 3329 3729 3368 erro-

2138 3420 2159 3444 «
2196 3414 2311 3453 rem
2342 3398 2637 3453 mittentes.
2698 3399 2776 3452 Tu
2808 3414 2940 3454 vero
2968 3415 3226 3469 permane
3252 3400 3306 3453 in
3361 3400 3446 3454 his
3489 3417 3609 3471 quae
3641 3401 3729 3455 di-

2139 3507 2160 3535 α
2196 3486 2372 3541 dicisti
2428 3495 2480 3540 et
2530 3486 2734 3541 credita
2778 3494 2903 3541 sunt
2943 3487 3037 3542 tibi
3072 3503 3083 3541 :
3119 3488 3299 3543 sciens
3328 3504 3359 3541 a
3391 3504 3498 3559 quo
3523 3489 3729 3545 didice-

2142 3597 2161 3620 ι
2194 3574 2269 3628 ris
2304 3592 2317 3628 :
2352 3582 2405 3630 et
2436 3575 2560 3645 quia
2588 3575 2656 3628 ab
2684 3574 2904 3629 infantia
2934 3592 3118 3631 sacras
3148 3577 3357 3631 litteras
3397 3577 3559 3643 nosti,
3606 3596 3727 3650 qua:

2140 3685 2161 3708 α
2196 3671 2245 3717 te
2266 3671 2493 3733 possunt
2515 3664 2782 3718 instruere
2812 3664 2880 3718 ad
2911 3665 3136 3719 salutem
3167 3680 3267 3735 per
3296 3664 3459 3721 fidem
3488 3683 3609 3737 quae
3644 3675 3729 3721 est

2140 3774 2160 3799 «
2197 3751 2251 3805 in
2278 3752 2491 3806 Christo
2540 3752 2668 3806 Jesu
2718 3752 2909 3806 Omnis
2957 3753 3102 3807 enim
3149 3753 3416 3825 scriptura
3472 3754 3728 3809 divinitus

2139 3862 2160 3885 α
2195 3839 2456 3909 inspirata
2486 3840 2631 3894 utilis
2662 3847 2742 3894 est
2772 3842 2843 3895 ad
2882 3841 3207 3909 docendum,
3240 3842 3308 3896 ad
3365 3844 3725 3912 arguentium,

2140 3950 2160 3973 ‹‹
2196 3927 2260 3981 ad
2293 3928 2719 3998 corripiendum,
2765 3930 2834 3983 ad
2880 3929 3238 3984 erudiendum
3270 3930 3324 3983 in
3374 3931 3583 3999 justitia
3617 3949 3630 3985 :
3662 3940 3719 3986 ut

2141 4037 2160 4063 α
2196 4015 2467 4086 perfectus
2493 4018 2561 4070 sit
2594 4018 2755 4071 homo
2778 4017 2899 4085 Dei,
2930 4018 3000 4072 ad
3030 4034 3191 4073 omne
3240 4034 3375 4090 opus
3406 4020 3607 4075 bonum
3638 4019 3720 4074 in-

2139 4124 2161 4153 ι
2198 4112 2454 4159 structus.
2504 4130 2525 4153 ι)

2761 4269 3074 4311 EXPOSITIO.

433 4396 593 4450 etiam
610 4397 797 4451 devita
820 4398 1155 4468 quaestiones
1172 4400 1457 4453 stultasin
1475 4399 1671 4469 quibus
1690 4417 1789 4455 nec
1808 4401 2032 4456 scientia
2060 4397 2112 4456 D
2205 4405 2397 4459 Devita
2430 4404 2616 4459 stultas
2644 4406 2971 4477 quaestiones
3007 4425 3019 4461 :
3053 4407 3235 4463 devita
3280 4409 3442 4464 etiam
3478 4410 3728 4466 homines

434 4492 535 4550 est,
571 4500 671 4538 nec
702 4500 824 4539 esse
855 4486 1086 4540 videtur.
1118 4487 1316 4541 Dnvita
1341 4488 1504 4541 etiam
1529 4504 1622 4542 eas
1641 4506 1761 4559 quae
1783 4490 1905 4543 licet
1922 4506 2029 4545 non

430 4573 506 4627 ita
545 4572 719 4627 stultae
751 4572 877 4639 sint,
926 4582 1050 4627 sunt
1099 4582 1283 4629 tamen
1315 4578 1436 4631 sine
1489 4576 1667 4632 fructu
1712 4578 2031 4633 Christiana).

431 4662 768 4733 disciplina,
785 4669 842 4715 ut
858 4662 1155 4718 dialectica
1175 4667 1509 4735 quaestiones
1529 4672 1743 4720 :sciens
1770 4668 1872 4721 hoc
1889 4668 2031 4739 quod

431 4766 552 4821 quae
610 4758 735 4803 sunt
792 4750 1117 4818 hujusmodi,
1154 4757 1436 4821 generant
1478 4755 1625 4808 lites.
1676 4754 1908 4809 Servum
1937 4772 2035 4810 au-

435 4842 546 4893 tem
577 4839 803 4894 Domini
834 4839 1001 4909 (quod
1022 4848 1076 4893 tu
1108 4856 1185 4904 es,
1220 4849 1271 4894 et
1294 4857 1415 4895 esse
1438 4841 1630 4909 debes)
1652 4859 1766 4898 non
1814 4847 2034 4913 oportet

433 4927 659 4997 litigare
691 4947 707 4981 :
738 4927 835 4981 sed
853 4935 1064 4998 oportet
1088 4944 1202 4983 esse
1222 4934 1607 4996 mansuetum,
1641 4930 1696 4984 id
1728 4939 1809 4985 est
1839 4931 1891 4983 in
1909 4947 2030 4984 om-

434 5014 594 5068 nibus
624 5015 961 5069 moderatum
997 5020 1051 5071 et
1082 5017 1153 5071 ad
1180 5032 1392 5081 omnes,
1457 5018 1679 5081 scilicet,
1716 5019 2026 5087 docibilem,

432 5102 487 5156 id
508 5109 720 5156 estcum
742 5102 1015 5157 habilitate
1038 5104 1323 5159 docentem
1347 5104 1513 5170 alios;
1529 5107 1845 5177 patientem
1866 5107 2030 5161 etiam

435 5206 769 5262 qumcunque
801 5190 1100 5246 inferantur
1130 5192 1179 5246 ei
1216 5207 1228 5245 :
1266 5201 1318 5246 et
1346 5195 1745 5264 corripientem
1765 5211 2029 5251 cummo-

435 5278 615 5334 dcstia
636 5295 724 5335 eos
752 5281 845 5351 qui
888 5281 1171 5335 resistunt
1202 5282 1456 5348 veritati,
1492 5297 1597 5335 non
1656 5298 1773 5336 cum
1808 5284 1980 5354 litigio
2012 5302 2024 5338 :

432 5367 557 5422 ideo
576 5367 653 5421 sic
674 5368 1080 5438 corripientem,
1100 5383 1171 5423 ne
1192 5370 1428 5440 quando,
1464 5369 1518 5423 id
1536 5378 1615 5423 est
1641 5379 1695 5423 ut
1714 5370 2023 5442 aliquando,

432 5457 528 5511 sed
545 5458 688 5511 Deus
708 5458 827 5511 illis
845 5457 1261 5527 prenitentiam.
1288 5458 1549 5512 Fortassis
1565 5458 1708 5512 enim
1735 5460 2029 5531 aliquando

432 5560 492 5599 se
523 5544 665 5600 male
696 5544 877 5616 egisse
916 5544 1282 5616 pmnitebunt,
1314 5546 1582 5603 veniendo
1613 5547 1692 5604 sic
1721 5549 1793 5604 ad
1820 5566 2028 5621 cogno-

2132 4493 2395 4547 habentes
2426 4494 2663 4563 speciem
2694 4494 2930 4564 pietatis,
2982 4503 3086 4551 etc.
3138 4496 3245 4551 Sed
3276 4497 3591 4568 priusquam
3623 4500 3729 4555 hoc

2131 4589 2311 4651 ponat,
2345 4582 2617 4650 praemittit
2647 4597 2862 4651 causas,
2897 4600 3068 4653 quare
3100 4584 3232 4639 tales
3275 4584 3548 4640 devitandi
3596 4586 3723 4649 sint,

2131 4670 2318 4723 dicens
2354 4684 2365 4722 :
2400 4670 2521 4723 Non
2551 4670 2725 4724 solum
2758 4671 2902 4741 quod
2931 4672 3269 4742 praemissum
3302 4681 3383 4727 est
3415 4673 3727 4729 faciendum

2132 4774 2253 4812 esse
2285 4758 2447 4820 scias,
2482 4758 2579 4812 sed
2611 4759 2773 4813 etiam
2804 4760 2905 4815 hoc
2936 4763 3097 4826 scito,
3132 4762 3275 4833 quod
3298 4763 3360 4817 in
3409 4765 3728 4818 novissimis

2131 4846 2341 4911 diebus,
2368 4846 2421 4899 id
2446 4854 2527 4900 est
2549 4847 2691 4901 circa
2714 4847 2877 4901 finem
2907 4849 3113 4917 mundi,
3158 4850 3455 4905 instabunt
3479 4856 3731 4922 tempora

2128 4937 2464 5006 periculosa,
2492 4935 2545 4988 id
2576 4943 2658 4989 est
2688 4935 2739 4988 in
2766 4944 3007 5006 tempore
3029 4937 3123 4991 illo
3148 4937 3423 4992 instabunt
3450 4939 3721 5005 docendo,

2131 5030 2184 5076 et
2213 5039 2307 5076 eos
2337 5022 2426 5093 qui
2467 5039 2575 5077 non
2604 5024 2944 5079 consentient
2983 5025 3273 5097 aﬁligendo
3303 5026 3595 5096 periculosi
3627 5028 3726 5083 do-

2131 5118 2310 5165 ctores
2344 5129 2356 5163 :
2390 5111 2480 5181 qui
2502 5111 2787 5166 credentes
2833 5112 2935 5166 sibi
2965 5113 3019 5166 in
3050 5114 3219 5168 multa
3252 5114 3577 5187 demergent
3621 5133 3725 5186 pe-

2130 5197 2300 5252 ricula
2336 5215 2347 5253 :
2382 5203 2435 5254 et
2466 5207 2594 5255 tunc
2640 5200 2694 5253 in
2732 5202 3067 5272 temporibus
3101 5203 3205 5256 illis
3235 5207 3405 5258 erunt
3467 5204 3725 5259 homines

2130 5292 2388 5342 amantes
2418 5290 2643 5359 seipsos,
2678 5289 2733 5343 id
2763 5298 2844 5344 est
2894 5291 3193 5345 carnalitati
3227 5308 3340 5346 sum
3386 5308 3591 5347 morem
3622 5309 3727 5363 ge-

2130 5383 2312 5430 rentes
2336 5376 2419 5429 his
2436 5377 2629 5431 modis.
2656 5378 2827 5431 Erunt
2848 5378 2992 5432 enim
3013 5380 3230 5450 cupidi,
3265 5380 3319 5433 id
3342 5388 3423 5435 est
3457 5390 3729 5436 amatores

2129 5464 2389 5535 pecuniae.
2440 5466 2613 5518 Erunt
2674 5466 2836 5519 etiam
2891 5466 3052 5533 elati,
3114 5468 3168 5521 id
3227 5476 3310 5522 est
3362 5469 3481 5522 aliis
3533 5486 3591 5524 se
3641 5487 3727 5525 su-

2127 5568 2430 5622 perponere
2451 5553 2751 5623 cupientes.
2775 5555 2949 5610 Erunt
2977 5555 3220 5626 superbi,
3248 5555 3301 5610 id
3332 5556 3491 5612 estin
3511 5557 3722 5629 adeptis
