3966 6050
312 122 416 175 469

937 124 1314 183 EXPOSITIO
1352 127 1427 183 IN
1461 128 1840 185 EPISTOLAS
1878 130 2104 207 PAULI.
2131 134 2304 189 -ΙΝ
2340 134 2559 189 EPIST.
2600 135 2648 189 ΙΙ
2686 134 2779 189 AD
2818 136 2966 191 TIM.

3505 139 3608 193 470

316 244 616 299 honoribus
643 245 826 302 illicite
856 247 1176 319 gloriantes.
1212 251 1380 306 Erunt
1409 252 1573 307 etiam
1604 254 1913 326 blasphemi
1931 258 1986 316 Α
2014 256 2355 312 Mulierculas
2376 257 2499 313 dico
2513 262 2780 314 oneratas
2793 262 3062 330 peccatis,
3086 260 3211 315 dum
3235 260 3470 316 seductas
3492 269 3617 315 sunt

318 341 506 386 contra
539 335 711 388 Deum
740 343 793 389 et
839 336 1141 392 doctrinam
1189 339 1326 407 ejus.
1380 341 1548 396 Erunt
1589 342 1749 396 etiam
1802 359 1917 397 non

318 421 635 477 obedientes
664 424 1019 493 parentibus,
1054 441 1151 480 seu
1182 428 1490 482 carnalibus
1540 431 1709 501 (quod
1764 429 1918 484 nefas

319 511 445 576 est),
508 526 602 563 seu
661 511 1013 581 spiritalibus,
1075 522 1130 568 ut
1158 515 1431 586 episcopis
1460 526 1510 571 et
1567 518 1914 587 presbyteris.

319 596 493 650 Erunt
521 599 737 668 ingrati
768 619 786 654 :
818 600 945 671 quia
974 602 1020 655 si
1053 603 1171 673 quis
1217 604 1359 658 bona
1390 605 1637 661 docuerit
1672 622 1789 672 eos,
1812 622 1917 659 un-

318 685 388 739 de
417 686 556 757 grati
600 702 722 741 esse
769 688 1089 759 debuerant,
1144 691 1357 746 molesti
1406 701 1565 747 erunt
1608 694 1919 749 doctoribus

319 773 452 827 suis.
490 775 665 828 Erunt
706 776 870 830 etiam
902 780 1128 833 scelesti
1159 799 1177 835 :
1209 780 1498 835 homicidia
1530 790 1581 836 et
1610 782 1918 850 hujusmodi

318 861 527 916 scelera
556 871 852 933 patrantes.
885 865 1058 919 Erunt
1087 868 1210 922 sine
1257 869 1573 938 aﬂ‘ectione,
1634 871 1777 939 piam
1816 886 1916 926 vo-

315 948 576 1005 luntatem
600 967 706 1005 non
729 953 995 1008 habentes
1022 955 1091 1008 ad
1113 956 1448 1025 proximum;
1488 957 1726 1012 342
1755 959 1916 1012 etiam

316 1029 444 1092 sine.
466 1038 598 1093 nihil
629 1040 759 1094 dare
790 1049 1007 1111 queunt.
1041 1044 1209 1097 Erunt
1237 1045 1360 1099 sine
1404 1061 1564 1115 pace,
1613 1045 1666 1098 id
1697 1046 1916 1101 estsine

317 1127 607 1182 concordia
641 1145 654 1181 :
690 1128 786 1182 sed
826 1145 1046 1200 semper
1083 1130 1137 1184 in
1167 1131 1360 1200 litigio.
1395 1133 1563 1186 Erunt
1591 1134 1919 1189 criminato-

315 1231 423 1278 res,
476 1215 529 1269 id
562 1224 641 1270 est
666 1216 826 1284 justis
854 1217 1084 1272 crimina
1106 1218 1446 1289 imponentes
1481 1238 1494 1274 :
1524 1237 1648 1276 cum
1679 1222 1780 1291 ipsi
1810 1222 1916 1276 sint

313 1304 739 1359 incontinentes
772 1324 790 1358 :
819 1306 919 1360 sed
940 1307 1141 1376 passim
1161 1316 1321 1361 ruunt
1350 1308 1418 1362 ad
1441 1324 1781 1380 quaecunque
1796 1326 1915 1366 sce-

315 1391 450 1445 lera.
482 1392 651 1445 Erunt
680 1393 952 1459 immites,
985 1394 1039 1448 id
1070 1402 1154 1449 est
1184 1396 1300 1449 sine
1322 1396 1467 1450 omni
1497 1398 1914 1454 mansuetudine

312 1479 581 1534 crudeles.
616 1481 683 1534 Et
712 1482 836 1536 sine
884 1482 1251 1553 benignitate,
1286 1483 1339 1537 id
1372 1492 1453 1538 est
1479 1485 1596 1539 sine
1640 1485 1908 1558 largitate,

311 1582 418 1621 non
441 1576 734 1640 erogantes
766 1585 864 1623 sua
912 1570 1300 1642 indigentibus.
1361 1574 1535 1626 Erunt
1583 1573 1747 1627 etiam
1775 1591 1911 1645 pro-
1939 1608 1991 1667 B

312 1656 542 1722 ditores,
602 1658 872 1712 tradentes
913 1658 1089 1725 justos
1121 1659 1189 1713 ad
1219 1667 1469 1714 mortem.
1524 1662 1695 1714 Erunt
1753 1663 1912 1717 etiam

306 1748 578 1817 protervi,
612 1746 666 1800 id
700 1753 781 1799 est
807 1746 874 1800 de
908 1746 1209 1802 maledictis
1240 1747 1591 1803 inverecundi
1627 1764 1638 1802 :
1672 1758 1724 1803 et
1755 1750 1916 1804 etiam

313 1833 357 1886 si
401 1835 893 1902 reprehenduntur,
949 1834 1075 1888 inde
1123 1834 1483 1905 impatientes.
1525 1837 1701 1891 Erunt
1757 1839 1914 1893 etiam

315 1922 539 1988 tumidi,
571 1922 622 1975 id
654 1930 737 1977 est
772 1922 939 1977 inﬂati
968 1922 1148 1977 animo
1182 1940 1194 1976 :
1229 1923 1387 1977 etiam
1419 1924 1465 1978 si
1494 1940 1596 1979 nec
1648 1926 1915 1980 honorem

308 2025 411 2065 nec
440 2027 593 2081 spem
624 2011 845 2066 honoris
877 2010 1111 2065 habeant
1139 2031 1157 2065 :
1188 2019 1238 2064 et
1268 2012 1321 2065 hi
1351 2012 1489 2066 tales
1535 2020 1707 2078 erunt,
1757 2030 1913 2069 ama-

314 2101 461 2153 tor'es
491 2100 868 2170 voluptatum,
902 2099 955 2153 id
982 2106 1064 2153 est
1092 2099 1254 2153 totius
1277 2100 1518 2166 luxuria),
1545 2103 1722 2171 magis
1745 2118 1913 2174 quam

311 2187 411 2241 Dei
443 2203 455 2241 :
490 2204 653 2257 quem
681 2188 735 2241 in
767 2188 913 2242 nullo
943 2187 1195 2242 videntur
1224 2188 1473 2260 diligere.
1508 2188 1587 2244 De
1618 2189 1702 2243 his
1732 2199 1913 2244 autem

310 2275 578 2329 subtiliter
607 2277 912 2330 cavendum
943 2282 1026 2330 est
1054 2274 1169 2329 tibi.
1200 2276 1265 2329 lli
1307 2277 1451 2331 enim
1492 2286 1614 2331 sunt
1644 2278 1913 2332 habentes

308 2366 552 2432 speciem
582 2365 832 2435 pietatis,
885 2364 938 2418 id
970 2372 1052 2418 est
1090 2363 1404 2419 simulantes
1435 2381 1494 2419 se
1524 2365 1833 2437 religiosos,
1860 2374 1912 2421 et

315 2452 569 2506 virtutem
601 2453 717 2521 ejus
745 2454 984 2524 pietatis,
1037 2456 1089 2510 id
1121 2463 1201 2512 est
1232 2454 1596 2519 dilectionem,
1643 2471 1764 2525 quae
1793 2454 1909 2508 vir-

309 2547 393 2593 tus
424 2548 507 2594 est
534 2540 700 2595 totius
727 2542 1036 2613 religionis.
1079 2542 1263 2597 Valida
1293 2542 1438 2596 enim
1468 2549 1550 2595 est
1589 2542 1727 2596 sicut
1760 2558 1910 2596 mors

308 2627 547 2683 dilectio.
584 2630 680 2683 Vel
734 2633 1028 2696 virtutem,
1063 2632 1115 2685 id
1144 2639 1223 2686 est
1265 2630 1544 2685 veritatem
1606 2629 1905 2702 religionis,

309 2731 477 2786 Opere
522 2716 864 2787 abnegantes
894 2740 911 2773 :
942 2720 1113 2775 ethos
1142 2719 1277 2773 tales
1310 2719 1519 2772 devita.

374 2804 586 2858 Diceret
616 2806 927 2861 Timotheus
961 2825 974 2861 :
1010 2806 1190 2877 Quare
1221 2808 1288 2861 de
1325 2806 1405 2859 his
1450 2806 1743 2875 praemunis
1794 2822 1903 2871 me,

306 2891 398 2961 qui
431 2891 590 2946 futuri
621 2902 744 2947 sunt
773 2894 917 2951 circa
950 2894 1111 2950 tinem
1141 2895 1324 2949 mundi
1354 2896 1382 2948 Ὺ
1413 2895 1540 2948 Ideo
1570 2894 1640 2947 ait
1666 2894 1864 2948 Paulus
1891 2909 1902 2947 :

307 2980 421 3034 llos
449 2980 630 3035 devita
664 3000 677 3047 ;
711 2983 834 3053 quia
857 3000 930 3037 ex
961 2984 1047 3038 his
1066 2983 1258 3037 futuris
1288 2983 1343 3036 in
1373 2982 1684 3037 novissimis
1712 2982 1904 3036 diebus

304 3073 445 3123 sunt
475 3068 551 3122 illi
580 3070 675 3140 qui
701 3075 1010 3142 penetrant
1058 3072 1265 3136 domos,
1301 3079 1405 3125 etc.
1459 3071 1765 3125 Notandum
1823 3078 1905 3123 est

306 3157 430 3227 quia
461 3173 525 3210 ex
556 3174 663 3227 quo
692 3158 854 3228 coepit
910 3159 1161 3223 mundus,
1213 3158 1395 3212 habuit
1443 3158 1497 3211 in
1528 3174 1592 3211 eo
1642 3158 1788 3211 Deus
1810 3174 1902 3212 re—

304 3261 475 3313 gnum
506 3261 682 3311 suum,
715 3254 768 3300 et
801 3246 1047 3301 diabolus
1095 3263 1270 3301 suum.
1307 3247 1364 3299 In
1392 3246 1528 3300 Abel
1558 3245 1702 3299 enim
1734 3247 1899 3312 Deus,

302 3341 356 3386 et
384 3333 439 3387 in
469 3334 597 3387 Cain
626 3334 875 3388 diabolus
904 3350 1140 3407 regnare
1171 3335 1358 3405 ccepit.
1399 3336 1546 3388 Deus
1593 3343 1772 3389 autem
1821 3350 1901 3388 re-

305 3439 474 3494 gnum
494 3440 652 3477 suum
675 3424 1001 3478 assumendo
1032 3439 1273 3489 carnem,
1298 3432 1351 3477 ει
1398 3440 1517 3493 qua:
1550 3431 1732 3476 secuta
1781 3431 1903 3477 sunt

304 3512 584 3580 operando
622 3513 1016 3566 consummavit
1072 3528 1303 3583 regnum
1363 3528 1538 3576 suum,
1580 3510 1901 3565 remittendo

298 3608 544 3669 peccata,
565 3608 690 3669 etc.,
725 3601 997 3671 quomodo
1028 3601 1395 3655 consummari
1449 3601 1620 3670 potuit
1670 3600 1723 3652 in
1755 3616 1900 3669 pree-

300 3687 440 3742 senti
470 3702 481 3741 :
517 3689 659 3758 quod
690 3705 916 3758 regnum
946 3690 1013 3742 ad
1043 3689 1262 3759 plenum
1301 3688 1704 3744 consummabit
1726 3687 1779 3740 in
1812 3687 1899 3740 fu-

304 3784 452 3840 turo,
481 3776 662 3831 dando
692 3777 855 3830 vitam
915 3785 1195 3831 aeternam.
1244 3777 1390 3831 Sicut
1419 3785 1595 3831 autem
1646 3777 1791 3829 Deus
1846 3775 1899 3828 in

303 3864 448 3918 bono
484 3872 496 3917 ε
531 3865 610 3919 sic
638 3864 888 3919 diabolus
930 3865 986 3918 in
1040 3865 1372 3935 perfectione
1420 3864 1715 3935 iniquitatis
1762 3878 1898 3918 con-

300 3960 667 4006 summaturus
700 3962 782 4007 est
810 3970 1037 4023 regnum
1068 3969 1227 4007 suum
1287 3952 1435 4007 circa
1493 3952 1653 4005 finem
1710 3951 1898 4004 mundi

300 4058 402 4112 per
432 4041 837 4096 Antichristum.
872 4042 939 4096 Et
969 4042 1105 4096 sicut
1136 4041 1471 4111 patriarchas
1518 4048 1567 4094 et
1606 4040 1898 4109 prophetas

301 4130 595 4184 adventum
626 4130 823 4183 Christi
851 4131 998 4184 Deus
1023 4129 1341 4199 prmcedere
1380 4129 1585 4191 voluit;
1619 4128 1696 4182 sic
1735 4128 1899 4180 multa

300 4218 549 4272 membra
579 4217 892 4272 Antichristi
936 4218 1242 4288 pra-cedent
1298 4225 1457 4287 caput
1489 4232 1663 4282 suum,
1720 4215 1775 4269 id
1817 4223 1898 4269 est

2022 344 2239 399 diabolo
2274 364 2286 399 :
2320 364 2441 418 qua:
2466 346 2725 401 mulieres
2764 347 3055 403 ducuntur
3083 351 3254 403 variis
3285 348 3574 403 desideriis
3596 368 3615 404 :

2022 432 2143 501 quia
2172 450 2391 505 semper
2412 435 2717 500 discentes,
2733 439 2787 490 et
2808 452 3103 507 nunquam
3122 436 3513 508 pervenientes
3543 438 3614 492 ad

2020 522 2325 577 scientiam
2374 524 2652 587 veritatis,
2699 523 2752 575 id
2802 531 2884 577 est
2932 539 3148 593 semper
3192 524 3520 591 laborantes,
3562 532 3616 579 et

2020 625 2295 681 nunquam
2327 611 2394 663 ad
2447 610 2835 680 perfectionem
2893 611 3193 666 venientes.
3226 612 3295 665 Et
3336 612 3423 665 isti
3480 613 3615 667 tales

2019 713 2127 751 non
2158 706 2363 751 tantum
2390 699 2445 751 in
2468 699 2719 752 domibus
2766 699 2992 768 privatis
3023 700 3237 767 docent,
3297 701 3394 755 sed
3451 700 3614 755 etiam

2019 785 2071 838 hi
2102 786 2350 840 homines
2381 786 2641 840 resistunt
2669 787 2884 841 veritati
2907 787 2961 840 in
2992 796 3180 857 aperto
3207 806 3219 840 :
3252 789 3615 859 quemadmo-

2019 873 2155 929 dum
2184 876 2411 929 Jamnes
2439 880 2497 929 et
2524 876 2811 941 Mambres,
2838 875 2945 930 duo
2976 875 3176 931 fratres
3206 876 3350 949 magi
3376 877 3430 929 in
3458 878 3617 947 Egy-

2016 969 2109 1031 pto
2158 963 2499 1017 restiterunt
2549 964 2713 1033 Moysi
2768 979 2952 1018 coram
3001 965 3299 1031 Pharaone,
3366 964 3614 1020 faciendo

2017 1049 2261 1120 quaedam
2294 1066 2394 1119 per
2413 1051 2809 1106 incantationes
2858 1068 2984 1106 suas
3030 1069 3150 1123 qua:
3180 1053 3395 1123 Moyses
3445 1052 3613 1108 facie-

2019 1136 2124 1203 bat,
2160 1153 2261 1192 nec
2316 1145 2496 1192 tamen
2536 1139 2715 1192 omnia
2747 1139 2949 1208 (Exod.
2987 1155 3080 1207 vn,
3117 1144 3227 1209 tt).
3263 1141 3328 1194 lli
3359 1141 3613 1196 homines

2016 1224 2139 1279 dico
2168 1227 2421 1295 corrupti
2450 1231 2659 1291 mente,
2694 1227 2747 1280 id
2779 1234 2859 1281 est
2915 1227 3199 1297 depravati
3246 1228 3521 1283 intellectu
3560 1237 3613 1283 et

2015 1328 2181 1382 opere
2216 1330 2229 1366 ε
2257 1320 2307 1367 et
2334 1313 2481 1369 circa
2510 1312 2671 1367 fidem
2703 1322 2959 1369 errantes.
3022 1316 3103 1369 Ad
3136 1333 3295 1387 quam
3326 1316 3449 1387 quia
3501 1331 3611 1372 non

2014 1400 2408 1471 ingrediuntur,
2444 1403 2721 1471 reprobati
2753 1411 2875 1457 sunt
2909 1418 2940 1456 a
2972 1405 3107 1458 Deo.

2082 1490 2164 1543 Ne
2209 1490 2371 1544 modo
2405 1490 2488 1544 his
2536 1491 2809 1559 prmdictis
2853 1492 3219 1547 deterrerctur
3272 1493 3605 1563 Timotheus,

2016 1577 2331 1632 consolatur
2360 1594 2483 1631 eum
2515 1578 2731 1643 Paulus,
2796 1579 2984 1634 dicens
3020 1594 3031 1632 :
3066 1579 3226 1635 Tales
3258 1581 3478 1651 quidem
3522 1580 3611 1635 fu-

2016 1665 2120 1719 turi
2153 1673 2277 1719 sunt
2307 1683 2320 1730 ;
2355 1666 2449 1719 sed
2478 1681 2545 1719 ne
2576 1666 2763 1720 timeas
2796 1667 2919 1736 quia
2950 1669 3107 1722 ultra
3138 1684 3251 1723 non
3288 1670 3608 1739 proﬁcient.

2017 1754 2144 1807 Ideo
2173 1754 2301 1823 quia
2332 1754 2665 1824 insipientia
2688 1755 2917 1810 illorum
2954 1754 3325 1811 sicutlamnze
3355 1765 3408 1810 et
3437 1758 3612 1811 Mam-

2014 1842 2128 1897 brae
2158 1842 2225 1896 ad
2248 1841 2490 1896 ultimum
2520 1844 2832 1911 manifesta
2862 1845 2993 1909 erit,
3027 1843 3102 1897 illi
3132 1860 3238 1897 non
3270 1844 3407 1898 ultra
3436 1844 3610 1914 proﬁ-

2014 1926 2154 1981 cieut
2187 1943 2201 1981 :
2236 1934 2291 1979 tu
2311 1933 2509 1992 autem,
2544 1926 2699 1997 quasi
2755 1927 2977 1993 diceret,
3037 1928 3304 1998 prolicere
3361 1929 3530 1983 debes
3561 1937 3615 1983 et

2012 2022 2165 2083 potes
2200 2031 2212 2068 :
2251 2018 2314 2068 tu
2346 2014 2490 2069 enim
2520 2019 2814 2070 assecutus
2866 2032 2921 2070 es
2966 2032 3151 2071 meam
3190 2017 3508 2072 doctrinam
3555 2017 3610 2071 in

2013 2102 2236 2156 scientia
2269 2119 2281 2155 :
2317 2109 2368 2156 et
2398 2117 2578 2156 meam
2600 2104 3024 2159 institutionem
3044 2103 3097 2157 in
3119 2104 3469 2174 dispositione
3488 2105 3611 2161 vita:

2015 2197 2063 2244 et
2095 2190 2145 2243 in
2187 2190 2431 2244 moribus
2462 2208 2474 2242 :
2509 2198 2561 2244 et
2581 2206 2759 2245 meum
2789 2193 3157 2263 propositum,
3195 2192 3322 2262 quia
3354 2192 3509 2248 sicuti
3539 2192 3612 2248 vi-

2013 2287 2122 2333 tam
2167 2285 2425 2332 mternam
2486 2276 2647 2333 finem
2704 2277 2907 2332 laboris
2962 2279 3069 2333 mei
3126 2280 3385 2349 proposui
3421 2280 3527 2333 :ita
3557 2288 3611 2335 et

2012 2378 2065 2420 tu
2096 2374 2386 2420 assecutus
2418 2382 2476 2420 es
2505 2366 2666 2420 etiam
2725 2366 2891 2432 ﬁdem
2924 2387 2940 2421 :
2972 2366 3095 2437 quia
3144 2382 3276 2421 sane
3331 2368 3512 2422 credis
3552 2360 3611 2423 iit

2011 2470 2116 2527 ego
2151 2473 2165 2517 ς
2199 2463 2251 2509 et
2284 2455 2781 2524 longanimitatem
2813 2454 2866 2507 in
2916 2471 3012 2525 spe
3047 2455 3206 2527 :quia
3254 2464 3476 2526 paratus
3526 2472 3606 2522 es,

2010 2543 2245 2613 quandiu
2322 2544 2436 2597 Deo
2484 2542 2738 2612 placebit,
2801 2558 3032 2597 mecum.
3099 2543 3383 2598 sustinere.
3427 2544 3609 2599 Habes

2011 2629 2172 2685 etiam
2211 2628 2570 2685 dilectionem
2617 2630 2715 2683 Dei
2747 2638 2798 2684 et
2843 2629 3071 2699 proximi
3107 2648 3118 2683 :
3152 2639 3204 2684 et
3240 2632 3605 2704 patientiam,

2009 2717 2062 2771 id
2100 2726 2181 2772 est
2211 2717 2381 2788 ipsam
2413 2717 2667 2772 virtutem
2700 2716 2943 2771 :etiamsi
2973 2718 3104 2771 nihil
3135 2718 3352 2789 operari
3380 2734 3609 2774 necesse

2011 2807 2097 2871 sit,
2135 2814 2186 2860 et
2214 2813 2369 2860 actus
2416 2806 2559 2859 illius
2601 2806 2896 2875 patientiae,
2938 2805 3145 2861 scilicet
3184 2809 3607 2878 persecutiones

2009 2895 2076 2948 de
2097 2894 2217 2949 loco
2240 2895 2307 2948 ad
2327 2894 2526 2962 locum,
2547 2901 2596 2948 et
2618 2896 2909 2966 passiones
2930 2901 3338 2949 tormentorum.
3363 2895 3599 2951 343

1928 2962 1972 3020 C
2005 2982 2159 3036 Nosti
2205 2983 2366 3036 etiam
2415 2962 2816 3054 qualia/acta
2879 2987 3014 3037 sunt
3074 2982 3215 3037 mihi
3270 2982 3599 3049 Antiochiae,

2004 3070 2198 3134 Iconii,
2223 3071 2456 3141 Lystris,
2489 3078 2561 3135 et,
2596 3078 2790 3139 praeter
2810 3070 2947 3135 haec,
2971 3072 3162 3141 quales
3184 3071 3605 3142 persecutiones

2003 3174 2106 3228 ego
2150 3159 2403 3216 sustinui
2446 3157 2500 3210 in
2549 3157 2732 3211 multis
2763 3158 2917 3213 locis.
2950 3158 3057 3213 Sed
3090 3158 3217 3228 quid
3247 3158 3372 3213 inde
3402 3158 3603 3213 timen-

2003 3247 2171 3300 dum?
2333 3246 2592 3300 omnibus
2632 3245 2774 3299 enim
2820 3245 2956 3298 eruit
2992 3263 3081 3301 me
3111 3248 3410 3313 Dominus;
3446 3256 3499 3302 et
3525 3246 3604 3302 sic

2002 3334 2153 3388 eruet
2177 3342 2227 3388 te
2257 3334 2325 3387 de
2356 3333 2439 3386 his
2470 3349 2587 3403 quae
2610 3340 2659 3387 te
2691 3333 2800 3402 pati
2832 3334 3138 3409 contigerit.
3184 3335 3397 3389 Incitari
3435 3335 3604 3389 debes

2002 3422 2070 3475 ad
2101 3421 2487 3476 continentiam
2519 3421 2767 3490 exemplo
2797 3436 2920 3475 meo
2946 3462 2959 3489 ,
3008 3430 3059 3475 et
3106 3422 3345 3475 omnium
3374 3422 3599 3493 religio-

2002 3526 2208 3565 sorum.
2250 3510 2450 3566 Omnes
2474 3508 2617 3562 enim
2647 3511 2741 3579 qui
2772 3510 2971 3563 volunt
2994 3510 3104 3580 pie,
3140 3508 3192 3562 id
3216 3517 3296 3563 est
3317 3510 3597 3581 religiose,

2004 3601 2182 3654 vivere
2205 3600 2265 3652 in
2294 3599 2510 3653 Christo
2528 3599 2677 3660 Iesu,
2701 3598 3002 3667 patientur
3025 3598 3474 3667 persecutionem
3497 3618 3515 3652 :
3547 3607 3600 3654 et

2001 3686 2122 3740 ideo
2152 3702 2219 3739 ne
2252 3685 2491 3739 turberis
2542 3684 2589 3738 si
2636 3684 2815 3755 aliqua
2848 3684 3069 3754 pateris.
3106 3684 3196 3738 Pie
3226 3684 3471 3740 viventes
3501 3701 3599 3755 pa-

2000 3774 2199 3827 tientur
2225 3792 2237 3826 :
2262 3773 2513 3829 homines
2535 3777 2725 3827 autem
2751 3774 2889 3827 mali
2911 3772 2963 3825 in
2988 3789 3047 3827 se
3065 3777 3119 3827 et
3135 3773 3455 3828 seductores
3474 3774 3601 3829 alio-

2001 3879 2119 3916 rum
2142 3863 2442 3933 proﬁcient
2492 3862 2711 3932 quidem
2743 3862 2803 3915 in
2843 3860 3130 3914 mundanis
3179 3860 3594 3933 [immunditiis],

2001 3951 2099 4004 sed
2132 3951 2235 4005 hoc
2267 3957 2434 4004 totum
2465 3950 2567 4004 erit
2597 3948 2704 4001 illis
2736 3948 2789 4003 in
2820 3950 2997 4020 pcnnis
3018 3992 3033 4015 ,
3084 3957 3136 4003 et
3192 3948 3247 4002 in
3292 3949 3596 4005 damnatio-

2000 4054 2144 4092 nem.
2181 4038 2287 4107 Ipsi
2317 4038 2460 4101 dico,
2484 4040 2742 4092 errantes
2763 4037 2816 4090 in
2841 4054 2921 4102 se,
2946 4046 2997 4091 et
3017 4037 3139 4091 ideo
3162 4036 3285 4090 mali
3302 4038 3597 4094 mittentes

2000 4126 2157 4179 etiam
2188 4126 2323 4180 alios
2354 4128 2413 4180 in
2434 4141 2699 4187 errorem,
2737 4134 2788 4179 et
2818 4125 2940 4179 ideo
2971 4125 3305 4180 seductores.
3325 4124 3433 4194 Ipsi
3453 4140 3597 4179 erra-

2000 4214 2131 4267 bunt
2165 4232 2177 4267 :
2216 4218 2280 4269 tu
2327 4230 2451 4268 vero
2478 4229 2749 4284 permane
2785 4214 2851 4266 in
2879 4213 2959 4265 his
2989 4211 3271 4281 praeceptis
3301 4230 3423 4283 quw
3452 4213 3595 4268 didi-

300 4306 718 4361 Antichristum.
758 4306 957 4359 Contra
987 4306 1140 4374 cujus
1169 4305 1414 4359 membra
1446 4304 1641 4357 Paulus
1679 4303 1893 4357 instruit
1928 4311 1977 4368 D
2000 4304 2131 4358 cisti
2162 4317 2193 4356 a
2224 4317 2330 4366 me,
2354 4308 2406 4355 et
2436 4300 2489 4353 in
2521 4300 2605 4353 his
2634 4317 2755 4370 qua:
2775 4302 2995 4355 credita
3034 4305 3169 4354 sunt
3202 4300 3323 4365 tibi,
3343 4300 3397 4355 id
3419 4308 3502 4355 est
3538 4300 3592 4355 in

301 4394 641 4448 Timotheum
664 4438 676 4459 ,
736 4394 925 4449 dicens
960 4412 972 4446 :
1009 4394 1087 4447 Ex
1118 4393 1200 4448 his
1249 4409 1382 4465 quos
1448 4390 1740 4461 descripsi,
1773 4400 1895 4445 sunt

301 4482 782 4551 pseudodoctores,
816 4482 908 4553 qui
963 4490 1246 4551 penetrant
1300 4482 1511 4545 domos,
1550 4495 1657 4534 non
1682 4480 1893 4533 auden-

302 4578 383 4624 tes
415 4571 613 4625 docere
652 4571 708 4624 in
754 4570 969 4640 plateis,
1003 4586 1069 4623 ne
1109 4569 1354 4626 doctrina
1403 4584 1587 4623 eorum
1619 4575 1797 4638 pateat
1839 4567 1893 4620 in

301 4658 576 4711 audientia
608 4659 907 4713 bonorum:
942 4658 1039 4711 sed
1060 4665 1115 4711 ut
1170 4657 1395 4712 liberius
1436 4657 1717 4721 seducunt,
1779 4655 1893 4725 pri-

301 4746 465 4799 vatim
496 4746 549 4800 in
582 4747 835 4801 domibus
880 4747 1096 4812 docent,
1133 4755 1184 4799 et
1230 4746 1307 4800 sic
1341 4746 1711 4799 mulierculas
1751 4744 1893 4814 (quin

301 4834 541 4904 quolibet
559 4843 718 4888 vento
750 4834 1008 4888 doctrina:
1036 4834 1227 4888 leviter
1255 4832 1535 4899 falluntur)
1565 4834 1783 4887 ducunt
1818 4847 1898 4885 se-

303 4922 496 4977 ductas
526 4923 766 4993 quolibet
817 4922 1041 4976 inductu
1099 4922 1194 4975 illo
1255 4920 1420 4975 factas
1453 4919 1893 4993 captivas:quia

300 5011 590 5079 captivam:
617 5018 741 5064 sunt
770 5026 799 5063 a
830 5011 964 5075 Deo,
990 5018 1042 5063 et
1072 5010 1209 5063 datae
1252 5018 1374 5062 sunt
1396 5009 1492 5062 sub
1518 5010 1641 5075 jura
1670 5007 1889 5061 diaboli.

302 5099 400 5153 Vel
436 5100 503 5152 ad
553 5098 825 5152 cumulum
875 5097 1193 5167 improperii
1243 5098 1381 5151 sicut
1436 5097 1661 5151 feminas
1696 5113 1708 5149 :
1744 5094 1821 5150 sic
1843 5102 1895 5147 et

300 5189 449 5242 viros
481 5196 634 5242 vocat
665 5186 1031 5250 mulierculas,
1091 5185 1144 5238 id
1176 5194 1256 5239 est
1312 5185 1503 5238 molles
1533 5184 1680 5237 omni
1734 5191 1896 5238 vento

298 5275 559 5331 doctrinae
616 5275 917 5329 cedentes:
954 5282 1007 5327 ut
1057 5274 1238 5328 audito
1290 5273 1506 5326 nomine
1579 5271 1896 5351 improperii

299 5364 383 5419 sui
413 5364 573 5420 citius
614 5363 942 5419 erubescant
970 5371 1022 5418 et
1070 5370 1455 5418 convertantur
1483 5360 1548 5414 ad
1604 5359 1893 5415 Dominum

1993 4389 2286 4461 pontificali
2317 4388 2512 4460 gratia,
2545 4391 2728 4443 sciens
2748 4396 2798 4442 et
2831 4403 3204 4442 rememorans
3224 4388 3339 4443 haec
3360 4407 3393 4443 a
3422 4405 3525 4461 quo
3540 4398 3593 4443 et

1994 4486 2194 4550 quanto
2234 4478 2460 4532 doctore
2507 4476 2771 4531 didiceris
2810 4476 2933 4529 ista.
2997 4476 3056 4530 Si
3107 4475 3249 4529 enim
3282 4477 3593 4532 recerdaris

1993 4584 2129 4621 meae
2160 4564 2515 4628 auctoritatis,
2549 4564 2879 4634 contemptui
2910 4562 3001 4618 fiet
3031 4564 3123 4617 tibi
3157 4563 3293 4617 falsa
3323 4564 3589 4619 doctrina.

1994 4657 2063 4709 Et
2090 4664 2141 4708 te
2168 4654 2294 4708 inde
2326 4669 2625 4708 memorem
2657 4669 2779 4707 esse
2810 4652 2962 4706 volo:
2984 4655 3114 4723 quia
3148 4660 3200 4705 tu
3231 4653 3382 4708 nosti
3402 4668 3591 4707 sacras

1997 4744 2220 4797 litteras
2251 4743 2316 4796 ab
2366 4742 2619 4811 infantia
2643 4783 2655 4805 ,
2707 4740 2937 4793 traditus
2987 4739 3187 4794 scholis
3214 4755 3243 4791 a
3274 4746 3449 4793 matre
3480 4747 3587 4805 tua,

1995 4847 2115 4900 qure
2146 4829 2321 4883 fidelis
2350 4828 2446 4882 fuit
2480 4844 2490 4881 :
2524 4846 2644 4899 qua:
2666 4827 2843 4882 omnia
2872 4831 3106 4898 possunt
3134 4831 3186 4880 te
3212 4828 3498 4881 instruere
3518 4827 3591 4881 ad

1995 4917 2297 4971 habendam
2342 4918 2585 4987 salutem
2635 4924 2849 4970 interna:
2880 4915 3001 4968 vitm
3021 4956 3034 4981 ,
3069 4914 3135 4967 ad
3169 4929 3331 4984 quam
3362 4913 3466 4967 itur
3493 4931 3592 4985 per

1995 5005 2174 5067 tidem,
2211 5021 2330 5075 quae
2360 5003 2495 5058 fides
2547 5012 2626 5058 est
2672 5006 2733 5058 in
2779 5005 2996 5058 Christo
3039 5004 3188 5057 Jesu.
3236 5003 3377 5059 Vere
3424 5019 3593 5059 sacra:

1995 5094 2181 5147 littera:
2210 5101 2435 5163 possunt
2472 5100 2529 5147 te
2554 5093 2821 5146 instruere
2851 5092 2917 5144 ad
2949 5091 3177 5145 salutem
3225 5109 3237 5145 :
3287 5091 3377 5162 qui
3408 5092 3592 5148 omnis

1994 5184 2277 5253 scriptura
2304 5182 2585 5251 inspirata
2602 5180 2892 5244 divinitus,
2924 5179 2978 5232 id
3009 5189 3090 5233 est
3120 5179 3469 5250 spiritualiter
3498 5194 3591 5235 se-

1995 5271 2228 5325 cundum
2258 5271 2431 5323 Deum
2452 5269 2748 5333 intellecta,
2775 5269 2941 5323 utilis
2959 5268 3135 5324 estad
3155 5269 3463 5323 docendum
3494 5282 3595 5322 eos

1996 5358 2086 5430 qui
2108 5357 2371 5424 nesciunt,
2407 5365 2459 5413 et
2498 5358 2567 5413 ad
2596 5357 2978 5428 urguendum,
3014 5356 3067 5410 id
3118 5364 3198 5411 est
3240 5356 3309 5409 ad
3360 5354 3590 5411 convin-
