3966 6050
403 132 497 184 471

958 128 1014 182 S.
1056 123 1410 182 BRUNONIS
1453 119 2100 180 CARTHUSIANORUM
2137 117 2620 175 INSTITUTORIS
2659 116 2811 173 OPP.
2855 116 3029 173 PARS
3066 116 3131 171 Il.

3587 115 3697 171 472

398 251 629 307 cendum
659 265 755 305 eos
784 249 875 321 qui
906 248 1031 303 ﬁdei
1060 247 1462 312 contradicunt,
1497 254 1550 301 et
1580 245 1652 300 ad
1683 245 1998 316 corripien-
2020 244 2073 303 A
2100 242 2443 299 Judicaturus
2473 250 2556 297 est
2608 240 2768 296 etiam
2824 249 2949 295 ante
2996 239 3141 294 diem
3182 238 3373 307 judicii
3428 247 3689 294 mortuos.

400 340 535 394 dum
555 346 847 409 peccantes
875 344 927 391 et
961 353 1018 391 se
1049 351 1309 405 peccasse
1339 350 1449 389 non
1477 335 1832 405 abnegantcs,
1864 340 1915 385 et
1936 330 2008 385 ad

404 428 775 483 erudiendum
806 441 901 480 eos
931 425 1022 495 qui
1044 425 1223 478 adhuc
1254 423 1419 477 rudes
1458 430 1579 476 sunt
1627 429 1679 475 et
1710 420 2003 490 simplices.

402 514 775 570 Erudiendum
797 513 920 568 dico
952 513 1012 567 in
1037 512 1292 584 justitia,
1328 511 1383 565 id
1405 518 1485 565 est
1516 510 1583 564 ad
1612 511 1716 564 hoc
1745 517 1802 562 ut
1816 506 2009 577 justiﬁ-

406 610 616 668 centur,
678 601 924 656 exuendo
990 600 1294 654 rudimenta
1343 597 1696 653 inﬁdelitatis.
1758 597 1866 662 Sic,
1919 595 2007 649 in-

404 706 588 762 quam,
640 689 920 743 erudiatur
967 693 1031 743 ut
1082 695 1347 758 quantum
1396 687 1450 739 in
1499 686 1724 741 doctore
1770 691 1871 750 est,
1933 684 2009 739 sit

404 779 497 833 ille
527 777 636 849 qui,
668 777 909 831 eruditur
936 778 1223 848 perfectus
1257 775 1416 829 homo
1447 775 1567 829 Dei.
1616 772 1894 828 Perfectus
1937 772 2009 825 ita

405 882 466 929 ut
494 872 561 928 sit
592 873 911 928 instructus
943 871 1014 925 ad
1057 886 1221 927 omne
1264 886 1401 941 Opus
1434 868 1639 923 bonum
1679 866 2005 922 faciendum.

979 1058 999 1077 ,
1038 1010 1262 1065 CAPUT
1293 1010 1382 1063 IV.

482 1152 504 1180 ι
538 1128 820 1183 Testiﬁcor
845 1141 1028 1182 coram
1060 1127 1174 1180 Deo
1192 1132 1243 1179 et
1273 1123 1489 1179 Christo
1544 1125 1691 1191 Jesu,
1740 1121 1831 1192 qui
1859 1120 2009 1190 judi-

412 1240 433 1265 ιι
470 1224 688 1273 caturus
724 1224 805 1270 est
852 1216 1005 1270 vivos
1039 1222 1090 1268 et
1125 1220 1390 1280 mortuos,
1424 1219 1477 1265 et
1503 1227 1603 1281 per
1640 1210 1931 1264 adventum
1958 1217 2011 1264 et

411 1328 433 1353 α
467 1305 638 1376 ipsius
659 1319 893 1374 regnum
924 1303 1077 1371 ejus:
1110 1300 1346 1371 praedica
1373 1299 1612 1364 verbum,
1646 1298 1783 1352 insta
1818 1312 2013 1368 oppor-

411 1416 433 1441 ιι
470 1400 619 1459 tune,
673 1392 977 1461 importune
1012 1408 1025 1454 ;
1059 1404 1245 1460 argue,
1307 1388 1558 1453 obsecra,
1638 1387 1874 1456 increpa,
1955 1384 2011 1438 in

412 1502 437 1531 ι
473 1478 620 1536 omni
652 1478 908 1549 patientia
939 1484 990 1530 ct
1018 1475 1285 1530 doctrina.
1320 1474 1435 1529 Erit
1456 1474 1597 1528 enim
1628 1480 1862 1543 tempus,
1888 1487 2008 1527 cum

2106 332 2205 386 Vel
2228 332 2569 399 judicaturus
2616 337 2697 384 est
2752 328 2906 383 vivos
2935 343 2998 383 ac
3028 335 3290 393 mortuos,
3323 326 3377 380 id
3407 335 3489 381 est
3511 327 3691 395 justos

2106 428 2159 474 et
2176 427 2514 490 peccatores.
2569 415 2847 472 Testiﬁcor
2893 416 3055 471 etiam
3098 415 3193 469 tibi
3249 432 3346 487 per
3390 415 3694 470 adventum

2104 511 2283 580 ipsius
2315 507 2531 573 Christi,
2564 514 2619 562 ut
2647 507 2716 560 ita
2741 512 2966 576 paratus
2996 504 3073 559 sis
3112 504 3265 575 quasi
3321 503 3413 575 qui
3459 504 3698 574 quotidie

2099 597 2338 667 judicem
2361 595 2738 651 advenientem
2759 601 3056 664 exspectet,
3088 600 3147 647 ut
3166 592 3358 647 timore
3389 592 3504 659 ejus
3527 592 3695 646 facias

2108 701 2230 757 quae
2258 686 2463 740 hortor.
2497 682 2777 739 Testiﬁcor
2805 683 2971 736 etiam
3012 681 3107 735 tibi
3135 698 3236 752 per
3268 696 3509 752 regnum
3549 683 3690 752 ejus,

2106 775 2160 829 in
2192 789 2299 845 quo
2328 772 2434 843 ipsi
2463 771 2878 844 conregnabunt
2926 770 3116 835 sancti,
3167 777 3225 823 ut
3262 784 3448 824 arnore
3496 783 3698 824 conre-

2108 863 2310 935 gnandi
2340 861 2555 916 Christo
2603 859 2845 914 studiose
2885 857 3049 913 facias
3102 857 3247 928 quod
3295 872 3510 912 moneo.
3560 858 3695 925 Hoc,

2106 952 2343 1022 inquam,
2369 947 2626 1005 testificor
2655 948 2787 1001 tibi:
2811 946 3067 1002 Prwdica
3106 947 3352 1011 verbum,
3386 945 3440 999 id
3467 952 3550 999 est
3594 946 3699 1000 do—

2110 1039 2338 1095 ctrinam
2370 1037 2490 1104 Dei,
2516 1045 2567 1091 et
2594 1035 2941 1106 praedicando
2985 1036 3140 1089 insta
3168 1037 3480 1106 opportune
3501 1033 3581 1088 eis
3610 1034 3703 1104 qui

2106 1127 2339 1182 libenter
2358 1125 2605 1180 audiunt.
2644 1124 2791 1177 Insta
2816 1122 2977 1177 etiam
3006 1124 3328 1193 importune
3357 1122 3437 1176 eis
3467 1121 3560 1192 qui
3588 1121 3703 1191 pri-

2109 1215 2271 1269 mitus
2299 1214 2365 1267 ad
2396 1212 2725 1267 audiendum
2747 1210 2993 1265 difﬁciles
3044 1218 3187 1274 sunt,
3220 1210 3316 1265 sed
3355 1209 3700 1279 postmodum

2109 1302 2326 1374 cognita
2370 1301 2574 1355 ratione
2623 1300 2856 1354 libenter
2908 1298 3150 1353 audiunt.
3209 1300 3391 1369 Argue
3434 1298 3615 1363 etiam,
3648 1297 3703 1352 id

2110 1400 2193 1445 est
2242 1390 2525 1453 convince,
2587 1387 3024 1443 contradicentes
3064 1386 3210 1440 fidei.
3260 1387 3494 1442 Obsecra
3540 1386 3702 1440 etiam

2104 1481 2299 1549 justos,
2324 1486 2381 1532 ut
2412 1493 2627 1547 semper
2649 1477 2706 1529 in
2751 1474 2949 1530 melius
2995 1483 3434 1545 promoveantur.
3472 1476 3706 1545 Increpa

414 1591 436 1615 κ
475 1582 666 1621 sanam
728 1565 1032 1619 doctrinam
1085 1578 1193 1617 non
1249 1562 1626 1616 sustinebunt:
1660 1561 1755 1615 sed
1796 1560 1862 1614 ad
1912 1576 2083 1649 suaB
2111 1568 2275 1623 etiam
2314 1566 2493 1621 debita
2535 1564 2849 1620 austeritate
2899 1563 3269 1633 deprehensos
3316 1562 3371 1616 in
3446 1563 3707 1632 peccatis.

415 1678 437 1703 α
474 1652 747 1709 desideria
787 1650 1191 1707 coacervabunt
1220 1649 1323 1704 sibi
1376 1649 1669 1719 magistros
1708 1648 2009 1718 prurientes

416 1765 438 1790 ιι
472 1741 696 1797 auribus
729 1761 747 1795 :
778 1748 880 1794 eta
908 1738 1133 1795 veritate
1186 1737 1401 1808 quidem
1445 1736 1684 1790 auditum
1741 1743 2007 1801 avertant,

417 1853 439 1880 α
473 1834 540 1886 ad
573 1829 784 1885 fabulas
814 1836 991 1883 autem
1033 1834 1433 1882 convertentur.
1467 1826 1544 1880 Tu
1574 1840 1703 1879 vero
1747 1824 1933 1896 vigila,
1958 1824 2011 1878 in

416 1942 439 1967 α
476 1918 728 1975 omnibus
785 1917 1012 1981 labora;
1046 1931 1182 1985 opus
1211 1914 1299 1969 fac
1355 1912 1727 1985 evangelista},
1760 1912 2010 1966 ministe-

417 2030 440 2055 «ι
474 2007 615 2063 rium
646 2014 793 2060 tuum
837 2004 1020 2074 imple,
1085 2002 1301 2056 sobrius
1357 2009 1493 2056 esto.
1553 2002 1671 2070 Ego
1729 2000 1873 2054 enim
1898 2000 2011 2068 jam

422 2114 443 2140 α
479 2090 707 2155 delibor,
748 2095 800 2143 et
830 2096 1041 2157 tempus
1086 2084 1429 2139 resolutionis
1473 2100 1609 2138 mea:
1665 2083 1845 2136 instat.
1904 2084 2011 2137 Bo-

420 2201 442 2226 ιι
476 2194 606 2233 num
680 2183 955 2232 certamen
1028 2173 1269 2241 certavi,
1323 2188 1543 2227 cursum
1619 2170 2009 2238 consummavi,

419 2288 441 2314 α
476 2265 642 2320 ﬁdem
672 2262 912 2318 servavi.
951 2262 1012 2315 In
1043 2260 1254 2331 reliquo
1285 2258 1521 2330 reposita
1542 2266 1623 2313 est
1652 2259 1781 2312 mihi
1814 2274 2013 2313 corona

410 2360 443 2401 λιι
472 2352 714 2422 justitiaa.
748 2366 911 2421 quam
961 2349 1152 2403 reddet
1200 2347 1331 2401 mihi
1384 2347 1649 2402 Dominus
1678 2347 1733 2401 in
1786 2346 1879 2401 illa
1925 2347 2013 2401 die

417 2464 439 2489 α
469 2448 647 2511 justus
667 2439 833 2507 judex
866 2458 883 2493 :
926 2451 1034 2491 non
1084 2435 1259 2490 solum
1312 2443 1491 2491 autem
1538 2435 1689 2501 mihi,
1731 2436 1829 2489 sed
1860 2444 1910 2490 et
1929 2435 2015 2488 bis

420 2552 442 2578 ιι
478 2530 571 2601 qui
600 2528 830 2599 diligunt
859 2525 1149 2579 adventum
1171 2524 1305 2592 ejus.
1354 2523 1567 2578 Festina
1610 2523 1797 2579 venire
1828 2524 1897 2577 ad
1927 2540 2014 2577 me

420 2639 443 2665 «
479 2617 607 2673 cito.
642 2616 841 2670 Demas
873 2614 1017 2668 enim
1047 2628 1135 2666 me
1177 2611 1485 2683 dereliquit,
1515 2612 1749 2684 diligens
1778 2612 1882 2667 hoc
1906 2628 2013 2666 saa-

423 2728 445 2753 α
480 2704 681 2769 culum,
715 2710 766 2756 et
789 2701 919 2755 abiit
957 2700 1419 2765 Thessalonicam,
1457 2700 1731 2755 Grescens
1758 2699 1811 2752 in
1844 2699 2013 2754 Gala-

428 2814 450 2841 α
487 2792 640 2857 tiam,
687 2790 840 2845 Titus
868 2790 922 2842 in
943 2788 1281 2845 Dalmatiam.
1336 2789 1509 2843 Lucas
1555 2796 1637 2843 est
1677 2803 1889 2843 mecum
1921 2803 2014 2841 so-

423 2903 446 2929 α
480 2880 586 2935 lus.
641 2879 881 2933 Marcum
939 2892 1157 2931 assume
1185 2884 1239 2931 et
1270 2876 1450 2931 adduc
1495 2884 1672 2931 tecum
1707 2883 1827 2930 :est
1869 2876 2013 2930 enim

425 2992 448 3017 (ι
483 2966 616 3022 mihi
656 2966 801 3021 utilis
832 2965 887 3019 in
942 2964 1260 3019 ministerio.
1319 2964 1611 3035 Tychicum
1669 2973 1851 3018 autem
1887 2964 2012 3018 misi

426 3080 449 3105 α
482 3056 780 3127 presum.
824 3053 1101 3119 Penulam,
1153 3069 1313 3124 quam
1370 3052 1564 3124 reliqui
1612 3052 1821 3108 Troade
1868 3052 2013 3123 apud

425 3165 449 3196 ι
484 3144 734 3215 Carpum,
784 3140 1011 3197 veniens
1058 3140 1194 3196 affer
1250 3149 1446 3209 tecum,
1479 3148 1531 3195 et
1552 3140 1756 3215 libros»
1780 3139 2014 3194 maxime

431 3254 454 3281 α
489 3238 669 3286 autem
752 3230 1122 3284 membranas.
1190 3227 1498 3283 Alexander
1573 3228 1798 3283 aerarius
1850 3228 2015 3283 multa

430 3340 452 3367 α
486 3318 627 3373 mala
654 3316 785 3372 mihi
816 3316 1052 3371 ostendit
1076 3332 1088 3370 :
1123 3316 1312 3372 reddet
1341 3316 1414 3370 illi
1432 3317 1695 3371 Dominus
1718 3317 2015 3372 secundum

430 3428 453 3454 α
489 3420 656 3478 opera
684 3406 839 3474 ejus;
873 3421 1036 3476 quem
1060 3413 1112 3459 et
1141 3413 1197 3459 tu
1227 3404 1425 3471 devita,
1457 3405 1616 3460 valde
1646 3406 1788 3459 enim
1826 3405 2018 3459 restitit

427 3494 655 3552 «verbis
708 3494 936 3549 nostris.
977 3495 1035 3547 In
1063 3493 1239 3564 prima
1285 3508 1409 3548 mea
1468 3493 1783 3548 defensione
1856 3509 2017 3548 nemo

434 3604 455 3631 ιι
491 3582 624 3636 mihi
679 3581 863 3649 affuit;
920 3582 1017 3636 sed
1057 3596 1248 3635 omnes
1292 3598 1379 3635 me
1427 3581 1831 3651 dereliquerunt
1865 3597 1877 3636 :
1910 3596 2018 3635 non

426 3670 582 3725 «illis
636 3670 951 3740 imputetur.
1014 3670 1281 3724 Dominus
1346 3676 1522 3723 autem
1580 3669 1708 3723 mihi
1776 3669 1939 3723 astitit
1967 3677 2020 3723 et

427 3777 450 3808 ι
487 3756 810 3813 confortavit
837 3773 945 3821 me,
978 3765 1033 3811 ut
1063 3772 1162 3827 per
1205 3774 1292 3811 me
1338 3756 1651 3826 praedicatio
1707 3756 2013 3827 impleatur,

426 3866 450 3897 α
486 3852 541 3899 et
570 3844 795 3898 audiant
824 3859 1016 3899 omnes
1045 3853 1259 3916 gentes,
1318 3844 1442 3915 quia
1489 3843 1745 3898 liberatus
1776 3860 1896 3898 sum
1951 3845 2019 3899 de

425 3950 449 3984 ι
484 3947 578 3987 ore
609 3931 800 3986 leonis.
836 3932 1104 3987 Liberavit
1133 3949 1222 3987 me
1265 3932 1529 3986 Dominus
1576 3932 1646 3986 ad
1677 3932 1823 3986 omni
1854 3948 2020 4003 Opere

430 4042 452 4069 ιι
475 4019 639 4085 malo,
675 4026 727 4073 et
757 4019 972 4074 salvum
1012 4019 1170 4074 faciet
1202 4020 1256 4073 in
1287 4035 1514 4092 regnum
1563 4036 1717 4074 suum
1757 4021 2016 4082 caeleste:

428 4130 450 4155 α
483 4106 568 4163 cui
600 4106 778 4179 gloria
828 4108 883 4161 in
930 4108 1129 4163 smcula
1184 4107 1522 4163 saeculorum.
1600 4111 1792 4163 Amen.
1842 4109 2021 4163 Saluta

427 4216 451 4246 ι
487 4195 728 4251 Priscam
761 4203 813 4249 et
843 4196 1110 4266 Aquilam,
1133 4205 1185 4250 et
1216 4195 1543 4267 Onesiphori
1590 4197 1830 4252 domum.
1877 4199 2020 4253 Era—

2112 1658 2239 1711 Hazc
2269 1663 2445 1709 autem
2477 1654 2563 1709 fac
2604 1656 2667 1709 in
2692 1655 2848 1709 omni
2900 1653 3187 1723 patientia
3220 1671 3237 1706 :
3258 1659 3315 1705 ut
3371 1666 3708 1721 quaecunque

2110 1744 2413 1799 inferantur
2432 1742 2665 1797 libenter
2692 1740 2960 1796 sustineas
2986 1758 3000 1801 ;
3045 1754 3147 1794 nec
3176 1740 3249 1794 ita
3275 1748 3333 1794 ut
3365 1739 3565 1795 docere
3611 1739 3707 1793 de-

2112 1831 2293 1900 sistas,
2313 1831 2409 1886 sed
2438 1845 2652 1899 semper
2680 1836 2797 1883 esto
2835 1829 2900 1882 in
2927 1828 3206 1884 doctrina.
3261 1828 3390 1883 Ideo
3432 1834 3581 1882 tanta
3626 1827 3708 1880 in-

2114 1920 2303 1974 stantia
2329 1927 2383 1974 te
2413 1919 2613 1974 docere
2642 1931 2962 1972 commoneo
2988 1931 3000 1969 :
3022 1916 3145 1987 quia
3173 1918 3286 1972 erit
3317 1921 3535 1988 tempus
3563 1915 3708 1970 circa

2112 2006 2276 2062 finem
2306 2006 2511 2071 mundi,
2544 2022 2675 2061 cum
2703 2004 2950 2059 homines
2980 2020 3095 2060 non
3124 2004 3489 2060 sustinebunt
3507 2018 3709 2058 sanam

2114 2096 2452 2151 doctrinam.
2487 2093 2542 2148 Si
2571 2101 2747 2148 autem
2777 2093 2831 2146 in
2866 2101 3109 2162 tempore
3139 2092 3231 2146 illo
3269 2108 3378 2147 non
3423 2092 3707 2146 roboratur

2113 2184 2365 2239 Ecclesia
2411 2183 2656 2238 doctrina
2702 2180 3018 2252 apostolica,
3062 2181 3257 2251 peribit
3299 2179 3453 2235 ﬁdes.
3503 2180 3703 2234 Sanam

2114 2272 2416 2327 doctrinam
2444 2287 2553 2325 non
2576 2272 2867 2341 patientur,
2896 2270 2990 2325 sed
3033 2269 3442 2325 coacervabunt
3463 2269 3567 2324 sibi
3586 2285 3709 2324 ma-

2114 2362 2318 2431 gistros
2337 2361 2489 2428 juxta
2508 2376 2611 2413 sua
2641 2359 2939 2414 desideria.
2973 2357 3029 2413 Si
3060 2357 3322 2412 luxuriosi
3349 2357 3585 2422 fuerunt,
3617 2356 3706 2410 lu-

2116 2449 2389 2503 xuriosum
2426 2466 2438 2501 :
2469 2456 2522 2502 et
2562 2447 2642 2503 sic
2696 2447 2750 2501 in
2806 2446 3035 2502 caeteris.
3094 2446 3353 2501 Homines
3409 2445 3533 2500 dico
3580 2452 3708 2500 tunc

2112 2539 2438 2609 prurientes
2455 2536 2706 2601 auribus,
2738 2535 2793 2589 id
2841 2544 2923 2589 est
2951 2551 3090 2589 nova
3146 2543 3199 2589 et
3243 2534 3483 2588 inaudita
3522 2533 3711 2588 audire

2116 2626 2427 2696 cupientes;
2460 2625 2514 2679 in
2544 2624 2739 2694 quibus
2756 2624 2956 2680 veritas
2986 2638 3094 2677 non
3124 2622 3227 2677 erit
3259 2640 3273 2676 :
3306 2627 3361 2678 et
3392 2640 3426 2677 a
3472 2624 3711 2677 veritate

2116 2714 2337 2786 quidem
2367 2717 2626 2769 avertent
2655 2713 2918 2768 auditum
2949 2728 3125 2779 suum,
3161 2711 3260 2766 sed
3289 2712 3362 2767 ad
3386 2712 3611 2783 fabulas
3631 2709 3710 2781 (in

2117 2802 2311 2873 quibus
2334 2801 2411 2855 rei
2440 2801 2638 2856 veritas
2668 2816 2778 2855 non
2798 2802 2900 2869 est)
2931 2804 3349 2856 convertentur.

2187 2889 2269 2943 Eli
2328 2891 2406 2945 sic
2434 2889 2720 2944 intendunt
2746 2888 2980 2943 fabulis:
3017 2893 3079 2943 tu
3133 2904 3258 2943 vero
3289 2889 3481 2958 vigila,
3514 2888 3569 2941 id
3629 2895 3715 2942 est

2114 2977 2261 3032 omni
2296 2977 2656 3033 sollicitudine
2682 2993 2929 3047 praecave
2965 2976 3062 3031 tibi
3089 2984 3174 3031 :et
3212 2976 3401 3032 labora
3440 2977 3504 3031 in
3537 2977 3715 3031 omni-

2115 3067 2212 3122 bus
2232 3066 2302 3119 (si
2347 3065 2524 3136 potes)
2572 3064 2971 3121 convertendis.
3013 3066 3192 3135 thue
3240 3064 3401 3118 labor
3431 3072 3551 3119 tuus
3588 3064 3711 3119 ido-

2115 3169 2251 3208 neus
2282 3154 2368 3219 sit,
2394 3158 2486 3224 fac
2517 3171 2651 3226 opus
2679 3154 3054 3224 evangelista,
3086 3153 3140 3206 id
3172 3160 3255 3207 est
3300 3152 3673 3222 praadicatoris
3698 3167 3711 3205 :

2116 3240 2322 3298 scilicet
2350 3242 2497 3313 quod
2535 3242 2873 3312 operandum
2912 3241 3213 3311 praedicas,
3250 3256 3501 3310 operare.
3542 3242 3611 3294 Et
3640 3240 3717 3294 ita

2116 3330 2203 3385 fac
2230 3339 2288 3384 ut
2315 3330 2546 3400 impleas
2604 3335 2769 3385 tuum
2798 3331 3209 3397 ministerium,
3244 3329 3297 3383 id
3350 3336 3432 3383 est
3474 3328 3712 3385 ofﬁcium

2117 3418 2505 3488 praedicatoris,
2539 3418 2686 3489 quod
2734 3433 2844 3473 non
2890 3417 3034 3472 infra
3082 3418 3364 3483 subsistas,
3399 3418 3497 3473 sed
3552 3416 3716 3488 quid-

2119 3506 2247 3577 quid
2272 3506 2642 3577 praadicatoris
2671 3514 2754 3560 est
2779 3505 2970 3573 facias,
3001 3514 3056 3560 et
3101 3506 3401 3561 laborando
3432 3506 3487 3559 in
3515 3505 3634 3559 aliis
3663 3514 3716 3560 et

2118 3594 2174 3648 in
2201 3601 2256 3649 te
2283 3610 2446 3665 opere
2473 3594 2797 3664 complendo
2825 3594 2970 3665 quod
2998 3594 3134 3649 alios
3181 3594 3453 3649 docueris.
3498 3595 3567 3649 Et
3610 3594 3714 3649 lice

2120 3682 2199 3736 sic
2228 3698 2500 3748 moneam,
2550 3682 2638 3738 fac
2675 3698 2811 3752 opus
2854 3682 3205 3753 evangelista:
3235 3699 3249 3735 :
3274 3691 3456 3737 tamen
3482 3686 3597 3737 esto
3626 3699 3713 3737 so-

2122 3770 2294 3835 brius,
2327 3787 2436 3825 non
2464 3771 2605 3825 ultra
2627 3771 2847 3825 modum
2867 3770 3204 3826 abstinentiae
3245 3770 3479 3835 deditus,
3507 3786 3576 3824 ne
3625 3769 3713 3823 ni-

2120 3859 2539 3927 mietatejejunii
2568 3859 2878 3914 debilitatus
2920 3859 3216 3930 (quomodo
3262 3859 3440 3927 decet)
3498 3859 3713 3913 incum-

2121 3947 2252 4001 bere
2273 3961 2515 4016 nequeas
2544 3946 2934 4017 prmdicationi.
2997 3946 3290 4017 Propterea
3321 3953 3467 4001 tanta
3508 3945 3713 3999 instan-

2122 4035 2196 4088 tia
2214 4042 2266 4089 te
2296 4050 2618 4090 commoneo
2651 4052 2664 4088 :
2699 4035 2825 4106 quia
2856 4051 2949 4105 ego
2969 4037 3094 4106 jam
3122 4034 3351 4100 delibor,
3368 4034 3422 4088 id
3448 4040 3531 4089 est
3546 4033 3709 4089 sacri.

2121 4121 2273 4187 ﬁcor,
2326 4130 2379 4177 et
2426 4122 2684 4192 paulatim
2706 4123 2759 4176 in
2789 4122 3017 4178 vinculis
3067 4122 3308 4192 quotidie
3364 4120 3608 4177 deficio:
3660 4125 3716 4177 et

2125 4215 2327 4282 tenpus
2354 4226 2493 4265 mea:
2518 4211 2899 4275 resolutionis,
2930 4209 2987 4264 id
3033 4218 3117 4264 est
3144 4210 3261 4266 dies
3317 4210 3505 4265 mortis
3552 4225 3709 4275 meae,

426 4305 449 4330 «ι
485 4291 597 4337 stus
627 4284 887 4337 remansit
943 4284 1203 4338 Corinthi.
1237 4284 1588 4355 Trophimum
1641 4294 1822 4341 autem
1880 4286 2013 4341 reli-

2121 4300 2301 4353 instat
2320 4298 2445 4352 etin
2474 4298 2722 4369 proximo
2752 4306 2833 4352 est
2866 4316 2879 4352 :
2913 4314 3075 4370 quem
3103 4298 3247 4353 diem
3302 4299 3499 4353 instare
3548 4314 3613 4353 ex
3646 4312 3711 4352 eo

425 4392 449 4418 α
486 4370 578 4441 qui
618 4370 891 4425 infirmum
932 4372 1118 4426 Mileti.
1189 4373 1401 4427 Festina
1445 4381 1566 4427 ante
1625 4374 1861 4429 hiemem
1919 4391 2017 4429 ve-

425 4478 448 4504 α
482 4457 598 4512 nire
624 4457 866 4515 344
897 4459 1137 4514 Salutant
1166 4468 1216 4515 te
1238 4461 1509 4527 Eubulus,
1544 4469 1595 4516 et
1628 4462 1843 4517 Pudens
1866 4463 2014 4535 [al...

424 4566 446 4593 α
473 4545 757 4617 Prudens],
789 4556 839 4601 et
853 4547 1036 4617 Linus,
1061 4555 1114 4603 et
1135 4549 1359 4604 Claudia
1380 4557 1461 4604 :et
1482 4549 1675 4605 fratres
1704 4566 1894 4606 omnes
1916 4551 2013 4623 [αἱ.

425 4662 447 4689 ‹‹
482 4658 597 4699 non
622 4643 789 4699 habet
838 4644 1047 4716 omnes]
1088 4646 1224 4714 ejus.
1278 4646 1540 4701 Dominus
1582 4648 1741 4701 Jesus
1774 4648 2017 4703 Christus

425 4751 447 4777 α
481 4745 604 4787 cum
626 4731 818 4803 spiritu
847 4740 958 4787 tuo.
995 4733 1178 4788 Gratia
1207 4734 1509 4790 vobiscum.
1555 4738 1747 4791 Amen.
1776 4756 1798 4787 ι

1062 4890 1355 4931 EXPOSITIO
1368 4919 1381 4932 .

488 4987 555 5041 Et
585 4988 675 5057 qui
715 4988 993 5058 Scriptura
1044 4990 1143 5045 Dei
1196 5000 1325 5046 nota
1382 4994 1477 5048 tibi
1525 4995 1670 5049 utilis
1701 5004 1783 5051 est
1824 4996 1891 5052 ad
1913 4997 2016 5051 do-

420 5074 672 5143 cendum,
726 5084 779 5130 et
831 5077 897 5130 ad
970 5079 1291 5149 argendum,
1335 5089 1388 5135 et
1444 5084 1513 5136 ad
1561 5084 2011 5153 corripiendum:

415 5161 541 5219 ideo
573 5164 846 5231 testiﬁcor
878 5165 973 5219 tibi
1030 5183 1220 5222 coram
1260 5170 1387 5234 Deo,
1442 5187 1508 5224 ne
1557 5173 1660 5227 hoc
1709 5173 1843 5226 ultra
1870 5190 1898 5226 a
1929 5190 2017 5228 me

414 5249 617 5322 exigat.
653 5254 722 5307 Et
764 5268 950 5308 coram
984 5255 1209 5312 Chresto
1238 5260 1387 5323 Jesu,
1419 5261 1514 5330 qui
1541 5261 1910 5329 judicaturus
1934 5268 2015 5318 est

414 5340 564 5396 vivos
585 5344 642 5396 et
668 5345 923 5398 mortuos
948 5359 961 5394 ε
988 5358 1123 5413 quos
1145 5344 1413 5399 invenerit
1446 5346 1599 5401 vivos
1628 5349 1682 5401 in
1712 5350 1844 5403 hora
1871 5350 2017 5419 judi-

418 5427 508 5493 cii,
566 5427 655 5499 qui
710 5429 810 5483 sub
864 5438 1141 5486 momento
1196 5432 1560 5491 dissolvantur
1607 5445 1660 5491 et
1711 5447 2013 5510 resurgent.

2120 4394 2297 4442 certus
2319 4403 2458 4453 sum,
2483 4387 2847 4465 quia‘certavi
2874 4392 3162 4443 certamen
3204 4386 3585 4458 (frequentiam
3615 4402 3713 4441 no-

2122 4477 2212 4543 tat)
2246 4475 2469 4541 bonum,
2494 4474 2547 4528 id
2588 4483 2667 4529 est
2700 4474 2848 4530 utile.
2898 4475 3161 4531 Ecclesiae
3218 4475 3336 4530 Dei.
3370 4474 3582 4531 Certavi
3611 4474 3714 4529 uti-

2119 4579 2225 4634 que
2246 4562 2503 4633 patiendo
2532 4578 2870 4634 quaecunque
2914 4564 3025 4634 pati
3072 4563 3327 4634 oportuit,
3362 4572 3415 4619 et
3457 4580 3710 4629 cursum,

2121 4651 2176 4705 id
2202 4658 2283 4705 est
2300 4650 2640 4706 velocitatem
2672 4651 2810 4706 bene
2840 4651 3059 4723 agendi,
3095 4652 3187 4707 ubi
3216 4668 3325 4707 non
3345 4653 3421 4707 ita
3448 4652 3560 4722 pati
3618 4668 3714 4707 ne-

2118 4754 2275 4793 cesse
2298 4738 2412 4807 fuit,
2438 4739 2583 4794 hunc
2612 4737 2798 4809 utique
2828 4743 3215 4796 consummavi
3246 4760 3263 4795 :
3294 4740 3423 4811 quia
3450 4739 3587 4796 adeo
3616 4756 3712 4794 as-

2120 4827 2302 4881 cendit
2321 4841 2446 4882 mea
2481 4827 2703 4895 justitia,
2740 4827 2887 4897 quod
2944 4828 3085 4883 ultra
3112 4844 3223 4883 non
3270 4828 3431 4883 habet
3460 4844 3569 4900 quo
3616 4845 3712 4883 as-

2118 4915 2344 4981 cendat;
2379 4922 2429 4968 et
2456 4915 2511 4968 in
2533 4915 2791 4970 certando
2824 4924 2875 4970 et
2906 4915 2959 4969 in
2984 4917 3256 4972 currendo
3286 4908 3501 4972 servavi
3521 4917 3710 4985 ﬁdem.

2118 5004 2188 5058 Et
2213 5003 2340 5074 quia
2364 5003 2473 5071 jam
2504 5004 2878 5059 consummavi
2917 5019 3155 5070 cursum,
3196 5006 3320 5061 ideo
3367 5007 3429 5061 in
3472 5007 3711 5077 reliquo,

2118 5091 2173 5144 id
2204 5099 2285 5146 est
2315 5091 2369 5144 in
2401 5091 2509 5146 vita
2532 5108 2650 5163 quae
2680 5092 2838 5146 nobis
2867 5092 3039 5147 futura
3072 5094 3410 5165 relinquitur,
3468 5095 3714 5166 reposita

2119 5183 2220 5246 est,
2256 5180 2312 5234 id
2340 5188 2423 5235 est
2456 5180 2770 5247 custoditur,
2795 5181 2939 5236 mihi
2981 5198 3189 5238 corona
3238 5184 3510 5254 justitiaz,
3545 5182 3601 5236 id
3630 5190 3713 5236 est

2118 5268 2411 5336 promerita
2444 5284 2540 5337 per
2562 5268 2824 5335 justitiam
2856 5286 2869 5322 :
2911 5286 3077 5340 quam
3123 5286 3377 5324 coronam
3410 5268 3563 5340 quasi
3610 5270 3712 5325 de-

2118 5355 2280 5409 bitam
2311 5356 2501 5411 reddet
2533 5357 2675 5411 mihi
2703 5357 2974 5411 Dominus
3002 5360 3065 5413 in
3088 5358 3187 5413 illa
3219 5359 3307 5413 die
3338 5357 3531 5412 futuraa
3553 5358 3712 5413 retri-

2116 5444 2373 5513 butionis,
2405 5459 2505 5499 nec
2536 5444 2667 5498 mihi
2709 5460 2912 5516 negare
2969 5453 3149 5516 potest
3192 5461 3203 5500 :
3247 5446 3370 5517 quia
3419 5455 3501 5502 est
3520 5449 3717 5516 justus
