3966 6050
253 219 360 273 473

942 218 1322 275 EXPOSITIO
1361 220 1434 273 ΙΝ
1472 214 1853 273 EPISTOLAS
1890 212 2118 269 PAULI.
2149 244 2219 256 -—
2247 216 2319 270 IN
2356 215 2571 271 EPIST.
2614 214 2708 269 AD
2742 214 2873 269 TlT.

3454 209 3559 265 474

268 348 445 411 iudex
472 365 492 400 :
522 353 573 400 et
597 343 799 412 justitia
847 342 1013 413 exigit
1042 352 1098 398 ut
1127 345 1232 399 hoc
1260 342 1391 397 mihi
1421 342 1699 399 reddatur.
1740 338 1867 394 Mihi
1886 339 1944 399 Α
1969 338 2155 394 venies
2204 340 2273 394 ad
2322 356 2441 405 me,
2495 356 2626 396 cave
2672 339 2770 393 tibi
2815 339 2885 393 ab
2931 338 3240 393 Alexandro
3264 355 3277 391 :
3300 336 3390 392 hic
3420 337 3562 391 enim

274 435 514 507 quidem,
550 433 648 488 sed
668 450 783 489 non
803 434 988 488 solum
1016 433 1179 496 mihi,
1204 432 1298 487 sed
1328 433 1490 486 etiam
1511 430 1763 484 omnibus
1784 429 1871 482 his

274 525 370 596 qui
390 523 641 591 diligunt
664 521 972 575 adventum
992 522 1112 591 ejus
1136 519 1345 589 judicii,
1371 520 1425 573 id
1457 527 1540 573 est
1563 518 1654 589 qui
1678 531 1869 587 puram

272 611 475 665 habent
522 608 913 664 conscientiam
947 624 960 661 :
993 607 1085 679 qui
1129 607 1271 662 enim
1319 607 1420 661 sibi
1466 607 1609 661 male
1666 604 1871 661 conscii

274 708 397 751 sunt
425 740 437 763 ,
489 697 547 751 hi
580 696 764 767 utique
811 696 1103 750 adventum
1126 695 1327 764 judicis
1351 686 1459 750 nan
1488 695 1740 766 diligunt,
1773 692 1870 747 sed

272 785 585 841 formidant.
637 786 739 839 Per
779 784 885 839 hoc
912 783 1204 853 plurimum
1261 783 1463 838 animat
1505 784 1865 849 Timotheum,

278 873 425 945 quod
471 874 544 927 ait
592 872 890 943 praeparari
939 887 1194 927 coronam
1250 871 1472 940 justitias
1521 870 1869 942 diligentibus

270 962 564 1017 adventum
603 961 725 1016 Dei.
989 1005 997 1011 .

350 1050 620 1106 Instructo
668 1049 950 1104 Timotheo
996 1049 1052 1103 in
1095 1048 1181 1103 his
1230 1065 1351 1119 qua:
1396 1048 1613 1118 publice
1652 1048 1866 1119 agenda

269 1145 419 1192 erant
443 1181 456 1200 .
515 1138 583 1191 de
643 1137 964 1208 quibusdam
995 1137 1231 1207 propriis
1263 1136 1487 1191 mandat
1515 1136 1586 1202 ei,
1620 1136 1809 1190 dicens
1839 1152 1851 1191 :

279 1225 518 1281 345
572 1223 713 1292 Quia
758 1225 813 1278 in
861 1226 1108 1295 proximo
1140 1225 1259 1279 dies
1312 1241 1452 1279 mea:
1502 1224 1865 1279 resolutionis

273 1315 463 1369 instat
498 1328 509 1366 :
541 1312 665 1368 ideo
685 1314 899 1383 festina
925 1314 1039 1369 cito
1059 1315 1252 1368 venire
1280 1312 1352 1367 ad
1387 1328 1477 1368 me
1496 1332 1513 1367 :
1535 1319 1588 1367 et
1616 1327 1866 1367 necessa-

272 1402 387 1455 rius
417 1400 549 1455 mihi
578 1416 639 1455 es
672 1419 685 1455 :
714 1402 848 1473 quia
876 1404 1077 1457 Demas
1109 1402 1461 1471 apostatando
1494 1402 1720 1473 reliquit
1750 1417 1859 1465 me,

273 1490 520 1559 diligens
544 1490 645 1545 hoc
673 1506 917 1560 praesens
944 1492 1235 1551 saeculum.
1259 1494 1317 1546 et
1346 1490 1437 1547 ille
1467 1490 1610 1545 abiit
1636 1492 1862 1545 Thessa-

271 1578 544 1633 lonicam.
577 1579 842 1633 Crescens
862 1594 1012 1644 vero,
1037 1578 1175 1633 alius
1206 1577 1503 1649 discipulus
1523 1578 1578 1633 in
1608 1577 1713 1633 fide
1734 1593 1861 1648 per-

266 1680 518 1731 manens,
553 1666 684 1721 abiit
703 1668 768 1721 in
791 1667 1096 1721 Galatiam.
1140 1668 1294 1722 Titus
1325 1682 1457 1721 vero
1485 1667 1617 1720 abiit
1649 1669 1711 1722 in
1734 1668 1859 1730 Dal-
1882 1693 1931 1752 Β

263 1755 529 1809 matiam.
553 1755 621 1808 Et
641 1754 739 1820 sic,
763 1754 881 1808 aliis
897 1754 1181 1824 dispersis,
1232 1756 1385 1811 solus
1429 1757 1608 1810 Lucas
1639 1770 1861 1809 mecum

266 1844 376 1897 est.
401 1842 564 1909 Veni,
602 1842 842 1913 inquiam
857 1887 871 1905 ,
906 1850 959 1897 et
978 1843 1034 1897 in
1054 1843 1323 1898 veniendo
1346 1858 1569 1898 assume
1590 1845 1856 1909 Marcum,

263 1933 323 1984 et
343 1929 565 1986 addhue
591 1934 776 1985 tecum
816 1931 883 1985 ad
921 1946 1029 1985 me.
1056 1930 1155 1986 Hic
1175 1933 1331 1986 enim
1351 1935 1435 1986 est
1455 1932 1598 1985 mihi
1616 1931 1777 1986 utilis
1799 1933 1860 1985 in

263 2018 606 2073 ministerio.
632 2018 902 2072 Fortassis
916 2019 1183 2073 missurus
1204 2026 1323 2074 erat
1343 2035 1465 2073 eum
1494 2019 1785 2089 Apostolus
1806 2019 1860 2073 in

261 2105 500 2176 aliquam
517 2106 866 2177 legationem.
892 2108 1186 2177 Tychicum
1203 2111 1399 2161 autem
1413 2109 1547 2162 misi
1559 2109 1855 2179 Ephesum,

260 2193 355 2247 ubi
377 2201 433 2248 tu
464 2194 819 2264 episcoparis.
853 2195 931 2248 Tu
964 2210 1095 2249 vero
1125 2196 1355 2250 veniens
1386 2195 1457 2249 ad
1485 2211 1573 2250 me
1600 2196 1745 2266 affer
1775 2200 1861 2251 te-

263 2298 396 2337 cum
410 2283 686 2353 penulam
705 2297 872 2354 quam
902 2282 1053 2353 apud
1089 2282 1336 2354 Carpam
1368 2284 1575 2355 reliqui
1612 2284 1817 2339 Troade
1840 2303 1857 2337 :

259 2368 398 2424 affer
442 2371 604 2425 etiam
641 2372 807 2427 libros
858 2389 876 2425 :
919 2375 977 2425 et
1024 2373 1279 2425 maxime
1328 2387 1437 2441 prae
1485 2372 1698 2427 caeteris
1726 2371 1860 2426 affer

257 2458 641 2522 membranas,
676 2459 872 2530 quibus
902 2474 1039 2528 opus
1068 2459 1247 2513 habeo
1275 2460 1345 2513 ad
1374 2459 1662 2515 mittendas
1701 2461 1859 2532 Epis-

262 2546 422 2601 tolas.
496 2547 693 2601 Penula
755 2547 925 2602 vestis
973 2554 1088 2600 erat
1134 2547 1330 2602 tradita
1374 2549 1770 2603 Tharsensibus
1825 2566 1859 2605 a

258 2635 521 2690 Romanis
559 2652 573 2689 :
618 2643 905 2705 propterea
934 2635 1063 2705 quia
1109 2643 1341 2705 sponte,
1392 2643 1445 2691 et
1490 2652 1599 2690 non
1631 2637 1773 2692 bello
1802 2638 1858 2691 in

254 2722 541 2792 imperium
574 2724 939 2778 Romanorum
970 2723 1303 2778 devenerant
1357 2742 1371 2778 :
1421 2739 1585 2794 quam
1622 2724 1747 2780 ideo
1771 2726 1858 2793 ju-

255 2810 422 2867 bebat
450 2809 635 2865 afferri
653 2854 665 2876 ,
699 2819 756 2865 ut
785 2811 1171 2881 comprobaret
1201 2827 1261 2866 se
1293 2828 1417 2867 esse
1445 2812 1623 2867 civem
1652 2814 1857 2868 Roma-

257 2913 419 2964 num,
470 2899 611 2954 sicut
638 2898 1013 2969 appellaverat
1038 2900 1183 2969 apud
1233 2900 1472 2955 Festum.
1525 2902 1632 2956 Seu
1662 2903 1858 2971 penula

255 2986 368 3041 alia
398 2987 563 3041 vestis
593 2996 742 3042 erat:
768 3003 927 3059 quam
954 2996 1150 3043 contra
1178 2988 1352 3060 frigus
1378 2987 1560 3044 atierri
1610 2989 1714 3044 sibi
1751 3006 1856 3061 po-

257 3074 522 3140 stulabat,
570 3083 787 3130 acturus
834 3076 1049 3131 hiemen
1095 3076 1151 3130 in
1200 3091 1449 3132 carcere.
1507 3078 1648 3132 Dum
1679 3087 1855 3135 autem

1879 3043 1926 3103 Ο

1971 428 2297 483 Alexander
2316 430 2554 483 aerarius
2574 428 2797 497 (nomen
2827 426 3132 499 dignitatis)
3155 426 3405 481 ostendit
3423 425 3566 479 mihi

1971 517 2156 570 multa
2172 518 2327 571 mala
2357 536 2374 570 :
2406 532 2506 570 nec
2549 516 2675 570 inde
2705 532 2838 570 curo
2864 532 2880 569 :
2904 515 3031 585 quia
3059 515 3331 569 Dominus
3369 512 3563 568 reddet

1970 605 2021 658 ei
2039 604 2350 659 secundum
2372 619 2537 675 Opera
2553 606 2693 672 eius.
2720 604 2890 670 Quem
2912 602 3282 657 Alexandrum
3304 606 3368 656 tu
3388 602 3564 656 etiam

1970 691 2154 747 devita
2176 712 2194 747 :
2226 692 2311 747 hic
2352 693 2505 747 enim
2525 692 2685 747 valde
2714 691 2934 747 restitit
2966 691 3142 747 verbis
3162 690 3395 745 nostris.
3430 686 3567 743 Veni

1969 781 2153 851 utique
2186 797 2196 835 :
2227 781 2351 851 quia
2382 779 2722 836 necessarius
2754 795 2833 834 es.
2868 780 2931 833 In
2962 782 3151 850 prima
3183 779 3336 833 enim
3361 778 3563 848 defen-

1968 870 2125 926 sione
2162 886 2309 933 mea,
2344 869 2564 939 quando
2595 867 2813 923 defendi
2851 884 2939 921 me
2970 868 3025 920 in
3055 875 3353 937 conspectu
3382 866 3564 920 Nero-

1968 957 2071 1025 nis,
2096 974 2260 1013 nemo
2281 957 2672 1027 discipulorum
2689 956 2857 1026 affuit
2873 956 3015 1011 mihi
3037 975 3055 1010 :
3076 956 3170 1011 sed
3191 970 3384 1010 omnes
3401 955 3564 1009 dere-

1970 1046 2263 1117 liquerunt
2314 1062 2423 1101 me.
2450 1046 2518 1100 Ut
2552 1053 2733 1100 autem
2777 1046 2884 1099 hoc
2919 1061 3037 1098 non
3076 1044 3395 1114 imputetur
3421 1043 3563 1107 illis,

1965 1149 2162 1203 precor
2187 1151 2200 1187 :
2225 1134 2300 1187 illi
2318 1134 2744 1205 dereliquerunt
2765 1148 2895 1199 me;
2925 1132 3023 1187 sed
3058 1133 3331 1186 Dominus
3370 1131 3564 1185 astitit

1964 1223 2107 1277 mihi
2120 1240 2137 1276 :
2150 1226 2205 1276 et
2224 1222 2454 1275 astando
2471 1225 2679 1292 fortem
2695 1222 2833 1291 fecit
2850 1236 2938 1276 me
2952 1240 2969 1275 :
2982 1219 3105 1275 ideo
3123 1227 3173 1274 et
3190 1219 3328 1274 adeo
3346 1223 3409 1274 ut
3419 1235 3564 1289 prte-

1965 1309 2172 1364 dieatio
2192 1310 2531 1380 impleretur
2548 1325 2650 1379 per
2670 1325 2777 1373 me,
2802 1324 2912 1362 non
2934 1308 3218 1364 cedentem
3240 1306 3401 1361 minis
3424 1299 3561 1374 ejus:

1966 1398 2021 1452 Si
2053 1398 2197 1451 enim
2227 1397 2593 1453 consentirem
2623 1397 2747 1467 ipsi,
2779 1396 3053 1467 inexpleta
3096 1394 3252 1450 fieret
3292 1394 3559 1465 praedica-

1964 1486 2038 1540 tio
2074 1500 2086 1539 :
2121 1486 2243 1540 ideo
2274 1485 2438 1541 etiam
2471 1484 2795 1541 confortavit
2816 1502 2829 1537 ε
2850 1488 2914 1539 ut
2934 1486 3050 1539 haec
3071 1485 3311 1538 audiant
3328 1486 3519 1553 gentes
3544 1501 3563 1537 :

1964 1582 2017 1629 et
2046 1575 2152 1629 hoc
2178 1574 2336 1629 etiam
2389 1573 2611 1628 audiant
2637 1573 2784 1644 quod
2834 1574 3107 1628 liberatus
3144 1588 3298 1637 sum,
3350 1578 3407 1624 ut
3452 1586 3561 1625 non

1962 1664 2345 1728 consentirem,
2363 1662 2428 1719 de
2449 1679 2543 1717 ore
2562 1662 2757 1729 leonis,
2773 1662 2828 1715 id
2849 1669 2931 1716 est
2950 1660 3207 1725 Neronis,
3231 1659 3319 1714 vel
3335 1658 3558 1722 diaboli,

1960 1767 2060 1822 per
2078 1732 2354 1806 Neronem
2375 1750 2682 1805 invadentis
2712 1764 2831 1804 me:
2854 1765 2955 1803 nec
2976 1748 3151 1803 solum
3191 1763 3223 1802 a
3257 1747 3439 1815 leone,
3463 1746 3562 1801 sed

1962 1840 2221 1895 liberavit
2241 1855 2331 1894 me
2350 1840 2621 1895 Dominus
2651 1838 2718 1893 ab
2769 1838 2925 1893 omni
2952 1853 3113 1908 apere
3138 1837 3309 1901 malo,
3330 1851 3399 1889 ne
3430 1834 3561 1905 quid

1961 1930 2099 1983 male
2116 1944 2378 1999 operarer
2403 1944 2414 1982 :
2438 1932 2494 1983 et
2513 1942 2601 1982 me
2622 1926 2911 1981 liberatum
2930 1926 3152 1981 salvum
3171 1926 3370 1995 faciet,
3392 1930 3562 1977 trans-

1960 2017 2127 2072 latum
2148 2019 2212 2071 in
2232 2033 2471 2086 regnum
2492 2032 2661 2073 suum
2681 2017 2899 2071 caeleste
2918 2034 2934 2069 :
2951 2016 3047 2070 cui
3070 2012 3303 2068 Domino
3333 2020 3416 2067 est
3442 2013 3560 2083 glo-

1959 2108 2049 2161 ria
2070 2105 2132 2160 in
2152 2106 2361 2161 saecula
2383 2106 2738 2171 saeculorum,
2764 2104 2961 2158 Amen.
2985 2105 3223 2172 Accepta
3254 2109 3434 2155 autem
3455 2100 3557 2155 hac

1958 2193 2222 2265 Epistola,
2274 2195 2465 2248 saluta
2505 2194 2761 2248 Priscum
2782 2196 2843 2247 et
2881 2192 3159 2263 Aquilam,
3192 2194 3249 2245 et
3268 2189 3557 2259 familiam

1962 2283 2313 2354 Onesiphori.
2364 2284 2603 2336 Erastus
2632 2288 2815 2335 autem
2861 2280 3142 2335 remansit
3181 2277 3476 2333 Corinthi:
3506 2285 3559 2333 et

1968 2373 2325 2443 Trophimum
2348 2371 2552 2442 reliqui
2572 2370 2750 2424 Mileti
2778 2368 3075 2436 inﬁrmum
3093 2386 3110 2421 :
3129 2374 3182 2421 et
3203 2366 3330 2438 quia
3351 2372 3426 2420 tot
3457 2366 3555 2420 ab-

1959 2468 2142 2515 sentes
2170 2468 2310 2525 sunt,
2342 2458 2557 2529 festina
2578 2459 2771 2513 venire
2799 2455 2870 2511 ad
2896 2471 2985 2510 me
3011 2459 3147 2511 ante
3181 2454 3442 2510 hiemem.
3471 2454 3550 2509 De

1958 2549 2045 2602 his
2074 2556 2253 2603 autem
2284 2547 2376 2619 qui
2406 2546 2693 2602 nobiscum
2724 2551 2867 2610 sunt,
2913 2545 3173 2599 salutant
3216 2546 3269 2598 te
3290 2543 3552 2608 Eubolus,

1956 2642 2014 2693 et
2033 2637 2278 2702 Pudens,
2321 2638 2377 2690 et
2400 2636 2591 2699 Linus,
2632 2637 2687 2689 et
2712 2632 2965 2698 Claudia,
3010 2636 3065 2687 et
3103 2647 3297 2686 omnes
3318 2634 3551 2701 fratres.

1958 2726 2025 2778 Et
2053 2740 2158 2796 ego
2189 2724 2363 2778 saluto
2393 2731 2463 2777 te.
2517 2724 2790 2777 Dominus
2828 2722 2986 2776 Jesus
3012 2719 3265 2775 Christus
3312 2717 3380 2773 sit
3425 2734 3556 2774 cum

1959 2814 2167 2885 spiritu
2190 2816 2285 2867 tuo
2326 2831 2344 2866 :
2386 2818 2439 2866 et
2467 2810 2734 2866 concedat
2761 2816 2820 2863 ut
2846 2810 3033 2881 gratia
3063 2807 3131 2861 sit
3160 2809 3464 2872 nobiscum,
3497 2806 3554 2861 id

1958 2909 2043 2957 est
2092 2901 2309 2957 dilectio
2364 2900 2505 2955 inter
2576 2915 2664 2955 me
2730 2906 2781 2954 et
2862 2904 2915 2953 te
2968 2903 3148 2968 empta
3206 2902 3542 2967 perseveret.

1959 2992 2162 3046 Amen.

1172 3295 1671 3353 ARGUMENTUM
1712 3300 1783 3354 IN
1824 3298 2216 3354 EPISTOLAM
2254 3298 2348 3351 AD
2386 3296 2617 3351 TITUM.

331 3392 505 3468 Titum
536 3390 1030 3468 commonefacituet
1061 3392 1277 3468 instruit
1295 3395 1374 3468 de
1403 3395 1786 3468 constitutione
1829 3395 2151 3468 presbyterii
2185 3410 2196 3448 :
2229 3394 2377 3468 etde
2408 3391 2673 3464 spirituali
2720 3391 3165 3459 conversatione,
3198 3399 3251 3447 et
3281 3391 3549 3447 haereticis

258 3462 494 3516 vitandis
528 3478 540 3516 :
575 3462 665 3533 qui
692 3462 1074 3517 traditionibus
1101 3464 1338 3519 Judaicis
1367 3467 1626 3533 credunt;
1662 3462 1907 3523 scribens
1937 3462 2050 3523 ei'a
2078 3465 2346 3537 Nicopoli.

1111 3696 1554 3759 PROLOGUS
1598 3701 1675 3760 B.
1722 3699 2140 3763 BRUNONIS
2183 3699 2267 3760 IN
2308 3696 2678 3759 EAMDEM.

324 3824 542 3898 Paulus,
578 3830 859 3887 conversis
890 3829 1257 3897 Cretensibus,
1291 3831 1628 3887 consecravit
1658 3832 1732 3886 ibi
1762 3832 1851 3887 Ti-
1871 3832 1921 3892 D
1949 3839 2006 3887 ut
2056 3830 2285 3886 instruat
2314 3846 2440 3886 eum
2482 3828 2673 3901 quales
2720 3842 3044 3883 consecrare
3092 3827 3286 3884 debeat
3334 3828 3552 3900 episco-

248 3926 363 3971 tum
393 3916 862 3987 archiepiscopum
887 3957 900 3981 ,
955 3915 1043 3985 qui
1075 3930 1169 3969 eos
1200 3915 1495 3970 instrueret
1522 3916 1590 3970 de
1621 3917 1845 3988 quibus-

249 4021 465 4077 cunque
517 4012 877 4075 opportunum
929 4004 1153 4057 videret.
1216 4004 1349 4058 Cum
1409 4012 1585 4059 autem
1647 4004 1844 4060 Paulus

247 4094 382 4149 isset
414 4093 721 4164 Nic0polim
744 4094 761 4162 (
784 4092 927 4163 quod
958 4092 1074 4147 hinc
1104 4090 1351 4161 Epistola
1383 4091 1596 4147 videtur
1616 4092 1843 4148 inuuere

248 4182 303 4236 in
343 4182 750 4252 sequentibus),
798 4180 1013 4251 scripsit
1040 4181 1181 4234 hanc
1203 4179 1502 4249 Epistolam
1532 4180 1599 4234 ad
1637 4181 1838 4236 Titum.

249 4271 510 4325 Audierat
530 4269 673 4324 enim
696 4269 765 4323 de
795 4284 878 4335 eo,
919 4267 1063 4339 quod
1099 4267 1259 4321 nimis
1281 4266 1600 4338 simpliciter
1621 4268 1841 4339 episco-

248 4358 369 4428 pale
402 4365 680 4412 exerceret
709 4356 939 4411 officium
968 4371 980 4409 :
1006 4356 1131 4428 quia
1159 4355 1442 4411 haereticos
1462 4400 1474 4422 ,
1510 4372 1604 4412 seu
1637 4356 1841 4428 quosli-

249 4447 339 4502 bet
368 4461 677 4517 perversos,
710 4460 815 4499 non
841 4444 1142 4514 expellebat
1174 4444 1242 4497 ab
1265 4444 1515 4499 Ecclesia
1544 4444 1841 4515 pontificali

246 4533 494 4605 imperio,
520 4532 658 4589 sicut
688 4532 927 4589 deceret.
961 4531 1324 4587 Denuntiabat
1345 4532 1561 4603 quidem
1594 4533 1672 4588 eis
1695 4534 1839 4604 quod

246 4622 389 4678 male
418 4630 663 4694 agerent,
699 4629 750 4675 et
780 4620 1044 4675 desistere
1074 4620 1333 4675 deberent
1367 4638 1379 4673 :
1414 4621 1510 4675 sed
1539 4620 1619 4675 eis
1650 4622 1717 4675 ab
1747 4621 1838 4676 in-

1953 3935 2054 3990 pos
2092 3936 2191 3990 per
2242 3918 2492 3975 civitates
2546 3918 2629 3972 sui
2686 3917 3187 3988 archiepiscopatus
3245 3934 3258 3971 :
3318 3917 3551 3975 maxime

1954 4008 2097 4063 circa
2145 4009 2289 4064 hanc
2317 4007 2729 4063 instructionem
2759 4005 3083 4072 immorans,
3117 4014 3173 4060 ut
3203 4013 3471 4076 potestate
3497 4014 3552 4063 et

1954 4095 2187 4166 imperio
2214 4094 2511 4165 pontificali
2536 4101 2714 4148 utatur
2746 4112 2758 4147 :
2795 4093 2918 4165 quia
2947 4093 3073 4149 licet
3101 4092 3403 4163 simplicem
3425 4111 3548 4151 esse

1953 4185 2154 4238 bonum
2184 4184 2285 4249 sit,
2338 4190 2522 4237 tamen
2558 4182 2726 4236 nimia
2754 4181 3030 4235 humilitas
3061 4181 3304 4252 episcopi
3334 4182 3549 4237 incom-

1950 4272 2171 4327 modum
2202 4270 2326 4326 facit
2374 4270 2626 4341 regimini
2656 4270 2914 4324 Ecclesiae
2946 4284 2959 4322 :
2993 4269 3041 4323 ei
3087 4269 3211 4324 ideo
3240 4277 3425 4326 monet
3453 4271 3548 4325 Ti-

1950 4368 2086 4428 tum,
2118 4366 2179 4414 ut
2210 4376 2333 4414 cum
2380 4358 2607 4430 imperio
2646 4357 2940 4429 episcopali
2969 4358 3177 4426 doceat,
3210 4359 3543 4426 exhortatur,

1950 4456 2001 4503 et
2031 4455 2225 4520 arguat
2257 4465 2272 4502 :
2304 4455 2355 4503 et
2386 4448 2430 4502 si
2463 4446 2554 4518 qui
2583 4445 2825 4501 haeretici
2856 4445 3060 4519 corrigi
3091 4446 3307 4514 nolunt,
3343 4447 3412 4501 ab
3442 4448 3549 4504 Ec-

1949 4535 2113 4591 clesia
2144 4535 2399 4607 depellat.
2445 4537 2511 4591 Et
2540 4534 2620 4590 sic
2665 4534 2734 4590 de
2776 4534 3073 4604 episcopali
3121 4534 3299 4591 otiicio
3351 4551 3544 4608 agens,

1949 4623 2179 4679 intendit
2228 4624 2403 4678 Titum
2452 4622 2755 4694 perfectum
2803 4622 3036 4678 reddere
3083 4623 3420 4694 episcOpum.
3476 4625 3545 4680 Ut

248 4718 428 4781 coepto
448 4709 592 4763 malo
615 4725 724 4764 non
743 4708 1081 4765 cessantibus
1121 4708 1287 4778 (quod
1309 4707 1632 4778 pontificalis
1651 4709 1839 4781 digni-
1942 4727 2040 4782 per
2069 4713 2377 4783 exemplum
2408 4712 2589 4780 istius,
2645 4727 3000 4783 quoscunque
3046 4711 3337 4783 episcopos
3383 4711 3543 4767 nimis

246 4807 325 4852 tas
346 4798 642 4871 exigeret),
668 4813 775 4852 non
800 4797 1091 4852 coercebat
1121 4812 1235 4863 eos,
1260 4796 1357 4851 sed
1379 4797 1651 4852 humiliter
1668 4798 1843 4868 patie-

1943 4800 2218 4871 simplices
2267 4801 2533 4856 animatos
2577 4800 2860 4866 redderet,
2910 4807 2960 4855 et
2989 4799 3283 4872 episcOpali
3312 4799 3541 4872 imperio

245 4888 425 4941 batur.
448 4884 685 4942 346
708 4884 892 4954 Quare
923 4884 1120 4939 Paulus
1151 4886 1292 4939 hanc
1320 4885 1621 4955 Epistolam
1654 4886 1842 4940 scribit
1941 4895 2174 4943 utentes.

249 4975 320 5029 ad
347 4974 524 5029 Titum
551 4989 563 5028 :
586 4990 757 5046 agens
778 4973 832 5027 in
854 4989 914 5028 ea
936 4973 1003 5027 de
1032 4972 1326 5043 pontificali
1352 4972 1527 5029 officio
1553 4990 1565 5029 :
1590 4989 1656 5029 eo
1676 4974 1841 5029 modo

1164 5226 1177 5237 ”
1269 5225 1816 5311 EPISTULA
1880 5227 2027 5312 AD
2131 5231 2505 5315 TITUM.

759 5383 983 5438 CAPUT
1040 5384 1332 5439 PRIMUM.

311 5494 333 5517 «
362 5470 559 5525 Paulus
586 5486 778 5526 servus
808 5470 927 5540 Dei,
960 5472 1237 5542 apostolus
1266 5480 1446 5528 autem
1494 5473 1623 5528 Jesu
1670 5472 1833 5528 Chri-

240 5583 262 5606 ιι
301 5559 370 5615 sti
418 5559 717 5617 secundum
763 5559 925 5617 fidem
955 5560 1256 5618 electorum
1284 5562 1389 5619 Dei
1415 5570 1469 5620 et
1498 5561 1833 5633 agnitionem

1947 5409 1970 5439 ‹
2003 5388 2265 5455 veritatis,
2300 5406 2419 5461 quas
2447 5388 2745 5445 secundum
2774 5387 3029 5458 pietatem
3059 5396 3142 5444 est
3168 5390 3222 5444 in
3271 5403 3427 5458 spem
3457 5388 3543 5443 vi—

1946 5499 1968 5528 ι
2005 5486 2074 5534 tae
2093 5486 2308 5535 internas
2327 5493 2339 5532 :
2359 5494 2519 5549 quam
2540 5476 2812 5548 promisit,
2836 5477 2929 5549 qui
2949 5494 3059 5533 non
3079 5477 3357 5543 mentitur,
3396 5478 3544 5532 Deus

1947 5584 1969 5615 α
2004 5571 2129 5620 ante
2158 5571 2407 5635 tempora
2434 5562 2680 5619 saeculari
2717 5577 2729 5617 :
2762 5562 3125 5620 manifestavit
3172 5569 3354 5620 autem
3398 5569 3541 5619 tem-
