  <div class='ocr_page' id='page_1' title='image "/cluster/home/n/w/nwhite01/storage/ocr_20150623/153/hvd.32044054760111/243.png"; bbox 0 0 3966 6050; ppageno 0'>
   <div class='ocr_carea' id='block_1_1' title="bbox 444 208 550 263">
    <p class='ocr_par' dir='ltr' id='par_1_1' title="bbox 444 208 550 263">
     <span class='ocr_line' id='line_1_1' title="bbox 444 208 550 263; baseline 0.019 -2"><span class='ocrx_word' id='word_1_1' title='bbox 444 208 550 263; x_wconf 68' lang='grc'>475</span> 
     </span>
    </p>
   </div>
   <div class='ocr_carea' id='block_1_2' title="bbox 942 212 3234 272">
    <p class='ocr_par' dir='ltr' id='par_1_2' title="bbox 942 212 3234 272">
     <span class='ocr_line' id='line_1_2' title="bbox 942 212 3234 272; baseline 0 -2"><span class='ocrx_word' id='word_1_2' title='bbox 942 215 998 270; x_wconf 84' lang='grc'>8.</span> <span class='ocrx_word' id='word_1_3' title='bbox 1059 214 1415 271; x_wconf 82' lang='lat' dir='ltr'>BRUNONIS</span> <span class='ocrx_word' id='word_1_4' title='bbox 1473 212 2119 271; x_wconf 76' lang='lat' dir='ltr'>CARTHUSIANORUM</span> <span class='ocrx_word' id='word_1_5' title='bbox 2176 212 2663 269; x_wconf 81' lang='lat' dir='ltr'>INSTITUTORIS</span> <span class='ocrx_word' id='word_1_6' title='bbox 2722 213 2872 272; x_wconf 91' lang='lat' dir='ltr'>OPP.</span> <span class='ocrx_word' id='word_1_7' title='bbox 2934 216 3108 272; x_wconf 83' lang='lat' dir='ltr'>PARS</span> <span class='ocrx_word' id='word_1_8' title='bbox 3166 217 3234 271; x_wconf 92' lang='lat' dir='ltr'>II.</span> 
     </span>
    </p>
   </div>
   <div class='ocr_carea' id='block_1_3' title="bbox 3640 219 3745 272">
    <p class='ocr_par' dir='ltr' id='par_1_3' title="bbox 3640 219 3745 272">
     <span class='ocr_line' id='line_1_3' title="bbox 3640 219 3745 272; baseline -0.019 0"><span class='ocrx_word' id='word_1_9' title='bbox 3640 219 3745 272; x_wconf 73' lang='grc'>476</span> 
     </span>
    </p>
   </div>
   <div class='ocr_carea' id='block_1_4' title="bbox 455 334 3739 411">
    <p class='ocr_par' dir='ltr' id='par_1_4' title="bbox 455 334 3739 411">
     <span class='ocr_line' id='line_1_4' title="bbox 455 334 3739 411; baseline 0.002 -21"><span class='ocrx_word' id='word_1_10' title='bbox 455 356 476 383; x_wconf 74' lang='grc' dir='ltr'><strong><em>α</em></strong></span> <span class='ocrx_word' id='word_1_11' title='bbox 512 334 733 405; x_wconf 91' lang='lat' dir='ltr'>poribus</span> <span class='ocrx_word' id='word_1_12' title='bbox 779 337 892 392; x_wconf 88' lang='lat' dir='ltr'>suis</span> <span class='ocrx_word' id='word_1_13' title='bbox 939 338 1168 393; x_wconf 82' lang='lat' dir='ltr'>verbum</span> <span class='ocrx_word' id='word_1_14' title='bbox 1199 355 1353 399; x_wconf 90' lang='lat' dir='ltr'>suum</span> <span class='ocrx_word' id='word_1_15' title='bbox 1384 339 1437 392; x_wconf 94' lang='lat' dir='ltr'>in</span> <span class='ocrx_word' id='word_1_16' title='bbox 1468 338 1873 409; x_wconf 66' lang='lat' dir='ltr'>prtedicatione,</span> <span class='ocrx_word' id='word_1_17' title='bbox 1920 354 2040 409; x_wconf 69' lang='lat' dir='ltr'>quae</span> <span class='ocrx_word' id='word_1_18' title='bbox 2060 339 2110 399; x_wconf 78' lang='grc' dir='ltr'>Α</span> <span class='ocrx_word' id='word_1_19' title='bbox 2144 354 2264 391; x_wconf 90' lang='lat' dir='ltr'>rum</span> <span class='ocrx_word' id='word_1_20' title='bbox 2295 338 2680 408; x_wconf 74' lang='lat' dir='ltr'>przeordinavit</span> <span class='ocrx_word' id='word_1_21' title='bbox 2704 356 2716 392; x_wconf 90' lang='lat'><strong>:</strong></span> <span class='ocrx_word' id='word_1_22' title='bbox 2741 354 2843 395; x_wconf 90' lang='lat' dir='ltr'>nec</span> <span class='ocrx_word' id='word_1_23' title='bbox 2871 340 2938 394; x_wconf 91' lang='lat' dir='ltr'>de</span> <span class='ocrx_word' id='word_1_24' title='bbox 2969 339 3073 396; x_wconf 87' lang='lat' dir='ltr'>hac</span> <span class='ocrx_word' id='word_1_25' title='bbox 3102 340 3464 411; x_wconf 79' lang='lat' dir='ltr'>promissione</span> <span class='ocrx_word' id='word_1_26' title='bbox 3495 340 3739 397; x_wconf 89' lang='lat' dir='ltr'>dubitare</span> 
     </span>
    </p>
   </div>
   <div class='ocr_carea' id='block_1_5' title="bbox 453 424 2043 498">
    <p class='ocr_par' dir='ltr' id='par_1_5' title="bbox 453 424 2043 498">
     <span class='ocr_line' id='line_1_5' title="bbox 453 424 2043 498; baseline 0.001 -19"><span class='ocrx_word' id='word_1_27' title='bbox 453 447 475 469; x_wconf 70' lang='grc' dir='ltr'>ιι</span> <span class='ocrx_word' id='word_1_28' title='bbox 511 424 713 479; x_wconf 84' lang='lat' dir='ltr'>credita</span> <span class='ocrx_word' id='word_1_29' title='bbox 742 434 825 481; x_wconf 93' lang='lat' dir='ltr'>est</span> <span class='ocrx_word' id='word_1_30' title='bbox 865 427 996 481; x_wconf 91' lang='lat' dir='ltr'>mibi</span> <span class='ocrx_word' id='word_1_31' title='bbox 1044 428 1343 482; x_wconf 85' lang='lat' dir='ltr'>secundum</span> <span class='ocrx_word' id='word_1_32' title='bbox 1374 436 1701 498; x_wconf 64' lang='lat' dir='ltr'>praeceptum</span> <span class='ocrx_word' id='word_1_33' title='bbox 1750 426 2043 483; x_wconf 89' lang='lat' dir='ltr'>Salvatoris</span> 
     </span>
    </p>
   </div>
   <div class='ocr_carea' id='block_1_6' title="bbox 454 514 2043 571">
    <p class='ocr_par' dir='ltr' id='par_1_6' title="bbox 454 514 2043 571">
     <span class='ocr_line' id='line_1_6' title="bbox 454 514 2043 571; baseline 0.003 -7"><span class='ocrx_word' id='word_1_34' title='bbox 454 533 475 562; x_wconf 72' lang='grc' dir='ltr'>ι</span> <span class='ocrx_word' id='word_1_35' title='bbox 510 514 680 567; x_wconf 92' lang='lat' dir='ltr'>nostri</span> <span class='ocrx_word' id='word_1_36' title='bbox 714 515 830 569; x_wconf 86' lang='lat' dir='ltr'>Dei.</span> <span class='ocrx_word' id='word_1_37' title='bbox 882 515 1001 569; x_wconf 92' lang='lat' dir='ltr'>Tito</span> <span class='ocrx_word' id='word_1_38' title='bbox 1049 516 1244 571; x_wconf 90' lang='lat' dir='ltr'>dilecto</span> <span class='ocrx_word' id='word_1_39' title='bbox 1292 516 1402 571; x_wconf 91' lang='lat' dir='ltr'>ﬁlio</span> <span class='ocrx_word' id='word_1_40' title='bbox 1455 517 1752 571; x_wconf 91' lang='lat' dir='ltr'>secundum</span> <span class='ocrx_word' id='word_1_41' title='bbox 1794 532 2043 571; x_wconf 90' lang='lat' dir='ltr'>commu-</span> 
     </span>
    </p>
   </div>
   <div class='ocr_carea' id='block_1_7' title="bbox 454 601 2043 675">
    <p class='ocr_par' dir='ltr' id='par_1_7' title="bbox 454 601 2043 675">
     <span class='ocr_line' id='line_1_7' title="bbox 454 601 2043 675; baseline 0.003 -22"><span class='ocrx_word' id='word_1_42' title='bbox 454 622 475 651; x_wconf 70' lang='grc' dir='ltr'><strong>α</strong></span> <span class='ocrx_word' id='word_1_43' title='bbox 511 617 635 657; x_wconf 92' lang='lat' dir='ltr'>nem</span> <span class='ocrx_word' id='word_1_44' title='bbox 684 601 847 657; x_wconf 91' lang='lat' dir='ltr'>ﬁdem</span> <span class='ocrx_word' id='word_1_45' title='bbox 892 604 1061 675; x_wconf 87' lang='lat' dir='ltr'>gratia</span> <span class='ocrx_word' id='word_1_46' title='bbox 1109 612 1161 658; x_wconf 81' lang='lat' dir='ltr'>et</span> <span class='ocrx_word' id='word_1_47' title='bbox 1190 621 1291 675; x_wconf 91' lang='lat' dir='ltr'>pax</span> <span class='ocrx_word' id='word_1_48' title='bbox 1322 621 1350 657; x_wconf 89' lang='lat' dir='ltr'>a</span> <span class='ocrx_word' id='word_1_49' title='bbox 1380 606 1495 659; x_wconf 91' lang='lat' dir='ltr'>Deo</span> <span class='ocrx_word' id='word_1_50' title='bbox 1527 606 1681 659; x_wconf 91' lang='lat' dir='ltr'>Patre</span> <span class='ocrx_word' id='word_1_51' title='bbox 1732 612 1785 658; x_wconf 90' lang='lat' dir='ltr'>et</span> <span class='ocrx_word' id='word_1_52' title='bbox 1828 604 2043 658; x_wconf 85' lang='lat' dir='ltr'>Christo</span> 
     </span>
    </p>
   </div>
   <div class='ocr_carea' id='block_1_8' title="bbox 452 691 2042 765">
    <p class='ocr_par' dir='ltr' id='par_1_8' title="bbox 452 691 2042 765">
     <span class='ocr_line' id='line_1_8' title="bbox 452 691 2042 765; baseline 0.003 -22"><span class='ocrx_word' id='word_1_53' title='bbox 452 712 473 736; x_wconf 81' lang='grc' dir='ltr'>σι</span> <span class='ocrx_word' id='word_1_54' title='bbox 509 691 638 745; x_wconf 85' lang='lat' dir='ltr'>Jesu</span> <span class='ocrx_word' id='word_1_55' title='bbox 670 691 948 755; x_wconf 88' lang='lat' dir='ltr'>Salvatore</span> <span class='ocrx_word' id='word_1_56' title='bbox 996 700 1200 747; x_wconf 91' lang='lat' dir='ltr'>nostro.</span> <span class='ocrx_word' id='word_1_57' title='bbox 1254 694 1421 761; x_wconf 87' lang='lat' dir='ltr'>Hujus</span> <span class='ocrx_word' id='word_1_58' title='bbox 1454 694 1529 748; x_wconf 91' lang='lat' dir='ltr'>rei</span> <span class='ocrx_word' id='word_1_59' title='bbox 1562 694 1735 765; x_wconf 89' lang='lat' dir='ltr'>gratia</span> <span class='ocrx_word' id='word_1_60' title='bbox 1765 692 1960 763; x_wconf 86' lang='lat' dir='ltr'>reliqui</span> <span class='ocrx_word' id='word_1_61' title='bbox 1991 698 2042 747; x_wconf 87' lang='lat' dir='ltr'>te</span> 
     </span>
    </p>
   </div>
   <div class='ocr_carea' id='block_1_9' title="bbox 453 779 2042 853">
    <p class='ocr_par' dir='ltr' id='par_1_9' title="bbox 453 779 2042 853">
     <span class='ocr_line' id='line_1_9' title="bbox 453 779 2042 853; baseline 0.002 -23"><span class='ocrx_word' id='word_1_62' title='bbox 453 799 474 828; x_wconf 75' lang='grc' dir='ltr'>ι</span> <span class='ocrx_word' id='word_1_63' title='bbox 512 779 705 845; x_wconf 61' lang='lat' dir='ltr'>Cretae,</span> <span class='ocrx_word' id='word_1_64' title='bbox 739 788 796 833; x_wconf 91' lang='lat' dir='ltr'>ut</span> <span class='ocrx_word' id='word_1_65' title='bbox 828 796 893 835; x_wconf 89' lang='lat' dir='ltr'>ea</span> <span class='ocrx_word' id='word_1_66' title='bbox 923 798 1043 851; x_wconf 67' lang='lat' dir='ltr'>quae</span> <span class='ocrx_word' id='word_1_67' title='bbox 1072 781 1268 835; x_wconf 86' lang='lat' dir='ltr'>desunt</span> <span class='ocrx_word' id='word_1_68' title='bbox 1314 782 1594 853; x_wconf 84' lang='lat' dir='ltr'>corrigas,</span> <span class='ocrx_word' id='word_1_69' title='bbox 1647 790 1699 835; x_wconf 91' lang='lat' dir='ltr'>et</span> <span class='ocrx_word' id='word_1_70' title='bbox 1746 780 2042 835; x_wconf 87' lang='lat' dir='ltr'>constituas</span> 
     </span>
    </p>
   </div>
   <div class='ocr_carea' id='block_1_10' title="bbox 457 867 2043 941">
    <p class='ocr_par' dir='ltr' id='par_1_10' title="bbox 457 867 2043 941">
     <span class='ocr_line' id='line_1_10' title="bbox 457 867 2043 941; baseline 0.001 -21"><span class='ocrx_word' id='word_1_71' title='bbox 457 890 478 913; x_wconf 73' lang='grc' dir='ltr'><strong>η</strong></span> <span class='ocrx_word' id='word_1_72' title='bbox 511 883 611 937; x_wconf 90' lang='lat' dir='ltr'>per</span> <span class='ocrx_word' id='word_1_73' title='bbox 658 868 903 923; x_wconf 86' lang='lat' dir='ltr'>civitates</span> <span class='ocrx_word' id='word_1_74' title='bbox 954 869 1306 940; x_wconf 83' lang='lat' dir='ltr'>presbyteros</span> <span class='ocrx_word' id='word_1_75' title='bbox 1350 870 1491 924; x_wconf 86' lang='lat' dir='ltr'>sicut</span> <span class='ocrx_word' id='word_1_76' title='bbox 1534 877 1584 923; x_wconf 91' lang='lat' dir='ltr'>et</span> <span class='ocrx_word' id='word_1_77' title='bbox 1646 886 1751 941; x_wconf 89' lang='lat' dir='ltr'>ego</span> <span class='ocrx_word' id='word_1_78' title='bbox 1799 867 2043 939; x_wconf 86' lang='lat' dir='ltr'>disposui</span> 
     </span>
    </p>
   </div>
   <div class='ocr_carea' id='block_1_11' title="bbox 453 954 2042 1027">
    <p class='ocr_par' dir='ltr' id='par_1_11' title="bbox 453 954 2042 1027">
     <span class='ocr_line' id='line_1_11' title="bbox 453 954 2042 1027; baseline 0.001 -19"><span class='ocrx_word' id='word_1_79' title='bbox 453 977 474 1001; x_wconf 80' lang='grc' dir='ltr'><strong><em>α</em></strong></span> <span class='ocrx_word' id='word_1_80' title='bbox 512 954 646 1009; x_wconf 89' lang='lat' dir='ltr'>tibi:</span> <span class='ocrx_word' id='word_1_81' title='bbox 674 956 717 1011; x_wconf 93' lang='lat' dir='ltr'>si</span> <span class='ocrx_word' id='word_1_82' title='bbox 750 957 869 1027; x_wconf 86' lang='lat' dir='ltr'>quis</span> <span class='ocrx_word' id='word_1_83' title='bbox 900 957 1015 1011; x_wconf 90' lang='lat' dir='ltr'>sine</span> <span class='ocrx_word' id='word_1_84' title='bbox 1047 957 1274 1013; x_wconf 89' lang='lat' dir='ltr'>crimine</span> <span class='ocrx_word' id='word_1_85' title='bbox 1301 965 1401 1024; x_wconf 93' lang='lat' dir='ltr'>est,</span> <span class='ocrx_word' id='word_1_86' title='bbox 1432 958 1592 1012; x_wconf 90' lang='lat' dir='ltr'>unius</span> <span class='ocrx_word' id='word_1_87' title='bbox 1624 958 1810 1012; x_wconf 85' lang='lat' dir='ltr'>uxoris</span> <span class='ocrx_word' id='word_1_88' title='bbox 1842 958 1939 1021; x_wconf 91' lang='lat' dir='ltr'>vir,</span> <span class='ocrx_word' id='word_1_89' title='bbox 1973 956 2042 1009; x_wconf 92' lang='lat' dir='ltr'>ﬁ-</span> 
     </span>
    </p>
   </div>
   <div class='ocr_carea' id='block_1_12' title="bbox 451 1042 2043 1114">
    <p class='ocr_par' dir='ltr' id='par_1_12' title="bbox 451 1042 2043 1114">
     <span class='ocr_line' id='line_1_12' title="bbox 451 1042 2043 1114; baseline 0.002 -18"><span class='ocrx_word' id='word_1_90' title='bbox 451 1065 473 1089; x_wconf 79' lang='grc' dir='ltr'>α</span> <span class='ocrx_word' id='word_1_91' title='bbox 510 1042 611 1098; x_wconf 92' lang='lat' dir='ltr'>lios</span> <span class='ocrx_word' id='word_1_92' title='bbox 655 1044 860 1099; x_wconf 88' lang='lat' dir='ltr'>habens</span> <span class='ocrx_word' id='word_1_93' title='bbox 917 1044 1141 1114; x_wconf 89' lang='lat' dir='ltr'>ﬁdeles,</span> <span class='ocrx_word' id='word_1_94' title='bbox 1176 1062 1283 1101; x_wconf 93' lang='lat' dir='ltr'>non</span> <span class='ocrx_word' id='word_1_95' title='bbox 1333 1046 1387 1100; x_wconf 92' lang='lat' dir='ltr'>in</span> <span class='ocrx_word' id='word_1_96' title='bbox 1435 1046 1779 1101; x_wconf 85' lang='lat' dir='ltr'>accusatione</span> <span class='ocrx_word' id='word_1_97' title='bbox 1820 1045 2043 1099; x_wconf 54' lang='lat' dir='ltr'>luxuria</span> 
     </span>
    </p>
   </div>
   <div class='ocr_carea' id='block_1_13' title="bbox 454 1133 2042 1205">
    <p class='ocr_par' dir='ltr' id='par_1_13' title="bbox 454 1133 2042 1205">
     <span class='ocr_line' id='line_1_13' title="bbox 454 1133 2042 1205; baseline 0.004 -23"><span class='ocrx_word' id='word_1_98' title='bbox 454 1151 475 1180; x_wconf 75' lang='grc' dir='ltr'><strong>α</strong></span> <span class='ocrx_word' id='word_1_99' title='bbox 511 1140 600 1185; x_wconf 88' lang='lat' dir='ltr'>aut</span> <span class='ocrx_word' id='word_1_100' title='bbox 647 1148 753 1187; x_wconf 90' lang='lat' dir='ltr'>non</span> <span class='ocrx_word' id='word_1_101' title='bbox 806 1133 1072 1189; x_wconf 89' lang='lat' dir='ltr'>subditos.</span> <span class='ocrx_word' id='word_1_102' title='bbox 1127 1134 1356 1205; x_wconf 85' lang='lat' dir='ltr'>Oportet</span> <span class='ocrx_word' id='word_1_103' title='bbox 1404 1134 1545 1189; x_wconf 90' lang='lat' dir='ltr'>enim</span> <span class='ocrx_word' id='word_1_104' title='bbox 1579 1135 1893 1204; x_wconf 90' lang='lat' dir='ltr'>episc0pum</span> <span class='ocrx_word' id='word_1_105' title='bbox 1925 1133 2042 1188; x_wconf 88' lang='lat' dir='ltr'>sine</span> 
     </span>
    </p>
   </div>
   <div class='ocr_carea' id='block_1_14' title="bbox 429 1221 2041 1293">
    <p class='ocr_par' dir='ltr' id='par_1_14' title="bbox 429 1221 2041 1293">
     <span class='ocr_line' id='line_1_14' title="bbox 429 1221 2041 1293; baseline 0.001 -19"><span class='ocrx_word' id='word_1_106' title='bbox 429 1243 469 1275; x_wconf 69' lang='grc' dir='ltr'>,υ</span> <span class='ocrx_word' id='word_1_107' title='bbox 508 1221 735 1276; x_wconf 87' lang='lat' dir='ltr'>crimine</span> <span class='ocrx_word' id='word_1_108' title='bbox 767 1238 889 1277; x_wconf 89' lang='lat' dir='ltr'>esse</span> <span class='ocrx_word' id='word_1_109' title='bbox 914 1264 928 1289; x_wconf 95' lang='lat'>,</span> <span class='ocrx_word' id='word_1_110' title='bbox 984 1223 1123 1278; x_wconf 86' lang='lat' dir='ltr'>sicut</span> <span class='ocrx_word' id='word_1_111' title='bbox 1152 1223 1251 1277; x_wconf 89' lang='lat' dir='ltr'>Dei</span> <span class='ocrx_word' id='word_1_112' title='bbox 1281 1223 1716 1293; x_wconf 87' lang='lat' dir='ltr'>dispensatorem</span> <span class='ocrx_word' id='word_1_113' title='bbox 1751 1237 1763 1276; x_wconf 93' lang='lat'>:</span> <span class='ocrx_word' id='word_1_114' title='bbox 1799 1238 1905 1275; x_wconf 92' lang='lat' dir='ltr'>non</span> <span class='ocrx_word' id='word_1_115' title='bbox 1946 1238 2041 1275; x_wconf 91' lang='lat' dir='ltr'>su-</span> 
     </span>
    </p>
   </div>
   <div class='ocr_carea' id='block_1_15' title="bbox 448 1310 2039 1379">
    <p class='ocr_par' dir='ltr' id='par_1_15' title="bbox 448 1310 2039 1379">
     <span class='ocr_line' id='line_1_15' title="bbox 448 1310 2039 1379; baseline 0.001 -17"><span class='ocrx_word' id='word_1_116' title='bbox 448 1331 469 1356; x_wconf 69' lang='lat' dir='ltr'>a</span> <span class='ocrx_word' id='word_1_117' title='bbox 505 1310 822 1379; x_wconf 88' lang='lat' dir='ltr'>superbum,</span> <span class='ocrx_word' id='word_1_118' title='bbox 858 1327 966 1364; x_wconf 88' lang='lat' dir='ltr'>non</span> <span class='ocrx_word' id='word_1_119' title='bbox 996 1311 1338 1376; x_wconf 87' lang='lat' dir='ltr'>iracundum,</span> <span class='ocrx_word' id='word_1_120' title='bbox 1372 1327 1481 1365; x_wconf 90' lang='lat' dir='ltr'>non</span> <span class='ocrx_word' id='word_1_121' title='bbox 1511 1311 1843 1365; x_wconf 86' lang='lat' dir='ltr'>vinolentum</span> <span class='ocrx_word' id='word_1_122' title='bbox 1865 1354 1878 1375; x_wconf 95' lang='lat'>,</span> <span class='ocrx_word' id='word_1_123' title='bbox 1932 1325 2039 1364; x_wconf 92' lang='lat' dir='ltr'>non</span> 
     </span>
    </p>
   </div>
   <div class='ocr_carea' id='block_1_16' title="bbox 446 1398 2041 1469">
    <p class='ocr_par' dir='ltr' id='par_1_16' title="bbox 446 1398 2041 1469">
     <span class='ocr_line' id='line_1_16' title="bbox 446 1398 2041 1469; baseline -0.001 -18"><span class='ocrx_word' id='word_1_124' title='bbox 446 1417 469 1445; x_wconf 72' lang='grc' dir='ltr'><strong>α</strong></span> <span class='ocrx_word' id='word_1_125' title='bbox 504 1414 906 1468; x_wconf 88' lang='lat' dir='ltr'>percussorem,</span> <span class='ocrx_word' id='word_1_126' title='bbox 940 1414 1047 1453; x_wconf 91' lang='lat' dir='ltr'>non</span> <span class='ocrx_word' id='word_1_127' title='bbox 1076 1399 1250 1469; x_wconf 89' lang='lat' dir='ltr'>turpis</span> <span class='ocrx_word' id='word_1_128' title='bbox 1296 1398 1433 1454; x_wconf 88' lang='lat' dir='ltr'>lucri</span> <span class='ocrx_word' id='word_1_129' title='bbox 1472 1399 1722 1469; x_wconf 89' lang='lat' dir='ltr'>cupidum</span> <span class='ocrx_word' id='word_1_130' title='bbox 1760 1417 1772 1452; x_wconf 87' lang='lat'>:</span> <span class='ocrx_word' id='word_1_131' title='bbox 1806 1399 1903 1453; x_wconf 92' lang='lat' dir='ltr'>sed</span> <span class='ocrx_word' id='word_1_132' title='bbox 1945 1398 2041 1451; x_wconf 91' lang='lat' dir='ltr'>ho-</span> 
     </span>
    </p>
   </div>
   <div class='ocr_carea' id='block_1_17' title="bbox 448 1486 2041 1559">
    <p class='ocr_par' dir='ltr' id='par_1_17' title="bbox 448 1486 2041 1559">
     <span class='ocr_line' id='line_1_17' title="bbox 448 1486 2041 1559; baseline 0.001 -20"><span class='ocrx_word' id='word_1_133' title='bbox 448 1511 468 1532; x_wconf 75' lang='grc' dir='ltr'><strong><em>α</em></strong></span> <span class='ocrx_word' id='word_1_134' title='bbox 506 1486 785 1557; x_wconf 88' lang='lat' dir='ltr'>spitalem,</span> <span class='ocrx_word' id='word_1_135' title='bbox 836 1488 1133 1559; x_wconf 88' lang='lat' dir='ltr'>benignum</span> <span class='ocrx_word' id='word_1_136' title='bbox 1161 1532 1173 1553; x_wconf 93' lang='lat'>,</span> <span class='ocrx_word' id='word_1_137' title='bbox 1222 1489 1545 1558; x_wconf 86' lang='lat' dir='ltr'>prudentem</span> <span class='ocrx_word' id='word_1_138' title='bbox 1573 1532 1586 1554; x_wconf 95' lang='lat'>,</span> <span class='ocrx_word' id='word_1_139' title='bbox 1641 1489 1879 1543; x_wconf 90' lang='lat' dir='ltr'>sobrium</span> <span class='ocrx_word' id='word_1_140' title='bbox 1906 1530 1919 1555; x_wconf 95' lang='lat'>,</span> <span class='ocrx_word' id='word_1_141' title='bbox 1960 1489 2041 1556; x_wconf 88' lang='lat' dir='ltr'>ju-</span> 
     </span>
    </p>
   </div>
   <div class='ocr_carea' id='block_1_18' title="bbox 447 1577 2040 1647">
    <p class='ocr_par' dir='ltr' id='par_1_18' title="bbox 447 1577 2040 1647">
     <span class='ocr_line' id='line_1_18' title="bbox 447 1577 2040 1647; baseline 0.004 -24"><span class='ocrx_word' id='word_1_142' title='bbox 447 1600 469 1623; x_wconf 74' lang='grc' dir='ltr'>ι</span> <span class='ocrx_word' id='word_1_143' title='bbox 505 1583 679 1641; x_wconf 90' lang='lat' dir='ltr'>stum,</span> <span class='ocrx_word' id='word_1_144' title='bbox 716 1585 993 1642; x_wconf 90' lang='lat' dir='ltr'>sanctum,</span> <span class='ocrx_word' id='word_1_145' title='bbox 1044 1577 1431 1643; x_wconf 89' lang='lat' dir='ltr'>continentem,</span> <span class='ocrx_word' id='word_1_146' title='bbox 1472 1578 1885 1647; x_wconf 87' lang='lat' dir='ltr'>amplectentem</span> <span class='ocrx_word' id='word_1_147' title='bbox 1916 1593 2040 1632; x_wconf 88' lang='lat' dir='ltr'>eum</span> 
     </span>
    </p>
   </div>
   <div class='ocr_carea' id='block_1_19' title="bbox 446 1663 2110 1759">
    <p class='ocr_par' dir='ltr' id='par_1_19' title="bbox 446 1663 2110 1759">
     <span class='ocr_line' id='line_1_19' title="bbox 446 1663 2110 1759; baseline 0.002 -43"><span class='ocrx_word' id='word_1_148' title='bbox 446 1686 468 1709; x_wconf 81' lang='grc' dir='ltr'>α</span> <span class='ocrx_word' id='word_1_149' title='bbox 506 1663 597 1734; x_wconf 92' lang='lat' dir='ltr'>qui</span> <span class='ocrx_word' id='word_1_150' title='bbox 645 1665 944 1719; x_wconf 87' lang='lat' dir='ltr'>secundum</span> <span class='ocrx_word' id='word_1_151' title='bbox 990 1666 1291 1721; x_wconf 87' lang='lat' dir='ltr'>doctrinam</span> <span class='ocrx_word' id='word_1_152' title='bbox 1323 1674 1405 1721; x_wconf 91' lang='lat' dir='ltr'>est</span> <span class='ocrx_word' id='word_1_153' title='bbox 1452 1665 1670 1720; x_wconf 88' lang='lat' dir='ltr'>ﬁdelem</span> <span class='ocrx_word' id='word_1_154' title='bbox 1706 1682 2034 1732; x_wconf 86' lang='lat' dir='ltr'>sermonem,</span> <span class='ocrx_word' id='word_1_155' title='bbox 2060 1700 2110 1759; x_wconf 83' lang='lat' dir='ltr'>B</span> 
     </span>
    </p>
   </div>
   <div class='ocr_carea' id='block_1_20' title="bbox 448 1754 2038 1822">
    <p class='ocr_par' dir='ltr' id='par_1_20' title="bbox 448 1754 2038 1822">
     <span class='ocr_line' id='line_1_20' title="bbox 448 1754 2038 1822; baseline 0.004 -21"><span class='ocrx_word' id='word_1_156' title='bbox 448 1771 469 1801; x_wconf 72' lang='grc' dir='ltr'><strong><em>α</em></strong></span> <span class='ocrx_word' id='word_1_157' title='bbox 506 1759 561 1805; x_wconf 91' lang='lat' dir='ltr'>ut</span> <span class='ocrx_word' id='word_1_158' title='bbox 608 1760 801 1822; x_wconf 87' lang='lat' dir='ltr'>potens</span> <span class='ocrx_word' id='word_1_159' title='bbox 847 1754 915 1807; x_wconf 86' lang='lat' dir='ltr'>sit</span> <span class='ocrx_word' id='word_1_160' title='bbox 962 1754 1235 1809; x_wconf 86' lang='lat' dir='ltr'>exhortari</span> <span class='ocrx_word' id='word_1_161' title='bbox 1267 1754 1321 1808; x_wconf 92' lang='lat' dir='ltr'>in</span> <span class='ocrx_word' id='word_1_162' title='bbox 1368 1755 1614 1809; x_wconf 88' lang='lat' dir='ltr'>doctrina</span> <span class='ocrx_word' id='word_1_163' title='bbox 1645 1770 1811 1820; x_wconf 89' lang='lat' dir='ltr'>sana,</span> <span class='ocrx_word' id='word_1_164' title='bbox 1864 1763 1915 1809; x_wconf 90' lang='lat' dir='ltr'>et</span> <span class='ocrx_word' id='word_1_165' title='bbox 1945 1769 2038 1808; x_wconf 91' lang='lat' dir='ltr'>eos</span> 
     </span>
    </p>
   </div>
   <div class='ocr_carea' id='block_1_21' title="bbox 444 1840 2040 1914">
    <p class='ocr_par' dir='ltr' id='par_1_21' title="bbox 444 1840 2040 1914">
     <span class='ocr_line' id='line_1_21' title="bbox 444 1840 2040 1914; baseline 0.004 -25"><span class='ocrx_word' id='word_1_166' title='bbox 444 1860 466 1889; x_wconf 77' lang='grc' dir='ltr'>ι</span> <span class='ocrx_word' id='word_1_167' title='bbox 503 1840 594 1911; x_wconf 89' lang='lat' dir='ltr'>qui</span> <span class='ocrx_word' id='word_1_168' title='bbox 627 1841 1000 1896; x_wconf 87' lang='lat' dir='ltr'>contradicunt</span> <span class='ocrx_word' id='word_1_169' title='bbox 1030 1858 1280 1914; x_wconf 82' lang='lat' dir='ltr'>arguere.</span> <span class='ocrx_word' id='word_1_170' title='bbox 1318 1844 1453 1897; x_wconf 91' lang='lat' dir='ltr'>Sunt</span> <span class='ocrx_word' id='word_1_171' title='bbox 1483 1844 1628 1898; x_wconf 92' lang='lat' dir='ltr'>enim</span> <span class='ocrx_word' id='word_1_172' title='bbox 1676 1842 1828 1896; x_wconf 90' lang='lat' dir='ltr'>multi</span> <span class='ocrx_word' id='word_1_173' title='bbox 1877 1843 2040 1896; x_wconf 89' lang='lat' dir='ltr'>etiam</span> 
     </span>
    </p>
   </div>
   <div class='ocr_carea' id='block_1_22' title="bbox 442 1926 2038 2001">
    <p class='ocr_par' dir='ltr' id='par_1_22' title="bbox 442 1926 2038 2001">
     <span class='ocr_line' id='line_1_22' title="bbox 442 1926 2038 2001; baseline 0.003 -20"><span class='ocrx_word' id='word_1_174' title='bbox 442 1950 462 1975; x_wconf 81' lang='grc' dir='ltr'>ι-</span> <span class='ocrx_word' id='word_1_175' title='bbox 501 1926 876 1984; x_wconf 88' lang='lat' dir='ltr'>inobedientes</span> <span class='ocrx_word' id='word_1_176' title='bbox 900 1972 913 1998; x_wconf 92' lang='lat'>,</span> <span class='ocrx_word' id='word_1_177' title='bbox 979 1931 1253 2001; x_wconf 90' lang='lat' dir='ltr'>vaniloqui</span> <span class='ocrx_word' id='word_1_178' title='bbox 1303 1939 1355 1985; x_wconf 91' lang='lat' dir='ltr'>et</span> <span class='ocrx_word' id='word_1_179' title='bbox 1403 1932 1724 1986; x_wconf 91' lang='lat' dir='ltr'>seductores</span> <span class='ocrx_word' id='word_1_180' title='bbox 1758 1949 1770 1985; x_wconf 91' lang='lat'><strong>:</strong></span> <span class='ocrx_word' id='word_1_181' title='bbox 1806 1931 2038 1985; x_wconf 83' lang='lat' dir='ltr'>maxime</span> 
     </span>
    </p>
   </div>
   <div class='ocr_carea' id='block_1_23' title="bbox 445 2008 2039 2090">
    <p class='ocr_par' dir='ltr' id='par_1_23' title="bbox 445 2008 2039 2090">
     <span class='ocr_line' id='line_1_23' title="bbox 445 2008 2039 2090; baseline 0.004 -24"><span class='ocrx_word' id='word_1_182' title='bbox 445 2037 467 2066; x_wconf 76' lang='grc' dir='ltr'>ι</span> <span class='ocrx_word' id='word_1_183' title='bbox 502 2024 677 2071; x_wconf 90' lang='lat' dir='ltr'>autem</span> <span class='ocrx_word' id='word_1_184' title='bbox 729 2018 819 2089; x_wconf 93' lang='lat' dir='ltr'>qui</span> <span class='ocrx_word' id='word_1_185' title='bbox 873 2018 939 2073; x_wconf 91' lang='lat' dir='ltr'>de</span> <span class='ocrx_word' id='word_1_186' title='bbox 985 2019 1401 2074; x_wconf 89' lang='lat' dir='ltr'>circumcisione</span> <span class='ocrx_word' id='word_1_187' title='bbox 1431 2028 1592 2084; x_wconf 91' lang='lat' dir='ltr'>sunt,</span> <span class='ocrx_word' id='word_1_188' title='bbox 1642 2008 1779 2090; x_wconf 80' lang='lat' dir='ltr'>quos</span> <span class='ocrx_word' id='word_1_189' title='bbox 1827 2026 2039 2090; x_wconf 90' lang='lat' dir='ltr'>oportet</span> 
     </span>
    </p>
   </div>
   <div class='ocr_carea' id='block_1_24' title="bbox 442 2106 2038 2177">
    <p class='ocr_par' dir='ltr' id='par_1_24' title="bbox 442 2106 2038 2177">
     <span class='ocr_line' id='line_1_24' title="bbox 442 2106 2038 2177; baseline 0.003 -21"><span class='ocrx_word' id='word_1_190' title='bbox 442 2125 464 2156; x_wconf 71' lang='grc' dir='ltr'><strong>ς</strong></span> <span class='ocrx_word' id='word_1_191' title='bbox 501 2106 757 2177; x_wconf 83' lang='lat' dir='ltr'>redargui</span> <span class='ocrx_word' id='word_1_192' title='bbox 790 2121 802 2159; x_wconf 91' lang='lat'><strong>:</strong></span> <span class='ocrx_word' id='word_1_193' title='bbox 839 2107 929 2177; x_wconf 87' lang='lat' dir='ltr'>qui</span> <span class='ocrx_word' id='word_1_194' title='bbox 979 2106 1266 2161; x_wconf 89' lang='lat' dir='ltr'>universas</span> <span class='ocrx_word' id='word_1_195' title='bbox 1310 2108 1503 2161; x_wconf 89' lang='lat' dir='ltr'>domos</span> <span class='ocrx_word' id='word_1_196' title='bbox 1552 2108 1894 2173; x_wconf 88' lang='lat' dir='ltr'>subvertunt,</span> <span class='ocrx_word' id='word_1_197' title='bbox 1934 2108 2038 2161; x_wconf 90' lang='lat' dir='ltr'>do-</span> 
     </span>
    </p>
   </div>
   <div class='ocr_carea' id='block_1_25' title="bbox 442 2195 2041 2267">
    <p class='ocr_par' dir='ltr' id='par_1_25' title="bbox 442 2195 2041 2267">
     <span class='ocr_line' id='line_1_25' title="bbox 442 2195 2041 2267; baseline 0.004 -24"><span class='ocrx_word' id='word_1_198' title='bbox 442 2214 463 2243; x_wconf 86' lang='grc'><strong>‹</strong></span> <span class='ocrx_word' id='word_1_199' title='bbox 499 2202 684 2249; x_wconf 88' lang='lat' dir='ltr'>centes</span> <span class='ocrx_word' id='word_1_200' title='bbox 715 2211 836 2265; x_wconf 69' lang='lat' dir='ltr'>qua)</span> <span class='ocrx_word' id='word_1_201' title='bbox 865 2211 974 2249; x_wconf 91' lang='lat' dir='ltr'>non</span> <span class='ocrx_word' id='word_1_202' title='bbox 1004 2204 1237 2264; x_wconf 85' lang='lat' dir='ltr'>Oportet,</span> <span class='ocrx_word' id='word_1_203' title='bbox 1275 2196 1445 2265; x_wconf 87' lang='lat' dir='ltr'>turpis</span> <span class='ocrx_word' id='word_1_204' title='bbox 1475 2196 1608 2251; x_wconf 91' lang='lat' dir='ltr'>lucri</span> <span class='ocrx_word' id='word_1_205' title='bbox 1640 2196 1837 2267; x_wconf 88' lang='lat' dir='ltr'>gratia.</span> <span class='ocrx_word' id='word_1_206' title='bbox 1893 2195 2041 2250; x_wconf 88' lang='lat' dir='ltr'>Dixit</span> 
     </span>
    </p>
   </div>
   <div class='ocr_carea' id='block_1_26' title="bbox 448 2282 2035 2354">
    <p class='ocr_par' dir='ltr' id='par_1_26' title="bbox 448 2282 2035 2354">
     <span class='ocr_line' id='line_1_26' title="bbox 448 2282 2035 2354; baseline 0.004 -22"><span class='ocrx_word' id='word_1_207' title='bbox 448 2302 469 2330; x_wconf 82' lang='grc' dir='ltr'>ι</span> <span class='ocrx_word' id='word_1_208' title='bbox 505 2282 727 2352; x_wconf 90' lang='lat' dir='ltr'>quidam</span> <span class='ocrx_word' id='word_1_209' title='bbox 757 2298 823 2336; x_wconf 87' lang='lat' dir='ltr'>ex</span> <span class='ocrx_word' id='word_1_210' title='bbox 856 2282 985 2349; x_wconf 88' lang='lat' dir='ltr'>illis,</span> <span class='ocrx_word' id='word_1_211' title='bbox 1017 2284 1276 2354; x_wconf 87' lang='lat' dir='ltr'>proprius</span> <span class='ocrx_word' id='word_1_212' title='bbox 1306 2284 1524 2338; x_wconf 90' lang='lat' dir='ltr'>illorum</span> <span class='ocrx_word' id='word_1_213' title='bbox 1555 2285 1813 2354; x_wconf 84' lang='lat' dir='ltr'>prepheta</span> <span class='ocrx_word' id='word_1_214' title='bbox 1849 2299 1860 2337; x_wconf 88' lang='lat'><strong>:</strong></span> <span class='ocrx_word' id='word_1_215' title='bbox 1898 2285 2035 2338; x_wconf 90' lang='lat' dir='ltr'>Cre-</span> 
     </span>
    </p>
   </div>
   <div class='ocr_carea' id='block_1_27' title="bbox 441 2372 2037 2441">
    <p class='ocr_par' dir='ltr' id='par_1_27' title="bbox 441 2372 2037 2441">
     <span class='ocr_line' id='line_1_27' title="bbox 441 2372 2037 2441; baseline 0.002 -18"><span class='ocrx_word' id='word_1_216' title='bbox 441 2392 462 2417; x_wconf 78' lang='grc' dir='ltr'><strong>α</strong></span> <span class='ocrx_word' id='word_1_217' title='bbox 501 2378 683 2425; x_wconf 91' lang='lat' dir='ltr'>tenses</span> <span class='ocrx_word' id='word_1_218' title='bbox 729 2388 949 2441; x_wconf 89' lang='lat' dir='ltr'>semper</span> <span class='ocrx_word' id='word_1_219' title='bbox 992 2372 1319 2438; x_wconf 89' lang='lat' dir='ltr'>mendaces,</span> <span class='ocrx_word' id='word_1_220' title='bbox 1352 2372 1508 2427; x_wconf 69' lang='lat' dir='ltr'>mala:</span> <span class='ocrx_word' id='word_1_221' title='bbox 1558 2372 1775 2441; x_wconf 79' lang='lat' dir='ltr'>bestize,</span> <span class='ocrx_word' id='word_1_222' title='bbox 1820 2380 2037 2427; x_wconf 88' lang='lat' dir='ltr'>ventres</span> 
     </span>
    </p>
   </div>
   <div class='ocr_carea' id='block_1_28' title="bbox 444 2458 2041 2529">
    <p class='ocr_par' dir='ltr' id='par_1_28' title="bbox 444 2458 2041 2529">
     <span class='ocr_line' id='line_1_28' title="bbox 444 2458 2041 2529; baseline 0.003 -19"><span class='ocrx_word' id='word_1_223' title='bbox 444 2481 465 2504; x_wconf 83' lang='grc' dir='ltr'>α</span> <span class='ocrx_word' id='word_1_224' title='bbox 500 2458 663 2529; x_wconf 85' lang='lat' dir='ltr'>pigri.</span> <span class='ocrx_word' id='word_1_225' title='bbox 697 2459 1087 2514; x_wconf 90' lang='lat' dir='ltr'>Testimonium</span> <span class='ocrx_word' id='word_1_226' title='bbox 1110 2461 1213 2515; x_wconf 91' lang='lat' dir='ltr'>hoc</span> <span class='ocrx_word' id='word_1_227' title='bbox 1246 2476 1433 2515; x_wconf 90' lang='lat' dir='ltr'>verum</span> <span class='ocrx_word' id='word_1_228' title='bbox 1475 2468 1575 2515; x_wconf 88' lang='lat' dir='ltr'>est.</span> <span class='ocrx_word' id='word_1_229' title='bbox 1611 2460 1787 2528; x_wconf 86' lang='lat' dir='ltr'>Quam</span> <span class='ocrx_word' id='word_1_230' title='bbox 1811 2460 1882 2515; x_wconf 92' lang='lat' dir='ltr'>ob</span> <span class='ocrx_word' id='word_1_231' title='bbox 1915 2476 2041 2516; x_wconf 89' lang='lat' dir='ltr'>cau-</span> 
     </span>
    </p>
   </div>
   <div class='ocr_carea' id='block_1_29' title="bbox 443 2547 2038 2618">
    <p class='ocr_par' dir='ltr' id='par_1_29' title="bbox 443 2547 2038 2618">
     <span class='ocr_line' id='line_1_29' title="bbox 443 2547 2038 2618; baseline 0.003 -20"><span class='ocrx_word' id='word_1_232' title='bbox 443 2564 461 2597; x_wconf 77' lang='grc' dir='ltr'>ι</span> <span class='ocrx_word' id='word_1_233' title='bbox 500 2562 617 2600; x_wconf 89' lang='lat' dir='ltr'>sam</span> <span class='ocrx_word' id='word_1_234' title='bbox 647 2547 869 2618; x_wconf 88' lang='lat' dir='ltr'>increpa</span> <span class='ocrx_word' id='word_1_235' title='bbox 899 2548 1022 2602; x_wconf 93' lang='lat' dir='ltr'>illos</span> <span class='ocrx_word' id='word_1_236' title='bbox 1053 2550 1216 2614; x_wconf 90' lang='lat' dir='ltr'>dure,</span> <span class='ocrx_word' id='word_1_237' title='bbox 1255 2557 1310 2602; x_wconf 91' lang='lat' dir='ltr'>ut</span> <span class='ocrx_word' id='word_1_238' title='bbox 1340 2549 1457 2604; x_wconf 91' lang='lat' dir='ltr'>sani</span> <span class='ocrx_word' id='word_1_239' title='bbox 1488 2549 1593 2603; x_wconf 80' lang='lat' dir='ltr'>sint</span> <span class='ocrx_word' id='word_1_240' title='bbox 1640 2549 1694 2603; x_wconf 94' lang='lat' dir='ltr'>in</span> <span class='ocrx_word' id='word_1_241' title='bbox 1741 2548 1849 2604; x_wconf 90' lang='lat' dir='ltr'>ﬁde</span> <span class='ocrx_word' id='word_1_242' title='bbox 1882 2566 1894 2603; x_wconf 77' lang='grc' dir='ltr'>ε</span> <span class='ocrx_word' id='word_1_243' title='bbox 1929 2565 2038 2603; x_wconf 91' lang='lat' dir='ltr'>non</span> 
     </span>
    </p>
   </div>
   <div class='ocr_carea' id='block_1_30' title="bbox 442 2634 2036 2703">
    <p class='ocr_par' dir='ltr' id='par_1_30' title="bbox 442 2634 2036 2703">
     <span class='ocr_line' id='line_1_30' title="bbox 442 2634 2036 2703; baseline 0.004 -18"><span class='ocrx_word' id='word_1_244' title='bbox 442 2655 464 2685; x_wconf 77' lang='grc' dir='ltr'>ι</span> <span class='ocrx_word' id='word_1_245' title='bbox 498 2634 840 2691; x_wconf 89' lang='lat' dir='ltr'>intendentes</span> <span class='ocrx_word' id='word_1_246' title='bbox 858 2636 1097 2691; x_wconf 84' lang='lat' dir='ltr'>Judaicis</span> <span class='ocrx_word' id='word_1_247' title='bbox 1118 2637 1348 2703; x_wconf 86' lang='lat' dir='ltr'>fabulis,</span> <span class='ocrx_word' id='word_1_248' title='bbox 1385 2646 1436 2692; x_wconf 91' lang='lat' dir='ltr'>et</span> <span class='ocrx_word' id='word_1_249' title='bbox 1456 2636 1729 2692; x_wconf 90' lang='lat' dir='ltr'>mandatis</span> <span class='ocrx_word' id='word_1_250' title='bbox 1760 2638 2036 2692; x_wconf 90' lang='lat' dir='ltr'>hominum</span> 
     </span>
    </p>
   </div>
   <div class='ocr_carea' id='block_1_31' title="bbox 443 2723 2033 2795">
    <p class='ocr_par' dir='ltr' id='par_1_31' title="bbox 443 2723 2033 2795">
     <span class='ocr_line' id='line_1_31' title="bbox 443 2723 2033 2795; baseline 0.002 -19"><span class='ocrx_word' id='word_1_251' title='bbox 443 2723 863 2777; x_wconf 74' lang='lat' dir='ltr'>«aversantium</span> <span class='ocrx_word' id='word_1_252' title='bbox 921 2726 1049 2793; x_wconf 50' lang='lat' dir='ltr'>(aL,</span> <span class='ocrx_word' id='word_1_253' title='bbox 1114 2726 1490 2795; x_wconf 86' lang='lat' dir='ltr'>avertentium)</span> <span class='ocrx_word' id='word_1_254' title='bbox 1568 2742 1626 2779; x_wconf 75' lang='lat' dir='ltr'>se</span> <span class='ocrx_word' id='word_1_255' title='bbox 1690 2742 1719 2778; x_wconf 95' lang='lat' dir='ltr'>a</span> <span class='ocrx_word' id='word_1_256' title='bbox 1786 2726 2033 2780; x_wconf 80' lang='lat' dir='ltr'>veritate.</span> 
     </span>
    </p>
   </div>
   <div class='ocr_carea' id='block_1_32' title="bbox 443 2810 2035 2884">
    <p class='ocr_par' dir='ltr' id='par_1_32' title="bbox 443 2810 2035 2884">
     <span class='ocr_line' id='line_1_32' title="bbox 443 2810 2035 2884; baseline 0.003 -21"><span class='ocrx_word' id='word_1_257' title='bbox 443 2833 464 2858; x_wconf 72' lang='grc' dir='ltr'>α</span> <span class='ocrx_word' id='word_1_258' title='bbox 500 2810 695 2864; x_wconf 89' lang='lat' dir='ltr'>Omnia</span> <span class='ocrx_word' id='word_1_259' title='bbox 726 2812 926 2865; x_wconf 89' lang='lat' dir='ltr'>munda</span> <span class='ocrx_word' id='word_1_260' title='bbox 958 2813 1176 2866; x_wconf 89' lang='lat' dir='ltr'>mundis</span> <span class='ocrx_word' id='word_1_261' title='bbox 1211 2831 1224 2866; x_wconf 92' lang='lat'>:</span> <span class='ocrx_word' id='word_1_262' title='bbox 1257 2814 1619 2884; x_wconf 83' lang='lat' dir='ltr'>coinquinatis</span> <span class='ocrx_word' id='word_1_263' title='bbox 1648 2822 1827 2867; x_wconf 87' lang='lat' dir='ltr'>autem</span> <span class='ocrx_word' id='word_1_264' title='bbox 1861 2822 1914 2868; x_wconf 90' lang='lat' dir='ltr'>et</span> <span class='ocrx_word' id='word_1_265' title='bbox 1947 2813 2035 2867; x_wconf 87' lang='lat' dir='ltr'>in-</span> 
     </span>
    </p>
   </div>
   <div class='ocr_carea' id='block_1_33' title="bbox 443 2897 2039 2973">
    <p class='ocr_par' dir='ltr' id='par_1_33' title="bbox 443 2897 2039 2973">
     <span class='ocr_line' id='line_1_33' title="bbox 443 2897 2039 2973; baseline 0.003 -22"><span class='ocrx_word' id='word_1_266' title='bbox 443 2919 465 2949; x_wconf 75' lang='grc' dir='ltr'>ι</span> <span class='ocrx_word' id='word_1_267' title='bbox 499 2897 749 2953; x_wconf 90' lang='lat' dir='ltr'>ﬁdelibus</span> <span class='ocrx_word' id='word_1_268' title='bbox 778 2900 928 2969; x_wconf 82' lang='lat' dir='ltr'>_nihil</span> <span class='ocrx_word' id='word_1_269' title='bbox 979 2909 1060 2955; x_wconf 91' lang='lat' dir='ltr'>est</span> <span class='ocrx_word' id='word_1_270' title='bbox 1108 2902 1365 2955; x_wconf 90' lang='lat' dir='ltr'>mundum</span> <span class='ocrx_word' id='word_1_271' title='bbox 1392 2946 1407 2967; x_wconf 90' lang='lat'>,</span> <span class='ocrx_word' id='word_1_272' title='bbox 1460 2903 1557 2956; x_wconf 91' lang='lat' dir='ltr'>sed</span> <span class='ocrx_word' id='word_1_273' title='bbox 1588 2902 1879 2973; x_wconf 77' lang='lat' dir='ltr'>inquinata:</span> <span class='ocrx_word' id='word_1_274' title='bbox 1913 2909 2039 2956; x_wconf 92' lang='lat' dir='ltr'>sunt</span> 
     </span>
    </p>
   </div>
   <div class='ocr_carea' id='block_1_34' title="bbox 438 2990 2036 3047">
    <p class='ocr_par' dir='ltr' id='par_1_34' title="bbox 438 2990 2036 3047">
     <span class='ocr_line' id='line_1_34' title="bbox 438 2990 2036 3047; baseline 0.003 -5"><span class='ocrx_word' id='word_1_275' title='bbox 438 3009 460 3035; x_wconf 75' lang='grc' dir='ltr'>κ</span> <span class='ocrx_word' id='word_1_276' title='bbox 497 3003 685 3043; x_wconf 90' lang='lat' dir='ltr'>eorum</span> <span class='ocrx_word' id='word_1_277' title='bbox 732 2996 784 3043; x_wconf 90' lang='lat' dir='ltr'>et</span> <span class='ocrx_word' id='word_1_278' title='bbox 840 3005 996 3044; x_wconf 91' lang='lat' dir='ltr'>mens</span> <span class='ocrx_word' id='word_1_279' title='bbox 1045 2998 1096 3044; x_wconf 93' lang='lat' dir='ltr'>et</span> <span class='ocrx_word' id='word_1_280' title='bbox 1169 2991 1515 3045; x_wconf 89' lang='lat' dir='ltr'>conscientia.</span> <span class='ocrx_word' id='word_1_281' title='bbox 1582 2990 1918 3046; x_wconf 88' lang='lat' dir='ltr'>Conﬁtentur</span> <span class='ocrx_word' id='word_1_282' title='bbox 1976 3008 2036 3047; x_wconf 89' lang='lat' dir='ltr'>se</span> 
     </span>
    </p>
   </div>
   <div class='ocr_carea' id='block_1_35' title="bbox 2147 426 3739 500">
    <p class='ocr_par' dir='ltr' id='par_1_35' title="bbox 2147 426 3739 500">
     <span class='ocr_line' id='line_1_35' title="bbox 2147 426 3739 500; baseline 0.004 -22"><span class='ocrx_word' id='word_1_283' title='bbox 2147 426 2271 481; x_wconf 89' lang='lat' dir='ltr'>licet</span> <span class='ocrx_word' id='word_1_284' title='bbox 2304 441 2315 479; x_wconf 90' lang='lat'>:</span> <span class='ocrx_word' id='word_1_285' title='bbox 2346 428 2608 497; x_wconf 79' lang='lat' dir='ltr'>promisit</span> <span class='ocrx_word' id='word_1_286' title='bbox 2638 427 2781 481; x_wconf 90' lang='lat' dir='ltr'>enim</span> <span class='ocrx_word' id='word_1_287' title='bbox 2818 427 2958 483; x_wconf 88' lang='lat' dir='ltr'>hanc</span> <span class='ocrx_word' id='word_1_288' title='bbox 2999 428 3089 481; x_wconf 87' lang='lat' dir='ltr'>ille</span> <span class='ocrx_word' id='word_1_289' title='bbox 3136 430 3231 500; x_wconf 86' lang='lat' dir='ltr'>qui</span> <span class='ocrx_word' id='word_1_290' title='bbox 3284 446 3400 483; x_wconf 88' lang='lat' dir='ltr'>non</span> <span class='ocrx_word' id='word_1_291' title='bbox 3458 432 3739 485; x_wconf 80' lang='lat' dir='ltr'>mentitur</span> 
     </span>
    </p>
   </div>
   <div class='ocr_carea' id='block_1_36' title="bbox 2146 514 3736 587">
    <p class='ocr_par' dir='ltr' id='par_1_36' title="bbox 2146 514 3736 587">
     <span class='ocr_line' id='line_1_36' title="bbox 2146 514 3736 587; baseline 0.001 -19"><span class='ocrx_word' id='word_1_292' title='bbox 2146 522 2197 568; x_wconf 92' lang='lat' dir='ltr'>et</span> <span class='ocrx_word' id='word_1_293' title='bbox 2227 514 2443 569; x_wconf 88' lang='lat' dir='ltr'>mentiri</span> <span class='ocrx_word' id='word_1_294' title='bbox 2485 531 2593 569; x_wconf 90' lang='lat' dir='ltr'>non</span> <span class='ocrx_word' id='word_1_295' title='bbox 2623 524 2800 585; x_wconf 91' lang='lat' dir='ltr'>potest</span> <span class='ocrx_word' id='word_1_296' title='bbox 2834 532 2845 569; x_wconf 97' lang='lat'>:</span> <span class='ocrx_word' id='word_1_297' title='bbox 2881 516 3005 587; x_wconf 89' lang='lat' dir='ltr'>quia</span> <span class='ocrx_word' id='word_1_298' title='bbox 3038 518 3182 571; x_wconf 88' lang='lat' dir='ltr'>Deus</span> <span class='ocrx_word' id='word_1_299' title='bbox 3231 525 3334 571; x_wconf 92' lang='lat' dir='ltr'>est.</span> <span class='ocrx_word' id='word_1_300' title='bbox 3368 517 3482 572; x_wconf 87' lang='lat' dir='ltr'>Nec</span> <span class='ocrx_word' id='word_1_301' title='bbox 3510 518 3565 571; x_wconf 92' lang='lat' dir='ltr'>in</span> <span class='ocrx_word' id='word_1_302' title='bbox 3595 525 3736 572; x_wconf 88' lang='lat' dir='ltr'>tem-</span> 
     </span>
    </p>
   </div>
   <div class='ocr_carea' id='block_1_37' title="bbox 2146 603 3737 675">
    <p class='ocr_par' dir='ltr' id='par_1_37' title="bbox 2146 603 3737 675">
     <span class='ocr_line' id='line_1_37' title="bbox 2146 603 3737 675; baseline 0.001 -18"><span class='ocrx_word' id='word_1_303' title='bbox 2146 619 2279 672; x_wconf 87' lang='lat' dir='ltr'>pore</span> <span class='ocrx_word' id='word_1_304' title='bbox 2325 603 2612 672; x_wconf 91' lang='lat' dir='ltr'>promisit:</span> <span class='ocrx_word' id='word_1_305' title='bbox 2647 605 2742 658; x_wconf 89' lang='lat' dir='ltr'>sed</span> <span class='ocrx_word' id='word_1_306' title='bbox 2790 612 2848 658; x_wconf 92' lang='lat' dir='ltr'>ut</span> <span class='ocrx_word' id='word_1_307' title='bbox 2894 604 3176 675; x_wconf 79' lang='lat' dir='ltr'>diligentia</span> <span class='ocrx_word' id='word_1_308' title='bbox 3218 605 3504 674; x_wconf 77' lang='lat' dir='ltr'>promissae</span> <span class='ocrx_word' id='word_1_309' title='bbox 3548 606 3626 661; x_wconf 83' lang='lat' dir='ltr'>rei</span> <span class='ocrx_word' id='word_1_310' title='bbox 3682 606 3737 659; x_wconf 92' lang='lat' dir='ltr'>in</span> 
     </span>
    </p>
   </div>
   <div class='ocr_carea' id='block_1_38' title="bbox 2146 691 3737 765">
    <p class='ocr_par' dir='ltr' id='par_1_38' title="bbox 2146 691 3737 765">
     <span class='ocr_line' id='line_1_38' title="bbox 2146 691 3737 765; baseline 0.003 -20"><span class='ocrx_word' id='word_1_311' title='bbox 2146 692 2261 745; x_wconf 92' lang='lat' dir='ltr'>Deo</span> <span class='ocrx_word' id='word_1_312' title='bbox 2291 691 2686 756; x_wconf 88' lang='lat' dir='ltr'>consideretur,</span> <span class='ocrx_word' id='word_1_313' title='bbox 2712 692 2958 762; x_wconf 90' lang='lat' dir='ltr'>promisit</span> <span class='ocrx_word' id='word_1_314' title='bbox 2980 694 3096 748; x_wconf 67' lang='lat' dir='ltr'>haec</span> <span class='ocrx_word' id='word_1_315' title='bbox 3118 698 3253 747; x_wconf 82' lang='lat' dir='ltr'>ante</span> <span class='ocrx_word' id='word_1_316' title='bbox 3278 698 3529 765; x_wconf 87' lang='lat' dir='ltr'>tempora</span> <span class='ocrx_word' id='word_1_317' title='bbox 3560 710 3737 749; x_wconf 73' lang='lat' dir='ltr'>saecu-</span> 
     </span>
    </p>
   </div>
   <div class='ocr_carea' id='block_1_39' title="bbox 2147 779 3737 851">
    <p class='ocr_par' dir='ltr' id='par_1_39' title="bbox 2147 779 3737 851">
     <span class='ocr_line' id='line_1_39' title="bbox 2147 779 3737 851; baseline 0.001 -18"><span class='ocrx_word' id='word_1_318' title='bbox 2147 780 2326 844; x_wconf 86' lang='lat' dir='ltr'>laria,</span> <span class='ocrx_word' id='word_1_319' title='bbox 2378 779 2429 832; x_wconf 92' lang='lat' dir='ltr'>id</span> <span class='ocrx_word' id='word_1_320' title='bbox 2481 788 2561 833; x_wconf 90' lang='lat' dir='ltr'>est</span> <span class='ocrx_word' id='word_1_321' title='bbox 2593 781 2658 833; x_wconf 93' lang='lat' dir='ltr'>ab</span> <span class='ocrx_word' id='word_1_322' title='bbox 2689 789 2891 835; x_wconf 72' lang='lat' dir='ltr'>zeterno</span> <span class='ocrx_word' id='word_1_323' title='bbox 2924 782 3002 836; x_wconf 91' lang='lat' dir='ltr'>sic</span> <span class='ocrx_word' id='word_1_324' title='bbox 3033 782 3415 851; x_wconf 49' lang='lat' dir='ltr'>pratordinavit</span> <span class='ocrx_word' id='word_1_325' title='bbox 3443 789 3565 837; x_wconf 89' lang='lat' dir='ltr'>ante</span> <span class='ocrx_word' id='word_1_326' title='bbox 3597 790 3737 836; x_wconf 89' lang='lat' dir='ltr'>tem-</span> 
     </span>
    </p>
   </div>
   <div class='ocr_carea' id='block_1_40' title="bbox 2143 869 3735 940">
    <p class='ocr_par' dir='ltr' id='par_1_40' title="bbox 2143 869 3735 940">
     <span class='ocr_line' id='line_1_40' title="bbox 2143 869 3735 940; baseline 0.001 -18"><span class='ocrx_word' id='word_1_327' title='bbox 2143 883 2298 937; x_wconf 89' lang='lat' dir='ltr'>pora,</span> <span class='ocrx_word' id='word_1_328' title='bbox 2335 884 2456 939; x_wconf 71' lang='lat' dir='ltr'>quae</span> <span class='ocrx_word' id='word_1_329' title='bbox 2486 869 2774 923; x_wconf 89' lang='lat' dir='ltr'>volvuntur</span> <span class='ocrx_word' id='word_1_330' title='bbox 2800 886 2900 940; x_wconf 91' lang='lat' dir='ltr'>per</span> <span class='ocrx_word' id='word_1_331' title='bbox 2927 870 3145 923; x_wconf 63' lang='lat' dir='ltr'>saecula.</span> <span class='ocrx_word' id='word_1_332' title='bbox 3181 870 3452 935; x_wconf 88' lang='lat' dir='ltr'>Promisit,</span> <span class='ocrx_word' id='word_1_333' title='bbox 3478 871 3697 940; x_wconf 91' lang='lat' dir='ltr'>inquam</span> <span class='ocrx_word' id='word_1_334' title='bbox 3722 887 3735 923; x_wconf 91' lang='lat'><strong>:</strong></span> 
     </span>
    </p>
   </div>
   <div class='ocr_carea' id='block_1_41' title="bbox 2142 958 3739 1029">
    <p class='ocr_par' dir='ltr' id='par_1_41' title="bbox 2142 958 3739 1029">
     <span class='ocr_line' id='line_1_41' title="bbox 2142 958 3739 1029; baseline 0.002 -20"><span class='ocrx_word' id='word_1_335' title='bbox 2142 958 2537 1027; x_wconf 79' lang='lat' dir='ltr'>manifestavz&#39;t</span> <span class='ocrx_word' id='word_1_336' title='bbox 2569 962 2757 1013; x_wconf 86' lang='lat' dir='ltr'>autem</span> <span class='ocrx_word' id='word_1_337' title='bbox 2777 1000 2790 1026; x_wconf 95' lang='lat'>,</span> <span class='ocrx_word' id='word_1_338' title='bbox 2841 958 2893 1011; x_wconf 90' lang='lat' dir='ltr'>id</span> <span class='ocrx_word' id='word_1_339' title='bbox 2924 966 3007 1012; x_wconf 91' lang='lat' dir='ltr'>est</span> <span class='ocrx_word' id='word_1_340' title='bbox 3036 958 3325 1028; x_wconf 87' lang='lat' dir='ltr'>complevit</span> <span class='ocrx_word' id='word_1_341' title='bbox 3364 959 3509 1028; x_wconf 89' lang='lat' dir='ltr'>quod</span> <span class='ocrx_word' id='word_1_342' title='bbox 3539 958 3739 1029; x_wconf 90' lang='lat' dir='ltr'>promi-</span> 
     </span>
    </p>
   </div>
   <div class='ocr_carea' id='block_1_42' title="bbox 2145 1045 3737 1116">
    <p class='ocr_par' dir='ltr' id='par_1_42' title="bbox 2145 1045 3737 1116">
     <span class='ocr_line' id='line_1_42' title="bbox 2145 1045 3737 1116; baseline 0.003 -19"><span class='ocrx_word' id='word_1_343' title='bbox 2145 1052 2290 1098; x_wconf 89' lang='lat' dir='ltr'>serat</span> <span class='ocrx_word' id='word_1_344' title='bbox 2339 1047 2489 1110; x_wconf 84' lang='lat' dir='ltr'>suis,</span> <span class='ocrx_word' id='word_1_345' title='bbox 2544 1045 2597 1099; x_wconf 92' lang='lat' dir='ltr'>id</span> <span class='ocrx_word' id='word_1_346' title='bbox 2644 1053 2727 1099; x_wconf 88' lang='lat' dir='ltr'>est</span> <span class='ocrx_word' id='word_1_347' title='bbox 2776 1046 2830 1099; x_wconf 89' lang='lat' dir='ltr'>in</span> <span class='ocrx_word' id='word_1_348' title='bbox 2879 1046 3135 1115; x_wconf 84' lang='lat' dir='ltr'>congruis</span> <span class='ocrx_word' id='word_1_349' title='bbox 3184 1046 3519 1116; x_wconf 89' lang='lat' dir='ltr'>temporibus</span> <span class='ocrx_word' id='word_1_350' title='bbox 3576 1046 3737 1101; x_wconf 87' lang='lat' dir='ltr'>vitam</span> 
     </span>
    </p>
   </div>
   <div class='ocr_carea' id='block_1_43' title="bbox 2142 1132 3735 1204">
    <p class='ocr_par' dir='ltr' id='par_1_43' title="bbox 2142 1132 3735 1204">
     <span class='ocr_line' id='line_1_43' title="bbox 2142 1132 3735 1204; baseline 0.002 -19"><span class='ocrx_word' id='word_1_351' title='bbox 2142 1141 2400 1186; x_wconf 71' lang='lat' dir='ltr'>zeternam</span> <span class='ocrx_word' id='word_1_352' title='bbox 2424 1150 2437 1186; x_wconf 93' lang='lat'>:</span> <span class='ocrx_word' id='word_1_353' title='bbox 2463 1132 2591 1202; x_wconf 85' lang='lat' dir='ltr'>quia</span> <span class='ocrx_word' id='word_1_354' title='bbox 2611 1133 2746 1187; x_wconf 84' lang='lat' dir='ltr'>Abel</span> <span class='ocrx_word' id='word_1_355' title='bbox 2769 1133 2899 1187; x_wconf 87' lang='lat' dir='ltr'>vidit</span> <span class='ocrx_word' id='word_1_356' title='bbox 2929 1134 3055 1187; x_wconf 88' lang='lat' dir='ltr'>inde</span> <span class='ocrx_word' id='word_1_357' title='bbox 3084 1132 3304 1204; x_wconf 85' lang='lat' dir='ltr'>aliquid,</span> <span class='ocrx_word' id='word_1_358' title='bbox 3329 1133 3622 1203; x_wconf 82' lang='lat' dir='ltr'>perfectius</span> <span class='ocrx_word' id='word_1_359' title='bbox 3641 1150 3735 1188; x_wconf 89' lang='lat' dir='ltr'>au-</span> 
     </span>
    </p>
   </div>
   <div class='ocr_carea' id='block_1_44' title="bbox 2142 1220 3739 1293">
    <p class='ocr_par' dir='ltr' id='par_1_44' title="bbox 2142 1220 3739 1293">
     <span class='ocr_line' id='line_1_44' title="bbox 2142 1220 3739 1293; baseline 0.001 -20"><span class='ocrx_word' id='word_1_360' title='bbox 2142 1228 2250 1273; x_wconf 91' lang='lat' dir='ltr'>tem</span> <span class='ocrx_word' id='word_1_361' title='bbox 2296 1221 2570 1274; x_wconf 82' lang='lat' dir='ltr'>Abraham</span> <span class='ocrx_word' id='word_1_362' title='bbox 2621 1238 2633 1273; x_wconf 91' lang='lat'>:</span> <span class='ocrx_word' id='word_1_363' title='bbox 2684 1228 2738 1274; x_wconf 91' lang='lat' dir='ltr'>et</span> <span class='ocrx_word' id='word_1_364' title='bbox 2780 1221 2849 1273; x_wconf 89' lang='lat' dir='ltr'>ita</span> <span class='ocrx_word' id='word_1_365' title='bbox 2896 1220 3156 1291; x_wconf 90' lang='lat' dir='ltr'>paulatim</span> <span class='ocrx_word' id='word_1_366' title='bbox 3203 1222 3501 1291; x_wconf 53' lang='lat' dir='ltr'>prophetae,</span> <span class='ocrx_word' id='word_1_367' title='bbox 3537 1229 3739 1293; x_wconf 91' lang='lat' dir='ltr'>quanto</span> 
     </span>
    </p>
   </div>
   <div class='ocr_carea' id='block_1_45' title="bbox 2142 1309 3741 1379">
    <p class='ocr_par' dir='ltr' id='par_1_45' title="bbox 2142 1309 3741 1379">
     <span class='ocr_line' id='line_1_45' title="bbox 2142 1309 3741 1379; baseline 0.002 -18"><span class='ocrx_word' id='word_1_368' title='bbox 2142 1309 2374 1378; x_wconf 89' lang='lat' dir='ltr'>amplius</span> <span class='ocrx_word' id='word_1_369' title='bbox 2402 1309 2798 1379; x_wconf 68' lang='lat' dir='ltr'>pr0pinquabat</span> <span class='ocrx_word' id='word_1_370' title='bbox 2828 1310 3151 1379; x_wconf 86' lang='lat' dir='ltr'>redemptio,</span> <span class='ocrx_word' id='word_1_371' title='bbox 3185 1318 3333 1364; x_wconf 91' lang='lat' dir='ltr'>tanto</span> <span class='ocrx_word' id='word_1_372' title='bbox 3365 1310 3545 1379; x_wconf 83' lang='lat' dir='ltr'>magis</span> <span class='ocrx_word' id='word_1_373' title='bbox 3573 1310 3643 1364; x_wconf 89' lang='lat' dir='ltr'>de</span> <span class='ocrx_word' id='word_1_374' title='bbox 3676 1326 3741 1364; x_wconf 89' lang='lat' dir='ltr'>ea</span> 
     </span>
    </p>
   </div>
   <div class='ocr_carea' id='block_1_46' title="bbox 2143 1398 3735 1470">
    <p class='ocr_par' dir='ltr' id='par_1_46' title="bbox 2143 1398 3735 1470">
     <span class='ocr_line' id='line_1_46' title="bbox 2143 1398 3735 1470; baseline 0.001 -19"><span class='ocrx_word' id='word_1_375' title='bbox 2143 1405 2519 1468; x_wconf 86' lang='lat' dir='ltr'>cognoverunt</span> <span class='ocrx_word' id='word_1_376' title='bbox 2544 1415 2557 1451; x_wconf 91' lang='lat'><strong>:</strong></span> <span class='ocrx_word' id='word_1_377' title='bbox 2582 1406 2634 1452; x_wconf 87' lang='lat' dir='ltr'>et</span> <span class='ocrx_word' id='word_1_378' title='bbox 2661 1399 2897 1452; x_wconf 87' lang='lat' dir='ltr'>Joannes</span> <span class='ocrx_word' id='word_1_379' title='bbox 2927 1398 3101 1469; x_wconf 91' lang='lat' dir='ltr'>magis</span> <span class='ocrx_word' id='word_1_380' title='bbox 3131 1398 3402 1465; x_wconf 91' lang='lat' dir='ltr'>omnibus,</span> <span class='ocrx_word' id='word_1_381' title='bbox 3444 1400 3534 1469; x_wconf 89' lang='lat' dir='ltr'>qui</span> <span class='ocrx_word' id='word_1_382' title='bbox 3564 1398 3735 1470; x_wconf 86' lang='lat' dir='ltr'>digito</span> 
     </span>
    </p>
   </div>
   <div class='ocr_carea' id='block_1_47' title="bbox 2142 1485 3737 1551">
    <p class='ocr_par' dir='ltr' id='par_1_47' title="bbox 2142 1485 3737 1551">
     <span class='ocr_line' id='line_1_47' title="bbox 2142 1485 3737 1551; baseline 0.001 -12"><span class='ocrx_word' id='word_1_383' title='bbox 2142 1485 2536 1540; x_wconf 89' lang='lat' dir='ltr'>demonstravit</span> <span class='ocrx_word' id='word_1_384' title='bbox 2566 1486 2731 1539; x_wconf 90' lang='lat' dir='ltr'>vitam</span> <span class='ocrx_word' id='word_1_385' title='bbox 2763 1493 3052 1551; x_wconf 65' lang='lat' dir='ltr'>mternam,</span> <span class='ocrx_word' id='word_1_386' title='bbox 3106 1486 3158 1539; x_wconf 94' lang='lat' dir='ltr'>id</span> <span class='ocrx_word' id='word_1_387' title='bbox 3190 1494 3271 1540; x_wconf 89' lang='lat' dir='ltr'>est</span> <span class='ocrx_word' id='word_1_388' title='bbox 3301 1487 3573 1541; x_wconf 88' lang='lat' dir='ltr'>Christum</span> <span class='ocrx_word' id='word_1_389' title='bbox 3602 1501 3615 1539; x_wconf 91' lang='lat'>:</span> <span class='ocrx_word' id='word_1_390' title='bbox 3640 1485 3737 1541; x_wconf 91' lang='lat' dir='ltr'>sed</span> 
     </span>
    </p>
   </div>
   <div class='ocr_carea' id='block_1_48' title="bbox 2141 1574 3739 1646">
    <p class='ocr_par' dir='ltr' id='par_1_48' title="bbox 2141 1574 3739 1646">
     <span class='ocr_line' id='line_1_48' title="bbox 2141 1574 3739 1646; baseline 0.001 -19"><span class='ocrx_word' id='word_1_391' title='bbox 2141 1574 2376 1627; x_wconf 89' lang='lat' dir='ltr'>maxime</span> <span class='ocrx_word' id='word_1_392' title='bbox 2407 1574 2459 1627; x_wconf 91' lang='lat' dir='ltr'>in</span> <span class='ocrx_word' id='word_1_393' title='bbox 2485 1582 2726 1644; x_wconf 91' lang='lat' dir='ltr'>tempore</span> <span class='ocrx_word' id='word_1_394' title='bbox 2758 1574 2945 1646; x_wconf 67' lang='lat' dir='ltr'>gratiae</span> <span class='ocrx_word' id='word_1_395' title='bbox 2974 1576 3368 1645; x_wconf 82' lang='lat' dir='ltr'>manifestavit</span> <span class='ocrx_word' id='word_1_396' title='bbox 3398 1576 3543 1629; x_wconf 88' lang='lat' dir='ltr'>Deus</span> <span class='ocrx_word' id='word_1_397' title='bbox 3573 1575 3739 1629; x_wconf 87' lang='lat' dir='ltr'>vitam</span> 
     </span>
    </p>
   </div>
   <div class='ocr_carea' id='block_1_49' title="bbox 2141 1662 3740 1729">
    <p class='ocr_par' dir='ltr' id='par_1_49' title="bbox 2141 1662 3740 1729">
     <span class='ocr_line' id='line_1_49' title="bbox 2141 1662 3740 1729; baseline 0.001 -13"><span class='ocrx_word' id='word_1_398' title='bbox 2141 1670 2422 1725; x_wconf 69' lang='lat' dir='ltr'>mternam,</span> <span class='ocrx_word' id='word_1_399' title='bbox 2449 1662 2657 1717; x_wconf 89' lang='lat' dir='ltr'>scilicet</span> <span class='ocrx_word' id='word_1_400' title='bbox 2691 1663 2920 1718; x_wconf 78' lang='lat' dir='ltr'>Verbum</span> <span class='ocrx_word' id='word_1_401' title='bbox 2942 1679 3127 1729; x_wconf 90' lang='lat' dir='ltr'>suum,</span> <span class='ocrx_word' id='word_1_402' title='bbox 3151 1663 3205 1716; x_wconf 90' lang='lat' dir='ltr'>id</span> <span class='ocrx_word' id='word_1_403' title='bbox 3235 1670 3318 1718; x_wconf 91' lang='lat' dir='ltr'>est</span> <span class='ocrx_word' id='word_1_404' title='bbox 3348 1663 3538 1717; x_wconf 88' lang='lat' dir='ltr'>Filium</span> <span class='ocrx_word' id='word_1_405' title='bbox 3561 1662 3740 1718; x_wconf 86' lang='lat' dir='ltr'>incar-</span> 
     </span>
    </p>
   </div>
   <div class='ocr_carea' id='block_1_50' title="bbox 2142 1750 3738 1821">
    <p class='ocr_par' dir='ltr' id='par_1_50' title="bbox 2142 1750 3738 1821">
     <span class='ocr_line' id='line_1_50' title="bbox 2142 1750 3738 1821; baseline 0.001 -18"><span class='ocrx_word' id='word_1_406' title='bbox 2142 1759 2345 1818; x_wconf 89' lang='lat' dir='ltr'>natum,</span> <span class='ocrx_word' id='word_1_407' title='bbox 2381 1759 2677 1821; x_wconf 88' lang='lat' dir='ltr'>natumque</span> <span class='ocrx_word' id='word_1_408' title='bbox 2710 1759 2762 1805; x_wconf 90' lang='lat' dir='ltr'>et</span> <span class='ocrx_word' id='word_1_409' title='bbox 2795 1751 2916 1805; x_wconf 89' lang='lat' dir='ltr'>aliis</span> <span class='ocrx_word' id='word_1_410' title='bbox 2945 1751 3142 1805; x_wconf 91' lang='lat' dir='ltr'>modis.</span> <span class='ocrx_word' id='word_1_411' title='bbox 3180 1750 3545 1805; x_wconf 84' lang='lat' dir='ltr'>Manifestavit</span> <span class='ocrx_word' id='word_1_412' title='bbox 3574 1751 3738 1806; x_wconf 85' lang='lat' dir='ltr'>etiam</span> 
     </span>
    </p>
   </div>
   <div class='ocr_carea' id='block_1_51' title="bbox 2140 1838 3740 1911">
    <p class='ocr_par' dir='ltr' id='par_1_51' title="bbox 2140 1838 3740 1911">
     <span class='ocr_line' id='line_1_51' title="bbox 2140 1838 3740 1911; baseline 0.001 -19"><span class='ocrx_word' id='word_1_413' title='bbox 2140 1840 2243 1893; x_wconf 90' lang='lat' dir='ltr'>hoc</span> <span class='ocrx_word' id='word_1_414' title='bbox 2266 1839 2501 1893; x_wconf 88' lang='lat' dir='ltr'>Verbum</span> <span class='ocrx_word' id='word_1_415' title='bbox 2534 1841 2597 1893; x_wconf 85' lang='lat' dir='ltr'>in</span> <span class='ocrx_word' id='word_1_416' title='bbox 2617 1838 3042 1910; x_wconf 68' lang='lat' dir='ltr'>praedicatione,</span> <span class='ocrx_word' id='word_1_417' title='bbox 3069 1856 3191 1911; x_wconf 71' lang='lat' dir='ltr'>qua:</span> <span class='ocrx_word' id='word_1_418' title='bbox 3204 1839 3421 1894; x_wconf 89' lang='lat' dir='ltr'>credita</span> <span class='ocrx_word' id='word_1_419' title='bbox 3442 1848 3546 1904; x_wconf 89' lang='lat' dir='ltr'>est,</span> <span class='ocrx_word' id='word_1_420' title='bbox 3570 1839 3626 1893; x_wconf 92' lang='lat' dir='ltr'>id</span> <span class='ocrx_word' id='word_1_421' title='bbox 3657 1848 3740 1893; x_wconf 87' lang='lat' dir='ltr'>est</span> 
     </span>
    </p>
   </div>
   <div class='ocr_carea' id='block_1_52' title="bbox 2140 1926 3739 1998">
    <p class='ocr_par' dir='ltr' id='par_1_52' title="bbox 2140 1926 3739 1998">
     <span class='ocr_line' id='line_1_52' title="bbox 2140 1926 3739 1998; baseline 0 -17"><span class='ocrx_word' id='word_1_422' title='bbox 2140 1944 2240 1997; x_wconf 91' lang='lat' dir='ltr'>per</span> <span class='ocrx_word' id='word_1_423' title='bbox 2269 1928 2713 1998; x_wconf 68' lang='lat' dir='ltr'>przedicationem</span> <span class='ocrx_word' id='word_1_424' title='bbox 2745 1944 2866 1998; x_wconf 69' lang='lat' dir='ltr'>qua:</span> <span class='ocrx_word' id='word_1_425' title='bbox 2896 1928 3188 1982; x_wconf 90' lang='lat' dir='ltr'>commissa</span> <span class='ocrx_word' id='word_1_426' title='bbox 3215 1936 3298 1981; x_wconf 90' lang='lat' dir='ltr'>est</span> <span class='ocrx_word' id='word_1_427' title='bbox 3326 1926 3488 1981; x_wconf 87' lang='lat' dir='ltr'>mihi.</span> <span class='ocrx_word' id='word_1_428' title='bbox 3522 1927 3739 1982; x_wconf 88' lang='lat' dir='ltr'>Credita</span> 
     </span>
    </p>
   </div>
   <div class='ocr_carea' id='block_1_53' title="bbox 2140 2015 3741 2087">
    <p class='ocr_par' dir='ltr' id='par_1_53' title="bbox 2140 2015 3741 2087">
     <span class='ocr_line' id='line_1_53' title="bbox 2140 2015 3741 2087; baseline 0 -18"><span class='ocrx_word' id='word_1_429' title='bbox 2140 2016 2322 2086; x_wconf 90' lang='lat' dir='ltr'>utique</span> <span class='ocrx_word' id='word_1_430' title='bbox 2362 2016 2490 2069; x_wconf 91' lang='lat' dir='ltr'>mihi</span> <span class='ocrx_word' id='word_1_431' title='bbox 2535 2024 2613 2069; x_wconf 88' lang='lat' dir='ltr'>est</span> <span class='ocrx_word' id='word_1_432' title='bbox 2656 2016 2969 2070; x_wconf 84' lang='lat' dir='ltr'>secundum</span> <span class='ocrx_word' id='word_1_433' title='bbox 3016 2019 3358 2087; x_wconf 73' lang='lat' dir='ltr'>prwceptum</span> <span class='ocrx_word' id='word_1_434' title='bbox 3401 2016 3519 2079; x_wconf 88' lang='lat' dir='ltr'>Dei,</span> <span class='ocrx_word' id='word_1_435' title='bbox 3573 2015 3626 2068; x_wconf 91' lang='lat' dir='ltr'>id</span> <span class='ocrx_word' id='word_1_436' title='bbox 3658 2022 3741 2069; x_wconf 87' lang='lat' dir='ltr'>est</span> 
     </span>
    </p>
   </div>
   <div class='ocr_carea' id='block_1_54' title="bbox 2142 2104 3733 2174">
    <p class='ocr_par' dir='ltr' id='par_1_54' title="bbox 2142 2104 3733 2174">
     <span class='ocr_line' id='line_1_54' title="bbox 2142 2104 3733 2174; baseline 0.002 -18"><span class='ocrx_word' id='word_1_437' title='bbox 2142 2105 2263 2174; x_wconf 87' lang='lat' dir='ltr'>quia</span> <span class='ocrx_word' id='word_1_438' title='bbox 2294 2105 2439 2158; x_wconf 92' lang='lat' dir='ltr'>Deus</span> <span class='ocrx_word' id='word_1_439' title='bbox 2471 2104 2542 2159; x_wconf 89' lang='lat' dir='ltr'>ita</span> <span class='ocrx_word' id='word_1_440' title='bbox 2574 2104 2849 2174; x_wconf 69' lang='lat' dir='ltr'>prmcepit.</span> <span class='ocrx_word' id='word_1_441' title='bbox 2894 2104 2998 2158; x_wconf 84' lang='lat' dir='ltr'>Dei</span> <span class='ocrx_word' id='word_1_442' title='bbox 3039 2104 3162 2159; x_wconf 91' lang='lat' dir='ltr'>dico</span> <span class='ocrx_word' id='word_1_443' title='bbox 3191 2104 3375 2159; x_wconf 87' lang='lat' dir='ltr'>nostri</span> <span class='ocrx_word' id='word_1_444' title='bbox 3403 2105 3733 2159; x_wconf 80' lang='lat' dir='ltr'>Saluatoris.</span> 
     </span>
    </p>
   </div>
   <div class='ocr_carea' id='block_1_55' title="bbox 2143 2192 3737 2263">
    <p class='ocr_par' dir='ltr' id='par_1_55' title="bbox 2143 2192 3737 2263">
     <span class='ocr_line' id='line_1_55' title="bbox 2143 2192 3737 2263; baseline 0.001 -18"><span class='ocrx_word' id='word_1_445' title='bbox 2143 2192 2369 2258; x_wconf 88' lang='lat' dir='ltr'>Paulus,</span> <span class='ocrx_word' id='word_1_446' title='bbox 2420 2193 2671 2263; x_wconf 90' lang='lat' dir='ltr'>inquam,</span> <span class='ocrx_word' id='word_1_447' title='bbox 2727 2193 2848 2245; x_wconf 91' lang='lat' dir='ltr'>talis</span> <span class='ocrx_word' id='word_1_448' title='bbox 2880 2199 2933 2246; x_wconf 91' lang='lat' dir='ltr'>et</span> <span class='ocrx_word' id='word_1_449' title='bbox 2962 2192 3084 2246; x_wconf 86' lang='lat' dir='ltr'>talis</span> <span class='ocrx_word' id='word_1_450' title='bbox 3116 2192 3331 2259; x_wconf 90' lang='lat' dir='ltr'>scribit,</span> <span class='ocrx_word' id='word_1_451' title='bbox 3384 2194 3503 2248; x_wconf 85' lang='lat' dir='ltr'>Tito</span> <span class='ocrx_word' id='word_1_452' title='bbox 3533 2192 3737 2248; x_wconf 88' lang='lat' dir='ltr'>dilecto</span> 
     </span>
    </p>
   </div>
   <div class='ocr_carea' id='block_1_56' title="bbox 2141 2280 2842 2352">
    <p class='ocr_par' dir='ltr' id='par_1_56' title="bbox 2141 2280 2842 2352">
     <span class='ocr_line' id='line_1_56' title="bbox 2141 2280 2842 2352; baseline 0 -18"><span class='ocrx_word' id='word_1_453' title='bbox 2141 2281 2375 2352; x_wconf 90' lang='lat' dir='ltr'>quodam</span> <span class='ocrx_word' id='word_1_454' title='bbox 2408 2280 2629 2351; x_wconf 88' lang='lat' dir='ltr'>speciali</span> <span class='ocrx_word' id='word_1_455' title='bbox 2659 2282 2842 2336; x_wconf 94' lang='lat' dir='ltr'>modo.</span> 
     </span>
    </p>
   </div>
   <div class='ocr_carea' id='block_1_57' title="bbox 2214 2368 3733 2434">
    <p class='ocr_par' dir='ltr' id='par_1_57' title="bbox 2214 2368 3733 2434">
     <span class='ocr_line' id='line_1_57' title="bbox 2214 2368 3733 2434; baseline 0.001 -11"><span class='ocrx_word' id='word_1_456' title='bbox 2214 2370 2330 2424; x_wconf 91' lang='lat' dir='ltr'>Tito</span> <span class='ocrx_word' id='word_1_457' title='bbox 2359 2369 2481 2424; x_wconf 91' lang='lat' dir='ltr'>dico</span> <span class='ocrx_word' id='word_1_458' title='bbox 2511 2370 2628 2434; x_wconf 81' lang='lat' dir='ltr'>ﬁlio</span> <span class='ocrx_word' id='word_1_459' title='bbox 2671 2370 2981 2425; x_wconf 86' lang='lat' dir='ltr'>secundum</span> <span class='ocrx_word' id='word_1_460' title='bbox 3004 2385 3379 2432; x_wconf 87' lang='lat' dir='ltr'>communem,</span> <span class='ocrx_word' id='word_1_461' title='bbox 3433 2368 3486 2423; x_wconf 90' lang='lat' dir='ltr'>id</span> <span class='ocrx_word' id='word_1_462' title='bbox 3524 2376 3606 2423; x_wconf 90' lang='lat' dir='ltr'>est</span> <span class='ocrx_word' id='word_1_463' title='bbox 3636 2384 3733 2424; x_wconf 87' lang='lat' dir='ltr'>ca-</span> 
     </span>
    </p>
   </div>
   <div class='ocr_carea' id='block_1_58' title="bbox 2141 2457 3731 2528">
    <p class='ocr_par' dir='ltr' id='par_1_58' title="bbox 2141 2457 3731 2528">
     <span class='ocr_line' id='line_1_58' title="bbox 2141 2457 3731 2528; baseline 0.001 -18"><span class='ocrx_word' id='word_1_464' title='bbox 2141 2457 2412 2525; x_wconf 89' lang='lat' dir='ltr'>tholicam,</span> <span class='ocrx_word' id='word_1_465' title='bbox 2436 2458 2623 2525; x_wconf 87' lang='lat' dir='ltr'>ﬁdem,</span> <span class='ocrx_word' id='word_1_466' title='bbox 2650 2458 2701 2510; x_wconf 90' lang='lat' dir='ltr'>in</span> <span class='ocrx_word' id='word_1_467' title='bbox 2723 2475 2826 2527; x_wconf 91' lang='lat' dir='ltr'>qua</span> <span class='ocrx_word' id='word_1_468' title='bbox 2858 2474 2978 2511; x_wconf 91' lang='lat' dir='ltr'>eum</span> <span class='ocrx_word' id='word_1_469' title='bbox 2998 2457 3187 2528; x_wconf 86' lang='lat' dir='ltr'>genui,</span> <span class='ocrx_word' id='word_1_470' title='bbox 3216 2465 3267 2511; x_wconf 90' lang='lat' dir='ltr'>et</span> <span class='ocrx_word' id='word_1_471' title='bbox 3295 2473 3405 2512; x_wconf 91' lang='lat' dir='ltr'>non</span> <span class='ocrx_word' id='word_1_472' title='bbox 3431 2457 3731 2511; x_wconf 88' lang='lat' dir='ltr'>secundum</span> 
     </span>
    </p>
   </div>
   <div class='ocr_carea' id='block_1_59' title="bbox 2138 2530 3733 2601">
    <p class='ocr_par' dir='ltr' id='par_1_59' title="bbox 2138 2530 3733 2601">
     <span class='ocr_line' id='line_1_59' title="bbox 2138 2530 3733 2601; baseline 0.001 -2"><span class='ocrx_word' id='word_1_473' title='bbox 2138 2561 2380 2600; x_wconf 89' lang='lat' dir='ltr'>carnem.</span> <span class='ocrx_word' id='word_1_474' title='bbox 2429 2546 2746 2601; x_wconf 86' lang='lat' dir='ltr'>Catholicon</span> <span class='ocrx_word' id='word_1_475' title='bbox 2778 2546 2921 2600; x_wconf 89' lang='lat' dir='ltr'>enim</span> <span class='ocrx_word' id='word_1_476' title='bbox 2968 2562 3263 2601; x_wconf 81' lang='lat' dir='ltr'>commune</span> <span class='ocrx_word' id='word_1_477' title='bbox 3294 2530 3380 2599; x_wconf 82' lang='lat' dir='ltr'>vel</span> <span class='ocrx_word' id='word_1_478' title='bbox 3412 2546 3733 2601; x_wconf 84' lang='lat' dir='ltr'>universale</span> 
     </span>
    </p>
   </div>
   <div class='ocr_carea' id='block_1_60' title="bbox 2139 2634 3728 2704">
    <p class='ocr_par' dir='ltr' id='par_1_60' title="bbox 2139 2634 3728 2704">
     <span class='ocr_line' id='line_1_60' title="bbox 2139 2634 3728 2704; baseline -0.001 -16"><span class='ocrx_word' id='word_1_479' title='bbox 2139 2635 2355 2689; x_wconf 88' lang='lat' dir='ltr'>dicitur.</span> <span class='ocrx_word' id='word_1_480' title='bbox 2392 2634 2489 2689; x_wconf 89' lang='lat' dir='ltr'>Vel</span> <span class='ocrx_word' id='word_1_481' title='bbox 2520 2635 2639 2687; x_wconf 92' lang='lat' dir='ltr'>Tito</span> <span class='ocrx_word' id='word_1_482' title='bbox 2665 2636 2783 2702; x_wconf 82' lang='lat' dir='ltr'>ﬁlio</span> <span class='ocrx_word' id='word_1_483' title='bbox 2812 2643 2963 2704; x_wconf 86' lang='lat' dir='ltr'>Optat</span> <span class='ocrx_word' id='word_1_484' title='bbox 2994 2650 3185 2704; x_wconf 90' lang='lat' dir='ltr'>sapere</span> <span class='ocrx_word' id='word_1_485' title='bbox 3212 2634 3523 2689; x_wconf 84' lang='lat' dir='ltr'>secundum</span> <span class='ocrx_word' id='word_1_486' title='bbox 3572 2650 3728 2689; x_wconf 88' lang='lat' dir='ltr'>com-</span> 
     </span>
    </p>
   </div>
   <div class='ocr_carea' id='block_1_61' title="bbox 2139 2721 3731 2793">
    <p class='ocr_par' dir='ltr' id='par_1_61' title="bbox 2139 2721 3731 2793">
     <span class='ocr_line' id='line_1_61' title="bbox 2139 2721 3731 2793; baseline -0.001 -15"><span class='ocrx_word' id='word_1_487' title='bbox 2139 2740 2389 2790; x_wconf 87' lang='lat' dir='ltr'>munem,</span> <span class='ocrx_word' id='word_1_488' title='bbox 2405 2722 2457 2776; x_wconf 91' lang='lat' dir='ltr'>id</span> <span class='ocrx_word' id='word_1_489' title='bbox 2480 2730 2561 2776; x_wconf 91' lang='lat' dir='ltr'>est</span> <span class='ocrx_word' id='word_1_490' title='bbox 2583 2723 2882 2793; x_wconf 86' lang='lat' dir='ltr'>vulgarem,</span> <span class='ocrx_word' id='word_1_491' title='bbox 2898 2723 3164 2790; x_wconf 81' lang='lat' dir='ltr'>ﬁdem:et</span> <span class='ocrx_word' id='word_1_492' title='bbox 3184 2738 3291 2776; x_wconf 89' lang='lat' dir='ltr'>non</span> <span class='ocrx_word' id='word_1_493' title='bbox 3316 2722 3612 2777; x_wconf 91' lang='lat' dir='ltr'>secundum</span> <span class='ocrx_word' id='word_1_494' title='bbox 3630 2721 3731 2792; x_wconf 89' lang='lat' dir='ltr'>pri-</span> 
     </span>
    </p>
   </div>
   <div class='ocr_carea' id='block_1_62' title="bbox 2140 2810 3730 2879">
    <p class='ocr_par' dir='ltr' id='par_1_62' title="bbox 2140 2810 3730 2879">
     <span class='ocr_line' id='line_1_62' title="bbox 2140 2810 3730 2879; baseline -0.001 -13"><span class='ocrx_word' id='word_1_495' title='bbox 2140 2820 2290 2866; x_wconf 88' lang='lat' dir='ltr'>vatas</span> <span class='ocrx_word' id='word_1_496' title='bbox 2319 2811 2595 2866; x_wconf 90' lang='lat' dir='ltr'>doctrinas</span> <span class='ocrx_word' id='word_1_497' title='bbox 2626 2811 3020 2866; x_wconf 68' lang='lat' dir='ltr'>hmreticorum.</span> <span class='ocrx_word' id='word_1_498' title='bbox 3055 2811 3132 2864; x_wconf 92' lang='lat' dir='ltr'>Sit</span> <span class='ocrx_word' id='word_1_499' title='bbox 3164 2811 3292 2879; x_wconf 91' lang='lat' dir='ltr'>tibi,</span> <span class='ocrx_word' id='word_1_500' title='bbox 3336 2810 3474 2879; x_wconf 88' lang='lat' dir='ltr'>Tite,</span> <span class='ocrx_word' id='word_1_501' title='bbox 3506 2812 3692 2879; x_wconf 80' lang='lat' dir='ltr'>gratia</span> <span class='ocrx_word' id='word_1_502' title='bbox 3712 2830 3730 2865; x_wconf 91' lang='lat'><strong><em>:</em></strong></span> 
     </span>
    </p>
   </div>
   <div class='ocr_carea' id='block_1_63' title="bbox 2139 2900 3729 2969">
    <p class='ocr_par' dir='ltr' id='par_1_63' title="bbox 2139 2900 3729 2969">
     <span class='ocr_line' id='line_1_63' title="bbox 2139 2900 3729 2969; baseline -0.001 -15"><span class='ocrx_word' id='word_1_503' title='bbox 2139 2909 2190 2954; x_wconf 92' lang='lat' dir='ltr'>et</span> <span class='ocrx_word' id='word_1_504' title='bbox 2221 2901 2521 2955; x_wconf 90' lang='lat' dir='ltr'>secundum</span> <span class='ocrx_word' id='word_1_505' title='bbox 2553 2900 2932 2953; x_wconf 89' lang='lat' dir='ltr'>remissionem</span> <span class='ocrx_word' id='word_1_506' title='bbox 2964 2907 3331 2969; x_wconf 85' lang='lat' dir='ltr'>peccatorum,</span> <span class='ocrx_word' id='word_1_507' title='bbox 3358 2908 3410 2953; x_wconf 93' lang='lat' dir='ltr'>et</span> <span class='ocrx_word' id='word_1_508' title='bbox 3430 2900 3729 2954; x_wconf 90' lang='lat' dir='ltr'>secundum</span> 
     </span>
    </p>
   </div>
   <div class='ocr_carea' id='block_1_64' title="bbox 2140 2987 3728 3059">
    <p class='ocr_par' dir='ltr' id='par_1_64' title="bbox 2140 2987 3728 3059">
     <span class='ocr_line' id='line_1_64' title="bbox 2140 2987 3728 3059; baseline -0.001 -17"><span class='ocrx_word' id='word_1_509' title='bbox 2140 2988 2450 3059; x_wconf 89' lang='lat' dir='ltr'>episcopale</span> <span class='ocrx_word' id='word_1_510' title='bbox 2479 2987 2737 3043; x_wconf 79' lang='lat' dir='ltr'>oﬁicium.</span> <span class='ocrx_word' id='word_1_511' title='bbox 2772 2988 2849 3042; x_wconf 89' lang='lat' dir='ltr'>Sit</span> <span class='ocrx_word' id='word_1_512' title='bbox 2880 2988 3043 3042; x_wconf 91' lang='lat' dir='ltr'>etiam</span> <span class='ocrx_word' id='word_1_513' title='bbox 3075 2988 3168 3041; x_wconf 83' lang='lat' dir='ltr'>tibi</span> <span class='ocrx_word' id='word_1_514' title='bbox 3193 3004 3343 3058; x_wconf 72' lang='lat' dir='ltr'>pax,</span> <span class='ocrx_word' id='word_1_515' title='bbox 3376 2987 3429 3040; x_wconf 91' lang='lat' dir='ltr'>id</span> <span class='ocrx_word' id='word_1_516' title='bbox 3461 2994 3542 3041; x_wconf 91' lang='lat' dir='ltr'>est</span> <span class='ocrx_word' id='word_1_517' title='bbox 3574 2995 3728 3041; x_wconf 89' lang='lat' dir='ltr'>tran-</span> 
     </span>
    </p>
   </div>
   <div class='ocr_carea' id='block_1_65' title="bbox 437 3054 3727 3151">
    <p class='ocr_par' dir='ltr' id='par_1_65' title="bbox 437 3054 3727 3151">
     <span class='ocr_line' id='line_1_65' title="bbox 437 3054 3727 3151; baseline -0 -21"><span class='ocrx_word' id='word_1_518' title='bbox 437 3096 465 3129; x_wconf 76' lang='grc' dir='ltr'><strong><em>α</em></strong></span> <span class='ocrx_word' id='word_1_519' title='bbox 496 3092 659 3131; x_wconf 91' lang='lat' dir='ltr'>nosse</span> <span class='ocrx_word' id='word_1_520' title='bbox 690 3079 883 3143; x_wconf 91' lang='lat' dir='ltr'>Deum,</span> <span class='ocrx_word' id='word_1_521' title='bbox 920 3077 1072 3133; x_wconf 81' lang='lat' dir='ltr'>factis</span> <span class='ocrx_word' id='word_1_522' title='bbox 1102 3087 1281 3133; x_wconf 88' lang='lat' dir='ltr'>autem</span> <span class='ocrx_word' id='word_1_523' title='bbox 1313 3087 1513 3151; x_wconf 90' lang='lat' dir='ltr'>negant</span> <span class='ocrx_word' id='word_1_524' title='bbox 1542 3097 1555 3132; x_wconf 90' lang='lat'>:</span> <span class='ocrx_word' id='word_1_525' title='bbox 1589 3096 1711 3133; x_wconf 90' lang='lat' dir='ltr'>cum</span> <span class='ocrx_word' id='word_1_526' title='bbox 1756 3079 1862 3133; x_wconf 90' lang='lat' dir='ltr'>sint</span> <span class='ocrx_word' id='word_1_527' title='bbox 1893 3080 2028 3134; x_wconf 88' lang='lat' dir='ltr'>abo-</span> <span class='ocrx_word' id='word_1_528' title='bbox 2066 3054 2112 3115; x_wconf 71' lang='grc' dir='ltr'><strong>Ο</strong></span> <span class='ocrx_word' id='word_1_529' title='bbox 2133 3054 2372 3148; x_wconf 76' lang='lat' dir='ltr'>quillitas</span> <span class='ocrx_word' id='word_1_530' title='bbox 2401 3076 2583 3143; x_wconf 85' lang='lat' dir='ltr'>animi,</span> <span class='ocrx_word' id='word_1_531' title='bbox 2620 3084 2819 3147; x_wconf 90' lang='lat' dir='ltr'>quanta</span> <span class='ocrx_word' id='word_1_532' title='bbox 2850 3077 2935 3131; x_wconf 90' lang='lat' dir='ltr'>hic</span> <span class='ocrx_word' id='word_1_533' title='bbox 2954 3076 3146 3130; x_wconf 88' lang='lat' dir='ltr'>haberi</span> <span class='ocrx_word' id='word_1_534' title='bbox 3174 3054 3370 3146; x_wconf 78' lang='lat' dir='ltr'>potest.</span> <span class='ocrx_word' id='word_1_535' title='bbox 3395 3077 3523 3130; x_wconf 68' lang='lat' dir='ltr'>Haac</span> <span class='ocrx_word' id='word_1_536' title='bbox 3543 3076 3727 3146; x_wconf 89' lang='lat' dir='ltr'>utique</span> 
     </span>
    </p>
   </div>
   <div class='ocr_carea' id='block_1_66' title="bbox 437 3164 2030 3239">
    <p class='ocr_par' dir='ltr' id='par_1_66' title="bbox 437 3164 2030 3239">
     <span class='ocr_line' id='line_1_66' title="bbox 437 3164 2030 3239; baseline 0.004 -24"><span class='ocrx_word' id='word_1_537' title='bbox 437 3185 459 3214; x_wconf 74' lang='grc' dir='ltr'>ι</span> <span class='ocrx_word' id='word_1_538' title='bbox 494 3164 680 3218; x_wconf 90' lang='lat' dir='ltr'>minati</span> <span class='ocrx_word' id='word_1_539' title='bbox 724 3164 844 3236; x_wconf 90' lang='lat' dir='ltr'>[al.,</span> <span class='ocrx_word' id='word_1_540' title='bbox 878 3166 1294 3239; x_wconf 89' lang='lat' dir='ltr'>abominabiles]</span> <span class='ocrx_word' id='word_1_541' title='bbox 1327 3175 1379 3221; x_wconf 92' lang='lat' dir='ltr'>et</span> <span class='ocrx_word' id='word_1_542' title='bbox 1408 3168 1757 3223; x_wconf 90' lang='lat' dir='ltr'>incredibiles</span> <span class='ocrx_word' id='word_1_543' title='bbox 1784 3212 1796 3233; x_wconf 93' lang='lat'>,</span> <span class='ocrx_word' id='word_1_544' title='bbox 1856 3176 1909 3223; x_wconf 88' lang='lat' dir='ltr'>et</span> <span class='ocrx_word' id='word_1_545' title='bbox 1962 3168 2030 3222; x_wconf 91' lang='lat' dir='ltr'>ad</span> 
     </span>
    </p>
   </div>
   <div class='ocr_carea' id='block_1_67' title="bbox 438 3255 1422 3326">
    <p class='ocr_par' dir='ltr' id='par_1_67' title="bbox 438 3255 1422 3326">
     <span class='ocr_line' id='line_1_67' title="bbox 438 3255 1422 3326; baseline 0.001 -23"><span class='ocrx_word' id='word_1_546' title='bbox 438 3273 460 3303; x_wconf 75' lang='grc' dir='ltr'>ι</span> <span class='ocrx_word' id='word_1_547' title='bbox 496 3268 658 3309; x_wconf 88' lang='lat' dir='ltr'>omne</span> <span class='ocrx_word' id='word_1_548' title='bbox 686 3270 823 3325; x_wconf 89' lang='lat' dir='ltr'>opus</span> <span class='ocrx_word' id='word_1_549' title='bbox 873 3255 1075 3309; x_wconf 91' lang='lat' dir='ltr'>bonum</span> <span class='ocrx_word' id='word_1_550' title='bbox 1121 3256 1360 3326; x_wconf 89' lang='lat' dir='ltr'>reprobi.</span> <span class='ocrx_word' id='word_1_551' title='bbox 1401 3280 1422 3304; x_wconf 74' lang='grc' dir='ltr'><strong>η</strong></span> 
     </span>
    </p>
   </div>
   <div class='ocr_carea' id='block_1_68' title="bbox 1026 3446 1345 3486">
    <p class='ocr_par' dir='ltr' id='par_1_68' title="bbox 1026 3446 1345 3486">
     <span class='ocr_line' id='line_1_68' title="bbox 1026 3446 1345 3486; baseline 0.003 -1"><span class='ocrx_word' id='word_1_552' title='bbox 1026 3446 1319 3486; x_wconf 74' lang='lat' dir='ltr'>EXPOSITIO</span> <span class='ocrx_word' id='word_1_553' title='bbox 1333 3473 1345 3486; x_wconf 91' lang='lat'>.</span> 
     </span>
    </p>
   </div>
   <div class='ocr_carea' id='block_1_69' title="bbox 499 3606 2031 3675">
    <p class='ocr_par' dir='ltr' id='par_1_69' title="bbox 499 3606 2031 3675">
     <span class='ocr_line' id='line_1_69' title="bbox 499 3606 2031 3675; baseline 0.001 -15"><span class='ocrx_word' id='word_1_554' title='bbox 499 3606 749 3670; x_wconf 57' lang='lat' dir='ltr'>Paulus,</span> <span class='ocrx_word' id='word_1_555' title='bbox 806 3613 909 3660; x_wconf 89' lang='lat' dir='ltr'>etc.</span> <span class='ocrx_word' id='word_1_556' title='bbox 974 3606 1125 3661; x_wconf 92' lang='lat' dir='ltr'>Sicut</span> <span class='ocrx_word' id='word_1_557' title='bbox 1153 3622 1273 3660; x_wconf 92' lang='lat' dir='ltr'>mos</span> <span class='ocrx_word' id='word_1_558' title='bbox 1330 3607 1446 3675; x_wconf 87' lang='lat' dir='ltr'>ejus</span> <span class='ocrx_word' id='word_1_559' title='bbox 1498 3614 1613 3673; x_wconf 89' lang='lat' dir='ltr'>est,</span> <span class='ocrx_word' id='word_1_560' title='bbox 1648 3608 2031 3663; x_wconf 89' lang='lat' dir='ltr'>salutationem</span> 
     </span>
    </p>
   </div>
   <div class='ocr_carea' id='block_1_70' title="bbox 430 3692 2029 3766">
    <p class='ocr_par' dir='ltr' id='par_1_70' title="bbox 430 3692 2029 3766">
     <span class='ocr_line' id='line_1_70' title="bbox 430 3692 2029 3766; baseline 0.003 -20"><span class='ocrx_word' id='word_1_561' title='bbox 430 3693 701 3763; x_wconf 56' lang='lat' dir='ltr'>praemittit</span> <span class='ocrx_word' id='word_1_562' title='bbox 731 3692 921 3748; x_wconf 89' lang='lat' dir='ltr'>dicens</span> <span class='ocrx_word' id='word_1_563' title='bbox 954 3711 967 3747; x_wconf 91' lang='lat'>:</span> <span class='ocrx_word' id='word_1_564' title='bbox 1002 3696 1217 3749; x_wconf 83' lang='lat' dir='ltr'>Paulus</span> <span class='ocrx_word' id='word_1_565' title='bbox 1239 3711 1432 3750; x_wconf 88' lang='lat' dir='ltr'>servus</span> <span class='ocrx_word' id='word_1_566' title='bbox 1453 3697 1569 3761; x_wconf 88' lang='lat' dir='ltr'>Dei,</span> <span class='ocrx_word' id='word_1_567' title='bbox 1605 3695 1659 3750; x_wconf 91' lang='lat' dir='ltr'>id</span> <span class='ocrx_word' id='word_1_568' title='bbox 1688 3704 1770 3749; x_wconf 89' lang='lat' dir='ltr'>est</span> <span class='ocrx_word' id='word_1_569' title='bbox 1801 3696 2029 3766; x_wconf 86' lang='lat' dir='ltr'>simplex</span> 
     </span>
    </p>
   </div>
   <div class='ocr_carea' id='block_1_71' title="bbox 427 3780 2028 3839">
    <p class='ocr_par' dir='ltr' id='par_1_71' title="bbox 427 3780 2028 3839">
     <span class='ocr_line' id='line_1_71' title="bbox 427 3780 2028 3839; baseline 0.002 -4"><span class='ocrx_word' id='word_1_570' title='bbox 427 3788 481 3835; x_wconf 91' lang='lat' dir='ltr'>et</span> <span class='ocrx_word' id='word_1_571' title='bbox 541 3780 760 3835; x_wconf 87' lang='lat' dir='ltr'>humilis</span> <span class='ocrx_word' id='word_1_572' title='bbox 798 3781 869 3835; x_wconf 88' lang='lat' dir='ltr'>ad</span> <span class='ocrx_word' id='word_1_573' title='bbox 906 3782 1131 3835; x_wconf 89' lang='lat' dir='ltr'>modum</span> <span class='ocrx_word' id='word_1_574' title='bbox 1190 3782 1358 3837; x_wconf 87' lang='lat' dir='ltr'>servi.</span> <span class='ocrx_word' id='word_1_575' title='bbox 1420 3783 1518 3837; x_wconf 86' lang='lat' dir='ltr'>Hic</span> <span class='ocrx_word' id='word_1_576' title='bbox 1595 3782 1769 3837; x_wconf 89' lang='lat' dir='ltr'>innuit</span> <span class='ocrx_word' id='word_1_577' title='bbox 1826 3784 2028 3839; x_wconf 90' lang='lat' dir='ltr'>bonam</span> 
     </span>
    </p>
   </div>
   <div class='ocr_carea' id='block_1_72' title="bbox 428 3868 2028 3943">
    <p class='ocr_par' dir='ltr' id='par_1_72' title="bbox 428 3868 2028 3943">
     <span class='ocr_line' id='line_1_72' title="bbox 428 3868 2028 3943; baseline 0.004 -22"><span class='ocrx_word' id='word_1_578' title='bbox 428 3868 649 3939; x_wconf 90' lang='lat' dir='ltr'>quidem</span> <span class='ocrx_word' id='word_1_579' title='bbox 714 3884 837 3922; x_wconf 88' lang='lat' dir='ltr'>esse</span> <span class='ocrx_word' id='word_1_580' title='bbox 911 3868 1339 3940; x_wconf 85' lang='lat' dir='ltr'>simplicitatem.</span> <span class='ocrx_word' id='word_1_581' title='bbox 1412 3871 1614 3925; x_wconf 87' lang='lat' dir='ltr'>Servus</span> <span class='ocrx_word' id='word_1_582' title='bbox 1666 3870 1849 3943; x_wconf 91' lang='lat' dir='ltr'>utique</span> <span class='ocrx_word' id='word_1_583' title='bbox 1909 3873 2028 3938; x_wconf 90' lang='lat' dir='ltr'>Dei,</span> 
     </span>
    </p>
   </div>
   <div class='ocr_carea' id='block_1_73' title="bbox 428 3956 2033 4032">
    <p class='ocr_par' dir='ltr' id='par_1_73' title="bbox 428 3956 2033 4032">
     <span class='ocr_line' id='line_1_73' title="bbox 428 3956 2033 4032; baseline 0.003 -21"><span class='ocrx_word' id='word_1_584' title='bbox 428 3956 524 4011; x_wconf 89' lang='lat' dir='ltr'>sed</span> <span class='ocrx_word' id='word_1_585' title='bbox 553 3964 730 4010; x_wconf 90' lang='lat' dir='ltr'>tamen</span> <span class='ocrx_word' id='word_1_586' title='bbox 760 3958 1044 4027; x_wconf 83' lang='lat' dir='ltr'>apostolus</span> <span class='ocrx_word' id='word_1_587' title='bbox 1093 3960 1225 4012; x_wconf 88' lang='lat' dir='ltr'>Jesu</span> <span class='ocrx_word' id='word_1_588' title='bbox 1259 3957 1504 4023; x_wconf 88' lang='lat' dir='ltr'>Christi,</span> <span class='ocrx_word' id='word_1_589' title='bbox 1554 3959 1609 4013; x_wconf 91' lang='lat' dir='ltr'>id</span> <span class='ocrx_word' id='word_1_590' title='bbox 1652 3968 1735 4014; x_wconf 91' lang='lat' dir='ltr'>est</span> <span class='ocrx_word' id='word_1_591' title='bbox 1779 3976 1952 4032; x_wconf 82' lang='lat' dir='ltr'>agens</span> <span class='ocrx_word' id='word_1_592' title='bbox 1981 3970 2033 4016; x_wconf 91' lang='lat' dir='ltr'>et</span> 
     </span>
    </p>
   </div>
   <div class='ocr_carea' id='block_1_74' title="bbox 428 4044 2031 4116">
    <p class='ocr_par' dir='ltr' id='par_1_74' title="bbox 428 4044 2031 4116">
     <span class='ocr_line' id='line_1_74' title="bbox 428 4044 2031 4116; baseline 0.003 -17"><span class='ocrx_word' id='word_1_593' title='bbox 428 4058 692 4099; x_wconf 88' lang='lat' dir='ltr'>coercens</span> <span class='ocrx_word' id='word_1_594' title='bbox 724 4044 971 4116; x_wconf 88' lang='lat' dir='ltr'>singulos</span> <span class='ocrx_word' id='word_1_595' title='bbox 1003 4046 1279 4116; x_wconf 89' lang='lat' dir='ltr'>quomodo</span> <span class='ocrx_word' id='word_1_596' title='bbox 1328 4047 1641 4116; x_wconf 68' lang='lat' dir='ltr'>apostolicae</span> <span class='ocrx_word' id='word_1_597' title='bbox 1685 4048 2031 4104; x_wconf 89' lang='lat' dir='ltr'>sublimitatis</span> 
     </span>
    </p>
   </div>
   <div class='ocr_carea' id='block_1_75' title="bbox 430 4131 2029 4207">
    <p class='ocr_par' dir='ltr' id='par_1_75' title="bbox 430 4131 2029 4207">
     <span class='ocr_line' id='line_1_75' title="bbox 430 4131 2029 4207; baseline 0.005 -22"><span class='ocrx_word' id='word_1_598' title='bbox 430 4131 719 4203; x_wconf 89' lang='lat' dir='ltr'>imperium</span> <span class='ocrx_word' id='word_1_599' title='bbox 752 4132 939 4205; x_wconf 86' lang='lat' dir='ltr'>exigit.</span> <span class='ocrx_word' id='word_1_600' title='bbox 990 4135 1069 4188; x_wconf 94' lang='lat' dir='ltr'>Tu</span> <span class='ocrx_word' id='word_1_601' title='bbox 1098 4133 1281 4206; x_wconf 88' lang='lat' dir='ltr'>itaque</span> <span class='ocrx_word' id='word_1_602' title='bbox 1313 4135 1561 4207; x_wconf 72' lang='lat' dir='ltr'>exemplo</span> <span class='ocrx_word' id='word_1_603' title='bbox 1612 4152 1735 4191; x_wconf 78' lang='lat' dir='ltr'>meo</span> <span class='ocrx_word' id='word_1_604' title='bbox 1783 4138 1863 4193; x_wconf 92' lang='lat' dir='ltr'>sic</span> <span class='ocrx_word' id='word_1_605' title='bbox 1911 4146 2029 4194; x_wconf 89' lang='lat' dir='ltr'>esto</span> 
     </span>
    </p>
   </div>
   <div class='ocr_carea' id='block_1_76' title="bbox 429 4220 2030 4296">
    <p class='ocr_par' dir='ltr' id='par_1_76' title="bbox 429 4220 2030 4296">
     <span class='ocr_line' id='line_1_76' title="bbox 429 4220 2030 4296; baseline 0.004 -22"><span class='ocrx_word' id='word_1_606' title='bbox 429 4220 677 4292; x_wconf 83' lang='lat' dir='ltr'>simplex,</span> <span class='ocrx_word' id='word_1_607' title='bbox 726 4229 783 4275; x_wconf 94' lang='lat' dir='ltr'>ut</span> <span class='ocrx_word' id='word_1_608' title='bbox 810 4221 1126 4292; x_wconf 90' lang='lat' dir='ltr'>pontiﬁcale</span> <span class='ocrx_word' id='word_1_609' title='bbox 1176 4222 1465 4293; x_wconf 89' lang='lat' dir='ltr'>imperium</span> <span class='ocrx_word' id='word_1_610' title='bbox 1495 4240 1607 4280; x_wconf 92' lang='lat' dir='ltr'>non</span> <span class='ocrx_word' id='word_1_611' title='bbox 1653 4225 1912 4296; x_wconf 90' lang='lat' dir='ltr'>impediat</span> <span class='ocrx_word' id='word_1_612' title='bbox 1943 4226 2030 4280; x_wconf 86' lang='lat' dir='ltr'>ni-</span> 
     </span>
    </p>
   </div>
   <div class='ocr_carea' id='block_1_77' title="bbox 430 4308 2033 4385">
    <p class='ocr_par' dir='ltr' id='par_1_77' title="bbox 430 4308 2033 4385">
     <span class='ocr_line' id='line_1_77' title="bbox 430 4308 2033 4385; baseline 0.004 -24"><span class='ocrx_word' id='word_1_613' title='bbox 430 4308 534 4362; x_wconf 91' lang='lat' dir='ltr'>mia</span> <span class='ocrx_word' id='word_1_614' title='bbox 580 4308 874 4363; x_wconf 88' lang='lat' dir='ltr'>humilitas.</span> <span class='ocrx_word' id='word_1_615' title='bbox 928 4310 1050 4364; x_wconf 90' lang='lat' dir='ltr'>Non</span> <span class='ocrx_word' id='word_1_616' title='bbox 1096 4310 1220 4365; x_wconf 85' lang='lat' dir='ltr'>ideo</span> <span class='ocrx_word' id='word_1_617' title='bbox 1250 4311 1381 4366; x_wconf 88' lang='lat' dir='ltr'>dixit</span> <span class='ocrx_word' id='word_1_618' title='bbox 1417 4314 1616 4369; x_wconf 89' lang='lat' dir='ltr'>Servus</span> <span class='ocrx_word' id='word_1_619' title='bbox 1649 4315 1747 4369; x_wconf 85' lang='lat' dir='ltr'>Dei</span> <span class='ocrx_word' id='word_1_620' title='bbox 1793 4322 1843 4368; x_wconf 90' lang='lat' dir='ltr'>et</span> <span class='ocrx_word' id='word_1_621' title='bbox 1873 4331 2033 4385; x_wconf 86' lang='lat' dir='ltr'>apos-</span> 
     </span>
    </p>
   </div>
   <div class='ocr_carea' id='block_1_78' title="bbox 2130 3163 3727 3235">
    <p class='ocr_par' dir='ltr' id='par_1_78' title="bbox 2130 3163 3727 3235">
     <span class='ocr_line' id='line_1_78' title="bbox 2130 3163 3727 3235; baseline -0.001 -16"><span class='ocrx_word' id='word_1_622' title='bbox 2130 3166 2225 3219; x_wconf 91' lang='lat' dir='ltr'>tibi</span> <span class='ocrx_word' id='word_1_623' title='bbox 2270 3165 2374 3219; x_wconf 90' lang='lat' dir='ltr'>sint</span> <span class='ocrx_word' id='word_1_624' title='bbox 2420 3182 2453 3219; x_wconf 90' lang='lat' dir='ltr'>a</span> <span class='ocrx_word' id='word_1_625' title='bbox 2484 3166 2591 3222; x_wconf 92' lang='lat' dir='ltr'>Deo</span> <span class='ocrx_word' id='word_1_626' title='bbox 2622 3167 2791 3220; x_wconf 86' lang='lat' dir='ltr'>Patre</span> <span class='ocrx_word' id='word_1_627' title='bbox 2822 3164 2913 3235; x_wconf 88' lang='lat' dir='ltr'>qui</span> <span class='ocrx_word' id='word_1_628' title='bbox 2942 3172 3148 3234; x_wconf 86' lang='lat' dir='ltr'>potest,</span> <span class='ocrx_word' id='word_1_629' title='bbox 3192 3172 3245 3219; x_wconf 90' lang='lat' dir='ltr'>et</span> <span class='ocrx_word' id='word_1_630' title='bbox 3275 3164 3365 3235; x_wconf 91' lang='lat' dir='ltr'>qui</span> <span class='ocrx_word' id='word_1_631' title='bbox 3397 3163 3727 3218; x_wconf 88' lang='lat' dir='ltr'>voluntatem</span> 
     </span>
    </p>
   </div>
   <div class='ocr_carea' id='block_1_79' title="bbox 2130 3252 3722 3323">
    <p class='ocr_par' dir='ltr' id='par_1_79' title="bbox 2130 3252 3722 3323">
     <span class='ocr_line' id='line_1_79' title="bbox 2130 3252 3722 3323; baseline -0.002 -15"><span class='ocrx_word' id='word_1_632' title='bbox 2130 3255 2314 3309; x_wconf 88' lang='lat' dir='ltr'>habet.</span> <span class='ocrx_word' id='word_1_633' title='bbox 2349 3255 2417 3308; x_wconf 86' lang='lat' dir='ltr'>Et</span> <span class='ocrx_word' id='word_1_634' title='bbox 2446 3271 2511 3308; x_wconf 87' lang='lat' dir='ltr'>ea</span> <span class='ocrx_word' id='word_1_635' title='bbox 2559 3255 2689 3308; x_wconf 88' lang='lat' dir='ltr'>Jesu</span> <span class='ocrx_word' id='word_1_636' title='bbox 2721 3253 2968 3319; x_wconf 84' lang='lat' dir='ltr'>Christo,</span> <span class='ocrx_word' id='word_1_637' title='bbox 3018 3252 3109 3323; x_wconf 89' lang='lat' dir='ltr'>qui</span> <span class='ocrx_word' id='word_1_638' title='bbox 3157 3252 3406 3306; x_wconf 90' lang='lat' dir='ltr'>similiter</span> <span class='ocrx_word' id='word_1_639' title='bbox 3449 3261 3501 3306; x_wconf 90' lang='lat' dir='ltr'>et</span> <span class='ocrx_word' id='word_1_640' title='bbox 3526 3260 3722 3322; x_wconf 68' lang='lat' dir='ltr'>potest,</span> 
     </span>
    </p>
   </div>
   <div class='ocr_carea' id='block_1_80' title="bbox 2130 3340 3729 3397">
    <p class='ocr_par' dir='ltr' id='par_1_80' title="bbox 2130 3340 3729 3397">
     <span class='ocr_line' id='line_1_80' title="bbox 2130 3340 3729 3397; baseline -0.002 -1"><span class='ocrx_word' id='word_1_641' title='bbox 2130 3344 2420 3397; x_wconf 80' lang='lat' dir='ltr'>Saluatore</span> <span class='ocrx_word' id='word_1_642' title='bbox 2452 3346 2644 3397; x_wconf 84' lang='lat' dir='ltr'>nostro</span> <span class='ocrx_word' id='word_1_643' title='bbox 2676 3350 2728 3395; x_wconf 95' lang='lat' dir='ltr'>et</span> <span class='ocrx_word' id='word_1_644' title='bbox 2757 3342 3087 3396; x_wconf 89' lang='lat' dir='ltr'>voluntatem</span> <span class='ocrx_word' id='word_1_645' title='bbox 3110 3341 3292 3395; x_wconf 88' lang='lat' dir='ltr'>habet.</span> <span class='ocrx_word' id='word_1_646' title='bbox 3326 3340 3496 3394; x_wconf 89' lang='lat' dir='ltr'>Finita</span> <span class='ocrx_word' id='word_1_647' title='bbox 3527 3341 3729 3394; x_wconf 90' lang='lat' dir='ltr'>saluta-</span> 
     </span>
    </p>
   </div>
   <div class='ocr_carea' id='block_1_81' title="bbox 2132 3428 3728 3500">
    <p class='ocr_par' dir='ltr' id='par_1_81' title="bbox 2132 3428 3728 3500">
     <span class='ocr_line' id='line_1_81' title="bbox 2132 3428 3728 3500; baseline 0 -16"><span class='ocrx_word' id='word_1_648' title='bbox 2132 3430 2295 3496; x_wconf 91' lang='lat' dir='ltr'>tione,</span> <span class='ocrx_word' id='word_1_649' title='bbox 2330 3430 2409 3486; x_wconf 90' lang='lat' dir='ltr'>sic</span> <span class='ocrx_word' id='word_1_650' title='bbox 2440 3430 2733 3500; x_wconf 87' lang='lat' dir='ltr'>alloquitur</span> <span class='ocrx_word' id='word_1_651' title='bbox 2762 3430 2940 3484; x_wconf 90' lang='lat' dir='ltr'>Titum</span> <span class='ocrx_word' id='word_1_652' title='bbox 2983 3447 2995 3482; x_wconf 93' lang='lat'>:</span> <span class='ocrx_word' id='word_1_653' title='bbox 3037 3428 3082 3483; x_wconf 93' lang='grc' dir='ltr'>Ο</span> <span class='ocrx_word' id='word_1_654' title='bbox 3112 3429 3256 3495; x_wconf 83' lang='grc' dir='ltr'>Τίιε,</span> <span class='ocrx_word' id='word_1_655' title='bbox 3292 3445 3396 3499; x_wconf 87' lang='lat' dir='ltr'>ego</span> <span class='ocrx_word' id='word_1_656' title='bbox 3426 3430 3629 3500; x_wconf 80' lang='lat' dir='ltr'>reliqui</span> <span class='ocrx_word' id='word_1_657' title='bbox 3674 3432 3728 3484; x_wconf 88' lang='lat' dir='ltr'>te</span> 
     </span>
    </p>
   </div>
   <div class='ocr_carea' id='block_1_82' title="bbox 2130 3516 3726 3588">
    <p class='ocr_par' dir='ltr' id='par_1_82' title="bbox 2130 3516 3726 3588">
     <span class='ocr_line' id='line_1_82' title="bbox 2130 3516 3726 3588; baseline -0.002 -15"><span class='ocrx_word' id='word_1_658' title='bbox 2130 3527 2509 3573; x_wconf 89' lang='lat' dir='ltr'>consecratum</span> <span class='ocrx_word' id='word_1_659' title='bbox 2561 3518 3030 3588; x_wconf 88' lang='lat' dir='ltr'>archiepiscopum</span> <span class='ocrx_word' id='word_1_660' title='bbox 3089 3518 3267 3572; x_wconf 78' lang='lat' dir='ltr'>Creta:</span> <span class='ocrx_word' id='word_1_661' title='bbox 3298 3518 3484 3588; x_wconf 82' lang='lat' dir='ltr'>gratia</span> <span class='ocrx_word' id='word_1_662' title='bbox 3556 3516 3726 3587; x_wconf 87' lang='lat' dir='ltr'>hujus</span> 
     </span>
    </p>
   </div>
   <div class='ocr_carea' id='block_1_83' title="bbox 2132 3604 3724 3676">
    <p class='ocr_par' dir='ltr' id='par_1_83' title="bbox 2132 3604 3724 3676">
     <span class='ocr_line' id='line_1_83' title="bbox 2132 3604 3724 3676; baseline -0.003 -14"><span class='ocrx_word' id='word_1_663' title='bbox 2132 3610 2233 3674; x_wconf 87' lang='lat' dir='ltr'>rei,</span> <span class='ocrx_word' id='word_1_664' title='bbox 2268 3607 2321 3661; x_wconf 88' lang='lat' dir='ltr'>id</span> <span class='ocrx_word' id='word_1_665' title='bbox 2354 3615 2435 3660; x_wconf 89' lang='lat' dir='ltr'>est</span> <span class='ocrx_word' id='word_1_666' title='bbox 2464 3622 2561 3676; x_wconf 94' lang='lat' dir='ltr'>pro</span> <span class='ocrx_word' id='word_1_667' title='bbox 2590 3608 2692 3660; x_wconf 87' lang='lat' dir='ltr'>hac</span> <span class='ocrx_word' id='word_1_668' title='bbox 2725 3623 2815 3673; x_wconf 89' lang='lat' dir='ltr'>re,</span> <span class='ocrx_word' id='word_1_669' title='bbox 2852 3623 2990 3676; x_wconf 67' lang='lat' dir='ltr'>qua),</span> <span class='ocrx_word' id='word_1_670' title='bbox 3026 3606 3070 3659; x_wconf 91' lang='lat' dir='ltr'>si</span> <span class='ocrx_word' id='word_1_671' title='bbox 3102 3605 3221 3671; x_wconf 89' lang='lat' dir='ltr'>ﬁat,</span> <span class='ocrx_word' id='word_1_672' title='bbox 3256 3613 3412 3675; x_wconf 87' lang='lat' dir='ltr'>grata</span> <span class='ocrx_word' id='word_1_673' title='bbox 3442 3604 3543 3659; x_wconf 91' lang='lat' dir='ltr'>erit</span> <span class='ocrx_word' id='word_1_674' title='bbox 3572 3604 3724 3658; x_wconf 88' lang='lat' dir='ltr'>mihi.</span> 
     </span>
    </p>
   </div>
   <div class='ocr_carea' id='block_1_84' title="bbox 2131 3693 3731 3764">
    <p class='ocr_par' dir='ltr' id='par_1_84' title="bbox 2131 3693 3731 3764">
     <span class='ocr_line' id='line_1_84' title="bbox 2131 3693 3731 3764; baseline -0.003 -14"><span class='ocrx_word' id='word_1_675' title='bbox 2131 3696 2239 3750; x_wconf 86' lang='lat' dir='ltr'>Res</span> <span class='ocrx_word' id='word_1_676' title='bbox 2282 3702 2462 3749; x_wconf 89' lang='lat' dir='ltr'>autem</span> <span class='ocrx_word' id='word_1_677' title='bbox 2492 3694 2586 3748; x_wconf 90' lang='lat' dir='ltr'>illa</span> <span class='ocrx_word' id='word_1_678' title='bbox 2637 3695 2753 3749; x_wconf 70' lang='lat' dir='ltr'>hazc</span> <span class='ocrx_word' id='word_1_679' title='bbox 2785 3702 2865 3747; x_wconf 89' lang='lat' dir='ltr'>est</span> <span class='ocrx_word' id='word_1_680' title='bbox 2900 3710 2911 3748; x_wconf 91' lang='lat'><strong>:</strong></span> <span class='ocrx_word' id='word_1_681' title='bbox 2946 3700 3011 3749; x_wconf 87' lang='lat' dir='ltr'>ut</span> <span class='ocrx_word' id='word_1_682' title='bbox 3059 3703 3111 3747; x_wconf 91' lang='lat' dir='ltr'>tu</span> <span class='ocrx_word' id='word_1_683' title='bbox 3144 3695 3420 3764; x_wconf 83' lang='lat' dir='ltr'>corrigas,</span> <span class='ocrx_word' id='word_1_684' title='bbox 3473 3693 3523 3746; x_wconf 90' lang='lat' dir='ltr'>id</span> <span class='ocrx_word' id='word_1_685' title='bbox 3548 3700 3629 3747; x_wconf 90' lang='lat' dir='ltr'>est</span> <span class='ocrx_word' id='word_1_686' title='bbox 3675 3700 3731 3745; x_wconf 94' lang='lat' dir='ltr'>ut</span> 
     </span>
    </p>
   </div>
   <div class='ocr_carea' id='block_1_85' title="bbox 2132 3781 3727 3855">
    <p class='ocr_par' dir='ltr' id='par_1_85' title="bbox 2132 3781 3727 3855">
     <span class='ocr_line' id='line_1_85' title="bbox 2132 3781 3727 3855; baseline -0.001 -18"><span class='ocrx_word' id='word_1_687' title='bbox 2132 3783 2461 3855; x_wconf 87' lang='lat' dir='ltr'>corrigendo</span> <span class='ocrx_word' id='word_1_688' title='bbox 2510 3799 2630 3853; x_wconf 66' lang='lat' dir='ltr'>qua!</span> <span class='ocrx_word' id='word_1_689' title='bbox 2677 3782 3006 3852; x_wconf 86' lang='lat' dir='ltr'>corrigenda</span> <span class='ocrx_word' id='word_1_690' title='bbox 3056 3791 3178 3836; x_wconf 91' lang='lat' dir='ltr'>sunt</span> <span class='ocrx_word' id='word_1_691' title='bbox 3226 3781 3478 3852; x_wconf 86' lang='lat' dir='ltr'>perﬁcias</span> <span class='ocrx_word' id='word_1_692' title='bbox 3511 3797 3575 3837; x_wconf 86' lang='lat' dir='ltr'>ea</span> <span class='ocrx_word' id='word_1_693' title='bbox 3606 3797 3727 3852; x_wconf 64' lang='lat' dir='ltr'>qut:</span> 
     </span>
    </p>
   </div>
   <div class='ocr_carea' id='block_1_86' title="bbox 2131 3869 3721 3927">
    <p class='ocr_par' dir='ltr' id='par_1_86' title="bbox 2131 3869 3721 3927">
     <span class='ocr_line' id='line_1_86' title="bbox 2131 3869 3721 3927; baseline -0.002 -1"><span class='ocrx_word' id='word_1_694' title='bbox 2131 3872 2360 3927; x_wconf 84' lang='lat' dir='ltr'>desunt.</span> <span class='ocrx_word' id='word_1_695' title='bbox 2390 3872 2505 3925; x_wconf 86' lang='lat' dir='ltr'>Hoc</span> <span class='ocrx_word' id='word_1_696' title='bbox 2536 3879 2716 3926; x_wconf 89' lang='lat' dir='ltr'>autem</span> <span class='ocrx_word' id='word_1_697' title='bbox 2747 3870 2950 3925; x_wconf 90' lang='lat' dir='ltr'>dictum</span> <span class='ocrx_word' id='word_1_698' title='bbox 2981 3879 3062 3925; x_wconf 92' lang='lat' dir='ltr'>est</span> <span class='ocrx_word' id='word_1_699' title='bbox 3094 3870 3160 3924; x_wconf 90' lang='lat' dir='ltr'>de</span> <span class='ocrx_word' id='word_1_700' title='bbox 3191 3869 3456 3924; x_wconf 87' lang='lat' dir='ltr'>moribus.</span> <span class='ocrx_word' id='word_1_701' title='bbox 3490 3871 3559 3923; x_wconf 86' lang='lat' dir='ltr'>Et</span> <span class='ocrx_word' id='word_1_702' title='bbox 3595 3885 3721 3924; x_wconf 87' lang='lat' dir='ltr'>cor-</span> 
     </span>
    </p>
   </div>
   <div class='ocr_carea' id='block_1_87' title="bbox 2132 3957 3724 4031">
    <p class='ocr_par' dir='ltr' id='par_1_87' title="bbox 2132 3957 3724 4031">
     <span class='ocr_line' id='line_1_87' title="bbox 2132 3957 3724 4031; baseline -0.002 -18"><span class='ocrx_word' id='word_1_703' title='bbox 2132 3960 2359 4031; x_wconf 89' lang='lat' dir='ltr'>rigendo</span> <span class='ocrx_word' id='word_1_704' title='bbox 2388 3976 2572 4014; x_wconf 89' lang='lat' dir='ltr'>mores</span> <span class='ocrx_word' id='word_1_705' title='bbox 2601 3960 2919 4015; x_wconf 86' lang='lat' dir='ltr'>constituas</span> <span class='ocrx_word' id='word_1_706' title='bbox 2946 3959 3109 4013; x_wconf 88' lang='lat' dir='ltr'>etiam</span> <span class='ocrx_word' id='word_1_707' title='bbox 3134 3960 3502 4030; x_wconf 81' lang='lat' dir='ltr'>presbyteros,</span> <span class='ocrx_word' id='word_1_708' title='bbox 3556 3957 3611 4011; x_wconf 91' lang='lat' dir='ltr'>id</span> <span class='ocrx_word' id='word_1_709' title='bbox 3643 3965 3724 4011; x_wconf 91' lang='lat' dir='ltr'>est</span> 
     </span>
    </p>
   </div>
   <div class='ocr_carea' id='block_1_88' title="bbox 2132 4045 3723 4119">
    <p class='ocr_par' dir='ltr' id='par_1_88' title="bbox 2132 4045 3723 4119">
     <span class='ocr_line' id='line_1_88' title="bbox 2132 4045 3723 4119; baseline -0.003 -16"><span class='ocrx_word' id='word_1_710' title='bbox 2132 4049 2419 4119; x_wconf 88' lang='lat' dir='ltr'>episcopos</span> <span class='ocrx_word' id='word_1_711' title='bbox 2442 4064 2544 4118; x_wconf 88' lang='lat' dir='ltr'>per</span> <span class='ocrx_word' id='word_1_712' title='bbox 2573 4047 2816 4117; x_wconf 86' lang='lat' dir='ltr'>singulas</span> <span class='ocrx_word' id='word_1_713' title='bbox 2836 4049 3093 4102; x_wconf 85' lang='lat' dir='ltr'>civitates</span> <span class='ocrx_word' id='word_1_714' title='bbox 3120 4047 3391 4115; x_wconf 88' lang='lat' dir='ltr'>subjectas</span> <span class='ocrx_word' id='word_1_715' title='bbox 3417 4054 3509 4100; x_wconf 89' lang='lat' dir='ltr'>tuo</span> <span class='ocrx_word' id='word_1_716' title='bbox 3540 4045 3723 4100; x_wconf 90' lang='lat' dir='ltr'>archi-</span> 
     </span>
    </p>
   </div>
   <div class='ocr_carea' id='block_1_89' title="bbox 2132 4134 3723 4208">
    <p class='ocr_par' dir='ltr' id='par_1_89' title="bbox 2132 4134 3723 4208">
     <span class='ocr_line' id='line_1_89' title="bbox 2132 4134 3723 4208; baseline -0.003 -17"><span class='ocrx_word' id='word_1_717' title='bbox 2132 4136 2485 4208; x_wconf 88' lang='lat' dir='ltr'>episcopatui.</span> <span class='ocrx_word' id='word_1_718' title='bbox 2520 4136 2846 4203; x_wconf 87' lang='lat' dir='ltr'>Constituas,</span> <span class='ocrx_word' id='word_1_719' title='bbox 2878 4136 3127 4207; x_wconf 88' lang='lat' dir='ltr'>inquam,</span> <span class='ocrx_word' id='word_1_720' title='bbox 3176 4152 3242 4189; x_wconf 92' lang='lat' dir='ltr'>eo</span> <span class='ocrx_word' id='word_1_721' title='bbox 3287 4134 3449 4189; x_wconf 89' lang='lat' dir='ltr'>modo</span> <span class='ocrx_word' id='word_1_722' title='bbox 3487 4136 3636 4189; x_wconf 81' lang='lat' dir='ltr'>sicut</span> <span class='ocrx_word' id='word_1_723' title='bbox 3667 4138 3723 4188; x_wconf 89' lang='lat' dir='ltr'>et</span> 
     </span>
    </p>
   </div>
   <div class='ocr_carea' id='block_1_90' title="bbox 2130 4222 3719 4297">
    <p class='ocr_par' dir='ltr' id='par_1_90' title="bbox 2130 4222 3719 4297">
     <span class='ocr_line' id='line_1_90' title="bbox 2130 4222 3719 4297; baseline -0.003 -16"><span class='ocrx_word' id='word_1_724' title='bbox 2130 4243 2224 4297; x_wconf 80' lang='lat' dir='ltr'>ego</span> <span class='ocrx_word' id='word_1_725' title='bbox 2257 4226 2357 4279; x_wconf 82' lang='lat' dir='ltr'>tibi</span> <span class='ocrx_word' id='word_1_726' title='bbox 2386 4226 2658 4295; x_wconf 82' lang='lat' dir='ltr'>disposui.</span> <span class='ocrx_word' id='word_1_727' title='bbox 2700 4224 2801 4279; x_wconf 92' lang='lat' dir='ltr'>Ubi</span> <span class='ocrx_word' id='word_1_728' title='bbox 2833 4224 2907 4277; x_wconf 88' lang='lat' dir='ltr'>ait</span> <span class='ocrx_word' id='word_1_729' title='bbox 2942 4241 2954 4277; x_wconf 91' lang='lat'>:</span> <span class='ocrx_word' id='word_1_730' title='bbox 2991 4226 3149 4279; x_wconf 86' lang='lat' dir='ltr'>Sicut</span> <span class='ocrx_word' id='word_1_731' title='bbox 3179 4240 3272 4294; x_wconf 84' lang='lat' dir='ltr'>ego</span> <span class='ocrx_word' id='word_1_732' title='bbox 3306 4225 3405 4278; x_wconf 88' lang='lat' dir='ltr'>tibi</span> <span class='ocrx_word' id='word_1_733' title='bbox 3451 4222 3719 4295; x_wconf 86' lang='lat' dir='ltr'>disposui,</span> 
     </span>
    </p>
   </div>
   <div class='ocr_carea' id='block_1_91' title="bbox 2132 4310 3723 4383">
    <p class='ocr_par' dir='ltr' id='par_1_91' title="bbox 2132 4310 3723 4383">
     <span class='ocr_line' id='line_1_91' title="bbox 2132 4310 3723 4383; baseline -0.003 -16"><span class='ocrx_word' id='word_1_734' title='bbox 2132 4321 2279 4368; x_wconf 88' lang='lat' dir='ltr'>notat</span> <span class='ocrx_word' id='word_1_735' title='bbox 2310 4314 2455 4383; x_wconf 92' lang='lat' dir='ltr'>quod</span> <span class='ocrx_word' id='word_1_736' title='bbox 2486 4328 2608 4368; x_wconf 91' lang='lat' dir='ltr'>cum</span> <span class='ocrx_word' id='word_1_737' title='bbox 2640 4313 2785 4383; x_wconf 88' lang='lat' dir='ltr'>apud</span> <span class='ocrx_word' id='word_1_738' title='bbox 2815 4328 2939 4366; x_wconf 91' lang='lat' dir='ltr'>eum</span> <span class='ocrx_word' id='word_1_739' title='bbox 2971 4321 3147 4379; x_wconf 88' lang='lat' dir='ltr'>esset,</span> <span class='ocrx_word' id='word_1_740' title='bbox 3198 4310 3475 4365; x_wconf 86' lang='lat' dir='ltr'>intruxerit</span> <span class='ocrx_word' id='word_1_741' title='bbox 3505 4327 3627 4365; x_wconf 88' lang='lat' dir='ltr'>eum</span> <span class='ocrx_word' id='word_1_742' title='bbox 3655 4310 3723 4364; x_wconf 92' lang='lat' dir='ltr'>de</span> 
     </span>
    </p>
   </div>
   <div class='ocr_carea' id='block_1_92' title="bbox 430 4396 3723 4475">
    <p class='ocr_par' dir='ltr' id='par_1_92' title="bbox 430 4396 3723 4475">
     <span class='ocr_line' id='line_1_92' title="bbox 430 4396 3723 4475; baseline 0 -24"><span class='ocrx_word' id='word_1_743' title='bbox 430 4397 577 4451; x_wconf 86' lang='lat' dir='ltr'>talus</span> <span class='ocrx_word' id='word_1_744' title='bbox 629 4396 853 4461; x_wconf 83' lang='lat' dir='ltr'>Christi,</span> <span class='ocrx_word' id='word_1_745' title='bbox 891 4398 1019 4468; x_wconf 84' lang='lat' dir='ltr'>quin</span> <span class='ocrx_word' id='word_1_746' title='bbox 1066 4406 1117 4453; x_wconf 92' lang='lat' dir='ltr'>et</span> <span class='ocrx_word' id='word_1_747' title='bbox 1149 4400 1430 4469; x_wconf 87' lang='lat' dir='ltr'>apostolus</span> <span class='ocrx_word' id='word_1_748' title='bbox 1482 4401 1547 4455; x_wconf 93' lang='lat' dir='ltr'>sit</span> <span class='ocrx_word' id='word_1_749' title='bbox 1589 4402 1689 4455; x_wconf 92' lang='lat' dir='ltr'>Dei</span> <span class='ocrx_word' id='word_1_750' title='bbox 1738 4410 1790 4457; x_wconf 91' lang='lat' dir='ltr'>et</span> <span class='ocrx_word' id='word_1_751' title='bbox 1838 4409 2102 4467; x_wconf 87' lang='lat' dir='ltr'>servusD</span> <span class='ocrx_word' id='word_1_752' title='bbox 2133 4402 2543 4457; x_wconf 85' lang='lat' dir='ltr'>consecratione</span> <span class='ocrx_word' id='word_1_753' title='bbox 2575 4400 3161 4475; x_wconf 10' lang='lat' dir='ltr'>episcoporum.rEum</span> <span class='ocrx_word' id='word_1_754' title='bbox 3202 4400 3427 4455; x_wconf 90' lang='lat' dir='ltr'>scillicet</span> <span class='ocrx_word' id='word_1_755' title='bbox 3456 4399 3723 4454; x_wconf 90' lang='lat' dir='ltr'>constitue</span> 
     </span>
    </p>
   </div>
   <div class='ocr_carea' id='block_1_93' title="bbox 429 4483 2028 4560">
    <p class='ocr_par' dir='ltr' id='par_1_93' title="bbox 429 4483 2028 4560">
     <span class='ocr_line' id='line_1_93' title="bbox 429 4483 2028 4560; baseline 0.003 -22"><span class='ocrx_word' id='word_1_756' title='bbox 429 4483 629 4538; x_wconf 89' lang='lat' dir='ltr'>Christi</span> <span class='ocrx_word' id='word_1_757' title='bbox 657 4501 669 4537; x_wconf 93' lang='lat'><strong>:</strong></span> <span class='ocrx_word' id='word_1_758' title='bbox 696 4484 793 4538; x_wconf 90' lang='lat' dir='ltr'>sed</span> <span class='ocrx_word' id='word_1_759' title='bbox 826 4484 948 4540; x_wconf 91' lang='lat' dir='ltr'>ideo</span> <span class='ocrx_word' id='word_1_760' title='bbox 980 4494 1036 4540; x_wconf 91' lang='lat' dir='ltr'>ut</span> <span class='ocrx_word' id='word_1_761' title='bbox 1066 4487 1273 4553; x_wconf 90' lang='lat' dir='ltr'>innuat,</span> <span class='ocrx_word' id='word_1_762' title='bbox 1299 4490 1442 4560; x_wconf 91' lang='lat' dir='ltr'>quod</span> <span class='ocrx_word' id='word_1_763' title='bbox 1464 4506 1561 4560; x_wconf 91' lang='lat' dir='ltr'>per</span> <span class='ocrx_word' id='word_1_764' title='bbox 1590 4490 1861 4544; x_wconf 89' lang='lat' dir='ltr'>Christum</span> <span class='ocrx_word' id='word_1_765' title='bbox 1883 4492 2028 4545; x_wconf 86' lang='lat' dir='ltr'>Deus</span> 
     </span>
    </p>
   </div>
   <div class='ocr_carea' id='block_1_94' title="bbox 429 4571 2025 4646">
    <p class='ocr_par' dir='ltr' id='par_1_94' title="bbox 429 4571 2025 4646">
     <span class='ocr_line' id='line_1_94' title="bbox 429 4571 2025 4646; baseline 0.004 -21"><span class='ocrx_word' id='word_1_766' title='bbox 429 4571 591 4626; x_wconf 90' lang='lat' dir='ltr'>Pater</span> <span class='ocrx_word' id='word_1_767' title='bbox 621 4572 675 4626; x_wconf 89' lang='lat' dir='ltr'>in</span> <span class='ocrx_word' id='word_1_768' title='bbox 705 4572 1061 4628; x_wconf 91' lang='lat' dir='ltr'>ministerium</span> <span class='ocrx_word' id='word_1_769' title='bbox 1093 4577 1430 4646; x_wconf 88' lang='lat' dir='ltr'>apostolatus</span> <span class='ocrx_word' id='word_1_770' title='bbox 1478 4578 1700 4633; x_wconf 90' lang='lat' dir='ltr'>Paulum</span> <span class='ocrx_word' id='word_1_771' title='bbox 1751 4579 2025 4633; x_wconf 85' lang='lat' dir='ltr'>direxerit.</span> 
     </span>
    </p>
   </div>
   <div class='ocr_carea' id='block_1_95' title="bbox 428 4660 2029 4732">
    <p class='ocr_par' dir='ltr' id='par_1_95' title="bbox 428 4660 2029 4732">
     <span class='ocr_line' id='line_1_95' title="bbox 428 4660 2029 4732; baseline 0.004 -18"><span class='ocrx_word' id='word_1_772' title='bbox 428 4660 720 4730; x_wconf 80' lang='lat' dir='ltr'>Apostolus</span> <span class='ocrx_word' id='word_1_773' title='bbox 753 4660 876 4717; x_wconf 88' lang='lat' dir='ltr'>dico</span> <span class='ocrx_word' id='word_1_774' title='bbox 904 4664 1214 4719; x_wconf 86' lang='lat' dir='ltr'>secundum</span> <span class='ocrx_word' id='word_1_775' title='bbox 1244 4666 1411 4732; x_wconf 81' lang='lat' dir='ltr'>ﬁdem</span> <span class='ocrx_word' id='word_1_776' title='bbox 1439 4668 1748 4722; x_wconf 84' lang='lat' dir='ltr'>electorum</span> <span class='ocrx_word' id='word_1_777' title='bbox 1776 4668 1895 4722; x_wconf 91' lang='lat' dir='ltr'>Dei.</span> <span class='ocrx_word' id='word_1_778' title='bbox 1932 4667 2029 4721; x_wconf 88' lang='lat' dir='ltr'>Se-</span> 
     </span>
    </p>
   </div>
   <div class='ocr_carea' id='block_1_96' title="bbox 427 4748 2027 4824">
    <p class='ocr_par' dir='ltr' id='par_1_96' title="bbox 427 4748 2027 4824">
     <span class='ocr_line' id='line_1_96' title="bbox 427 4748 2027 4824; baseline 0.004 -22"><span class='ocrx_word' id='word_1_779' title='bbox 427 4748 610 4819; x_wconf 88' lang='lat' dir='ltr'>quitur</span> <span class='ocrx_word' id='word_1_780' title='bbox 639 4749 783 4804; x_wconf 91' lang='lat' dir='ltr'>enim</span> <span class='ocrx_word' id='word_1_781' title='bbox 814 4757 865 4803; x_wconf 89' lang='lat' dir='ltr'>et</span> <span class='ocrx_word' id='word_1_782' title='bbox 896 4751 1155 4819; x_wconf 62' lang='lat' dir='ltr'>praedicat</span> <span class='ocrx_word' id='word_1_783' title='bbox 1182 4753 1349 4820; x_wconf 82' lang='lat' dir='ltr'>[idem</span> <span class='ocrx_word' id='word_1_784' title='bbox 1379 4770 1542 4824; x_wconf 89' lang='lat' dir='ltr'>quam</span> <span class='ocrx_word' id='word_1_785' title='bbox 1574 4762 1861 4808; x_wconf 89' lang='lat' dir='ltr'>tenuerunt</span> <span class='ocrx_word' id='word_1_786' title='bbox 1893 4770 2027 4824; x_wconf 91' lang='lat' dir='ltr'>pro-</span> 
     </span>
    </p>
   </div>
   <div class='ocr_carea' id='block_1_97' title="bbox 426 4838 2026 4912">
    <p class='ocr_par' dir='ltr' id='par_1_97' title="bbox 426 4838 2026 4912">
     <span class='ocr_line' id='line_1_97' title="bbox 426 4838 2026 4912; baseline 0.003 -22"><span class='ocrx_word' id='word_1_787' title='bbox 426 4838 637 4906; x_wconf 68' lang='lat' dir='ltr'>pheta),</span> <span class='ocrx_word' id='word_1_788' title='bbox 696 4846 749 4892; x_wconf 95' lang='lat' dir='ltr'>et</span> <span class='ocrx_word' id='word_1_789' title='bbox 797 4839 1105 4911; x_wconf 91' lang='lat' dir='ltr'>quicunque</span> <span class='ocrx_word' id='word_1_790' title='bbox 1154 4841 1311 4896; x_wconf 88' lang='lat' dir='ltr'>electi</span> <span class='ocrx_word' id='word_1_791' title='bbox 1346 4842 1465 4897; x_wconf 92' lang='lat' dir='ltr'>Dei.</span> <span class='ocrx_word' id='word_1_792' title='bbox 1518 4843 1808 4912; x_wconf 83' lang='lat' dir='ltr'>Apostolus</span> <span class='ocrx_word' id='word_1_793' title='bbox 1865 4843 2026 4897; x_wconf 87' lang='lat' dir='ltr'>etiam</span> 
     </span>
    </p>
   </div>
   <div class='ocr_carea' id='block_1_98' title="bbox 429 4926 2027 4998">
    <p class='ocr_par' dir='ltr' id='par_1_98' title="bbox 429 4926 2027 4998">
     <span class='ocr_line' id='line_1_98' title="bbox 429 4926 2027 4998; baseline 0.004 -19"><span class='ocrx_word' id='word_1_794' title='bbox 429 4926 727 4980; x_wconf 91' lang='lat' dir='ltr'>secundum</span> <span class='ocrx_word' id='word_1_795' title='bbox 780 4928 1127 4997; x_wconf 86' lang='lat' dir='ltr'>agnitionem</span> <span class='ocrx_word' id='word_1_796' title='bbox 1174 4931 1461 4998; x_wconf 85' lang='lat' dir='ltr'>veritatis,</span> <span class='ocrx_word' id='word_1_797' title='bbox 1510 4931 1565 4984; x_wconf 91' lang='lat' dir='ltr'>id</span> <span class='ocrx_word' id='word_1_798' title='bbox 1610 4939 1692 4985; x_wconf 91' lang='lat' dir='ltr'>est</span> <span class='ocrx_word' id='word_1_799' title='bbox 1730 4932 2027 4985; x_wconf 89' lang='lat' dir='ltr'>secundum</span> 
     </span>
    </p>
   </div>
   <div class='ocr_carea' id='block_1_99' title="bbox 430 5013 2030 5088">
    <p class='ocr_par' dir='ltr' id='par_1_99' title="bbox 430 5013 2030 5088">
     <span class='ocr_line' id='line_1_99' title="bbox 430 5013 2030 5088; baseline 0.006 -22"><span class='ocrx_word' id='word_1_800' title='bbox 430 5013 577 5084; x_wconf 92' lang='lat' dir='ltr'>quod</span> <span class='ocrx_word' id='word_1_801' title='bbox 599 5014 821 5084; x_wconf 88' lang='lat' dir='ltr'>agnovit</span> <span class='ocrx_word' id='word_1_802' title='bbox 843 5015 910 5069; x_wconf 90' lang='lat' dir='ltr'>de</span> <span class='ocrx_word' id='word_1_803' title='bbox 933 5032 1064 5070; x_wconf 88' lang='lat' dir='ltr'>vera</span> <span class='ocrx_word' id='word_1_804' title='bbox 1094 5017 1403 5088; x_wconf 90' lang='lat' dir='ltr'>cognitione</span> <span class='ocrx_word' id='word_1_805' title='bbox 1426 5018 1545 5072; x_wconf 92' lang='lat' dir='ltr'>Dei.</span> <span class='ocrx_word' id='word_1_806' title='bbox 1582 5020 1701 5073; x_wconf 86' lang='lat' dir='ltr'>Non</span> <span class='ocrx_word' id='word_1_807' title='bbox 1742 5020 2030 5087; x_wconf 84' lang='lat' dir='ltr'>cujuslibet</span> 
     </span>
    </p>
   </div>
   <div class='ocr_carea' id='block_1_100' title="bbox 428 5100 2024 5179">
    <p class='ocr_par' dir='ltr' id='par_1_100' title="bbox 428 5100 2024 5179">
     <span class='ocr_line' id='line_1_100' title="bbox 428 5100 2024 5179; baseline 0.006 -27"><span class='ocrx_word' id='word_1_808' title='bbox 428 5100 670 5154; x_wconf 89' lang='lat' dir='ltr'>veritatis</span> <span class='ocrx_word' id='word_1_809' title='bbox 701 5102 843 5168; x_wconf 90' lang='lat' dir='ltr'>dico,</span> <span class='ocrx_word' id='word_1_810' title='bbox 880 5104 975 5158; x_wconf 92' lang='lat' dir='ltr'>sed</span> <span class='ocrx_word' id='word_1_811' title='bbox 998 5106 1113 5173; x_wconf 87' lang='lat' dir='ltr'>ejus</span> <span class='ocrx_word' id='word_1_812' title='bbox 1144 5123 1265 5177; x_wconf 77' lang='lat' dir='ltr'>qua:</span> <span class='ocrx_word' id='word_1_813' title='bbox 1285 5110 1370 5160; x_wconf 90' lang='lat' dir='ltr'>est</span> <span class='ocrx_word' id='word_1_814' title='bbox 1401 5107 1709 5161; x_wconf 87' lang='lat' dir='ltr'>secundum</span> <span class='ocrx_word' id='word_1_815' title='bbox 1728 5110 2024 5179; x_wconf 83' lang='lat' dir='ltr'>pietatem,</span> 
     </span>
    </p>
   </div>
   <div class='ocr_carea' id='block_1_101' title="bbox 424 5187 2027 5263">
    <p class='ocr_par' dir='ltr' id='par_1_101' title="bbox 424 5187 2027 5263">
     <span class='ocr_line' id='line_1_101' title="bbox 424 5187 2027 5263; baseline 0.006 -22"><span class='ocrx_word' id='word_1_816' title='bbox 424 5187 479 5243; x_wconf 90' lang='lat' dir='ltr'>id</span> <span class='ocrx_word' id='word_1_817' title='bbox 528 5197 611 5243; x_wconf 91' lang='lat' dir='ltr'>est</span> <span class='ocrx_word' id='word_1_818' title='bbox 661 5207 781 5260; x_wconf 75' lang='lat' dir='ltr'>quae</span> <span class='ocrx_word' id='word_1_819' title='bbox 811 5192 1008 5245; x_wconf 87' lang='lat' dir='ltr'>veritas</span> <span class='ocrx_word' id='word_1_820' title='bbox 1057 5194 1303 5263; x_wconf 88' lang='lat' dir='ltr'>sequitur</span> <span class='ocrx_word' id='word_1_821' title='bbox 1345 5193 1548 5248; x_wconf 90' lang='lat' dir='ltr'>cultum</span> <span class='ocrx_word' id='word_1_822' title='bbox 1596 5195 1714 5249; x_wconf 90' lang='lat' dir='ltr'>Dei.</span> <span class='ocrx_word' id='word_1_823' title='bbox 1751 5196 1909 5250; x_wconf 84' lang='lat' dir='ltr'>Fides</span> <span class='ocrx_word' id='word_1_824' title='bbox 1937 5197 2027 5250; x_wconf 92' lang='lat' dir='ltr'>di-</span> 
     </span>
    </p>
   </div>
   <div class='ocr_carea' id='block_1_102' title="bbox 425 5278 2026 5353">
    <p class='ocr_par' dir='ltr' id='par_1_102' title="bbox 425 5278 2026 5353">
     <span class='ocr_line' id='line_1_102' title="bbox 425 5278 2026 5353; baseline 0.006 -23"><span class='ocrx_word' id='word_1_825' title='bbox 425 5292 491 5331; x_wconf 92' lang='lat' dir='ltr'>co</span> <span class='ocrx_word' id='word_1_826' title='bbox 522 5284 574 5331; x_wconf 89' lang='lat' dir='ltr'>et</span> <span class='ocrx_word' id='word_1_827' title='bbox 604 5278 808 5349; x_wconf 87' lang='lat' dir='ltr'>agnitio</span> <span class='ocrx_word' id='word_1_828' title='bbox 831 5280 1089 5345; x_wconf 88' lang='lat' dir='ltr'>veritatis,</span> <span class='ocrx_word' id='word_1_829' title='bbox 1124 5281 1305 5335; x_wconf 91' lang='lat' dir='ltr'>euntia</span> <span class='ocrx_word' id='word_1_830' title='bbox 1323 5283 1381 5335; x_wconf 85' lang='lat' dir='ltr'>in</span> <span class='ocrx_word' id='word_1_831' title='bbox 1415 5299 1569 5353; x_wconf 86' lang='lat' dir='ltr'>spem</span> <span class='ocrx_word' id='word_1_832' title='bbox 1589 5285 1719 5338; x_wconf 78' lang='lat' dir='ltr'>vita:</span> <span class='ocrx_word' id='word_1_833' title='bbox 1748 5288 1978 5339; x_wconf 71' lang='lat' dir='ltr'>mterme</span> <span class='ocrx_word' id='word_1_834' title='bbox 2009 5305 2026 5340; x_wconf 90' lang='lat'><strong><em>:</em></strong></span> 
     </span>
    </p>
   </div>
   <div class='ocr_carea' id='block_1_103' title="bbox 431 5364 2026 5443">
    <p class='ocr_par' dir='ltr' id='par_1_103' title="bbox 431 5364 2026 5443">
     <span class='ocr_line' id='line_1_103' title="bbox 431 5364 2026 5443; baseline 0.004 -23"><span class='ocrx_word' id='word_1_835' title='bbox 431 5364 665 5420; x_wconf 77' lang='grc'>34⁸7</span> <span class='ocrx_word' id='word_1_836' title='bbox 705 5366 827 5437; x_wconf 92' lang='lat' dir='ltr'>quia</span> <span class='ocrx_word' id='word_1_837' title='bbox 876 5384 975 5437; x_wconf 91' lang='lat' dir='ltr'>per</span> <span class='ocrx_word' id='word_1_838' title='bbox 1024 5366 1183 5422; x_wconf 89' lang='lat' dir='ltr'>ﬁdem</span> <span class='ocrx_word' id='word_1_839' title='bbox 1230 5378 1545 5439; x_wconf 86' lang='lat' dir='ltr'>acceptam,</span> <span class='ocrx_word' id='word_1_840' title='bbox 1580 5378 1631 5425; x_wconf 91' lang='lat' dir='ltr'>et</span> <span class='ocrx_word' id='word_1_841' title='bbox 1660 5389 1759 5443; x_wconf 91' lang='lat' dir='ltr'>per</span> <span class='ocrx_word' id='word_1_842' title='bbox 1785 5372 2026 5442; x_wconf 88' lang='lat' dir='ltr'>agnitam</span> 
     </span>
    </p>
   </div>
   <div class='ocr_carea' id='block_1_104' title="bbox 426 5453 2029 5529">
    <p class='ocr_par' dir='ltr' id='par_1_104' title="bbox 426 5453 2029 5529">
     <span class='ocr_line' id='line_1_104' title="bbox 426 5453 2029 5529; baseline 0.006 -23"><span class='ocrx_word' id='word_1_843' title='bbox 426 5453 723 5520; x_wconf 89' lang='lat' dir='ltr'>veritatem,</span> <span class='ocrx_word' id='word_1_844' title='bbox 740 5458 1024 5525; x_wconf 87' lang='lat' dir='ltr'>speramus</span> <span class='ocrx_word' id='word_1_845' title='bbox 1045 5472 1145 5510; x_wconf 89' lang='lat' dir='ltr'>nos</span> <span class='ocrx_word' id='word_1_846' title='bbox 1166 5458 1424 5529; x_wconf 90' lang='lat' dir='ltr'>consequi</span> <span class='ocrx_word' id='word_1_847' title='bbox 1438 5460 1597 5513; x_wconf 86' lang='lat' dir='ltr'>vitam</span> <span class='ocrx_word' id='word_1_848' title='bbox 1620 5469 1897 5523; x_wconf 59' lang='lat' dir='ltr'>aeternam.</span> <span class='ocrx_word' id='word_1_849' title='bbox 1913 5462 2029 5517; x_wconf 89' lang='lat' dir='ltr'>Nec</span> 
     </span>
    </p>
   </div>
   <div class='ocr_carea' id='block_1_105' title="bbox 427 5540 2026 5618">
    <p class='ocr_par' dir='ltr' id='par_1_105' title="bbox 427 5540 2026 5618">
     <span class='ocr_line' id='line_1_105' title="bbox 427 5540 2026 5618; baseline 0.008 -24"><span class='ocrx_word' id='word_1_850' title='bbox 427 5540 626 5601; x_wconf 79' lang='lat' dir='ltr'>frustra</span> <span class='ocrx_word' id='word_1_851' title='bbox 660 5559 673 5597; x_wconf 91' lang='lat'>:</span> <span class='ocrx_word' id='word_1_852' title='bbox 706 5543 833 5614; x_wconf 86' lang='lat' dir='ltr'>quia</span> <span class='ocrx_word' id='word_1_853' title='bbox 863 5560 1032 5616; x_wconf 86' lang='lat' dir='ltr'>quam</span> <span class='ocrx_word' id='word_1_854' title='bbox 1062 5544 1221 5601; x_wconf 90' lang='lat' dir='ltr'>vitam</span> <span class='ocrx_word' id='word_1_855' title='bbox 1249 5549 1532 5618; x_wconf 87' lang='lat' dir='ltr'>promisit,</span> <span class='ocrx_word' id='word_1_856' title='bbox 1564 5548 1616 5603; x_wconf 90' lang='lat' dir='ltr'>id</span> <span class='ocrx_word' id='word_1_857' title='bbox 1645 5557 1726 5605; x_wconf 87' lang='lat' dir='ltr'>est</span> <span class='ocrx_word' id='word_1_858' title='bbox 1756 5567 1816 5605; x_wconf 91' lang='lat' dir='ltr'>se</span> <span class='ocrx_word' id='word_1_859' title='bbox 1868 5550 2026 5606; x_wconf 89' lang='lat' dir='ltr'>datu-</span> 
     </span>
    </p>
   </div>
   <div class='ocr_carea' id='block_1_106' title="bbox 2128 4487 3718 4560">
    <p class='ocr_par' dir='ltr' id='par_1_106' title="bbox 2128 4487 3718 4560">
     <span class='ocr_line' id='line_1_106' title="bbox 2128 4487 3718 4560; baseline -0.001 -17"><span class='ocrx_word' id='word_1_860' title='bbox 2128 4490 2466 4559; x_wconf 90' lang='lat' dir='ltr'>episcopum,</span> <span class='ocrx_word' id='word_1_861' title='bbox 2501 4490 2552 4543; x_wconf 87' lang='lat' dir='ltr'>si</span> <span class='ocrx_word' id='word_1_862' title='bbox 2572 4491 2694 4560; x_wconf 86' lang='lat' dir='ltr'>quis</span> <span class='ocrx_word' id='word_1_863' title='bbox 2724 4490 2907 4559; x_wconf 79' lang='lat' dir='ltr'>fuerit</span> <span class='ocrx_word' id='word_1_864' title='bbox 2934 4490 3054 4544; x_wconf 89' lang='lat' dir='ltr'>sine</span> <span class='ocrx_word' id='word_1_865' title='bbox 3077 4490 3351 4553; x_wconf 87' lang='lat' dir='ltr'>crimine,</span> <span class='ocrx_word' id='word_1_866' title='bbox 3379 4488 3432 4541; x_wconf 90' lang='lat' dir='ltr'>id</span> <span class='ocrx_word' id='word_1_867' title='bbox 3463 4495 3565 4553; x_wconf 88' lang='lat' dir='ltr'>est,</span> <span class='ocrx_word' id='word_1_868' title='bbox 3600 4487 3718 4541; x_wconf 91' lang='lat' dir='ltr'>sine</span> 
     </span>
    </p>
   </div>
   <div class='ocr_carea' id='block_1_107' title="bbox 2128 4574 3719 4645">
    <p class='ocr_par' dir='ltr' id='par_1_107' title="bbox 2128 4574 3719 4645">
     <span class='ocr_line' id='line_1_107' title="bbox 2128 4574 3719 4645; baseline -0.002 -13"><span class='ocrx_word' id='word_1_869' title='bbox 2128 4586 2251 4632; x_wconf 87' lang='lat' dir='ltr'>actu</span> <span class='ocrx_word' id='word_1_870' title='bbox 2283 4586 2333 4630; x_wconf 90' lang='lat' dir='ltr'>et</span> <span class='ocrx_word' id='word_1_871' title='bbox 2360 4576 2582 4630; x_wconf 82' lang='lat' dir='ltr'>infamia</span> <span class='ocrx_word' id='word_1_872' title='bbox 2612 4578 2894 4645; x_wconf 90' lang='lat' dir='ltr'>cujuslibet</span> <span class='ocrx_word' id='word_1_873' title='bbox 2925 4576 3242 4632; x_wconf 86' lang='lat' dir='ltr'>criminalis.</span> <span class='ocrx_word' id='word_1_874' title='bbox 3278 4574 3381 4644; x_wconf 84' lang='lat' dir='ltr'>Qui</span> <span class='ocrx_word' id='word_1_875' title='bbox 3409 4575 3572 4630; x_wconf 90' lang='lat' dir='ltr'>etiam</span> <span class='ocrx_word' id='word_1_876' title='bbox 3604 4575 3719 4629; x_wconf 85' lang='lat' dir='ltr'>fue-</span> 
     </span>
    </p>
   </div>
   <div class='ocr_carea' id='block_1_108' title="bbox 2129 4664 3717 4734">
    <p class='ocr_par' dir='ltr' id='par_1_108' title="bbox 2129 4664 3717 4734">
     <span class='ocr_line' id='line_1_108' title="bbox 2129 4664 3717 4734; baseline -0.001 -15"><span class='ocrx_word' id='word_1_877' title='bbox 2129 4666 2195 4719; x_wconf 88' lang='lat' dir='ltr'>rit</span> <span class='ocrx_word' id='word_1_878' title='bbox 2231 4666 2313 4719; x_wconf 87' lang='lat' dir='ltr'>vir</span> <span class='ocrx_word' id='word_1_879' title='bbox 2334 4667 2503 4719; x_wconf 85' lang='lat' dir='ltr'>unius</span> <span class='ocrx_word' id='word_1_880' title='bbox 2534 4667 2753 4732; x_wconf 73' lang='lat' dir='ltr'>uxoris,</span> <span class='ocrx_word' id='word_1_881' title='bbox 2786 4674 2842 4719; x_wconf 93' lang='lat' dir='ltr'>ut</span> <span class='ocrx_word' id='word_1_882' title='bbox 2873 4664 3017 4719; x_wconf 90' lang='lat' dir='ltr'>idem</span> <span class='ocrx_word' id='word_1_883' title='bbox 3046 4665 3175 4719; x_wconf 89' lang='lat' dir='ltr'>alibi</span> <span class='ocrx_word' id='word_1_884' title='bbox 3202 4664 3569 4734; x_wconf 89' lang='lat' dir='ltr'>exposuimus.</span> <span class='ocrx_word' id='word_1_885' title='bbox 3602 4665 3717 4717; x_wconf 79' lang='lat' dir='ltr'>Ila-</span> 
     </span>
    </p>
   </div>
   <div class='ocr_carea' id='block_1_109' title="bbox 2128 4750 3717 4823">
    <p class='ocr_par' dir='ltr' id='par_1_109' title="bbox 2128 4750 3717 4823">
     <span class='ocr_line' id='line_1_109' title="bbox 2128 4750 3717 4823; baseline -0.002 -15"><span class='ocrx_word' id='word_1_886' title='bbox 2128 4755 2259 4808; x_wconf 83' lang='lat' dir='ltr'>bens</span> <span class='ocrx_word' id='word_1_887' title='bbox 2282 4753 2444 4807; x_wconf 87' lang='lat' dir='ltr'>etiam</span> <span class='ocrx_word' id='word_1_888' title='bbox 2464 4754 2613 4821; x_wconf 84' lang='lat' dir='ltr'>ﬁlios</span> <span class='ocrx_word' id='word_1_889' title='bbox 2635 4754 2846 4821; x_wconf 80' lang='lat' dir='ltr'>ﬁdeles,</span> <span class='ocrx_word' id='word_1_890' title='bbox 2866 4753 2919 4807; x_wconf 91' lang='lat' dir='ltr'>id</span> <span class='ocrx_word' id='word_1_891' title='bbox 2952 4762 3052 4817; x_wconf 90' lang='lat' dir='ltr'>est,</span> <span class='ocrx_word' id='word_1_892' title='bbox 3088 4753 3179 4823; x_wconf 89' lang='lat' dir='ltr'>qui</span> <span class='ocrx_word' id='word_1_893' title='bbox 3205 4753 3259 4805; x_wconf 92' lang='lat' dir='ltr'>in</span> <span class='ocrx_word' id='word_1_894' title='bbox 3283 4751 3389 4806; x_wconf 91' lang='lat' dir='ltr'>ﬁde</span> <span class='ocrx_word' id='word_1_895' title='bbox 3420 4768 3552 4805; x_wconf 87' lang='lat' dir='ltr'>sana</span> <span class='ocrx_word' id='word_1_896' title='bbox 3575 4750 3717 4805; x_wconf 91' lang='lat' dir='ltr'>ﬁlios</span> 
     </span>
    </p>
   </div>
   <div class='ocr_carea' id='block_1_110' title="bbox 2128 4842 3717 4897">
    <p class='ocr_par' dir='ltr' id='par_1_110' title="bbox 2128 4842 3717 4897">
     <span class='ocr_line' id='line_1_110' title="bbox 2128 4842 3717 4897; baseline -0.001 -2"><span class='ocrx_word' id='word_1_897' title='bbox 2128 4858 2258 4897; x_wconf 90' lang='lat' dir='ltr'>suos</span> <span class='ocrx_word' id='word_1_898' title='bbox 2284 4842 2591 4895; x_wconf 88' lang='lat' dir='ltr'>instruxerit</span> <span class='ocrx_word' id='word_1_899' title='bbox 2626 4860 2639 4896; x_wconf 91' lang='lat'>:</span> <span class='ocrx_word' id='word_1_900' title='bbox 2674 4846 2729 4896; x_wconf 88' lang='lat' dir='ltr'>et</span> <span class='ocrx_word' id='word_1_901' title='bbox 2760 4858 2875 4897; x_wconf 89' lang='lat' dir='ltr'>non</span> <span class='ocrx_word' id='word_1_902' title='bbox 2896 4842 3105 4896; x_wconf 85' lang='lat' dir='ltr'>habens</span> <span class='ocrx_word' id='word_1_903' title='bbox 3136 4857 3230 4895; x_wconf 90' lang='lat' dir='ltr'>eos</span> <span class='ocrx_word' id='word_1_904' title='bbox 3260 4843 3323 4895; x_wconf 85' lang='lat' dir='ltr'>in</span> <span class='ocrx_word' id='word_1_905' title='bbox 3352 4842 3717 4896; x_wconf 77' lang='lat' dir='ltr'>accusatione</span> 
     </span>
    </p>
   </div>
   <div class='ocr_carea' id='block_1_111' title="bbox 2131 4928 3716 5001">
    <p class='ocr_par' dir='ltr' id='par_1_111' title="bbox 2131 4928 3716 5001">
     <span class='ocr_line' id='line_1_111' title="bbox 2131 4928 3716 5001; baseline -0.003 -16"><span class='ocrx_word' id='word_1_906' title='bbox 2131 4931 2379 4985; x_wconf 49' lang='lat' dir='ltr'>luxuria!</span> <span class='ocrx_word' id='word_1_907' title='bbox 2402 4951 2418 4984; x_wconf 94' lang='lat'><strong><em>:</em></strong></span> <span class='ocrx_word' id='word_1_908' title='bbox 2443 4930 2587 5001; x_wconf 92' lang='lat' dir='ltr'>quod</span> <span class='ocrx_word' id='word_1_909' title='bbox 2618 4945 2720 4985; x_wconf 92' lang='lat' dir='ltr'>nec</span> <span class='ocrx_word' id='word_1_910' title='bbox 2749 4930 2909 4984; x_wconf 88' lang='lat' dir='ltr'>etiam</span> <span class='ocrx_word' id='word_1_911' title='bbox 2932 4930 3103 4983; x_wconf 89' lang='lat' dir='ltr'>malus</span> <span class='ocrx_word' id='word_1_912' title='bbox 3134 4946 3319 4983; x_wconf 91' lang='lat' dir='ltr'>rumor</span> <span class='ocrx_word' id='word_1_913' title='bbox 3350 4929 3478 4983; x_wconf 90' lang='lat' dir='ltr'>inde</span> <span class='ocrx_word' id='word_1_914' title='bbox 3507 4928 3716 4982; x_wconf 88' lang='lat' dir='ltr'>exierit.</span> 
     </span>
    </p>
   </div>
   <div class='ocr_carea' id='block_1_112' title="bbox 2129 5016 3719 5088">
    <p class='ocr_par' dir='ltr' id='par_1_112' title="bbox 2129 5016 3719 5088">
     <span class='ocr_line' id='line_1_112' title="bbox 2129 5016 3719 5088; baseline -0.003 -14"><span class='ocrx_word' id='word_1_915' title='bbox 2129 5018 2185 5074; x_wconf 93' lang='lat' dir='ltr'>Si</span> <span class='ocrx_word' id='word_1_916' title='bbox 2230 5018 2374 5073; x_wconf 91' lang='lat' dir='ltr'>enim</span> <span class='ocrx_word' id='word_1_917' title='bbox 2423 5016 2562 5072; x_wconf 88' lang='lat' dir='ltr'>ﬁlios</span> <span class='ocrx_word' id='word_1_918' title='bbox 2596 5035 2722 5072; x_wconf 86' lang='lat' dir='ltr'>suos</span> <span class='ocrx_word' id='word_1_919' title='bbox 2759 5018 2999 5088; x_wconf 88' lang='lat' dir='ltr'>permisit</span> <span class='ocrx_word' id='word_1_920' title='bbox 3048 5018 3350 5083; x_wconf 87' lang='lat' dir='ltr'>luxuriari,</span> <span class='ocrx_word' id='word_1_921' title='bbox 3411 5016 3719 5087; x_wconf 88' lang='lat' dir='ltr'>exemplum</span> 
     </span>
    </p>
   </div>
   <div class='ocr_carea' id='block_1_113' title="bbox 2126 5104 3719 5161">
    <p class='ocr_par' dir='ltr' id='par_1_113' title="bbox 2126 5104 3719 5161">
     <span class='ocr_line' id='line_1_113' title="bbox 2126 5104 3719 5161; baseline -0.001 -2"><span class='ocrx_word' id='word_1_922' title='bbox 2126 5107 2271 5161; x_wconf 91' lang='lat' dir='ltr'>dedit</span> <span class='ocrx_word' id='word_1_923' title='bbox 2299 5123 2406 5159; x_wconf 80' lang='lat' dir='ltr'>non</span> <span class='ocrx_word' id='word_1_924' title='bbox 2435 5122 2493 5160; x_wconf 90' lang='lat' dir='ltr'>se</span> <span class='ocrx_word' id='word_1_925' title='bbox 2527 5106 2664 5160; x_wconf 89' lang='lat' dir='ltr'>bene</span> <span class='ocrx_word' id='word_1_926' title='bbox 2694 5115 3071 5161; x_wconf 85' lang='lat' dir='ltr'>correcturum</span> <span class='ocrx_word' id='word_1_927' title='bbox 3104 5104 3243 5160; x_wconf 88' lang='lat' dir='ltr'>tilios</span> <span class='ocrx_word' id='word_1_928' title='bbox 3276 5105 3552 5160; x_wconf 61' lang='lat' dir='ltr'>Ecclesiae.</span> <span class='ocrx_word' id='word_1_929' title='bbox 3605 5105 3719 5158; x_wconf 82' lang='lat' dir='ltr'>Aut</span> 
     </span>
    </p>
   </div>
   <div class='ocr_carea' id='block_1_114' title="bbox 2128 5192 3716 5261">
    <p class='ocr_par' dir='ltr' id='par_1_114' title="bbox 2128 5192 3716 5261">
     <span class='ocr_line' id='line_1_114' title="bbox 2128 5192 3716 5261; baseline -0.003 -12"><span class='ocrx_word' id='word_1_930' title='bbox 2128 5212 2241 5249; x_wconf 91' lang='lat' dir='ltr'>non</span> <span class='ocrx_word' id='word_1_931' title='bbox 2271 5195 2478 5249; x_wconf 88' lang='lat' dir='ltr'>habens</span> <span class='ocrx_word' id='word_1_932' title='bbox 2508 5193 2646 5249; x_wconf 87' lang='lat' dir='ltr'>ﬁlios</span> <span class='ocrx_word' id='word_1_933' title='bbox 2677 5210 2785 5249; x_wconf 89' lang='lat' dir='ltr'>non</span> <span class='ocrx_word' id='word_1_934' title='bbox 2820 5194 3096 5261; x_wconf 81' lang='lat' dir='ltr'>subditos,</span> <span class='ocrx_word' id='word_1_935' title='bbox 3142 5193 3195 5246; x_wconf 90' lang='lat' dir='ltr'>id</span> <span class='ocrx_word' id='word_1_936' title='bbox 3226 5203 3305 5248; x_wconf 90' lang='lat' dir='ltr'>est</span> <span class='ocrx_word' id='word_1_937' title='bbox 3341 5192 3716 5247; x_wconf 89' lang='lat' dir='ltr'>inobedientes</span> 
     </span>
    </p>
   </div>
   <div class='ocr_carea' id='block_1_115' title="bbox 2126 5278 3716 5352">
    <p class='ocr_par' dir='ltr' id='par_1_115' title="bbox 2126 5278 3716 5352">
     <span class='ocr_line' id='line_1_115' title="bbox 2126 5278 3716 5352; baseline -0.002 -17"><span class='ocrx_word' id='word_1_938' title='bbox 2126 5282 2248 5337; x_wconf 91' lang='lat' dir='ltr'>sibi.</span> <span class='ocrx_word' id='word_1_939' title='bbox 2296 5282 2353 5337; x_wconf 91' lang='lat' dir='ltr'>Si</span> <span class='ocrx_word' id='word_1_940' title='bbox 2396 5282 2540 5337; x_wconf 89' lang='lat' dir='ltr'>enim</span> <span class='ocrx_word' id='word_1_941' title='bbox 2588 5282 2849 5336; x_wconf 89' lang='lat' dir='ltr'>remissus</span> <span class='ocrx_word' id='word_1_942' title='bbox 2896 5282 3139 5352; x_wconf 88' lang='lat' dir='ltr'>apparuit</span> <span class='ocrx_word' id='word_1_943' title='bbox 3189 5282 3241 5334; x_wconf 92' lang='lat' dir='ltr'>in</span> <span class='ocrx_word' id='word_1_944' title='bbox 3291 5281 3516 5350; x_wconf 89' lang='lat' dir='ltr'>privatis</span> <span class='ocrx_word' id='word_1_945' title='bbox 3571 5278 3716 5347; x_wconf 88' lang='lat' dir='ltr'>ﬁliis,</span> 
     </span>
    </p>
   </div>
   <div class='ocr_carea' id='block_1_116' title="bbox 2126 5368 3719 5442">
    <p class='ocr_par' dir='ltr' id='par_1_116' title="bbox 2126 5368 3719 5442">
     <span class='ocr_line' id='line_1_116' title="bbox 2126 5368 3719 5442; baseline -0.003 -17"><span class='ocrx_word' id='word_1_946' title='bbox 2126 5371 2361 5426; x_wconf 89' lang='lat' dir='ltr'>ostendit</span> <span class='ocrx_word' id='word_1_947' title='bbox 2409 5371 2553 5442; x_wconf 91' lang='lat' dir='ltr'>quod</span> <span class='ocrx_word' id='word_1_948' title='bbox 2595 5386 2702 5425; x_wconf 91' lang='lat' dir='ltr'>non</span> <span class='ocrx_word' id='word_1_949' title='bbox 2747 5370 3073 5425; x_wconf 80' lang='lat' dir='ltr'>suﬂicienter</span> <span class='ocrx_word' id='word_1_950' title='bbox 3118 5378 3397 5425; x_wconf 90' lang='lat' dir='ltr'>coerceret</span> <span class='ocrx_word' id='word_1_951' title='bbox 3454 5368 3719 5424; x_wconf 90' lang='lat' dir='ltr'>creditam</span> 
     </span>
    </p>
   </div>
   <div class='ocr_carea' id='block_1_117' title="bbox 2125 5456 3714 5530">
    <p class='ocr_par' dir='ltr' id='par_1_117' title="bbox 2125 5456 3714 5530">
     <span class='ocr_line' id='line_1_117' title="bbox 2125 5456 3714 5530; baseline -0.003 -17"><span class='ocrx_word' id='word_1_952' title='bbox 2125 5460 2229 5513; x_wconf 90' lang='lat' dir='ltr'>sibi</span> <span class='ocrx_word' id='word_1_953' title='bbox 2258 5460 2575 5515; x_wconf 88' lang='lat' dir='ltr'>Ecclesiam.</span> <span class='ocrx_word' id='word_1_954' title='bbox 2603 5460 2730 5515; x_wconf 88' lang='lat' dir='ltr'>Ideo</span> <span class='ocrx_word' id='word_1_955' title='bbox 2759 5460 2881 5514; x_wconf 91' lang='lat' dir='ltr'>volo</span> <span class='ocrx_word' id='word_1_956' title='bbox 2910 5468 2968 5513; x_wconf 91' lang='lat' dir='ltr'>ut</span> <span class='ocrx_word' id='word_1_957' title='bbox 2988 5460 3078 5530; x_wconf 87' lang='lat' dir='ltr'>qui</span> <span class='ocrx_word' id='word_1_958' title='bbox 3105 5460 3231 5514; x_wconf 85' lang='lat' dir='ltr'>sine</span> <span class='ocrx_word' id='word_1_959' title='bbox 3261 5458 3502 5513; x_wconf 86' lang='lat' dir='ltr'>crimine</span> <span class='ocrx_word' id='word_1_960' title='bbox 3533 5456 3714 5522; x_wconf 83' lang='lat' dir='ltr'>fuerit,</span> 
     </span>
    </p>
   </div>
   <div class='ocr_carea' id='block_1_118' title="bbox 2124 5547 3719 5620">
    <p class='ocr_par' dir='ltr' id='par_1_118' title="bbox 2124 5547 3719 5620">
     <span class='ocr_line' id='line_1_118' title="bbox 2124 5547 3719 5620; baseline -0.003 -16"><span class='ocrx_word' id='word_1_961' title='bbox 2124 5548 2479 5604; x_wconf 88' lang='lat' dir='ltr'>constituatur</span> <span class='ocrx_word' id='word_1_962' title='bbox 2527 5547 2818 5620; x_wconf 83' lang='lat' dir='ltr'>episcOpus</span> <span class='ocrx_word' id='word_1_963' title='bbox 2853 5563 2865 5601; x_wconf 91' lang='lat'>:</span> <span class='ocrx_word' id='word_1_964' title='bbox 2899 5551 3118 5617; x_wconf 88' lang='lat' dir='ltr'>oportet</span> <span class='ocrx_word' id='word_1_965' title='bbox 3185 5547 3343 5602; x_wconf 89' lang='lat' dir='ltr'>enim</span> <span class='ocrx_word' id='word_1_966' title='bbox 3394 5548 3719 5617; x_wconf 86' lang='lat' dir='ltr'>episcopum</span> 
     </span>
    </p>
   </div>
  </div>
