3966 6050
247 208 356 262 ιττ

922 204 1305 263 EXPOSITIO
1346 205 1420 261 IN
1457 200 1839 261 EPISTOLAS
1876 200 2098 258 PAULI.
2133 231 2203 244 -
2232 204 2305 260 IN
2341 204 2565 261 EPIST.
2611 205 2706 260 AD
2746 205 2883 261 TIT.

3456 206 3560 260 L78

246 347 366 387 esse
393 332 517 387 sine
550 332 811 397 crimine,
832 338 887 385 et
915 339 1057 397 actu,
1094 339 1147 386 et
1175 329 1508 401 suspicione,
1540 330 1691 385 sicut
1720 328 1840 383 dis-
1862 327 1916 386 A
1942 325 2226 383 intendere
2256 328 2362 395 his,
2391 328 2519 401 quia
2558 328 2794 398 fabulae;
2843 335 2896 384 et
2943 326 3072 400 quia
3118 334 3243 381 sunt
3297 326 3555 382 mandata

248 424 610 491 pensatorem
640 421 760 485 Dei,
795 419 851 473 id
879 428 979 484 est,
1014 419 1151 475 sicut
1178 435 1302 474 eum
1333 418 1423 489 qui
1452 419 1629 473 Doum
1672 416 1851 487 ipsum

251 508 532 579 dispensat
562 508 645 562 his
667 508 860 579 quibus
880 507 1158 578 praedicat.
1198 506 1423 577 Oportet
1451 506 1608 561 etiam
1649 504 1855 575 episco—

253 612 383 667 pum
404 613 520 651 non
538 612 661 651 esse
682 596 1005 669 superbum,
1030 596 1083 649 id
1107 602 1209 661 est,
1226 611 1334 650 non
1354 594 1663 665 cupientem
1686 609 1746 648 se
1767 610 1850 647 su-

250 700 559 754 perponere
588 684 736 739 allis.
797 686 917 740 Non
963 684 1324 753 iracundum,
1374 683 1473 738 sed
1514 683 1654 738 bene
1699 689 1853 753 regat

249 772 508 826 animum.
542 774 661 829 Non
694 773 1070 838 vinolentum,
1127 771 1183 826 id
1232 780 1312 826 est
1353 787 1462 826 non
1511 770 1678 825 multo
1726 770 1852 825 vino

251 861 513 916 deditum.
549 863 668 917 Non
697 877 1104 933 percussorem,
1139 860 1193 915 id
1225 868 1306 915 est
1337 860 1429 931 qui
1477 859 1852 929 corporalibus

253 950 423 1003 armis
454 966 560 1005 non
590 950 857 1020 percutiat
882 968 898 1017 ;
921 950 1084 1004 habet
1116 949 1260 1005 enim
1286 964 1443 1003 arma
1471 948 1641 1002 sancti
1681 946 1851 1017 Spiri-

254 1046 339 1091 tus
374 1053 386 1090 :
420 1037 506 1092 vel
537 1053 647 1092 non
676 1038 1069 1108 percutientem
1098 1037 1462 1092 conscientias
1490 1036 1800 1091 auditorum
1834 1053 1849 1102 ;

252 1142 322 1179 ne
355 1126 462 1179 tale
488 1125 618 1196 quid
648 1125 908 1195 praedicet
954 1126 1099 1180 unde
1145 1140 1315 1195 prava
1370 1124 1555 1195 opinio
1613 1124 1841 1179 oriatur.

254 1215 374 1269 Non
399 1214 665 1284 cupidum
699 1215 881 1285 turpis
902 1214 1067 1281 lucri,
1095 1213 1147 1266 id
1182 1220 1265 1268 est
1320 1228 1429 1267 non
1459 1213 1695 1284 negotiis
1743 1228 1850 1267 saa-

253 1301 529 1356 cularibus
558 1301 912 1371 implicitum:
947 1302 1043 1356 sed
1085 1302 1442 1373 hospitalem,
1478 1301 1566 1371 qui
1584 1316 1852 1371 pauperes

256 1389 493 1460 hospitio
524 1390 792 1459 receperit
824 1407 837 1443 :
871 1390 1216 1461 receptisque
1256 1389 1602 1460 pauperibus,
1627 1396 1680 1443 et
1725 1388 1851 1459 qui-

255 1478 572 1549 buscunque
593 1478 913 1549 benignum,
931 1477 986 1532 id
1007 1485 1106 1543 est,
1124 1478 1280 1550 large
1309 1492 1409 1531 sua
1432 1477 1847 1531 ministrantem.

255 1568 512 1623 Sobrium
542 1566 705 1621 etiam
737 1566 880 1631 cibo,
913 1574 1043 1636 potu
1073 1574 1125 1620 et
1154 1566 1370 1621 vestitu.
1425 1567 1654 1621 Iustum
1694 1565 1851 1619 etiam

258 1654 498 1711 348
540 1663 590 1709 et
628 1655 697 1709 ad
742 1654 1017 1724 proximos
1064 1654 1187 1708 sibi.
1245 1656 1521 1710 Sanctum
1572 1653 1732 1708 etiam
1781 1654 1849 1707 ad

252 1744 450 1799 Deum.
477 1742 875 1799 Continentem
896 1743 1080 1809 etiam,
1106 1750 1161 1796 ut
1200 1742 1505 1812 exemplum
1540 1742 1851 1797 continendi

253 1832 325 1885 sit
344 1832 483 1886 aliis.
510 1831 579 1885 Et
597 1839 797 1901 praeter
817 1833 934 1886 haec
955 1839 1171 1901 Oportet
1186 1847 1308 1885 eum
1349 1846 1471 1885 esse
1513 1832 1853 1901 amplecten-

258 1924 392 1984 tem,
416 1920 471 1973 id
491 1927 573 1974 est
591 1919 881 1991 diligenter
914 1928 966 1974 et
1004 1919 1223 1974 assidue
1259 1926 1597 1983 tractantem,
1636 1935 1850 1974 sermo-

256 2025 389 2065 nem
404 2009 648 2077 ﬁdelem,
670 2008 725 2062 id
746 2016 827 2063 est
848 2023 1125 2064 veracem:
1150 2022 1251 2063 nec
1272 2023 1489 2063 omnem
1511 2023 1722 2073 verum,
1755 2006 1852 2061 sed

257 2113 382 2152 eum
400 2098 496 2169 qui
511 2101 595 2152 est
615 2097 923 2152 secundum
944 2097 1281 2162 doctrinam,
1302 2096 1357 2149 id
1378 2103 1459 2150 est
1494 2095 1586 2166 qui
1624 2095 1854 2150 idoneus

254 2193 339 2241 est
366 2186 433 2239 ad
462 2184 923 2255 praedicationem.
962 2185 1099 2240 Sunt
1128 2184 1272 2238 enim
1303 2184 1472 2238 multa
1500 2200 1632 2241 vera
1653 2184 1853 2255 quibus

257 2274 541 2329 intendere
569 2273 881 2344 episcopum
912 2273 1069 2342 culpa
1098 2280 1265 2328 esset.

327 2363 397 2417 Et
424 2362 549 2417 ideo
586 2362 943 2432 amplectatur
986 2362 1127 2415 hunc
1177 2376 1507 2426 sermonem,
1560 2365 1625 2415 ut
1664 2369 1717 2416 et
1758 2377 1854 2431 per

258 2467 419 2505 usum
436 2459 489 2505 et
509 2466 610 2520 per
633 2450 914 2505 scientiam
933 2454 1132 2521 potens
1148 2450 1222 2504 sit
1243 2450 1537 2505 exhortari
1568 2448 1756 2504 ﬁdeles
1790 2451 1852 2505 in

259 2539 524 2594 doctrina
553 2555 715 2594 sana.
750 2538 926 2592 Possit
947 2538 1106 2592 etiam
1140 2554 1239 2608 per
1270 2553 1427 2591 usum
1457 2541 1513 2593 et
1541 2553 1641 2608 per
1670 2537 1852 2593 scien-

259 2628 389 2682 tiam
408 2644 646 2698 arguere
664 2644 753 2683 eos
774 2628 871 2697 qui
890 2627 1291 2682 contradicunt
1312 2640 1460 2680 sanae
1489 2626 1766 2695 doctrinae,
1799 2626 1853 2680 id

256 2726 341 2772 est
370 2718 695 2772 convincere
725 2715 971 2770 infideles
1000 2716 1089 2787 qui
1120 2714 1285 2769 fidem
1314 2714 1650 2787 impugnant.
1673 2715 1740 2769 Et
1761 2732 1856 2770 ne-

255 2822 414 2861 cesse
444 2814 525 2860 est
556 2814 613 2859 ut
645 2806 724 2859 sic
742 2808 944 2877 potens
963 2807 1037 2860 sit
1057 2820 1292 2875 arguere
1314 2825 1331 2871 ;
1354 2805 1485 2875 quia
1516 2809 1650 2858 sunt
1683 2806 1855 2860 multi

257 2894 644 2950 inobedientes
699 2893 990 2964 episcopis.
1043 2894 1179 2947 Sunt
1214 2892 1377 2948 etiam
1414 2893 1719 2961 vaniloqui,
1767 2892 1853 2948 lo-

264 2992 493 3054 quentes
515 2982 750 3037 inutilia:
773 2982 901 3039 etin
925 2982 1028 3037 hac
1054 2997 1190 3036 vana
1212 2981 1486 3037 locutione
1525 2989 1649 3035 sunt
1684 2980 1853 3037 sedu-

257 3076 461 3135 ctores,
485 3071 538 3125 id
561 3079 641 3125 est
670 3070 871 3125 habent
898 3078 1065 3124 artem
1096 3078 1148 3124 et
1178 3068 1528 3125 calliditatem
1560 3069 1858 3125 seducendi

262 3160 541 3215 auditores
571 3176 670 3230 per
697 3159 1035 3230 vaniloquia.
1075 3160 1303 3213 Possent
1333 3157 1479 3212 enim
1522 3174 1659 3213 vana
1709 3159 1855 3230 loqui

258 3249 381 3304 sine
408 3248 698 3304 calliditate
728 3247 1091 3302 seductionis:
1122 3256 1175 3301 et
1194 3250 1447 3304 maxime
1468 3264 1585 3319 pra:
1604 3247 1857 3303 omnibus

258 3338 526 3393 seducunt
555 3336 632 3390 illi
662 3338 759 3409 qui
781 3340 915 3391 sunt
939 3337 1005 3391 de
1037 3339 1466 3393 circumcisione
1493 3337 1663 3392 Judaei
1687 3352 1698 3390 :
1724 3352 1857 3408 quos

258 3427 385 3481 ideo
403 3429 623 3497 oportet
640 3425 934 3496 redargui:
948 3425 1069 3496 quia
1092 3425 1347 3495 praecipui
1368 3425 1689 3481 seductores
1710 3432 1854 3479 sunt.

257 3516 325 3570 Hi
358 3515 501 3569 enim
529 3516 625 3585 qui
654 3514 722 3568 de
752 3513 1166 3569 circumcisione
1196 3521 1475 3578 venerunt,
1525 3513 1858 3569 subvertant

258 3619 369 3659 non
400 3602 576 3657 solum
616 3601 1067 3673 patremfamilias
1104 3602 1297 3656 domus
1334 3616 1345 3655 :
1378 3602 1477 3656 sed
1524 3602 1686 3656 etiam
1728 3604 1861 3658 uni-

263 3708 454 3747 versas
477 3692 687 3756 domos,
712 3691 766 3745 id
797 3699 879 3745 est
908 3706 1124 3745 omnem
1156 3690 1437 3759 familiam,
1459 3691 1722 3748 docentes
1740 3708 1862 3762 gra-

262 3783 367 3845 tia,
401 3780 456 3835 id
486 3788 568 3835 est
596 3795 796 3848 amore,
832 3780 1015 3851 turpis
1042 3781 1189 3835 lucri
1219 3795 1284 3833 ea
1314 3797 1435 3851 qua:
1463 3797 1581 3835 non
1611 3780 1855 3845 credere,

258 3884 363 3925 nec
391 3870 589 3924 docere
618 3873 857 3940 oportet.
894 3870 1028 3923 Vere
1071 3868 1126 3922 in
1172 3869 1520 3923 Cretensibus
1568 3877 1693 3922 sunt
1732 3868 1859 3923 mali

260 3958 583 4013 seductores
609 3973 621 4011 :
646 3957 790 4028 quod
811 3957 1077 4027 approbat
1093 3958 1319 4028 quidam
1340 3975 1414 4013 ea:
1432 3958 1549 4013 illis
1582 3957 1860 4013 Cretensi-

259 4046 360 4099 bus
388 4047 672 4117 proprius,
698 4046 751 4099 id
782 4052 863 4100 est
894 4045 1150 4099 naturalis
1178 4048 1461 4117 ipsorum;
1487 4062 1654 4116 quare
1684 4046 1861 4117 magis

259 4135 595 4190 credendum
615 4142 697 4189 est
718 4134 767 4188 ei
788 4152 800 4187 :
824 4134 911 4189 hic
933 4141 1113 4188 autem
1131 4135 1423 4205 propheta,
1449 4134 1503 4188 id
1524 4142 1605 4189 est
1647 4134 1858 4203 videns,

262 4224 563 4279 secundum
585 4222 730 4293 quod
758 4222 1027 4276 subtiliter
1055 4222 1422 4277 consideravit
1449 4222 1579 4277 vitia
1630 4224 1862 4277 Creten-

264 4312 404 4365 sium
436 4326 449 4364 :
483 4311 570 4366 hic
598 4318 780 4365 autem
823 4310 1001 4365 dictus
1049 4318 1131 4365 est
1176 4310 1548 4380 Epimenides,
1598 4311 1688 4381 qui
1730 4311 1864 4365 dixit

263 4401 369 4455 hoc
389 4399 457 4454 de
472 4399 579 4453 illis
604 4415 617 4454 :
649 4400 939 4455 Cretenses
966 4414 1186 4469 semper
1202 4406 1324 4452 sunt
1344 4398 1641 4454 mendaces
1664 4408 1714 4453 et
1739 4407 1861 4453 sunt

266 4488 475 4552 bestiae,
501 4487 800 4542 bestialiter
818 4487 1179 4551 meditantes;
1210 4494 1263 4541 et
1306 4488 1493 4553 malae,
1516 4486 1572 4540 id
1601 4495 1685 4542 est
1731 4502 1865 4558 quo-

265 4575 429 4629 modo
473 4560 819 4635 meditantur,
878 4575 958 4629 sic
1013 4574 1309 4629 crudeliter
1365 4583 1671 4645 operantes.
1731 4575 1865 4629 Sunt

265 4664 430 4719 etiam
457 4665 609 4734 pigri
640 4668 880 4727 ventres,
906 4663 958 4717 id
982 4672 1063 4717 est
1094 4662 1427 4717 luxuriantes
1475 4671 1529 4717 et
1575 4671 1864 4718 onerantes

270 4769 330 4807 se
372 4752 533 4808 cibis.
560 4753 798 4822 Ideoque
837 4752 907 4806 ad
947 4768 1108 4806 omne
1154 4752 1358 4806 bonum
1389 4752 1547 4806 tardi.
1580 4752 1661 4807 Ne
1683 4760 1864 4806 autem

264 4842 332 4896 de
366 4841 594 4896 veritate
622 4842 814 4895 horum
836 4840 1183 4905 dubitaretur,
1217 4840 1341 4911 quia
1370 4839 1587 4911 gentilis
1630 4840 1729 4893 fuit
1776 4840 1865 4894 ille

266 4930 358 5001 qui
388 4930 492 4985 hoc
520 4928 674 4993 dixit,
707 4928 903 4983 asserit
932 4929 1037 4983 hoc
1073 4928 1270 4982 Paulus
1313 4929 1502 4983 dicens
1538 4943 1549 4981 :
1593 4930 1864 4985 Testimo-

268 5021 434 5074 nium
464 5020 583 5083 hoe,
604 5018 749 5089 quod
767 5016 1119 5087 Epimenides
1141 5024 1368 5071 testatus
1395 5024 1477 5072 est
1496 5017 1563 5072 de
1586 5017 1863 5072 Cretensi-

262 5107 382 5172 bus,
424 5123 617 5162 verum
665 5106 873 5161 est:ob
907 5122 1070 5178 quam
1110 5121 1361 5171 causam,
1400 5105 1528 5177 quia
1572 5106 1865 5161 mendaces

266 5203 408 5259 sunt,
434 5203 560 5261 etc.,
586 5197 819 5265 increpa
836 5210 944 5259 eos,
973 5193 1180 5248 scilicet
1201 5195 1491 5248 Cretenses
1522 5194 1681 5260 dure,
1709 5194 1763 5248 id
1783 5202 1866 5249 est

267 5283 473 5339 scilicet
489 5299 612 5339 cum
633 5281 945 5336 austeritate
964 5290 1017 5336 et
1037 5281 1335 5352 pontificali
1365 5282 1609 5351 imperio,
1641 5286 1708 5337 ut
1737 5284 1866 5338 sani

263 5376 621 5443 perseverent
637 5372 701 5425 in
717 5370 846 5439 ﬁde,
880 5386 995 5425 non
1030 5371 1394 5425 intendente:
1431 5370 1682 5425 Judaicis
1701 5370 1864 5441 fabu-

268 5460 366 5514 lis:
388 5459 515 5530 quia
537 5460 683 5529 quod
694 5459 764 5514 de
781 5458 1196 5514 circumcisione
1219 5457 1525 5513 reducenda
1545 5458 1761 5525 docent,
1786 5456 1865 5512 fa-

266 5546 405 5603 bula:
436 5555 578 5615 sunt,
623 5562 726 5605 nec
774 5547 853 5608 rei
892 5547 1177 5607 veritatem
1226 5546 1450 5605 habent.
1496 5547 1619 5606 Non
1668 5547 1864 5606 debent

1952 415 2248 483 hominum,
2284 426 2336 472 et
2366 433 2473 472 non
2527 417 2627 472 Dei
2660 436 2672 470 :
2706 417 2835 472 olim
2883 416 3027 471 enim
3070 416 3173 469 sub
3221 414 3394 470 veteri
3433 414 3559 488 lege

1951 504 2099 558 Deus
2127 505 2346 576 quidem
2384 506 2662 561 mandavit
2692 504 3158 561 circumcisionem
3205 512 3258 558 et
3310 512 3551 569 caetera;

1951 593 2049 647 sed
2078 602 2365 665 postquam
2394 594 2540 650 venit
2585 603 2800 664 tempus
2848 594 3058 666 gratiae,
3101 594 3246 647 Deus
3294 592 3556 663 praecepit

1954 680 2056 737 hoc
2086 698 2194 737 non
2223 682 2358 737 fieri.
2388 684 2458 738 Et
2487 683 2609 738 ideo
2640 683 2714 737 ait
2748 683 2905 737 :Non
2940 682 3221 737 intendant
3240 680 3549 746 mandatis,

1951 786 2062 825 non
2091 770 2210 838 Dei,
2243 772 2338 825 sed
2369 774 2663 828 hominum
2683 772 3072 827 aversantium
3100 786 3160 825 se
3211 786 3246 824 a
3276 770 3513 825 veritate
3539 785 3553 833 ;

1952 859 2081 930 quia
2106 860 2387 914 veritatem
2416 860 2579 932 legis,
2616 860 2914 930 spiritalem
2946 859 3154 914 scilicet
3198 856 3553 923 intellectum,

1951 948 2141 1002 nolunt
2173 949 2448 1017 accipere.
2487 950 2566 1002 Ex
2601 948 2798 1019 quibus
2820 947 3173 1018 sequentibus
3194 946 3385 1012 innuit,
3411 946 3558 1017 quod

1951 1034 2005 1089 hi
2037 1035 2174 1089 tales
2207 1036 2531 1107 quibusdam
2562 1036 2697 1092 cibis
2747 1035 3131 1091 abstinendum
3179 1050 3303 1089 esse
3354 1033 3563 1104 praedi-

1952 1132 2155 1189 carent,
2205 1124 2441 1179 dicens:
2493 1126 2616 1179 Non
2664 1132 2747 1179 est
2794 1123 3183 1178 intendendum
3214 1122 3413 1176 fabulis
3462 1123 3557 1177 Ju-

1950 1211 2211 1279 dzeorum,
2266 1212 2355 1283 qui
2397 1212 2643 1280 judicant
2711 1212 2975 1283 quosdam
3030 1211 3183 1266 cibos
3230 1210 3559 1275 immundos,

1951 1315 2073 1355 cum
2105 1302 2296 1356 omnia
2319 1301 2512 1370 quibus
2542 1300 2617 1354 uti
2660 1300 2996 1355 consuetudo
3041 1307 3142 1365 est,
3187 1299 3294 1353 sint
3343 1300 3562 1354 munda

1949 1388 2196 1452 mundis,
2230 1388 2285 1441 id
2333 1396 2413 1443 est
2462 1388 2545 1442 his
2587 1388 2679 1459 qui
2739 1388 2793 1442 in
2842 1387 3109 1442 munditia
3167 1395 3221 1442 et
3278 1387 3558 1443 sanctitate

1949 1476 2254 1547 percipiunt
2284 1492 2366 1531 ea.

2021 1565 2132 1619 Hos
2164 1565 2309 1619 enim
2339 1565 2491 1619 cibos
2520 1566 2668 1620 Deus
2696 1564 2939 1621 condidit
2986 1564 3056 1619 ad
3096 1562 3555 1619 sustentationem

1951 1653 2305 1708 servientium
2335 1653 2437 1707 sibi
2471 1670 2483 1707 :
2518 1668 2685 1724 quare
2728 1654 2943 1709 munda
2991 1660 3045 1707 et
3090 1652 3258 1725 digna
3303 1660 3427 1706 sunt
3474 1650 3559 1706 his

1955 1742 2046 1812 qui
2092 1742 2293 1797 mundo
2341 1742 2506 1797 corde
2554 1750 2608 1797 et
2665 1758 2831 1812 Opere
2874 1744 2989 1797 Deo
3047 1742 3305 1797 serviunt.
3371 1741 3563 1795 Omnis

1954 1831 2118 1885 etiam
2148 1839 2398 1886 creatura
2420 1831 2473 1884 in
2503 1846 2569 1886 eo
2598 1831 2746 1901 quod
2774 1846 2808 1885 a
2836 1832 2952 1885 Deo
2980 1838 3164 1885 creata
3194 1838 3295 1899 est,
3358 1830 3563 1885 munda

1954 1928 2055 1974 est.
2081 1919 2177 1974 Hic
2208 1927 2383 1975 tamen
2422 1935 2531 1975 non
2568 1927 2649 1975 est
2688 1934 2915 1974 necesse
2955 1920 3022 1974 de
3073 1919 3327 1973 omnibus
3394 1934 3562 1991 agere

1950 2009 2170 2064 Mundis
2185 2008 2516 2063 conscientia
2564 2017 2614 2063 et
2644 2007 2750 2063 fide
2781 2010 2975 2064 omnia
3021 2015 3146 2062 sunt
3194 2008 3429 2073 munda,
3456 2008 3552 2063 sed

1950 2097 2334 2168 coinquinatis
2364 2096 2695 2152 conscientia
2725 2101 2781 2152 et
2802 2097 3146 2166 inﬁdelibus,
3198 2096 3363 2151 etiam
3406 2096 3558 2168 quod

1952 2186 2217 2239 mundum
2248 2193 2517 2256 reputant,
2550 2201 2657 2240 non
2676 2190 2759 2241 est
2776 2185 2883 2239 illis
2904 2186 3201 2240 mundum.
3247 2185 3384 2239 Cum
3412 2184 3559 2240 enim

1952 2274 2008 2327 in
2038 2274 2356 2328 Creatorem
2402 2290 2512 2328 non
2559 2274 2801 2339 credant,
2855 2281 2908 2328 et
2944 2273 3277 2345 inquinatam
3324 2273 3561 2328 habeant

1954 2362 2363 2427 conscientiam,
2393 2362 2653 2431 injustum
2697 2371 2779 2417 est
2808 2378 2903 2417 eos
2948 2363 3024 2417 uti
3070 2362 3251 2433 aliqua
3295 2370 3554 2417 creatura

1952 2451 2073 2507 Dei.
2105 2451 2253 2505 Nihil
2275 2451 2380 2505 illis
2408 2460 2491 2506 est
2520 2452 2783 2505 mundum
2816 2468 2828 2505 :
2862 2452 2957 2507 sed
2978 2468 3155 2517 mens,
3198 2450 3254 2505 id
3284 2458 3367 2505 est
3397 2450 3562 2506 intel-

1951 2548 2143 2614 lectus,
2177 2546 2313 2603 fides
2344 2548 2570 2613 scilicet,
2595 2564 2791 2605 eorum
2812 2551 2869 2603 et
2891 2548 3240 2603 conscientia
3262 2551 3399 2603 sunt
3454 2548 3555 2601 in-

1951 2639 2202 2709 quinata
2220 2658 2237 2692 :
2256 2652 2423 2708 quare
2451 2637 2582 2690 nihil
2612 2637 2692 2691 eis
2724 2644 2806 2692 est
2836 2636 3122 2690 mundum.
3164 2635 3431 2691 Fortassis
3461 2635 3551 2690 di-

1951 2734 2101 2781 ceret
2130 2726 2323 2796 aliquis
2359 2741 2370 2779 :
2405 2724 2589 2792 Quare
2619 2726 2707 2779 isti
2738 2734 2863 2779 sunt
2889 2724 3177 2795 inquinati,
3235 2740 3361 2781 cum
3411 2739 3548 2780 con-

1954 2813 2206 2869 fiteantur
2224 2816 2398 2869 Deum
2417 2816 2444 2868 ‘I
2467 2814 2591 2869 Scio
2608 2814 2827 2886 quidem
2854 2814 2949 2883 (ait
2970 2814 3189 2885 Paulus)
3234 2814 3382 2886 quod
3429 2832 3563 2871 con-

1954 2904 2195 2972 ﬁtentur
2214 2920 2308 2959 ore
2326 2920 2384 2959 se
2402 2919 2563 2959 nosse
2599 2905 2795 2969 Deum,
2830 2903 2927 2958 sed
2958 2903 3087 2975 quid
3134 2904 3239 2959 hoc
3280 2904 3505 2973 prodest
3532 2904 3562 2958 ?

1954 2994 2172 3062 Negant
2198 2992 2344 3047 enim
2367 2994 2541 3048 Deum
2570 2992 2623 3047 in
2646 2995 2816 3063 factis
2836 2991 2969 3047 suis.
3004 2994 3225 3063 Negant
3246 3008 3348 3063 pro
3387 3001 3559 3061 certo,

1965 3098 2095 3137 cum
2124 3084 2242 3137 sint
2274 3082 2606 3147 abominati,
2638 3080 2692 3134 id
2723 3089 2805 3135 est
2836 3081 2975 3135 male
3005 3080 3229 3135 ominati
3263 3099 3276 3134 :
3310 3081 3447 3136 vela
3467 3074 3563 3135 nu-

1964 3186 2116 3225 mero
2147 3170 2427 3225 hominum
2457 3170 2724 3239 redempti
2752 3186 2851 3240 per
2881 3171 3073 3225 Deum.
3108 3170 3243 3225 Cum
3272 3170 3437 3224 etiam
3459 3168 3565 3225 sint

1963 3260 2339 3327 incredibiles,
2363 3259 2417 3312 id
2447 3267 2528 3313 est
2555 3274 2665 3313 non
2687 3258 2897 3314 habiles
2924 3259 3149 3314 credere
3165 3275 3267 3330 pro
3289 3258 3562 3314 nimietate

1963 3348 2256 3418 impietatis
2282 3348 2521 3403 349
2544 3364 2675 3402 suae.
2701 3348 2833 3402 Cum
2856 3348 3019 3402 etiam
3041 3348 3148 3402 sint
3168 3350 3453 3420 reprobati
3492 3350 3563 3405 ad

1964 3453 2129 3493 omne
2160 3438 2366 3492 bonum
2387 3453 2523 3509 opus
2555 3456 2572 3491 :
2602 3436 2731 3507 quia
2761 3436 2893 3490 nihil
2925 3437 3072 3507 quod
3101 3437 3229 3491 boni
3259 3437 3567 3492 similitudi-

1964 3541 2089 3580 nem
2119 3525 2315 3579 habeat
2334 3532 2649 3595 operantur.
2677 3525 3005 3596 Plerumque
3026 3525 3169 3579 enim
3200 3526 3422 3597 quidam
3468 3526 3558 3581 in-

1963 3614 2151 3669 fideles
2182 3613 2385 3669 faciunt
2415 3614 2559 3679 talia,
2593 3629 2713 3684 quae
2754 3613 2877 3667 licet
2907 3629 3035 3669 vere
3086 3613 3227 3669 bona
3273 3628 3381 3669 non
3432 3613 3559 3684 sint,

1964 3704 2105 3759 bona
2134 3712 2313 3758 tamen
2343 3719 2465 3758 esse
2494 3703 2763 3757 videntur.

2596 3900 2819 3958 CAPUT
2858 3903 2924 3958 II.

2039 4066 2061 4096 ι
2104 4047 2183 4100 Tu
2211 4053 2392 4100 autem
2441 4045 2666 4117 loquere
2714 4061 2835 4116 quae
2873 4045 3066 4100 decent
3114 4060 3306 4100 sanam
3355 4044 3565 4101 doctri-

1969 4158 1989 4182 ι
2033 4150 2180 4200 nam,
2216 4150 2376 4189 senes
2405 4141 2462 4187 ut
2492 4133 2661 4189 sobrii
2690 4134 2816 4199 sint,
2850 4133 3052 4204 pudici,
3087 4134 3409 4204 prudentes,
3442 4134 3563 4189 sani

1968 4244 1990 4273 ι
2033 4223 2087 4276 in
2115 4223 2240 4287 fide,
2275 4223 2331 4276 in
2360 4222 2667 4287 dilectione,
2700 4223 2753 4275 in
2787 4222 3065 4292 patientia,
3124 4238 3259 4276 anus
3318 4222 3568 4279 similiter

1968 4332 1990 4361 ι
2033 4310 2087 4363 in
2130 4311 2315 4365 habitu
2358 4319 2567 4376 sancto,
2614 4326 2723 4365 non
2764 4310 3178 4377 criminatrices,
3231 4326 3339 4365 non
3396 4311 3567 4366 multo

1888 4389 1989 4450 Βι
2033 4399 2159 4454 vino
2203 4398 2518 4463 servientes,
2575 4399 2713 4454 bene
2776 4399 3057 4465 docentes,
3112 4407 3169 4453 ut
3217 4399 3567 4469 prudentiam

1968 4508 1990 4537 ι
2035 4488 2265 4543 doceant
2294 4486 2730 4542 adolescentulas
2780 4495 2838 4542 ut
2884 4487 3033 4543 viros
3078 4502 3208 4542 suos
3255 4496 3456 4556 ament,
3503 4487 3565 4542 fi-

1968 4599 1989 4624 α
2034 4576 2135 4631 lios
2192 4592 2321 4631 suos
2376 4576 2630 4648 diligant,
2688 4577 3006 4647 prudentes,
3066 4584 3265 4641 castas,
3329 4576 3561 4642 sobrias,

1969 4688 1991 4711 α
2033 4665 2229 4719 domus
2260 4681 2447 4719 curam
2477 4665 2755 4733 habentes,
2799 4666 3086 4737 benignas,
3138 4665 3380 4719 subditas
3427 4664 3560 4719 viris

1968 4776 1990 4799 α
2035 4754 2168 4819 suis,
2198 4762 2254 4807 ut
2282 4769 2393 4807 non
2423 4753 2829 4823 blasphematur
2886 4756 3114 4810 verbum
3165 4753 3283 4809 Dei.
3324 4754 3562 4807 Juvenes

1969 4862 1991 4891 ι
2037 4841 2283 4897 similiter
2314 4843 2553 4909 hortare,
2583 4850 2640 4895 ut
2678 4842 2844 4897 sobrii
2892 4844 3015 4897 sint.
3068 4845 3129 4896 In
3174 4842 3429 4897 omnibus
3478 4848 3562 4896 te-

1968 4952 1987 4975 ι
2028 4930 2205 5000 ipsum
2240 4930 2424 5000 praebe
2455 4930 2761 5001 exemplum
2792 4932 3058 4985 bonorum
3089 4946 3337 5001 operum,
3372 4930 3427 4984 in
3468 4929 3566 4985 do-

1969 5038 1992 5068 ι
2036 5018 2229 5083 ctrina,
2277 5018 2330 5071 in
2370 5018 2701 5090 integritate,
2755 5019 2809 5072 in
2846 5018 3133 5089 gravitate.
3186 5018 3423 5073 Verbum
3470 5034 3563 5073 sa-

1970 5128 1990 5155 ε
2035 5122 2185 5171 num,
2215 5106 2699 5177 irreprehensibile
2733 5125 2745 5161 :
2778 5115 2834 5162 ut
2860 5108 2907 5162 is
2950 5106 3041 5179 qui
3088 5122 3155 5161 ex
3201 5108 3436 5163 adverso
3483 5115 3567 5163 est

1970 5215 1991 5244 ι
2036 5203 2283 5250 vereatur
2312 5194 2435 5265 [al.,
2469 5196 2738 5267 vincatur]
2767 5214 2779 5250 :
2811 5196 2942 5251 nihil
2976 5196 3183 5252 habens
3221 5197 3426 5253 malum
3473 5196 3565 5250 di-

1969 5306 1991 5335 (
2027 5299 2149 5339 cere
2179 5284 2248 5338 de
2278 5283 2455 5339 nobis.
2490 5286 2691 5340 Servos
2719 5285 2951 5340 dominis
2979 5285 3092 5339 suis
3123 5285 3368 5339 subditos
3399 5298 3559 5338 esse:

1968 5396 1989 5420 «
2034 5371 2090 5426 in
2120 5372 2373 5427 omnibus
2426 5374 2720 5444 placentes,
2782 5390 2891 5429 non
2944 5373 3392 5438 contradicentes,
3453 5386 3565 5426 non

1967 5482 1989 5512 ι
2032 5462 2366 5526 fraudantes,
2402 5463 2500 5518 sed
2531 5463 2587 5516 in
2613 5462 2863 5518 omnibus
2912 5462 3074 5517 ﬁdem
3120 5463 3319 5516 bonam
3368 5468 3558 5516 osten-

1968 5574 1990 5598 «
2035 5550 2226 5607 dentes
2258 5568 2271 5606 :
2304 5558 2359 5605 ut
2389 5550 2691 5608 doctrinam
2713 5550 3009 5608 Salvatoris
3042 5549 3214 5608 nostri
3242 5550 3343 5607 Dei
3372 5557 3567 5607 ornent
