3966 6050
426 202 529 260 4⁸79

960 208 1017 263 S.
1057 205 1411 264 BRUNONIS
1458 202 2101 262 CARTHUSIANORUM
2142 202 2625 260 INSTITUTORIS
2664 202 2816 260 OPP.
2876 203 3049 261 PARS
3106 205 3172 259 Il.

3613 206 3719 260 L80

434 346 456 377 ι
500 326 556 381 in
584 328 861 383 omnibus.
900 330 1163 401 Apparuit
1192 330 1335 385 enim
1365 330 1537 403 gratia
1567 331 1665 385 Dei
1723 327 2018 385 Salvatoris
2037 330 2091 388 Α
2120 326 2221 381 sibi
2252 326 2517 398 imperato
2551 346 2563 381 :
2596 335 2653 382 ut
2682 344 2804 383 cum
2833 328 3088 383 laborare
3120 327 3319 383 debent
3349 336 3543 383 vacent
3564 327 3673 382 otio
3703 345 3718 380 :

432 435 455 465 ι
498 416 665 470 nostri
699 417 953 472 omnibus
1000 418 1327 482 hominibus,
1377 420 1629 474 erudiens
1658 435 1776 483 nos,
1829 426 1887 471 ut
1932 418 2023 470 ab-

433 526 455 551 α
499 512 767 577 negantes
799 506 1131 577 impietatem
1173 516 1225 562 et
1255 508 1543 563 saeculuria
1586 507 1877 571 desideria,
1931 521 2026 560 so-

434 614 455 642 ι
501 592 608 660 bie,
644 602 695 648 et
737 595 899 662 juste,
953 603 1005 649 et
1062 596 1150 666 pie
1207 596 1453 650 vivamus
1511 596 1564 649 in
1617 596 1720 650 hoc
1779 594 2023 651 saeculo:

438 702 461 731 ι
505 690 886 752 exspectantes
917 684 1130 739 beatam
1177 701 1350 754 spem,
1400 693 1450 738 et
1498 685 1789 739 adventum
1837 683 2027 756 gloria:

435 790 457 820 ι
501 771 687 842 magni
716 772 837 839 Dei,
870 778 923 826 et
956 772 1252 827 Salvatoris
1282 774 1455 827 nostri
1483 773 1613 827 Jesu
1644 772 1866 827 Christi.
1925 771 2028 840 Qui

435 880 455 905 α
503 858 652 913 dedit
683 860 1032 930 semetipsum
1090 876 1191 930 pro
1234 861 1411 923 nobis,
1472 869 1527 915 ut
1585 877 1684 915 nos
1737 860 2027 915 redimeret

434 968 456 993 α
502 946 572 1000 ab
620 947 768 1001 omni
816 947 1142 1019 iniquitate:
1190 957 1241 1003 et
1271 949 1556 1004 mundaret
1612 949 1715 1002 sibi
1771 948 2027 1019 populum

436 1056 459 1081 α
501 1035 913 1105 acceptabilem,
945 1044 1270 1091 sectatorem
1301 1037 1568 1091 bonorum
1598 1053 1848 1107 operum.
1901 1038 2029 1092 Haec

437 1144 458 1169 ε
512 1122 734 1194 loquere
762 1131 813 1178 et
844 1125 1147 1190 exhortare,
1182 1132 1234 1180 et
1262 1128 1433 1197 argue
1460 1141 1581 1181 cum
1602 1125 1749 1181 omni
1778 1125 2023 1196 imperio.

435 1232 456 1257 α
502 1210 679 1267 Nemo
708 1218 760 1268 te
791 1221 1127 1268 contemnat.
1174 1234 1195 1262 ι

1123 1422 1417 1463 ΕΧΡΟΞῙΤῙΟ
1430 1449 1442 1462 .

508 1558 747 1628 Reprobi
778 1558 857 1615 sic
887 1576 1139 1630 perverse
1168 1567 1337 1631 agunt
1370 1578 1382 1613 :
1416 1564 1479 1615 tu
1508 1575 1632 1616 vero
1665 1575 1772 1615 non
1800 1560 1897 1625 sic,
1932 1560 2030 1615 sed

2125 416 2219 471 sed
2245 418 2603 472 ostendentes
2630 419 2693 472 in
2742 419 2999 473 omnibus
3044 417 3347 472 actionibus
3398 416 3510 469 suis
3552 416 3720 485 ﬁdem

2126 503 2490 558 Christianam
2538 521 2661 559 esse
2715 505 2938 574 bonam,
2983 505 3034 559 id
3087 513 3167 559 est
3230 504 3462 570 utilem;
3514 508 3579 559 ut
3642 504 3723 558 sic

2127 591 2375 647 faciendo
2406 598 2609 648 ornent
2649 595 2711 648 in
2746 594 3005 649 omnibus
3038 594 3357 649 doctrinam
3391 593 3490 647 Dei
3530 593 3723 648 Salva-

2128 683 2268 736 toris
2289 683 2489 736 nostri.

2198 769 2329 823 Cum
2361 768 2504 824 enim
2535 769 2680 824 servi
2709 769 2837 825 facti
2867 768 3059 824 fideles
3086 784 3194 823 non
3226 768 3526 823 subducant
3559 785 3572 821 :
3627 767 3725 822 sed

2126 856 2375 912 devotius
2406 857 2637 912 dominis
2669 858 2853 929 utique
2893 858 3153 923 serviant,
3207 864 3431 911 ornatur
3476 872 3576 926 per
3620 857 3729 912 hoc

2126 944 2372 999 doctrina
2403 946 2499 1000 Dei
2531 953 2582 1000 et
2611 946 2881 1011 laudatur,
2911 962 3032 1016 quae
3062 960 3251 999 servos
3283 946 3363 1000 sic
3390 943 3637 998 instruxit
3665 942 3726 997 ﬁ-

2127 1033 2278 1089 deles
2309 1042 2361 1088 et
2390 1034 2633 1089 subditos
2665 1050 2788 1089 esse
2818 1034 3077 1088 dominis.
3115 1034 3244 1087 Ideo
3277 1048 3472 1087 moneo
3502 1040 3552 1085 te
3574 1032 3725 1087 labo-

2128 1136 2253 1177 rare
2284 1122 2336 1175 in
2368 1122 2621 1176 omnibus
2658 1138 2669 1175 :
2712 1139 2808 1177 seu
2852 1121 2997 1176 servi
3037 1121 3160 1186 sint,
3213 1137 3311 1175 seu
3356 1119 3579 1187 domini,
3630 1136 3726 1175 seu

2129 1225 2309 1275 senes,
2356 1226 2453 1265 seu
2494 1210 2740 1278 juniores
2776 1228 2790 1264 :
2846 1208 3099 1280 quoniam
3139 1210 3285 1263 Deus
3329 1224 3430 1278 pro
3475 1206 3728 1261 omnibus

2129 1298 2402 1352 salvandis
2444 1298 2713 1368 apparuit.
2764 1297 3022 1368 Apparuit
3064 1296 3251 1371 utique
3299 1312 3420 1351 cum
3489 1296 3728 1350 Verbum

2130 1386 2304 1440 Patris
2336 1386 2536 1442 factum
2568 1401 2697 1441 caro
2727 1386 2780 1440 in
2811 1394 2962 1441 utero
2995 1385 3229 1457 Virginis
3260 1383 3489 1456 praebuit
3534 1400 3592 1438 se
3641 1383 3726 1437 vi-

2130 1474 2285 1529 sibile
2314 1475 2639 1529 hominibus.
2674 1476 2972 1546 Apparuit,
3002 1473 3241 1545 inquam,
3292 1474 3479 1543 gratia
3518 1472 3635 1537 Dei,
3677 1470 3730 1526 id

2131 1572 2230 1632 est,
2264 1565 2411 1619 Deus
2440 1580 2536 1634 per
2562 1563 2791 1635 gratiam
2829 1578 2841 1617 :
2876 1579 2983 1617 non
3035 1579 3100 1617 ex
3148 1562 3354 1616 meritis
3403 1560 3679 1615 hominum
3713 1575 3725 1613 :

441 1646 663 1718 loquere
684 1664 749 1703 ea
770 1665 892 1720 qua!
911 1648 1067 1704 decet
1087 1648 1255 1720 loqui,
1285 1666 1487 1704 sanam
1526 1649 1868 1705 doctrinam.
1917 1649 2030 1704 Hoc
2058 1680 2110 1741 B
2132 1653 2226 1707 sed
2260 1669 2355 1723 per
2384 1652 2553 1707 solam
2584 1650 3141 1707 misericordiam.Dei
3172 1650 3294 1705 dico
3316 1651 3502 1705 nostri
3531 1651 3729 1705 Salva-

442 1734 650 1790 scilicet
678 1735 899 1807 loquere
929 1737 1171 1803 senibus,
1223 1742 1289 1792 ut
1333 1754 1490 1793 senes
1528 1737 1698 1794 sobrii
1745 1737 1870 1803 sint,
1920 1753 2030 1792 non

437 1822 609 1878 dediti
650 1824 930 1893 potationi.
990 1825 1105 1879 Sint
1152 1826 1311 1880 etiam
1357 1826 1568 1898 pudici,
1628 1826 1682 1879 id
1739 1833 1822 1880 est
1871 1826 2025 1881 casti.

436 1911 553 1966 Sint
603 1913 931 1984 prudentes,
954 1920 1010 1967 ut
1065 1915 1311 1969 noverint
1369 1914 1566 1968 docere
1590 1914 1883 1982 juniorcs:
1926 1914 2034 1968 sint

437 2001 568 2056 sani
595 2002 659 2055 in
674 2002 782 2069 ﬁde
813 2002 920 2055 sint
950 2003 1066 2056 sani
1096 2005 1159 2057 in
1192 2004 1495 2058 dilectione
1524 2023 1541 2057 :
1574 2012 1630 2057 ut
1669 2004 1805 2058 sicut
1848 2004 2035 2057 dome-

436 2089 622 2155 sticos,
659 2090 738 2145 sic
765 2106 956 2145 omnes
986 2092 1120 2145 alios
1146 2092 1392 2162 diligant.
1442 2093 1555 2147 Sint
1604 2093 1767 2147 etiam
1807 2092 1924 2146 sani
1969 2093 2033 2147 in

438 2179 723 2249 patientia
755 2198 773 2233 :
802 2179 945 2249 quod
976 2194 1085 2233 non
1115 2180 1193 2234 sic
1219 2180 1492 2249 patiantur
1521 2181 1782 2247 convicia,
1805 2180 1947 2252 quod
1966 2181 2034 2235 ad

439 2266 738 2336 opprobria
766 2267 1109 2337 impatientes
1141 2268 1265 2322 sint.
1294 2270 1449 2323 Anus
1484 2271 1752 2325 similiter
1781 2270 2031 2335 admone,

439 2361 499 2408 ut
528 2354 635 2408 sint
662 2355 726 2409 in
757 2354 954 2411 habitu
974 2360 1192 2422 sancto,
1212 2356 1268 2411 id
1290 2365 1369 2410 est
1398 2358 1487 2428 qui
1546 2358 1887 2413 sanctitatem
1936 2372 2036 2412 ea-

442 2458 563 2496 rum
593 2441 791 2497 indicet
824 2460 835 2498 :
870 2452 922 2497 et
944 2452 998 2497 ut
1020 2461 1133 2500 non
1158 2445 1263 2498 sint
1292 2446 1729 2512 criminatrices,
1749 2446 1801 2499 id
1824 2454 1907 2501 est
1928 2461 2035 2500 non

439 2530 714 2602 imponant
744 2531 970 2587 crimina
996 2533 1344 2604 quibuslibet,
1404 2534 1493 2604 qui
1540 2535 1765 2589 morbus
1802 2534 2037 2589 maxime

440 2619 744 2675 vetularum
764 2629 871 2676 est.
908 2623 1027 2677 Non
1043 2621 1145 2675 sint
1168 2622 1327 2677 etiam
1348 2624 1656 2679 servientes
1675 2625 1854 2679 multo
1883 2624 2033 2687 vino,

442 2706 541 2762 sed
562 2708 699 2763 bene
720 2709 981 2765 docentes
1006 2728 1018 2763 :
1045 2726 1147 2765 nec
1166 2710 1217 2763 in
1242 2712 1470 2765 ecclesia
1493 2712 1577 2766 vel
1598 2712 1746 2766 viros
1767 2712 1997 2766 doceant
2020 2730 2034 2776 ;

441 2795 538 2850 sed
559 2795 628 2849 ita
649 2796 788 2862 dico,
808 2802 874 2853 ut
896 2799 1348 2853 adolescentulus
1368 2800 1606 2854 doceant
1626 2800 1995 2870 prudentiam
2020 2819 2037 2854 :

442 2886 585 2941 hanc
611 2885 837 2950 scilicet,
861 2890 927 2941 ut
956 2891 1152 2942 ament
1182 2888 1327 2942 viros
1347 2904 1492 2952 suos,
1518 2897 1572 2942 et
1591 2904 1698 2942 non
1721 2888 1998 2943 adulteros
2023 2906 2036 2941 :

442 2978 499 3031 et
516 2973 680 3029 etiam
710 2975 954 3047 diligant
985 2976 1131 3044 ﬁlios
1161 2992 1289 3031 suos
1332 2976 1477 3030 omni
1520 2976 1905 3043 sollicitudine,
1958 2976 2039 3031 fo-

442 3070 631 3119 ventes
662 3079 758 3118 eos
782 3081 795 3118 :
829 3071 881 3119 et
910 3064 1140 3119 doceant
1160 3081 1252 3119 eas
1266 3080 1386 3119 esse
1406 3065 1730 3135 prudentes,
1756 3072 1807 3119 et
1824 3070 2028 3134 castas,

443 3158 496 3207 et
517 3153 749 3219 sobrias,
801 3152 937 3208 etin
990 3152 1145 3219 cibis,
1206 3161 1259 3208 et
1311 3153 1365 3207 in
1418 3154 1798 3208 ornamentis:
1833 3162 1883 3209 et
1933 3155 2037 3209 ha-

444 3240 635 3295 bentes
665 3257 863 3297 curam
894 3241 1108 3305 domus,
1133 3241 1186 3295 id
1210 3249 1309 3307 est,
1335 3241 1581 3296 laborent
1600 3258 1724 3297 cum
1746 3242 1877 3297 viris
1900 3242 2038 3297 bene

442 3343 742 3398 procurare
768 3328 1047 3383 familiam.
1082 3331 1326 3385 Doceant
1356 3330 1519 3386 etiam
1568 3347 1659 3386 eas
1708 3347 1830 3385 esse
1879 3333 2038 3387 beni-

441 3433 585 3488 gnas
604 3417 659 3472 in
680 3418 1001 3490 erogatione
1034 3418 1527 3490 eleemosynarum,
1560 3427 1611 3474 et
1631 3419 1885 3475 subditas
1906 3422 2041 3475 viris

444 3506 606 3572 suis;
637 3521 745 3561 non
803 3522 969 3578 super
1024 3506 1170 3562 viros
1228 3508 1487 3563 habentes
1545 3508 1853 3579 imperium.
1912 3510 2041 3563 Haec

441 3594 625 3650 omnia
640 3595 873 3651 admone
895 3594 1009 3651 fieri
1026 3612 1039 3651 :
1065 3600 1130 3651 ut
1145 3597 1391 3661 verbum,
1416 3597 1468 3651 id
1490 3605 1571 3651 est
1588 3596 1923 3667 praedicatio,
1941 3597 2040 3652 Dei

441 3700 555 3741 non
579 3684 1039 3755 blasphemetur:
1081 3684 1126 3738 si
1174 3685 1316 3739 enim
1366 3685 1622 3740 mulieres
1660 3693 1848 3740 contra
1896 3689 2039 3739 viros

442 3772 799 3842 superbirent,
833 3772 877 3825 si
908 3780 1090 3827 essent
1119 3772 1359 3837 incestae,
1393 3780 1521 3837 etc.,
1556 3772 1906 3843 Opinarentur
1950 3772 2039 3826 in-

443 3858 704 3928 sipientos
750 3859 829 3914 sic
873 3859 1137 3913 contineri
1196 3860 1250 3914 in
1308 3861 1608 3914 Christiana
1662 3860 1929 3925 doctrina,
1989 3869 2042 3915 et

443 3946 568 4001 ideo
599 3947 1037 4017 blasphemerent
1069 3948 1291 4001 verbum
1322 3948 1441 4002 Dei.
1489 3951 1727 4004 Iuvenes
1770 3950 2042 4005 similiter

444 4035 689 4099 hortare,
715 4038 781 4089 ut
796 4036 962 4090 sobrii
984 4038 1191 4099 sint,et
1210 4036 1511 4106 temperati.
1532 4038 1601 4092 Ut
1640 4046 1819 4091 autem
1851 4053 2041 4093 omnes

443 4122 1108 4195 convenientercorrigas,
1123 4126 1304 4196 prtebe
1324 4127 1567 4197 teipsum
1586 4127 1909 4198 exemplum
1921 4126 2042 4180 aliis

444 4213 711 4268 bonorum
739 4228 1002 4283 operum:
1031 4228 1133 4268 nec
1155 4213 1207 4267 in
1241 4214 1587 4285 quibusdam,
1622 4215 1719 4269 sed
1748 4216 1812 4269 in
1860 4217 2043 4270 omni-

444 4300 543 4355 bus
564 4301 843 4370 operibus.
870 4302 1078 4369 Praabe,
1119 4302 1358 4373 inquam,
1411 4311 1463 4357 te
1502 4303 1807 4373 exemplum
1850 4303 1930 4358 eis
1978 4304 2040 4358 in

447 4381 710 4438 doctrina
733 4403 750 4438 :
782 4392 836 4437 ut
869 4385 1014 4454 quod
1047 4384 1175 4439 utile
1207 4386 1541 4440 auditoribus
1572 4386 1637 4441 sit
1682 4386 1880 4442 doceas

444 4470 508 4525 in
535 4472 866 4541 integritate
889 4473 1129 4527 omnium
1169 4474 1448 4540 virtutum,
1483 4475 1626 4547 quod
1673 4475 1948 4545 perfectus
1996 4483 2047 4529 et

444 4557 674 4629 integer
691 4559 766 4612 sis
787 4559 841 4612 in
865 4559 1021 4614 bonis
1046 4580 1059 4625 ;
1087 4569 1139 4615 et
1155 4561 1292 4617 doce
1314 4565 1376 4617 in
1407 4564 1705 4633 gravitate,
1730 4564 1781 4617 id
1813 4572 1894 4617 est
1923 4579 2045 4617 cum

447 4646 739 4703 severitate
768 4656 821 4702 et
852 4648 1083 4718 imperio
1111 4650 1425 4720 pontiﬁcali.
1462 4653 1527 4705 Et
1574 4652 1798 4707 verbum
1836 4651 2045 4706 doctri-

446 4751 530 4790 nm
560 4744 664 4790 tuae
695 4736 763 4790 sit
790 4753 999 4792 sanum
1022 4757 1039 4792 :
1070 4739 1202 4792 nihil
1254 4739 1581 4793 infidelitatis
1630 4740 1825 4794 habeat
1867 4739 2047 4793 admi-

447 4832 585 4879 stum
607 4843 621 4890 ;
647 4825 714 4879 sit
735 4824 895 4879 etiam
918 4826 1407 4897 irreprehensibile
1422 4828 1598 4898 :quod
1620 4843 1721 4883 nec
1759 4828 1940 4899 aliqua
1962 4843 2047 4882 oc-

447 4912 596 4968 casio
619 4913 1057 4983 reprehensionis
1075 4914 1199 4969 inde
1239 4924 1399 4985 queat
1419 4915 1631 4985 concipi
1665 4924 1754 4970 :et
1783 4916 1885 4971 hoc
1923 4915 2047 4970 ideo

448 5000 686 5071 expedit,
710 5007 775 5057 ut
797 5004 845 5057 is
866 5005 963 5074 qui
983 5007 1064 5057 est
1089 5020 1163 5057 ex
1195 5004 1444 5069 adverso,
1476 5004 1530 5057 id
1549 5012 1630 5058 est
1661 5003 1893 5058 infidelis
1925 5005 2049 5059 insi-

452 5088 647 5152 diator,
673 5095 935 5146 vereatur
956 5092 1174 5147 malum
1193 5091 1377 5147 dicere
1390 5092 1455 5146 de
1478 5092 1634 5147 nobis
1652 5111 1669 5146 :
1691 5092 1821 5155 nihil
1843 5093 2048 5147 habens

450 5176 593 5231 unde
624 5177 764 5231 male
793 5178 977 5233 dicere
1009 5179 1205 5249 possit.
1248 5180 1472 5234 Hortare
1502 5180 1661 5234 etiam
1708 5197 1891 5236 servos
1931 5198 2047 5237 esse

449 5265 695 5321 subditos
718 5266 962 5321 dominis
1002 5269 1139 5331 suis,
1175 5284 1242 5321 ne
1293 5267 1612 5337 superbiant
1663 5276 1851 5323 contra
1899 5284 1994 5324 eos
2032 5284 2043 5322 :

450 5353 547 5409 sed
570 5353 708 5408 bene
730 5352 835 5407 sint
856 5356 1145 5426 placentes
1174 5355 1426 5411 350
1452 5357 1531 5411 eis
1554 5357 1613 5411 in
1650 5358 1906 5412 omnibus
1946 5357 2048 5412 sibi

449 5442 725 5512 imperatis
759 5459 771 5495 :
804 5458 918 5497 non
940 5441 1398 5498 contradicentes
1427 5444 1507 5497 eis
1537 5443 1593 5497 in
1622 5444 1826 5515 aliquo,
1861 5453 1910 5499 et
1933 5461 2047 5501 non

449 5530 807 5600 fraudantes,
838 5528 926 5586 vel
957 5528 1024 5585 de
1053 5530 1219 5587 rebus
1252 5530 1356 5585 sibi
1385 5532 1622 5598 creditis,
1657 5533 1741 5589 vel
1772 5534 1839 5589 de
1866 5534 2047 5590 labore

1923 4382 2121 4441 :etD

2135 1742 2312 1797 toris:
2344 1749 2393 1795 et
2436 1741 2574 1795 sicut
2625 1756 2721 1810 pro
2766 1740 2923 1795 nobis
2970 1739 3246 1795 salvandis
3293 1738 3538 1809 apparuit
3586 1736 3732 1808 quod

2128 1830 2238 1897 jam
2284 1845 2381 1899 per
2419 1828 2578 1883 fidem
2620 1826 2894 1896 justificati
2938 1844 3142 1893 sumus,
3194 1826 3271 1881 sic
3331 1842 3432 1897 pro
3473 1826 3729 1881 omnibus

2137 1917 2454 1972 hominibus
2486 1916 2764 1971 salvandis
2796 1916 3043 1987 apparuit
3078 1934 3091 1969 :
3124 1922 3175 1969 et
3213 1914 3336 1969 ideo
3378 1913 3433 1967 in
3480 1912 3733 1968 omnibus

2134 2006 2382 2060 laborare
2411 2006 2605 2060 debes.
2645 2005 2711 2059 Et
2735 2004 2859 2076 quia
2887 2020 3153 2075 apparere
3184 2002 3283 2057 Dei
3312 2018 3418 2056 non
3460 2002 3527 2055 ad
3577 2001 3728 2055 salu-

2134 2103 2241 2149 tem
2272 2093 2564 2160 sufﬁceret,
2600 2093 2704 2146 nisi
2735 2096 2801 2146 ab
2832 2094 3024 2147 eodem
3057 2092 3469 2155 instrueremur,
3502 2090 3594 2156 ait,
3628 2106 3728 2160 ap-

2134 2183 2310 2253 paruit
2340 2182 2483 2236 Deus
2512 2197 2612 2252 per
2640 2181 2868 2253 gratiam
2921 2181 3185 2236 erudiens
3231 2196 3332 2234 nos
3353 2194 3579 2242 omnes;
3628 2178 3735 2233 hoc

2137 2271 2378 2327 scilicet:
2413 2275 2476 2325 ut
2496 2285 2595 2323 nos
2616 2272 2957 2339 abnegantes
2988 2270 3360 2341 impietatem,
3396 2266 3449 2320 id
3481 2274 3561 2321 est
3609 2266 3731 2321 cul-

2136 2368 2306 2413 turam
2337 2358 2622 2423 idolorum,
2666 2362 2721 2413 et
2756 2358 3092 2429 abnegantes
3122 2356 3396 2411 desideria
3413 2355 3731 2420 sa'cularia,

2136 2449 2191 2503 id
2221 2456 2301 2503 est
2332 2464 2451 2518 qua:
2484 2455 2535 2501 et
2563 2446 2821 2501 sazculum
2865 2446 3151 2513 ministrat,
3186 2453 3238 2499 et
3284 2460 3514 2516 quorum
3562 2456 3732 2498 causa

2138 2544 2238 2600 est,
2275 2538 2523 2592 vivamus
2542 2536 2739 2600 sobrie,
2772 2534 2825 2588 id
2856 2542 2938 2589 est
2967 2542 3267 2605 temperate
3295 2534 3348 2586 in
3377 2532 3534 2587 nobis
3563 2530 3731 2602 ipsis:

2138 2631 2191 2679 et
2210 2626 2366 2695 juste
2388 2624 2457 2678 ad
2488 2623 2794 2694 proximum
2829 2637 2840 2675 :
2876 2630 2928 2676 et
2953 2623 3046 2693 pie
3092 2621 3336 2676 vivamus
3384 2620 3455 2674 ad
3500 2621 3671 2673 Deum
3717 2635 3730 2671 :

2138 2713 2295 2767 etiam
2326 2715 2387 2767 in
2419 2714 2518 2768 hoc
2550 2720 2655 2765 tam
2690 2710 2869 2783 fragili
2898 2726 3147 2781 corpore.
3201 2710 3254 2763 in
3306 2725 3413 2780 quo
3460 2708 3547 2762 vix
3588 2707 3734 2775 juste

2138 2802 2322 2856 vivere
2349 2801 2474 2855 licet
2507 2816 2519 2853 :
2551 2800 2627 2854 sic
2658 2800 2855 2863 sobrie,
2877 2800 3019 2867 juste
3051 2806 3103 2853 ct
3133 2799 3221 2869 pic
3253 2797 3485 2852 vivendo
3526 2812 3732 2868 exspe-

2139 2895 2359 2945 ctantes
2392 2890 2608 2944 beatam
2642 2905 2817 2960 spem,
2843 2888 2894 2941 id
2920 2896 3001 2942 est
3024 2894 3292 2958 speratam
3324 2885 3731 2952 beatitudinem,

2141 2984 2196 3033 et
2231 2985 2607 3049 exspectantes
2655 2978 2961 3032 adventum
2999 2978 3193 3047 gloria:
3230 2978 3360 3031 Jcsu
3410 2974 3637 3037 Christi,
3679 2971 3734 3025 id

2144 3075 2244 3136 est,
2279 3067 2496 3138 quando
2555 3066 2802 3120 Christus
2859 3065 2950 3136 qui
3005 3064 3156 3135 prius
3214 3064 3269 3117 in
3325 3061 3623 3116 humilitate
3680 3068 3737 3114 ut

2140 3155 2375 3210 erudiret
2404 3172 2503 3210 nos
2536 3154 2806 3225 apparuit,
2838 3153 3090 3208 adveniet
3119 3166 3242 3207 cum
3282 3151 3456 3224 gloria
3493 3149 3737 3219 judicare

2141 3243 2418 3299 saeculum.
2445 3243 2643 3297 Christi
2664 3242 2807 3303 dico,
2830 3241 3014 3313 magni
3054 3242 3151 3296 Dei
3180 3245 3234 3295 et
3254 3240 3435 3294 nostri
3480 3228 3737 3294 Salvato-

2141 3334 2219 3387 ris
2244 3351 2261 3387 :
2284 3332 2412 3403 quia
2434 3340 2559 3387 tunc
2590 3331 2643 3383 in
2666 3329 2889 3399 judicio,
2927 3329 3092 3384 velint
3121 3328 3312 3393 nolint,
3340 3324 3739 3382 confitebuntur

2141 3438 2264 3476 eum
2294 3436 2550 3492 magnum
2582 3420 2755 3473 Deum
2788 3427 2840 3473 et
2871 3418 3207 3473 Salvatorem
3240 3423 3544 3470 sanctorum
3579 3429 3591 3467 :
3639 3429 3737 3468 ve-

2140 3510 2376 3564 nientem
2409 3516 2534 3563 tunc
2566 3523 2687 3562 cum
2738 3513 3005 3577 potestate
3062 3520 3261 3578 magna
3308 3513 3360 3558 et
3407 3503 3737 3571 majestate:

2140 3598 2231 3669 qui
2261 3613 2433 3669 usque
2465 3596 2534 3650 ad
2582 3596 2733 3649 illum
2791 3595 2935 3649 diem
2992 3610 3269 3664 nunquam
3328 3590 3564 3647 confessi
3619 3597 3742 3644 sunt

2142 3686 2411 3740 Christum
2440 3701 2562 3739 esse
2593 3685 2785 3737 Deum.
2843 3684 2946 3750 Qui
2990 3682 3236 3737 Christus
3280 3682 3408 3735 Jesu
3456 3680 3595 3733 inter
3641 3679 3742 3733 hos

2140 3774 2276 3829 duos
2306 3774 2568 3829 adventus
2598 3774 2749 3828 dedit
2772 3772 3137 3842 semetipsum
3156 3788 3257 3842 pro
3295 3768 3454 3826 nobis
3479 3786 3491 3821 :
3516 3768 3640 3821 ideo
3674 3770 3742 3821 ut

2140 3864 2443 3918 redimeret
2469 3880 2572 3917 nos
2594 3861 2661 3915 ab
2684 3862 2840 3914 omni
2859 3860 3183 3931 iniquitate,
3216 3858 3269 3911 id
3300 3865 3382 3912 est
3410 3863 3462 3910 et
3490 3872 3518 3908 a
3546 3854 3746 3925 fragili-

2143 3958 2247 4005 tate
2280 3950 2482 4016 carnis,
2536 3958 2588 4004 et
2620 3965 2649 4003 a
2705 3947 2946 4019 potentia
3003 3954 3053 4001 et
3112 3946 3464 4018 suggestione
3522 3942 3741 3997 diaboli.

2143 4039 2462 4110 Priusquam
2494 4038 2638 4093 enim
2671 4036 2917 4091 Christus
2964 4034 3019 4087 in
3067 4050 3228 4089 cruce
3276 4050 3376 4087 nos
3426 4032 3740 4099 redimeret,

2142 4144 2250 4182 non
2281 4136 2591 4197 poteramus
2618 4125 2788 4180 obniti
2832 4122 3071 4188 diabolo,
3119 4130 3171 4176 et
3221 4120 3559 4194 suggestioni
3604 4120 3741 4189 ejus,

2142 4232 2243 4272 nec
2292 4215 2570 4287 fragilitati
2620 4221 2819 4268 nostrae
2866 4212 3046 4267 carnis
3081 4226 3092 4264 :
3126 4227 3159 4263 a
3203 4226 3309 4281 quo
3356 4208 3597 4280 periculo
3643 4207 3747 4261 nisi

2143 4317 2243 4360 nos
2273 4306 2420 4359 Deus
2451 4303 2729 4371 liberaret,
2780 4300 2991 4355 etiamsi
3038 4299 3343 4354 mandaret
3382 4313 3482 4351 nos
3512 4297 3582 4349 ab
3614 4312 3736 4351 om—

2146 4395 2306 4448 nibus
2334 4392 2592 4463 peccatis,
2628 4390 2759 4444 nihil
2790 4397 2967 4443 tamen
2998 4388 3287 4459 prodesset
3323 4404 3336 4440 :
3368 4386 3472 4440 nisi
3503 4394 3556 4439 et
3585 4385 3752 4439 virtu-

2147 4490 2250 4537 tem
2282 4481 2435 4535 daret
2465 4477 2753 4533 resistendi
2781 4476 3224 4549 suggestionibus
3277 4474 3479 4528 diaboli
3528 4482 3580 4527 et
3629 4473 3746 4527 fra—

2146 4569 2338 4643 gilitati
2371 4567 2567 4623 carnis.
2602 4566 2704 4633 Qui
2738 4564 2877 4619 enim
2910 4564 3143 4635 primum
3175 4562 3450 4617 hominem
3497 4562 3552 4615 in
3598 4568 3747 4615 tanta

2148 4658 2341 4712 virtute
2386 4663 2626 4710 creatum
2684 4654 3001 4708 subvertere
3057 4652 3248 4722 potuit,
3311 4657 3511 4722 quanto
3568 4650 3747 4719 magis

2148 4762 2269 4801 eum
2309 4744 2399 4814 qui
2458 4751 2533 4797 tot
2582 4742 2816 4796 miseriis
2872 4739 3245 4811 passibilitatis
3303 4747 3353 4793 et
3412 4737 3751 4793 mortalitatis

2150 4832 2413 4905 premitur
2432 4832 2459 4885 ?
2489 4831 2649 4886 Dedit
2671 4830 2828 4885 etiam
2852 4829 3203 4898 semetipsum
3233 4835 3291 4880 ut
3336 4842 3436 4880 nos
3466 4826 3753 4881 mundaret

2150 4922 2217 4975 ab
2247 4921 2395 4977 omni
2424 4919 2620 4975 delicto
2653 4934 2664 4971 :
2698 4934 2793 4972 seu
2823 4916 3089 4989 originali,
3140 4932 3236 4970 seu
3286 4914 3499 4980 actuali,
3546 4915 3601 4967 in
3647 4914 3750 4969 ba-

2151 5010 2367 5082 ptismo.
2398 5008 2511 5061 Nos
2530 5007 2673 5071 dico,
2697 5005 2899 5061 factum
2920 5004 3190 5076 populum
3212 5002 3615 5074 acceptabilem
3646 5001 3751 5057 sibi

2151 5105 2275 5169 post
2304 5094 2738 5150 emundationem
2772 5091 3109 5163 baptismatis
3143 5110 3156 5144 :
3192 5108 3292 5161 per
3314 5091 3417 5145 hoc
3439 5091 3561 5161 quia
3584 5098 3756 5145 secta-

2155 5194 2329 5241 torem
2387 5184 2655 5238 bonorum
2711 5196 2936 5252 operum
2972 5200 2985 5245 ;
3020 5179 3167 5249 prius
3224 5180 3367 5233 enim
3425 5180 3495 5232 ab
3526 5178 3753 5249 imperio

2155 5273 2357 5329 diaboli
2387 5279 2441 5327 et
2471 5271 2764 5344 fragilitate
2794 5268 2974 5325 carnis
3004 5267 3160 5331 emit,
3221 5267 3419 5321 dehinc
3477 5267 3547 5320 ab
3604 5266 3754 5321 omni

2155 5362 2352 5418 delicto
2380 5360 2620 5425 mundat,
2654 5367 2707 5413 et
2734 5358 2837 5413 hoc
2860 5365 3149 5426 utrumque
3178 5355 3232 5409 in
3262 5355 3530 5426 baptismo
3564 5371 3576 5407 :
3612 5362 3755 5424 post-

2156 5467 2218 5506 ea
2248 5466 2344 5521 per
2375 5448 2697 5519 positionem
2746 5447 3014 5501 bonorum
3068 5443 3193 5499 facit
3241 5459 3339 5498 nos
3386 5442 3755 5513 acceptabiles

2157 5540 2291 5595 Deo.
2346 5540 2465 5592 Η(εο
2518 5536 2778 5607 predicta,
2827 5535 2998 5588 Deum
3040 5532 3245 5588 scilicet
3293 5531 3609 5603 apparuisse
3658 5546 3759 5601 per
