3966 6050
259 212 359 265 481

915 205 1287 263 EXPOSITIO
1335 207 1408 261 IN
1445 200 1822 260 EPISTOLAS
1852 200 2073 257 PAULI.
2229 201 2301 256 IN
2353 200 2571 255 EPIST.
2613 200 2707 254 AD
2754 199 2885 254 TIT.

3444 202 3548 257 482

267 333 522 405 gratiam,
573 340 862 387 venturum
910 341 1087 387 autem
1139 332 1192 386 in
1232 330 1494 400 judicium
1526 344 1648 385 cum
1679 326 1853 398 gloria
1874 326 1929 386 Α
1957 324 2053 380 sed
2076 326 2348 381 modestes
2369 332 2421 379 et
2438 325 2576 379 bene
2589 332 2935 393 temperatos,
2953 322 3311 379 ostendentes
3329 338 3548 378 omnem

270 430 381 475 etc.
399 463 412 487 ,
447 423 667 492 loquere
699 429 751 475 et
780 421 916 475 doce
943 436 1039 475 eos
1061 420 1151 491 qui
1173 420 1420 475 nesciunt
1445 437 1458 473 :
1483 423 1538 473 et
1556 416 1859 473 exhortare

270 526 367 564 eos
416 509 508 579 qui
555 509 773 563 sciunt:
825 516 880 562 ut
926 516 1237 579 praeparent
1282 524 1340 561 se
1385 507 1582 579 dignos
1622 503 1860 559 secundo

270 596 548 652 adventui.
582 595 739 664 Quod
768 596 815 650 si
844 597 1101 651 admoniti
1141 596 1365 650 obedire
1405 601 1657 658 renuunt,
1690 607 1860 661 argue

269 701 365 739 eos
394 702 523 741 cum
553 687 709 740 omni
738 686 993 755 imperio,
1026 684 1080 738 id
1113 692 1195 738 est
1224 681 1818 754 episcopaliseveritate
1845 694 1855 731 :

271 773 348 827 ita
380 782 436 827 ut
464 791 628 829 nemo
652 778 704 828 te
735 777 1083 837 contemnat,
1119 772 1171 826 id
1201 780 1283 827 est
1311 780 1368 825 ut
1397 771 1558 825 nimia
1591 768 1861 823 humilitas

270 869 364 916 tua
393 877 503 917 non
538 869 765 934 generet
796 869 1169 932 contemptum
1207 858 1530 931 pontificalis
1568 856 1861 912 auctorita-

270 949 360 1004 tis.

888 1055 1114 1110 CAPUT
1143 1055 1235 1108 ΙΙΙ.

312 1183 315 1187 ⁴
348 1218 371 1248 ι
408 1196 652 1252 Admone
681 1195 804 1250 illos
835 1195 1171 1267 principibus
1202 1203 1253 1251 et
1280 1194 1636 1266 potestatibus
1670 1193 1861 1248 subdi-

279 1308 301 1337 ι
340 1294 424 1340 tos
481 1301 622 1351 esse,
670 1284 816 1340 dicto
864 1284 1104 1353 obedire,
1153 1284 1219 1338 ad
1269 1300 1430 1339 omne
1476 1300 1611 1353 opus
1660 1283 1861 1338 bonum

276 1399 297 1422 α
336 1381 559 1445 paratos
607 1390 775 1427 esse:
817 1373 1088 1427 neminem
1137 1372 1533 1443 blasphemare,
1587 1387 1695 1425 non
1752 1370 1860 1424 liti—

277 1484 300 1514 ι
344 1462 534 1533 giosos
564 1477 705 1526 esse,
732 1461 885 1517 35
905 1460 963 1515 1
996 1461 1093 1515 sed
1108 1461 1404 1527 modestos,
1432 1476 1648 1515 omnem
1670 1467 1860 1513 osten—

275 1574 296 1599 α
333 1551 524 1605 dentes
571 1549 1041 1604 mansuetudinem
1092 1549 1161 1602 ad
1190 1564 1381 1603 omnes
1415 1548 1684 1603 homines.
1722 1549 1860 1602 Era-

278 1661 299 1685 α
334 1654 459 1692 mus
505 1637 649 1693 enim
696 1637 988 1709 aliquando
1032 1644 1084 1691 et
1113 1652 1213 1690 nos
1244 1636 1560 1706 insipientes
1592 1643 1644 1690 et
1675 1636 1859 1690 incre-

273 1748 295 1773 «ι
334 1725 464 1790 duli,
515 1733 781 1797 errantes,
834 1725 1131 1779 servientes
1179 1725 1467 1779 desideriis
1489 1732 1539 1779 et
1570 1724 1864 1793 voluptati-

278 1839 298 1862 σι
336 1814 438 1869 bus
470 1815 651 1881 variis,
685 1814 739 1867 in
774 1814 980 1868 malitia
1010 1822 1061 1867 et
1088 1813 1289 1868 invidia
1319 1821 1564 1883 agentes,
1612 1813 1864 1880 odibiles,

277 1928 298 1950 ι
336 1903 583 1958 odientes
629 1902 883 1958 invicem.
937 1903 1071 1956 Cum
1119 1911 1294 1956 autem
1344 1901 1652 1971 benignitas
1679 1910 1732 1955 et
1761 1902 1867 1955 hu-

275 2014 298 2038 α
335 1991 565 2045 manitas
622 1991 870 2061 apparuit
928 1989 1220 2045 Salvatoris
1269 1990 1439 2044 nostri
1498 1989 1616 2057 Dei,
1662 2004 1769 2045 non
1802 2006 1868 2044 ex

278 2102 301 2130 ι
335 2080 595 2150 operibus
619 2079 842 2147 justitim
872 2096 994 2149 qua:
1024 2078 1253 2133 fecimus
1286 2093 1407 2143 nos,
1441 2077 1537 2132 sed
1570 2078 1869 2132 secundum

281 2191 303 2214 ιι
338 2183 493 2222 suam
521 2167 950 2223 misericordiam
984 2166 1163 2221 salvos
1186 2182 1284 2221 nos
1317 2165 1441 2221 fecit
1470 2181 1568 2237 per
1587 2166 1869 2220 lavacrum

280 2279 303 2306 α
338 2256 772 2326 regenerationis
836 2264 888 2309 et
961 2254 1331 2310 renovationis
1386 2255 1615 2324 Spiritus
1673 2253 1866 2320 sancti,

279 2368 303 2392 α
343 2361 506 2415 quem
535 2342 721 2399 effudit
750 2344 804 2397 in
833 2358 933 2398 nos
962 2344 1195 2407 abunde,
1232 2359 1332 2413 per
1360 2344 1545 2397 Jesum
1596 2342 1871 2396 Christum

278 2456 301 2480 α
338 2433 676 2489 Salvatorem
733 2440 997 2496 nostrum,
1057 2439 1114 2485 ut
1155 2430 1429 2499 justiticati
1474 2430 1650 2503 gratia
1678 2430 1866 2501 ipsius,

277 2543 302 2572 ι
337 2521 583 2576 hazredes
614 2521 785 2574 simus
815 2519 1115 2574 secundum
1149 2536 1303 2589 spem
1349 2519 1471 2574 vitae
1502 2526 1741 2574 internas.
1786 2519 1871 2572 Fi-

277 2633 301 2657 ι·
339 2609 478 2665 delis
508 2624 688 2663 sermo
719 2616 820 2663 est.
854 2608 922 2661 Et
952 2608 1020 2661 de
1050 2607 1134 2661 his
1180 2608 1306 2663 volo
1338 2615 1390 2662 te
1424 2605 1766 2671 confirmare,
1814 2614 1872 2660 ut

282 2721 306 2745 α
340 2705 531 2753 curent
579 2697 735 2751 bonis
782 2696 1039 2766 operibus
1086 2712 1327 2766 praeesse
1349 2696 1441 2767 qui
1470 2695 1694 2751 credunt
1722 2697 1863 2750 Deo.

282 2808 307 2833 ιι
343 2786 469 2840 Haec
498 2792 621 2839 sunt
658 2785 800 2839 bona
839 2793 892 2840 et
922 2784 1073 2839 utilia
1102 2785 1432 2839 hominibus.
1468 2784 1669 2839 Stultas
1695 2792 1873 2837 autem

279 2896 304 2921 ιι
343 2874 689 2945 quaestiones,
750 2882 802 2928 et
850 2874 1224 2946 genealogias,
1281 2881 1333 2928 et
1380 2873 1772 2937 contentiones,
1822 2878 1875 2926 et

282 2984 305 3012 ι
343 2977 556 3033 pugnas
597 2961 738 3033 legis
768 2961 970 3017 devita.
1006 2962 1142 3016 Sunt
1173 2962 1317 3016 enim
1348 2961 1569 3016 inutiles
1600 2969 1651 3015 et
1688 2976 1863 3016 vanas.

282 3071 305 3099 ι
341 3031 966 3105 ilzereticumhominem
1014 3057 1138 3120 post
1168 3066 1329 3103 unam
1382 3049 1501 3120 [al.,
1526 3048 1774 3119 primam]
1824 3031 1943 3103 etC

281 3159 302 3191 ι
344 3139 640 3193 secundam
693 3138 1091 3209 correptionem
1138 3138 1340 3205 devita,
1372 3137 1554 3192 sciens
1585 3138 1713 3207 quia
1741 3137 1873 3191 sub-

281 3250 305 3274 ιι
343 3242 535 3282 versus
564 3234 646 3281 est
678 3227 768 3297 qui
798 3227 1063 3295 ejusmodi
1094 3235 1191 3293 est,
1227 3235 1278 3281 et
1323 3225 1607 3297 delinquit,
1640 3241 1763 3281 cum
1809 3225 1877 3279 sit

288 3337 311 3361 ιι
348 3313 571 3385 proprio
596 3313 802 3382 judicio
848 3315 1261 3370 condemnatus.
1316 3315 1449 3369 Cum
1492 3314 1694 3368 misero
1725 3312 1794 3367 ad
1825 3320 1876 3367 te

286 3423 311 3452 ε
347 3404 642 3467 Artemam,
676 3409 766 3455 aut
787 3403 1098 3472 Tychicum,
1132 3401 1330 3457 festina
1350 3402 1419 3455 ad
1449 3418 1538 3455 me
1567 3401 1754 3455 venire
1774 3400 1875 3454 Ni-

282 3513 306 3537 α
346 3489 599 3560 copolim.
652 3490 731 3543 Ibi
780 3490 925 3544 enim
974 3489 1137 3545 statui
1181 3490 1441 3545 hiemare.
1476 3492 1672 3543 Zenam
1702 3488 1876 3559 legis-

284 3602 308 3625 π
346 3578 577 3649 peritum
608 3585 659 3632 et
689 3578 881 3648 Apollo
911 3578 1139 3633 sollicite
1183 3577 1470 3647 praemitte,
1498 3586 1555 3631 ut
1608 3577 1740 3630 nihil
1770 3576 1877 3630 illis

286 3689 309 3717 ι
342 3666 501 3721 desit.
526 3666 749 3721 Discant
776 3674 956 3720 autem
988 3674 1040 3720 et
1070 3666 1236 3721 vestri
1268 3666 1426 3720 bonis
1457 3665 1713 3736 operibus
1731 3681 1877 3735 prae-

288 3776 314 3805 ι
353 3770 475 3810 esse
504 3754 573 3809 ad
603 3771 734 3808 usus
764 3753 1122 3823 necessarios,
1155 3762 1213 3808 ut
1240 3771 1347 3809 non
1378 3754 1481 3809 sint
1522 3752 1869 3808 infructuosi.

287 3865 311 3894 ι
349 3842 588 3900 Salutant
636 3850 688 3897 te
735 3842 827 3913 qui
875 3859 1089 3898 mecum
1138 3850 1264 3897 sunt
1311 3859 1521 3897 omnes.
1574 3842 1755 3896 Saluta
1785 3857 1880 3896 eos

285 3953 310 3983 α
351 3930 444 4001 qui
472 3947 572 3986 nos
603 3938 787 3985 amant
813 3930 869 3984 in
916 3930 1042 3987 fide.
1095 3931 1286 3986 Gratia
1318 3931 1419 3987 Dei
1474 3947 1597 3986 cum
1627 3930 1881 3985 omnibus

286 4044 309 4067 ιι
351 4018 525 4075 vobis.
558 4021 753 4074 Amen.
784 4040 807 4069 ι

918 4175 1239 4217 EXPOSITIO.

357 4302 440 4357 Ne
470 4301 633 4357 modo
664 4301 832 4367 Titus,
869 4303 996 4373 quia
1024 4302 1237 4358 dixerat
1267 4302 1459 4357 Paulus
1511 4302 1666 4358 omni
1700 4303 1883 4373 impe-

1959 414 2459 469 mansuetudinem
2491 420 2543 467 et
2574 412 2966 465 humilitatem:
2994 427 3101 465 non
3123 419 3325 465 tantum
3358 412 3428 466 ad
3461 412 3553 466 do-

1958 502 2155 569 minos,
2183 503 2281 556 sed
2310 501 2472 557 etiam
2500 501 2571 555 ad
2601 517 2790 557 omnes
2822 501 3093 555 homines.
3143 500 3439 569 Propterea
3474 500 3553 555 sic

1959 591 2083 646 volo
2114 606 2305 645 omnes
2332 590 2553 645 obedire
2583 589 2745 643 etiam
2794 586 3099 642 infidelibus
3128 587 3392 653 dominis,
3428 588 3554 659 quia

1960 679 2205 734 fortassis
2253 679 2345 749 qui
2402 678 2564 732 modo
2609 676 2854 731 infideles
2886 684 3010 729 sunt
3059 674 3185 730 fient
3218 676 3324 731 cito
3364 675 3553 731 fideles

1961 767 2097 822 sicut
2126 776 2178 821 et
2208 784 2326 822 nos.
2352 769 2591 821 Erasmus
2639 768 2793 821 enim
2832 765 3154 836 aliquando,
3190 766 3244 819 id
3275 774 3356 820 est
3388 766 3552 835 paulo

1959 864 2103 920 ante,
2138 856 2497 926 insipientes,
2531 853 2745 909 etiamsi
2774 852 3049 923 sapientes
3073 854 3259 908 mundi
3282 869 3550 909 essemus.

1960 945 2027 998 Et
2055 944 2178 1015 quia
2234 944 2302 997 de
2333 943 2645 1024 cognitione
2704 942 2803 996 Dei
2854 942 2987 995 nihil
3029 942 3392 1012 sapiebamus,
3428 942 3552 998 ideo

1961 1047 2178 1086 eramus
2207 1032 2507 1099 increduli,
2542 1046 2649 1085 non
2682 1030 2943 1085 habentes
2986 1028 3147 1085 fidem
3178 1030 3297 1085 Dei.
3320 1032 3556 1086 Eramus

1961 1119 2121 1174 etiam
2152 1123 2431 1187 errantes,
2457 1118 2509 1172 id
2543 1126 2625 1173 est
2654 1126 2963 1188 peccantes,
2998 1126 3049 1172 et
3079 1121 3384 1175 servientes
3411 1120 3557 1176 desi-

1960 1208 2149 1271 deriis,
2185 1207 2310 1276 quia
2332 1206 2377 1260 si
2397 1206 2847 1261 desiderabamus
2874 1207 3163 1276 pecuniam
3184 1223 3282 1262 seu
3297 1209 3556 1275 honores,

1962 1294 2130 1349 multo
2152 1295 2338 1350 labore
2371 1294 2746 1349 serviebamus
2777 1294 2845 1348 ad
2863 1295 2981 1350 haec
2996 1296 3423 1366 consequenda;
3450 1312 3564 1352 ser-

1960 1384 2169 1439 vientes
2200 1385 2376 1439 etiam
2405 1384 2801 1455 voluptatibus
2827 1383 3011 1438 carnis
3046 1385 3234 1449 variis,
3270 1385 3325 1439 id
3354 1392 3436 1439 est
3465 1401 3560 1440 se-

1961 1473 2197 1529 cundum
2230 1488 2420 1527 omnes
2452 1488 2672 1525 sensus.
2723 1470 2878 1540 Quod
2919 1472 3061 1526 enim
3093 1472 3281 1526 oculus
3320 1472 3557 1541 videbat,

1961 1561 2050 1616 vel
2073 1562 2221 1616 auris
2242 1560 2517 1625 audiebat,
2552 1576 2743 1613 manus
2776 1560 2879 1614 hoc
2909 1560 3375 1630 comprehendere
3405 1561 3561 1617 labo-

1971 1650 2145 1704 rabat.
2176 1650 2291 1703 Nos
2311 1649 2455 1713 dico,
2490 1654 2716 1719 agentes
2745 1649 2808 1702 in
2842 1650 3086 1717 malitia,
3122 1648 3247 1720 quia
3279 1666 3401 1721 qua;
3418 1649 3564 1705 mala

1968 1738 2093 1793 licet
2121 1746 2296 1806 erant,
2328 1736 2695 1791 inferebamus
2725 1737 3006 1807 proximis,
3038 1742 3264 1807 agentes
3304 1738 3466 1793 etiam
3500 1741 3563 1793 in

1967 1826 2205 1895 invidia,
2239 1826 2367 1897 quia
2397 1841 2521 1880 cum
2539 1825 2771 1895 amplius
2794 1841 2900 1879 non
2932 1833 3262 1894 poteramus,
3296 1826 3561 1896 proximis

1967 1914 2360 1977 invidebamus.
2394 1914 2507 1967 Nos
2537 1913 2660 1967 dico
2711 1913 2942 1969 odibiles
2976 1913 3111 1979 aliis,
3143 1922 3196 1968 et
3225 1930 3254 1969 e
3284 1929 3557 1970 converso

1969 2003 2218 2058 odientes
2237 2002 2392 2068 alios,
2427 2001 2606 2056 eundo
2635 2004 2896 2067 invicem,
2951 2001 3003 2054 id
3035 2009 3117 2056 est
3146 2001 3200 2055 in
3229 2017 3562 2073 recompen-

1970 2091 2235 2145 sationem
2264 2090 2391 2145 odii.
2444 2090 2600 2145 Tales
2629 2090 2778 2160 prius
2823 2105 3060 2155 eramus,
3094 2089 3191 2145 sed
3231 2108 3360 2147 cum
3400 2092 3562 2147 beni-

1968 2180 2157 2250 gnitas
2191 2181 2307 2245 Dei,
2338 2178 2393 2232 id
2424 2187 2505 2233 est
2533 2180 2680 2233 Deus
2712 2195 2810 2248 per
2828 2178 3234 2248 benignitatem,
3267 2184 3322 2234 et
3353 2179 3562 2235 huma-

1969 2270 2126 2323 nitas
2144 2267 2242 2321 Dei
2271 2268 2572 2338 apparuit:
2609 2267 2859 2338 designat
2891 2283 3077 2337 quare,
3113 2275 3165 2321 et
3184 2283 3284 2337 per
3312 2268 3442 2339 quid
3459 2268 3567 2325 hoc

1971 2356 2169 2411 factum
2216 2355 2393 2423 fuerit,
2445 2363 2669 2425 propter
2701 2354 3093 2427 benignitatem
3144 2355 3355 2411 scilicet
3385 2364 3437 2411 et
3464 2372 3566 2427 per

1971 2444 2390 2499 humanitatem:
2439 2459 2561 2497 cum
2618 2444 2800 2515 utique
2832 2444 2979 2499 Deus
3008 2458 3178 2498 causa
3210 2443 3564 2515 benignitatis

1971 2548 2071 2603 per
2128 2531 2516 2586 humanitatem
2574 2532 2849 2586 counitam
2891 2531 3073 2585 Verbo
3104 2531 3277 2586 Patris
3308 2532 3564 2602 apparuit

1972 2621 2213 2685 mundo;
2245 2620 2345 2674 Dei
2371 2619 2515 2684 dico,
2548 2620 2731 2675 nostri
2757 2620 3087 2687 Saluatoris,
3138 2620 3265 2691 quia
3296 2620 3434 2676 sicut
3463 2636 3562 2691 pro

1973 2709 2150 2773 nobis,
2183 2708 2263 2763 sic
2291 2724 2391 2778 pro
2419 2708 2499 2762 eis
2520 2708 2611 2779 qui
2639 2708 2815 2763 adhuc
2844 2706 3092 2763 infideles
3123 2716 3250 2762 sunt
3288 2709 3565 2765 salvandis

1972 2796 2224 2867 apparuit
2248 2812 2259 2850 :
2292 2813 2396 2852 nec
2427 2797 2530 2852 hoc
2557 2796 2654 2850 fuit
2680 2813 2754 2852 ex
2776 2796 3038 2868 operibus
3049 2797 3303 2867 justitiaa
3322 2814 3446 2869 qua:
3464 2813 3567 2853 nos

1973 2886 2275 2958 aliquando
2300 2886 2560 2957 fecimus,
2592 2885 2649 2940 id
2678 2894 2779 2953 est,
2815 2886 2938 2951 hoc,
2974 2893 3031 2939 ut
3076 2886 3225 2940 Deus
3258 2894 3567 2956 appareret,

1973 2990 2250 3045 nunquam
2278 2989 2752 3045 promerueramus
2776 2991 2789 3038 ;
2822 2974 2917 3029 sed
2946 2974 3255 3029 secundum
3277 2991 3441 3029 suam
3460 2976 3567 3030 mi-

1973 3064 2337 3118 sericordiam
2367 3063 2505 3133 fecit
2533 3079 2635 3119 nos
2664 3064 2843 3117 salvos
2874 3063 3020 3116 Deus
3046 3078 3146 3133 per
3172 3063 3459 3117 lavacrum
3479 3079 3568 3119 re-

1974 3152 2373 3221 generationis,
2406 3150 2460 3204 id
2492 3158 2574 3205 est
2595 3167 2691 3220 per
2712 3149 3041 3220 baptismum
3063 3150 3117 3203 in
3139 3166 3246 3221 quo
3268 3150 3444 3220 prima
3465 3167 3569 3222 ge-

1975 3238 2205 3306 neratio,
2239 3255 2358 3309 quae
2388 3239 2443 3292 in
2471 3238 2711 3308 peccatis
2745 3247 2844 3303 est,
2878 3238 3215 3293 destruitur:
3247 3246 3300 3292 et
3329 3240 3571 3294 secunda

1978 3326 2288 3395 spiritualis,
2345 3326 2552 3381 scilicet
2597 3326 2878 3398 generatio
2911 3327 3172 3381 habetur:
3206 3335 3259 3381 et
3288 3344 3389 3397 per
3419 3327 3572 3381 lava-

1976 3430 2131 3469 crum
2160 3416 2562 3469 renovationis.
2613 3414 2919 3484 Baptismus
2956 3414 3102 3469 enim
3133 3416 3258 3485 quia
3288 3415 3570 3485 praecedit,

1977 3502 2111 3557 tales
2144 3518 2243 3557 nos
2275 3501 2454 3568 efﬁcit,
2509 3502 2601 3572 qui
2631 3502 2867 3572 quotidie
2918 3504 3217 3558 crescendo
3266 3503 3320 3556 in
3352 3503 3567 3571 melius,

1978 3591 2152 3661 magis
2193 3606 2256 3645 ac
2309 3590 2549 3646 352
2592 3590 2769 3661 magis
2808 3606 3168 3657 renovamur;
3210 3592 3362 3660 juxta
3398 3590 3571 3645 illud:

1983 3699 2005 3729 ι
2040 3678 2394 3734 Renovamini
2416 3678 2604 3749 spiritu
2624 3678 2821 3732 mentis
2841 3686 3037 3734 vestrae
3067 3678 3291 3748 (Ephes.
3316 3695 3393 3745 1v,
3409 3680 3523 3749 23).
3544 3698 3567 3728 ι

1980 3768 2134 3824 Unde
2146 3767 2220 3821 ait
2237 3782 2247 3821 :
2272 3768 2738 3838 regenerationis,
2756 3783 2853 3838 per
2863 3768 3272 3823 evacuationem
3284 3767 3572 3833 malorum;

1982 3864 2034 3910 et
2091 3857 2473 3913 renovationis
2528 3871 2627 3926 per
2680 3856 3008 3925 positionem
3063 3856 3333 3911 bonorum
3382 3855 3577 3927 :quod

1982 3952 2271 4015 utrumque
2294 3952 2346 3999 et
2377 3944 2721 4017 regeneratio
2780 3952 2832 3999 et
2878 3945 3160 4001 renovatio
3206 3952 3289 3999 est
3330 3945 3579 4016 Spiritus

1982 4036 2206 4101 sancti;
2236 4050 2335 4104 per
2365 4032 2610 4104 spiritum
2666 4032 2810 4087 enim
2869 4041 3110 4088 sanctum
3152 4040 3205 4088 et
3234 4033 3578 4088 remittuntur

1983 4130 2223 4192 peccata,
2283 4130 2333 4177 et
2388 4121 2727 4192 accipiuntur
2785 4121 3031 4176 virtutes.
3087 4122 3259 4189 Quem
3317 4121 3578 4192 Spiritum

1986 4219 2232 4266 sanctum
2265 4211 2463 4281 effudit
2494 4211 2639 4264 Deus
2660 4211 2723 4264 in
2744 4226 2846 4264 nos
2864 4210 3103 4274 abunde,
3134 4210 3189 4264 id
3210 4217 3292 4264 est
3313 4208 3583 4265 sufficien-

1985 4308 2067 4353 ter
2097 4299 2166 4353 ad
2195 4299 2575 4353 remissionem
2605 4298 2847 4353 omnium
2876 4298 3193 4353 delictorum
3218 4317 3232 4364 ;
3266 4297 3470 4365 effudit,
3499 4298 3583 4353 in-

289 4391 398 4457 rio,
432 4390 740 4460 opinaretur
777 4391 1128 4447 commissum
1174 4391 1276 4445 sibi
1304 4390 1584 4461 populum,
1624 4389 1728 4443 sibi
1759 4398 1882 4445 tan-
1904 4380 1958 4441 D
1989 4403 2168 4458 quam,
2204 4403 2306 4458 per
2346 4388 2537 4442 Iesum
2590 4386 2878 4442 Christum
2921 4387 3268 4443 Salvatorem
3319 4392 3580 4443 nostrum

288 4486 405 4532 tum
444 4478 638 4547 subjici
667 4479 889 4546 debere,
926 4488 978 4533 et
1006 4495 1114 4534 non
1145 4478 1506 4549 potestatibus
1536 4478 1744 4541 mundi,
1768 4479 1886 4534 haec

287 4566 621 4621 removendo
650 4566 725 4620 ait
757 4581 769 4619 :
804 4568 1053 4622 Admone
1086 4568 1236 4633 illos,
1286 4567 1596 4631 Cretenses,
1639 4566 1887 4621 subditos

290 4670 408 4709 esse
438 4655 787 4726 principibus
822 4656 1029 4720 mundi,
1064 4663 1121 4709 ut
1152 4654 1377 4727 regibus
1406 4659 1461 4709 et
1495 4654 1705 4709 caneris
1723 4658 1885 4725 pote-

289 4743 558 4809 statibus,
619 4742 882 4797 solvendo
940 4743 1159 4809 tributa,
1195 4752 1247 4798 et
1277 4759 1474 4798 census
1503 4742 1714 4797 debitos
1744 4742 1877 4796 illis.

290 4828 538 4884 Admone
561 4830 725 4885 etiam
744 4831 866 4884 illos
892 4830 1117 4886 obedire
1163 4831 1324 4895 dicto,
1358 4830 1430 4901 id
1462 4839 1544 4885 est
1574 4829 1884 4901 praeceptis,

289 4917 616 4987 principum,
649 4934 751 4973 nec
781 4926 962 4973 tamen
992 4919 1057 4972 ad
1081 4935 1218 4989 opus
1248 4918 1518 4973 nefarium
1543 4937 1557 4984 ;
1593 4919 1690 4973 sed
1716 4934 1887 4989 para-

294 5008 378 5061 tos
407 5022 523 5060 esse
550 5005 624 5060 ad
652 5023 817 5063 omne
846 5023 983 5079 opus
1011 5006 1237 5074 bonum,
1271 5007 1416 5079 quod
1459 5006 1772 5077 praecipitur
1809 5006 1888 5061 eis

293 5107 324 5145 a
355 5093 693 5163 principibus
719 5094 850 5149 suis.
885 5095 943 5149 Si
973 5095 1119 5150 enim
1148 5096 1218 5150 ad
1247 5095 1515 5151 culturam
1545 5095 1675 5150 idoli
1704 5094 1785 5150 ire
1800 5094 1888 5163 ju-

296 5181 487 5236 berent
515 5197 610 5236 eos
632 5182 930 5253 principes,
955 5200 1052 5239 seu
1076 5184 1145 5239 ad
1167 5183 1447 5255 quodlibet
1467 5183 1753 5250 nefarium,
1779 5197 1888 5237 non

295 5276 441 5323 esset
454 5269 531 5323 eis
551 5271 787 5325 eundum
812 5288 825 5327 :
862 5296 882 5319 «ι
904 5271 1131 5343 Oportet
1152 5272 1297 5328 enim
1317 5272 1493 5345 magis
1521 5271 1745 5327 obedire
1774 5271 1889 5325 Deo

296 5372 461 5428 quam
492 5359 805 5414 hominibus
834 5360 981 5431 (Act.
1010 5376 1066 5427 v,
1097 5364 1209 5432 29).
1245 5384 1266 5410 υ
1302 5362 1548 5417 Admone
1578 5376 1673 5415 eos
1705 5359 1885 5424 etiam,

292 5447 585 5503 neminem
630 5448 974 5505 dominorum
1022 5467 1249 5505 suorum
1310 5451 1698 5523 blasphemare
1724 5467 1742 5502 :
1786 5463 1890 5503 nec

292 5533 456 5589 etiam
488 5534 784 5608 litigiosos,
806 5537 863 5593 id
882 5544 965 5593 est
985 5554 1086 5595 nec
1103 5539 1391 5596 decertare
1408 5545 1596 5595 contra
1617 5536 1889 5603 dominos,

1985 4476 2284 4531 secundum
2312 4474 2586 4529 hominem
2614 4476 2717 4530 hoc
2749 4474 3105 4531 intellectum.
3146 4476 3292 4530 Deus
3314 4476 3459 4531 enim
3490 4474 3583 4548 qui

1985 4565 2041 4618 in
2063 4564 2281 4620 homine
2310 4563 2403 4619 illo
2433 4571 2564 4632 erat,
2598 4579 2699 4634 per
2724 4564 2999 4618 hominem
3031 4564 3182 4619 illum
3219 4564 3369 4619 dedit
3404 4563 3581 4635 Spiri-

1987 4660 2100 4707 tum
2132 4661 2377 4708 sanctum
2405 4670 2417 4705 :
2441 4652 2509 4706 ad
2536 4652 2639 4707 hoc
2660 4655 2727 4706 ut
2757 4668 2857 4706 nos
2877 4653 3186 4722 justiﬁcati
3212 4670 3315 4724 per
3334 4653 3583 4723 gratiam

1986 4742 2166 4812 ipsius
2188 4741 2305 4807 Dei,
2347 4742 2522 4796 simus
2553 4740 2797 4796 hwredes
2824 4741 2957 4795 vitae
3003 4744 3231 4796 (eterna:
3252 4760 3270 4796 :
3302 4742 3474 4795 ethoc
3496 4755 3582 4796 se-

1987 4829 2237 4885 cundum
2256 4846 2429 4900 spem,
2462 4829 2515 4883 id
2546 4838 2629 4883 est
2648 4828 2947 4884 secundum
2970 4829 3114 4900 quod
3135 4844 3423 4899 speramus
3444 4828 3580 4883 dum

1986 4918 2042 4971 in
2070 4918 2175 4973 hoc
2202 4919 2406 4972 mundo
2439 4926 2708 4972 tenemur.

2060 5006 2160 5062 Hic
2188 5022 2366 5061 sermo
2395 5022 2558 5078 quem
2578 5007 2708 5072 dixi,
2747 5006 2954 5062 scilicet
2983 5023 3079 5077 per
3103 5007 3394 5063 lavacrum
3425 5022 3582 5078 rege-

1989 5095 2308 5151 nerationis
2330 5110 2429 5149 nos
2459 5094 2675 5162 salvari,
2709 5103 2759 5149 et
2792 5096 3036 5151 hazredes
3065 5094 3274 5151 futuros
3307 5112 3431 5152 esse
3452 5097 3583 5152 vita:

1989 5187 2237 5249 (sternte,
2272 5191 2376 5238 etc.
2404 5199 2416 5237 :
2450 5183 2537 5238 hic
2563 5183 2783 5255 inquam
2824 5201 3008 5239 sermo
3034 5184 3220 5253 ﬁdelis
3251 5189 3334 5241 est
3355 5193 3410 5240 et
3438 5185 3579 5239 bene

1991 5271 2287 5327 credibilis.
2338 5272 2404 5326 Et
2433 5271 2556 5335 ideo
2586 5272 2653 5328 de
2685 5273 2770 5328 his
2796 5290 2920 5344 quae
2965 5273 3209 5344 pmdixi,
3269 5276 3389 5329 volo
3442 5276 3516 5338 te,
3551 5286 3584 5327 ο

1990 5359 2124 5425 Tite,
2158 5360 2494 5428 conﬁrmare
2525 5361 2833 5428 Cretenses,
2864 5366 2930 5417 ut
2955 5362 3072 5417 haec
3102 5360 3329 5416 firmiter
3357 5360 3584 5415 credens

1992 5457 2091 5513 tes,
2124 5452 2327 5504 curent
2348 5466 2585 5522 praeesse
2614 5450 2772 5506 bonis
2793 5451 3143 5523 operibus,ut
3172 5451 3217 5504 si
3246 5448 3409 5503 hodie
3439 5448 3581 5504 bene

1993 5544 2304 5608 operantur,
2342 5552 2474 5607 cras
2516 5537 2742 5613 meliora
2784 5538 3062 5611 operando
3108 5552 3345 5611 praeesse
3374 5535 3582 5593 faciant
