3948 6060
437 202 540 257 483

979 206 1035 261 S.
1078 204 1435 261 BRUNONIS
1474 204 2121 262 CARTHUSIANORUM
2158 204 2642 263 INSTITUTORIS
2680 204 2830 262 OPP.
2891 208 3064 263 PARS
3113 206 3185 262 ΙΙ.

3638 206 3751 262 484

438 328 718 384 hodiemis
739 329 921 385 bonis.
962 330 1161 385 Curent
1192 330 1355 385 etiam
1409 347 1647 402 praeesse
1677 331 1814 396 aliis,
1854 330 2106 389 dandoA
2138 330 2402 397 videmus,
2458 331 2763 400 judicamus
2811 332 2881 387 de
2926 331 3309 387 interioribus:
3346 330 3476 402 quia
3508 330 3652 386 enim
3686 331 3747 385 in

443 419 749 488 exemplum
800 419 1069 473 bonorum
1126 419 1177 473 lii
1220 421 1314 491 qui
1359 420 1598 475 credunt
1630 422 1764 475 Deo.
1808 420 1875 473 Et
1899 419 2035 485 hac,

439 506 652 561 scilicet
680 523 921 577 praeesse
950 507 1108 562 bonis
1130 509 1406 578 operibus,
1431 513 1565 563 sunt
1598 508 1739 563 bona
1757 508 1861 561 illis
1882 509 2034 578 ipsis,

443 598 501 648 et
516 602 641 647 sunt
660 596 831 650 utilia
854 597 1171 651 hominibus
1188 612 1281 651 eos
1304 597 1661 651 imitantibus.
1695 598 1773 651 De
1796 597 1879 650 his
1900 612 2036 652 con-

439 680 595 735 ﬁrma
627 684 913 739 Cretenses
939 703 952 749 ;
985 686 1079 739 sed
1099 687 1306 739 stultas
1334 686 1665 757 quaestiones
1700 686 2036 756 etgenealo-

435 772 556 841 gius
604 780 657 825 et
704 772 1080 827 contentiones
1113 790 1231 844 quae
1281 780 1487 827 certant
1514 773 1653 827 inter
1682 790 1740 827 se
1774 774 1842 827 de
1871 773 2035 828 intel-

434 857 577 914 lectu
607 860 1024 931 Scripturarum,
1051 866 1109 916 et
1144 878 1366 933 pugnas
1415 862 1569 932 legis,
1603 861 1655 915 id
1687 869 1767 915 est
1781 877 1900 932 qua:
1932 861 2033 915 sibi

436 947 670 1003 invicem
700 948 954 1003 videntur
984 950 1274 1015 contraire,
1325 966 1662 1021 quiecunque
1694 958 1817 1003 sunt
1845 950 2033 1017 hujus-

436 1036 603 1101 modi,
640 1036 852 1091 devita.
909 1038 1054 1092 Sunt
1085 1038 1237 1092 enim
1259 1039 1513 1101 inutiles,
1556 1038 1672 1092 sine
1702 1037 1883 1108 aliquo
1913 1037 2033 1091 fru-

432 1131 541 1192 ctu,
576 1124 854 1195 (quodque
884 1125 1039 1195 pejus
1070 1126 1172 1195 est)
1208 1143 1383 1191 vance,
1418 1126 1471 1179 id
1503 1134 1585 1180 est
1616 1126 1732 1180 sine
1764 1124 1988 1180 veritate
2014 1144 2029 1192 ;

430 1212 757 1282 quaestiones
786 1214 882 1267 has
913 1214 981 1268 de
1013 1214 1139 1268 vita.
1173 1214 1364 1269 Devita
1395 1214 1555 1268 etiam
1586 1216 1914 1270 haretieum
1938 1216 2032 1270 ho-

432 1297 669 1362 minem,
700 1296 755 1349 id
778 1304 861 1350 est
891 1297 960 1351 ab
991 1298 1195 1351 unitate
1224 1296 1350 1352 fidei
1376 1298 1630 1352 divisum.
1664 1298 1855 1353 Devita
1884 1298 2025 1364 dico,

432 1383 479 1437 si
508 1384 894 1455 incorrigibilis
924 1384 1084 1440 fuerit
1112 1390 1233 1458 post
1257 1402 1455 1451 unam,
1489 1386 1543 1440 id
1572 1394 1653 1441 est
1681 1386 1927 1456 primam,
1975 1391 2033 1442 et

432 1473 737 1528 secundam
766 1474 1196 1545 eorreptionem,
1229 1475 1355 1546 quia
1384 1475 1429 1528 si
1476 1474 1560 1529 bis
1588 1475 1892 1530 admonitus
1923 1491 2031 1530 non

435 1560 775 1631 paenituerit,
832 1561 921 1616 hic
950 1562 1041 1632 qui
1092 1570 1173 1617 est
1203 1563 1495 1632 ejusmodi,
1529 1563 1581 1617 id
1611 1572 1693 1618 est
1722 1564 2025 1629 haereticus,

2140 419 2452 489 episcopatu
2481 436 2576 475 eos
2623 436 2847 475 manere
2879 420 3144 488 videmus,
3182 436 3347 491 quem
3380 435 3480 490 per
3503 420 3745 489 pretium

2136 507 2317 577 adepti
2347 516 2488 571 sunt,
2517 509 2823 577 judicamus
2844 510 2912 563 de
2943 510 3021 565 eis
3051 517 3108 563 ut
3160 509 3223 563 de
3256 508 3605 563 credentibus
3635 525 3745 578 pe-

2136 596 2297 650 cunia
2354 612 2515 665 posse
2574 597 2841 667 possideri
2904 597 3164 667 Spiritum
3194 605 3459 651 sanctum.
3494 595 3655 664 Quod
3689 596 3739 651 si

2135 684 2317 738 dicunt
2349 684 2614 740 beneficia
2643 685 2962 756 temporalia
2991 686 3163 743 solum
3195 702 3254 739 se
3287 685 3506 750 emisse,
3542 693 3595 739 et
3626 700 3741 739 non

2134 773 2619 839 consecrationem,
2644 775 2876 845 ideoque
2904 790 3013 829 non
3064 790 3186 829 esse
3218 773 3576 840 Simoniacos,
3609 773 3741 828 lon-

2137 876 2207 932 ge
2229 861 2470 915 deterius
2498 862 2755 917 sentiunt.
2796 863 3069 932 Scriptum
3101 870 3183 917 est
3220 862 3361 917 enim
3390 877 3402 914 :
3436 860 3539 930 Qui
3569 877 3740 931 sepa-

2133 948 2329 1003 raverit
2358 965 2440 1018 se,
2473 949 2685 1005 dicatur
2713 950 2788 1004 illi
2819 950 3128 1004 anathema.
3180 949 3328 1004 Sicut
3358 949 3501 1003 enim
3532 964 3740 1019 corpus

2133 1046 2186 1090 et
2240 1035 2419 1091 anima
2476 1046 2752 1108 nequeunt
2783 1038 3025 1108 separari
3070 1046 3127 1092 ut
3156 1037 3381 1092 alterum
3412 1037 3593 1102 vivat;
3656 1038 3739 1092 sic

2132 1122 2457 1180 beneficium
2516 1126 2815 1196 temporale
2846 1142 2878 1180 a
2909 1126 3138 1196 spiritali
3165 1126 3218 1179 in
3250 1125 3508 1196 episcopo
3546 1126 3737 1196 nequit

2132 1213 2394 1282 separari.
2430 1214 2545 1269 Hoc
2575 1214 2914 1269 sentiendum
2942 1214 3010 1269 de
3050 1214 3335 1269 ordinibus
3367 1221 3420 1268 et
3448 1221 3729 1283 tempora-

2130 1299 2273 1355 libus
2303 1302 2621 1356 honoribus.

2202 1390 2491 1460 Postquam
2550 1389 2733 1445 docuit
2782 1390 2959 1445 Titum
3006 1389 3075 1445 de
3118 1389 3284 1444 rebus
3332 1388 3735 1455 ecclesiasticis,

2130 1478 2317 1531 scribit
2361 1478 2429 1531 ad
2461 1494 2584 1533 eum
2616 1478 2683 1533 de
2715 1478 3043 1550 quibusdam
3072 1478 3301 1548 privatis
3332 1478 3561 1532 didens:
3601 1478 3738 1533 Curi

2128 1566 2330 1621 misero
2357 1566 2429 1620 ad
2445 1570 2518 1634 te,
2545 1582 2576 1620 ο
2608 1566 2742 1631 Tite,
2776 1568 3103 1621 Arthemam
3129 1569 3233 1621 aut
3291 1566 3611 1637 Tychieum,
3644 1569 3737 1635 fe-

431 1648 724 1704 subuersus
768 1654 886 1717 est;
938 1666 1046 1705 non
1074 1667 1175 1720 per
1224 1651 1604 1722 ignorantiam,
1639 1653 1736 1707 sed
1767 1652 1944 1707 sciens
1976 1660 2099 1738 etB
2130 1656 2283 1708 stina
2314 1657 2504 1709 venire
2528 1654 2600 1709 ad
2629 1671 2717 1709 me
2740 1655 3090 1726 Nicopolim;
3122 1654 3199 1708 ibi
3229 1656 3383 1709 enim
3413 1654 3596 1708 statui
3626 1654 3745 1710 hic.

428 1737 669 1808 prudens
715 1753 933 1792 manum
974 1739 1133 1793 mittit
1161 1739 1215 1792 in
1237 1740 1441 1812 ignem,
1486 1745 1541 1795 et
1573 1740 1660 1795 hic
1689 1741 1812 1795 talis
1834 1741 2024 1795 delin-

430 1827 555 1897 quit
574 1829 800 1898 proprio
813 1828 1051 1898 judicio,
1084 1828 1138 1881 id
1168 1836 1251 1883 est
1281 1845 1344 1882 ex
1357 1828 1578 1899 prOpria
1605 1828 2021 1895 deliberatione,

431 1914 581 1969 nullo
637 1915 948 1986 impellente
1004 1932 1148 1982 eum,
1183 1924 1236 1971 et
1290 1916 1412 1972 ideo
1447 1919 1854 1973 condemnatus
1883 1927 1965 1973 est
1991 1932 2024 1971 a

432 2002 569 2057 Deo.

499 2091 639 2145 Nota
671 2092 816 2161 quod
848 2107 913 2146 ex
941 2092 1045 2147 hoc
1078 2091 1199 2147 loco
1229 2092 1501 2163 colligitur
1531 2093 1677 2164 quod
1707 2092 1751 2147 si
1778 2093 1900 2163 quis
1928 2092 2023 2146 im-

426 2180 724 2250 prudenter
753 2188 913 2247 errat,
947 2188 998 2235 et
1026 2196 1265 2235 errorem
1297 2198 1450 2235 suum
1482 2197 1591 2235 non
1620 2180 1879 2249 defendit,
1932 2181 2018 2236 hic

430 2282 537 2322 non
586 2276 669 2322 est
709 2268 1036 2336 judicandus
1086 2269 1411 2324 haereticus:
1447 2269 1543 2323 sed
1575 2269 1667 2323 ille
1698 2277 1897 2323 tantum
1931 2270 2022 2340 qui

428 2356 574 2427 quod
606 2356 745 2410 male
774 2356 841 2410 de
870 2355 975 2411 fide
1004 2356 1165 2411 sentit
1193 2357 1362 2428 (quod
1391 2357 1631 2412 deterius
1662 2358 1766 2428 est)
1796 2357 2027 2412 incorri-

428 2444 611 2516 gib‘ilis
660 2452 941 2499 asseverat
989 2452 1043 2499 et
1086 2444 1346 2500 defendit.
1397 2444 1556 2514 Quod
1603 2446 1648 2500 si
1690 2447 1793 2501 hoc
1816 2446 2027 2500 ratione

428 2532 765 2589 Simoniacos
806 2549 1075 2606 negamus
1128 2550 1251 2589 esse
1309 2534 1629 2589 haereticos:
1674 2535 1851 2589 sciunt
1882 2534 2027 2588 enim

428 2638 488 2676 se
517 2622 659 2676 male
686 2638 868 2693 agere,
893 2638 993 2678 nec
1023 2623 1347 2693 approbant,
1382 2623 1478 2677 sed
1511 2623 1795 2677 ambitiose
1826 2640 2026 2678 caecan-

428 2718 551 2764 tur:
610 2719 801 2765 contra
849 2712 951 2765 hoc
1010 2711 1225 2777 dicitur,
1259 2711 1383 2781 quia
1406 2712 1533 2781 quid
1563 2711 1665 2781 ipsi
1696 2711 2023 2766 intenderint

427 2798 603 2869 pretio
652 2807 1034 2868 comparantes
1082 2799 1227 2854 dona
1274 2800 1505 2869 Spiritus
1535 2800 1709 2855 sancti
1739 2800 2016 2867 nescitur;

424 2885 527 2941 soli
583 2886 727 2941 enim
784 2887 898 2942 Deo
925 2887 1140 2943 occulta
1169 2888 1415 2942 cordium
1461 2888 1697 2943 revelata
1745 2896 1886 2954 sunt,
1921 2890 2017 2944 sed

426 2976 725 3031 secundum
782 2975 927 3047 quod
976 2975 1029 3029 in
1089 2976 1446 3031 exterioribus
1477 2991 1663 3030 eorum
1697 2975 1853 3032 factis
1882 2978 2021 3032 dona

2132 1757 2308 1795 mare.
2343 1743 2409 1795 Et
2426 1750 2715 1812 antequam
2730 1743 3455 1813 venias,prwmitteZenam
3485 1743 3738 1813 peritum

2136 1831 2287 1899 legis,
2336 1830 2422 1885 vel
2482 1829 2770 1900 Scriptura:
2810 1830 3025 1895 divinae,
3059 1830 3145 1885 vel
3177 1829 3488 1895 saecularis,
3523 1833 3580 1884 et
3611 1846 3737 1883 cum

2133 1933 2198 1972 eo
2230 1919 2442 1989 Apollo.
2470 1918 2579 1973 Hos
2607 1919 2790 1989 utique
2812 1919 3075 1989 przemitte
3097 1920 3362 1982 sollicite,
3397 1918 3451 1972 id
3482 1926 3564 1973 est
3596 1918 3739 1973 bene

2134 2014 2476 2077 procuratos,
2512 2007 2690 2061 dando
2722 2007 2829 2061 illis
2855 2023 2974 2078 quae
3006 2006 3318 2063 necessaria
3348 2014 3509 2071 sunt;
3542 2006 3617 2059 ita
3646 2006 3738 2061 di—

2129 2110 2193 2149 co
2225 2094 2472 2160 sollicite,
2506 2101 2571 2150 ut
2600 2095 2751 2150 nihil
2781 2096 2926 2150 desit
2945 2097 3081 2150 illis.
3108 2094 3264 2164 Quod
3294 2094 3338 2148 si
3368 2094 3567 2165 quaeris
3590 2095 3737 2150 unde

2129 2184 2245 2238 hazc
2276 2183 2530 2253 accipias,
2565 2184 2690 2239 volo
2722 2192 2774 2238 ct
2799 2184 2911 2253 jam
2939 2191 2995 2237 ut
3016 2184 3491 2238 nostriCretcnses
3504 2184 3735 2238 discant

2126 2287 2358 2342 praeesse
2393 2273 2548 2327 bonis
2577 2272 2851 2343 operibus,
2884 2273 2952 2327 de
2983 2272 3070 2327 die
3087 2272 3139 2326 in
3171 2272 3317 2326 diem
3346 2271 3690 2327 meliorando
3718 2290 3732 2326 :

2127 2359 2205 2414 sic
2238 2359 2421 2430 utique
2452 2377 2710 2430 praeesse,
2744 2360 3173 2415 administrando
3210 2361 3555 2416 necessarios
3597 2377 3735 2415 usus

2131 2448 2599 2517 praedicatoribus,
2619 2453 2681 2503 ut
2723 2448 2776 2501 hi
2810 2449 3223 2504 Cretensesnon
3246 2449 3737 2518 sintin/ructuosi

2129 2535 2441 2591 doctoribus
2473 2537 2624 2603 suis;
2656 2537 2752 2591 sed
2784 2537 3083 2591 ministrent
3102 2551 3438 2608 quaecunque
3489 2536 3609 2589 usui
3633 2551 3733 2591 eo-

2129 2641 2243 2678 rum
2276 2624 2588 2679 necessaria
2622 2633 2765 2679 sunt.
2795 2649 2816 2672 α
2847 2625 3201 2679 Laborantem
3260 2625 3403 2678 enim
3430 2624 3732 2695 agricolam

2125 2712 2586 2782 oportetprimum
2607 2713 2674 2768 de
2700 2712 2768 2768 3
2782 2713 2852 2769 5
2866 2712 2935 2768 3
2954 2712 3213 2767 fructibus
3231 2711 3573 2782 accipere(II
3590 2714 3728 2767 Tim.

2123 2815 2179 2864 ll,
2208 2804 2281 2869 6).
2315 2823 2336 2847 »
2360 2801 2633 2855 Salutant
2670 2805 2722 2856 te
2760 2817 2951 2856 omnes
2989 2792 3087 2873 qui
3130 2816 3350 2855 mecum
3382 2804 3543 2865 sunt,
3589 2807 3643 2854 et
3672 2808 3731 2853 tu

2119 2890 2309 2943 saluta
2338 2904 2427 2943 eos
2450 2890 2544 2961 qui
2575 2904 2678 2944 nos
2704 2892 2904 2944 amant
2935 2892 2997 2943 in
3019 2888 3146 2957 ﬁde,
3166 2889 3219 2942 id
3238 2896 3319 2943 est
3346 2887 3559 2943 fideles.
3596 2889 3731 2943 Gra-

2125 2978 2205 3033 tia
2234 2978 2335 3033 Dei
2350 2979 2428 3033 sit
2456 2994 2587 3034 cum
2616 2980 2873 3035 omnibus
2896 2979 3066 3035 vobis.
3098 2980 3296 3033 Amen.

1218 3249 1712 3307 ARGUMENTUM
1751 3251 1824 3305 IN
1860 3248 2255 3307 EPISTOLAM
2294 3251 2388 3305 AD
2428 3250 2915 3306 PHILEMONEM.

489 3401 791 3458 Philemoni
819 3400 1099 3456 familiaris
1136 3400 1346 3457 litteras
1362 3400 1488 3457 facit
1507 3417 1605 3472 pro
1637 3400 1897 3457 Onesimo
1920 3417 2079 3459 servo
2109 3402 2244 3471 ejus,
2270 3404 2517 3460 scribens
2546 3401 2595 3457 ei
2626 3401 2695 3456 ab
2718 3401 2853 3456 urbe
2898 3401 3068 3455 Roma
3089 3400 3157 3456 de
3177 3415 3396 3456 carcere
3416 3415 3517 3471 per
3544 3399 3725 3471 ipsum

428 3473 745 3530 Onesimum
759 3514 773 3528 .

1288 3809 1732 3872 PROLOGUS
1775 3811 1850 3869 B.
1898 3809 2317 3872 BRUNONIS
2360 3809 2443 3870 IN
2486 3810 2851 3870 EAMDEM.

489 3996 686 4052 Paulus
733 3994 1021 4050 familiares
1081 3994 1283 4049 litteras
1314 3994 1501 4050 scribit
1539 3995 1609 4049 ad
1631 3994 2019 4063 Philemonem,
2053 4004 2104 4062 1)
2130 3995 2296 4051 Paulo
2338 3995 2532 4050 exinde
2576 4002 2629 4050 et
2677 3993 2922 4049 fortassis
2953 3993 3021 4048 de
3052 3991 3229 4047 furata
3258 3991 3509 4062 pecunia.
3544 3990 3722 4060 Quem

419 4101 583 4157 quem
637 4084 705 4139 ad
752 4082 917 4139 fidem
946 4090 1313 4149 converterat,
1346 4085 1532 4139 Romae
1562 4083 1773 4139 vinctus
1804 4084 1860 4137 in
1890 4100 2017 4139 car-

419 4188 565 4229 cere.
619 4175 860 4244 Accepta
905 4172 1029 4228 inde
1075 4173 1384 4238 occasione,
1420 4172 1544 4244 quia
1574 4171 1796 4242 quidam
1829 4188 2021 4228 servus

2122 4085 2318 4139 Paulus
2376 4084 2730 4139 reconciliare
2787 4082 3041 4152 cupiens,
3102 4080 3323 4135 remittit
3353 4097 3568 4135 servum
3598 4097 3723 4135 cum

2120 4174 2222 4227 hac
2250 4172 2490 4243 Epistola
2523 4173 2595 4227 ad
2624 4170 2923 4238 dominum,
2956 4170 3011 4223 in
3042 4185 3149 4241 qua
3168 4169 3279 4241 agit
3300 4169 3369 4223 de
3386 4169 3719 4233 Philemone,

417 4262 747 4317 Philemonis
804 4260 1114 4327 Onesimus,
1150 4277 1271 4317 cum
1315 4261 1491 4317 adhuc
1531 4260 1766 4315 infidelis
1796 4268 1959 4327 esset,
1992 4276 2022 4315 a
2122 4261 2419 4316 obsecrans
2476 4276 2600 4315 eum
2654 4259 2838 4313 multis
2888 4266 2941 4313 et
2987 4257 3221 4313 diversis
3251 4257 3432 4313 causis
3458 4265 3516 4311 ut
3545 4256 3725 4311 indul-

419 4349 639 4405 domino
694 4350 874 4405 furtim
931 4351 1169 4423 elapsus,
1211 4349 1279 4405 de
1311 4350 1542 4421 pecunia
1574 4350 1775 4404 domini
1810 4358 2021 4405 secrete

417 4446 809 4509 asportaverat.
846 4441 1094 4511 Dumque
1125 4456 1185 4495 se
1214 4439 1523 4493 absentaret
1552 4454 1583 4492 a
1630 4438 1881 4506 Domino,
1915 4454 2017 4493 ve-

416 4526 496 4582 nit
547 4528 777 4582 Romam
805 4528 874 4582 ad
905 4528 1129 4582 Paulum
1182 4527 1239 4581 in
1283 4543 1522 4583 carcere.
1557 4527 1745 4599 Ibique
1791 4534 2015 4597 accepto

414 4615 583 4673 verbo
640 4614 785 4682 fidei,
863 4632 894 4670 a
922 4615 1091 4671 Paulo
1121 4616 1421 4686 baptizatus
1444 4624 1527 4671 est
1578 4614 2012 4687 ministravitque

2122 4358 2249 4422 geat
2276 4366 2437 4404 servo
2470 4349 2614 4421 quod
2643 4346 2909 4419 peccavit.
2945 4348 3006 4400 In
3036 4362 3141 4418 qua
3171 4362 3229 4400 re
3262 4345 3487 4400 intendit
3516 4362 3617 4400 nos
3638 4346 3721 4399 in-

2123 4446 2354 4502 struere,
2409 4446 2461 4493 et
2482 4438 2750 4493 orandum
2780 4452 2903 4491 esse
2931 4450 3028 4506 pro
3059 4434 3429 4505 delinquente,
3463 4434 3509 4488 si
3539 4434 3721 4505 poeni-

2116 4526 2299 4592 tuerit,
2333 4533 2385 4581 et
2414 4525 2753 4597 parcendum
2784 4540 2907 4579 esse
2937 4523 3028 4595 (ab
3059 4539 3123 4578 eo
3155 4523 3245 4593 qui
3278 4522 3442 4577 habet
3472 4530 3717 4593 potesta-

2114 4614 2246 4684 tem)
2275 4613 2629 4686 delinquenti,
2666 4613 2712 4668 si
2740 4613 2811 4668 ad
2836 4610 3272 4668 misericordiam
3301 4610 3631 4683 confugerit.

1166 4975 1778 5073 EPISTOLA
1834 4974 1997 5070 AD
2078 4971 2934 5075 PHILEMONEM.

488 5224 509 5255 ι
545 5200 742 5257 Paulus
789 5200 1000 5257 vinctus
1047 5200 1246 5256 Christi
1275 5202 1420 5269 Jesu,
1456 5209 1507 5257 et
1537 5201 1851 5256 Timotheus
1894 5199 2006 5254 fra-

414 5313 437 5343 ‹
471 5300 568 5359 ter,
631 5289 949 5354 Philemoni,
1001 5288 1199 5346 dilecto
1241 5290 1469 5359 adjutori
1500 5299 1703 5358 nostro,
1738 5297 1790 5343 et
1818 5288 2006 5359 Appiae

413 5406 436 5429 υ
471 5378 649 5436 sorori
708 5378 1041 5435 charissima:
1098 5386 1152 5433 et
1202 5379 1480 5451 Archippo
1518 5376 1871 5434 commilitoni
1900 5392 2005 5431 no-

414 5488 438 5519 ι
474 5475 607 5535 stro,
643 5474 696 5523 et
720 5466 983 5524 Ecclesiae
1011 5466 1203 5540 quaein
1233 5468 1396 5524 domo
1422 5474 1512 5522 tua
1542 5474 1643 5522 est.
1689 5464 1873 5521 Gratia
1902 5480 1998 5521 vo-

411 5576 441 5609 c
468 5555 551 5610 bis
610 5564 662 5613 et
691 5572 795 5628 pax
842 5571 876 5613 a
904 5555 1019 5614 Deo
1067 5556 1224 5613 Patre
1268 5564 1478 5625 nostro,
1519 5562 1573 5612 et
1616 5553 2005 5612 DominoJesu

2120 5221 2143 5249 ι
2179 5197 2414 5255 Christo.
2481 5197 2699 5253 Gratias
2755 5212 2861 5270 ago
2916 5197 3033 5251 Deo
3062 5210 3205 5261 meo,
3241 5210 3457 5266 semper
3495 5211 3712 5251 memo-

2121 5311 2142 5335 «
2176 5288 2315 5342 riam
2371 5289 2447 5342 tui
2503 5287 2705 5343 faciens
2752 5286 2809 5340 in
2870 5284 3204 5341 orationibus
3260 5284 3418 5352 meis,
3484 5285 3716 5339 audiens

2118 5399 2140 5425 «
2170 5377 2487 5432 charitatem
2524 5383 2689 5443 tuam,
2721 5383 2773 5430 et
2803 5373 2965 5429 fidem
2993 5389 3155 5445 quam
3191 5373 3361 5427 habes
3392 5372 3447 5427 in
3478 5372 3713 5427 Domino

2118 5485 2141 5516 ‹
2175 5465 2323 5533 Jesu,
2357 5473 2409 5521 et
2437 5465 2491 5519 in
2523 5480 2714 5520 omnes
2773 5470 3013 5530 sanctos,
3047 5470 3106 5518 ut
3137 5461 3558 5518 communicatio
3588 5459 3718 5516 fidei

2117 5574 2141 5604 α
2178 5561 2283 5609 tua:
2339 5554 2564 5611 evidens
2614 5552 2670 5609 in
2728 5552 3005 5627 agnitione
3061 5550 3240 5607 omnis
3286 5548 3473 5622 operis
3503 5549 3633 5606 boni
3662 5549 3720 5604 in
