3966 6050
246 167 347 220 485

902 163 1281 221 EXPOSITIO
1318 165 1393 219 IN
1430 162 1808 220 EPISTOLAS
1849 161 2073 217 PAULI.
2107 190 2176 200 —
2208 160 2277 214 lN
2315 158 2533 215 EPIST.
2574 160 2668 215 AD
2708 160 2882 214 PHIL.

3455 158 3557 212 £86

252 312 273 335 α
315 288 530 343 Christo
575 290 722 342 Jesu.
765 289 1035 343 Gaudium
1068 289 1211 343 enim
1259 304 1520 361 magnum
1559 287 1742 353 habui,
1803 293 1855 341 et
1876 288 1929 346 A
1961 301 2123 354 quem
2154 284 2275 338 ideo
2306 284 2359 337 in
2390 284 2493 338 hac
2522 283 2761 353 Epistola
2798 282 3009 349 salutat,
3042 288 3100 336 ut
3131 280 3394 336 benevole
3422 282 3555 336 hor-

249 400 269 422 υ
307 377 732 432 consolationem
802 377 854 430 in
922 378 1185 432 charitatc
1244 386 1355 445 tua,
1445 377 1573 447 quia
1638 376 1853 430 viscera

248 486 270 515 ι
307 474 616 521 sanctorum
675 465 1059 536 requieverunt
1092 482 1190 535 per
1240 474 1311 531 te,
1371 465 1560 519 frater.
1625 466 1852 534 Propter

251 576 272 603 α
311 555 455 624 quod
482 553 701 607 multam
741 554 995 609 ﬁduciam
1026 555 1231 609 habens
1262 553 1315 607 in
1347 553 1563 607 Christo
1585 554 1714 607 Jesu
1745 553 1852 605 im-

252 663 273 691 «
303 642 529 712 perandi
573 642 668 695 tibi
717 643 863 713 quod
897 643 965 696 ad
999 659 1111 697 rem
1160 643 1411 713 pertinet,
1467 649 1691 713 propter
1720 642 1852 695 cha-

249 752 270 775 ν
312 730 528 784 ritatem
560 730 737 803 magis
769 732 1019 796 obsecro,
1064 747 1185 786 cum
1237 731 1312 784 sis
1363 730 1505 796 talis,
1553 738 1610 783 ut
1655 729 1855 783 Paulus

251 841 272 863 ιι
306 835 493 884 senex,
529 835 674 874 nunc
723 827 899 873 autem
930 828 981 874 et
1010 820 1219 875 vinctus
1246 822 1377 875 Jesu
1418 819 1636 883 Christi,
1690 820 1855 873 obse-

256 928 278 956 «
317 923 412 961 cro
444 915 496 961 te
524 924 621 978 pro
654 924 776 963 meo
809 906 938 973 filio,
974 924 1133 979 quem
1167 908 1327 980 genui
1350 908 1404 960 in
1428 908 1675 974 vinculis,
1704 906 1855 961 One-

252 1018 273 1042 u
304 995 465 1060 simo,
498 995 588 1067 qui
619 995 713 1049 tibi
752 996 1047 1067 aliquando
1087 996 1290 1049 inutilis
1337 996 1452 1063 fuit,
1503 1012 1642 1049 nunc
1675 1004 1856 1049 autem

252 1105 275 1133 α
313 1092 366 1138 et
387 1083 518 1136 mihi
554 1092 605 1137 et
636 1083 730 1137 tibi
761 1084 929 1146 utilis,
966 1086 1128 1154 quem
1163 1083 1342 1138 remisi
1374 1084 1490 1137 tibi.
1539 1084 1616 1137 Tu
1674 1091 1853 1137 autem

253 1192 275 1220 ι
320 1172 469 1224 illum
501 1178 555 1224 ut
604 1187 727 1225 mea
773 1172 985 1226 viscera
1036 1171 1251 1242 suscipe
1298 1171 1486 1243 [tilium
1517 1188 1695 1225 meum
1728 1172 1855 1226 cha-

255 1283 277 1306 «ι
312 1258 629 1330 rissimum].
666 1259 841 1327 Quem
885 1276 990 1331 ego
1022 1260 1303 1314 volueram
1343 1276 1555 1314 mecum
1586 1259 1849 1325 detinere,

255 1368 277 1397 α
315 1355 371 1401 ut
403 1364 501 1418 pro
531 1356 583 1401 te
615 1348 743 1401 mihi
788 1348 1120 1402 ministraret
1169 1348 1222 1401 in
1270 1348 1499 1403 vinculis
1547 1348 1852 1419 Evangelii.

258 1457 279 1486 ι
312 1436 440 1490 Sine
472 1436 701 1490 consilio
741 1444 922 1491 autem
954 1445 1044 1491 tuo
1095 1436 1225 1490 nihil
1274 1437 1419 1490 volui
1452 1436 1650 1505 facere,
1684 1437 1758 1489 uti
1789 1453 1857 1490 ne

260 1546 281 1571 ε
315 1524 463 1579 velut
493 1540 556 1578 ex
576 1524 902 1579 necessitate
925 1525 1126 1578 bonum
1161 1533 1309 1578 tuum
1341 1533 1503 1589 esset,
1532 1525 1629 1579 sed
1659 1524 1857 1578 volun-

1952 381 2096 427 tetur
2137 380 2390 443 parentes
2438 372 2725 443 indulgere
2775 370 3053 426 Onesimo.
3100 370 3353 425 Scribunt
3398 369 3557 423 etiam

1954 462 2236 524 Ecclesiae,
2274 461 2328 516 id
2359 469 2440 515 est
2472 459 2689 513 familia:
2718 460 2784 513 ad
2815 459 2977 514 fidem
2996 458 3195 513 Christi
3220 466 3551 525 convocatae,

1954 567 2075 623 qua’
2105 549 2351 605 Ecclesia
2391 553 2473 603 est
2502 550 2565 603 in
2595 549 2753 605 domo
2787 552 2925 603 tua:
2955 548 3078 602 ideo
3110 555 3271 602 totam
3296 546 3554 601 familiam

1955 638 2171 704 salutat,
2209 654 2366 709 quam
2411 645 2518 691 tam
2560 638 2728 708 digno
2779 636 3016 701 nomine,
3051 637 3104 689 id
3135 644 3217 690 est
3263 635 3550 691 ecclesiam

1954 726 2208 796 appellat,
2244 734 2297 779 ut
2328 725 2503 780 omnis
2535 725 2737 779 familia
2766 741 2952 780 secum
2982 741 3083 795 pro
3113 724 3373 779 Onesimo
3405 724 3549 794 apud

1958 814 2325 868 Philemonem
2387 814 2768 879 intercederet,
2820 814 3055 868 dicens:
3104 814 3251 868 Vobis
3299 811 3550 867 omnibus

1955 902 2349 973 patrifamilias,
2372 902 2554 967 matri,
2589 901 2718 968 filio,
2753 911 2803 956 et
2834 901 3052 957 familiae
3080 902 3147 955 sit
3177 902 3384 973 gratia,
3404 900 3551 954 idest

1957 990 2203 1045 remissio
2260 999 2629 1060 peccatorum,
2684 994 2738 1045 et
2796 1008 2933 1062 pax,
2966 990 3021 1043 id
3069 998 3151 1044 est
3191 989 3553 1061 tranquillitas

1956 1078 2144 1133 animi.
2177 1079 2313 1148 Sint,
2346 1079 2586 1150 inquam,
2621 1078 2776 1134 vobis
2798 1079 2914 1134 haec
2941 1095 2975 1132 α
3007 1080 3112 1133 Deo
3130 1083 3294 1151 patre
3318 1082 3511 1134 nostro
3536 1097 3555 1133 :

1958 1168 2049 1240 qui
2078 1174 2257 1237 potest
2283 1175 2333 1221 et
2362 1167 2498 1235 vult,
2529 1172 2586 1222 et
2612 1183 2641 1220 a
2672 1168 2905 1223 Domino
2934 1169 3065 1223 Jesu
3097 1168 3333 1233 Christo,
3368 1166 3458 1237 qui
3481 1166 3553 1221 si-

1956 1255 2155 1310 militer
2184 1256 2298 1310 vult
2327 1263 2376 1310 et
2408 1262 2604 1325 potest.

2024 1346 2092 1400 Ut
2115 1343 2405 1414 Apostolus
2445 1343 2775 1399 exorabilem
2804 1343 2986 1413 faciat,
3019 1344 3090 1398 ait
3122 1362 3134 1397 :
3167 1345 3287 1416 Ego
3316 1344 3556 1399 audiens

1957 1432 2299 1488 charitatem
2320 1437 2498 1497 tuam,
2524 1432 2579 1485 id
2609 1440 2691 1487 est
2711 1432 3057 1487 dilectionem
3087 1432 3187 1487 Dei
3216 1440 3269 1486 et
3296 1432 3549 1502 proximi,

1960 1520 2187 1574 audiens
2220 1520 2377 1575 etiam
2409 1521 2594 1589 ﬁdem,
2630 1520 2684 1573 id
2723 1528 2805 1574 est
2854 1530 2903 1575 te
2942 1521 2996 1574 in
3042 1519 3150 1574 fide
3198 1520 3397 1574 Christi
3429 1536 3556 1590 per—

256 1635 276 1659 α
315 1612 531 1666 tarium.
577 1612 845 1666 Forsitam
892 1612 1033 1667 enim
1076 1613 1198 1667 ideo
1223 1613 1475 1668 discessit
1505 1613 1573 1666 ad
1603 1614 1792 1667 horam
1824 1628 1855 1666 a
1885 1624 2247 1699 Bseverare;
2294 1609 2418 1663 ideo
2477 1608 2797 1663 charitatem
2845 1608 3157 1678 praeposuit,
3210 1608 3336 1678 quia
3382 1608 3558 1663 inten-

258 1722 279 1750 α
316 1709 388 1765 te,
424 1708 477 1753 ut
509 1700 563 1753 in
593 1709 856 1754 aeternum
879 1700 1027 1754 illum
1059 1700 1484 1771 reciperes,jam
1516 1717 1625 1755 non
1656 1709 1711 1754 ut
1743 1718 1858 1755 ser-

257 1812 278 1835 κ
316 1805 464 1855 vum,
504 1789 600 1842 sed
619 1805 718 1859 pro
749 1805 911 1843 servo
943 1789 1320 1844 charissimum
1344 1789 1587 1855 fratrem,
1624 1789 1859 1843 maxime

258 1897 281 1925 ι
317 1876 467 1929 mihi.
516 1876 728 1944 Quanto
775 1886 950 1931 autem
981 1877 1157 1949 magis
1214 1877 1306 1930 tibi
1347 1886 1398 1931 et
1430 1877 1482 1930 in
1529 1894 1691 1932 carne
1723 1886 1774 1931 et
1805 1878 1859 1931 in

261 1986 284 2013 ι
320 1965 602 2019 Domino?
634 1966 689 2019 Si
721 1981 852 2037 ergo
883 1965 1054 2019 habes
1076 1982 1162 2020 me
1194 1966 1423 2031 socium,
1461 1966 1675 2036 suscipe
1706 1966 1859 2020 illum

259 2075 283 2103 α
318 2054 459 2108 sicut
489 2069 596 2108 me.
632 2054 687 2107 Si
728 2062 906 2107 autem
950 2054 1156 2125 aliquid
1200 2055 1382 2109 nocuit
1425 2054 1521 2108 tibi
1553 2063 1645 2108 aut
1674 2055 1854 2121 debet,

262 2164 284 2192 ι
318 2142 423 2197 hoc
453 2142 583 2195 mihi
618 2142 842 2212 imputa.
890 2144 1011 2213 Ego
1051 2142 1254 2197 Paulus
1294 2143 1481 2213 scripsi
1514 2159 1634 2198 mea
1672 2160 1854 2196 manu.

261 2253 283 2277 α
318 2230 439 2301 Ego
471 2229 714 2296 reddam,
750 2238 943 2284 utnon
974 2230 1149 2285 dicam
1207 2230 1303 2283 tibi
1337 2232 1480 2301 quod
1526 2239 1579 2285 et
1626 2230 1859 2301 teipsum

260 2340 282 2364 α
310 2318 441 2370 mihi
462 2318 650 2372 debes.
682 2320 779 2382 Ita,
812 2318 996 2383 frater,
1032 2334 1136 2390 ego
1167 2326 1218 2373 te
1240 2318 1389 2372 fruar
1420 2319 1471 2371 in
1494 2319 1746 2382 Domino,
1773 2336 1858 2374 re-

262 2427 285 2454 (
318 2404 420 2461 tice
467 2406 675 2461 viscera
704 2422 825 2461 mea
874 2406 929 2459 in
959 2407 1174 2461 Christo
1224 2407 1521 2479 [Domino.]
1566 2407 1859 2463 Confidens

264 2516 287 2545 ι
323 2494 378 2547 in
417 2494 727 2548 obedientia
770 2502 855 2548 tua
887 2495 1079 2565 scripsi
1114 2495 1228 2561 tibi,
1277 2497 1455 2551 sciens
1503 2496 1760 2567 quoniam
1809 2504 1859 2550 et

261 2606 285 2630 σε
314 2598 480 2653 super
509 2582 563 2636 id
593 2583 735 2653 quod
758 2584 878 2637 dico
901 2583 1089 2638 facies.
1108 2584 1276 2638 Simul
1308 2593 1484 2638 autem
1509 2593 1558 2638 et
1580 2600 1711 2654 para
1728 2584 1858 2637 mihi

261 2696 285 2717 α
320 2671 635 2740 hospitium.
655 2671 892 2726 354
905 2672 1045 2725 Nam
1064 2688 1223 2742 spero
1244 2689 1341 2743 per
1358 2672 1633 2727 orationes
1654 2682 1858 2728 vestras

259 2781 284 2805 α
321 2758 513 2813 donari
534 2775 619 2813 me
650 2758 823 2813 vobis.
876 2760 1083 2813 Salutat
1114 2769 1162 2815 te
1193 2762 1476 2831 Epaphras
1508 2761 1859 2831 concaptivus

261 2870 287 2894 α
322 2863 476 2902 meus
518 2847 573 2900 in
620 2846 832 2901 Christo
876 2849 1022 2913 Jesu,
1072 2850 1301 2913 Marcus,
1338 2849 1708 2914 Aristarchus,
1753 2850 1859 2903 De-

261 2958 285 2983 u
322 2951 441 2988 mas
473 2943 519 2990 et
552 2936 744 3001 Lucas,
779 2936 1047 3004 adjutores
1076 2937 1203 2992 mei.
1239 2937 1419 2991 Gratia
1448 2937 1664 2992 Domini
1686 2936 1858 2992 nostri

263 3044 289 3073 ι
324 3025 454 3079 Iesu
486 3023 685 3078 Christi
714 3039 838 3078 cum
869 3024 1057 3095 spiritu
1088 3033 1289 3081 vestro.
1324 3028 1517 3080 Amen.
1546 3050 1567 3074 »

896 3182 1214 3223 EXPOSITIO.

264 3276 279 3286 ’
335 3284 549 3339 Paulus
580 3286 822 3350 vinctus,
857 3292 961 3339 etc.
1000 3285 1068 3339 Ut
1100 3283 1258 3339 citius
1308 3283 1379 3337 ad
1425 3282 1856 3339 misericordiam

256 3380 478 3426 moveat
526 3372 894 3428 Philemonem
935 3372 1215 3427 reticendo
1259 3372 1346 3427 hic
1390 3372 1709 3443 dignitatum
1752 3389 1857 3427 no-

258 3460 427 3525 mina,
488 3469 565 3524 ut,
621 3462 904 3532 apostolus
957 3462 1185 3528 Christi,
1243 3468 1369 3526 etc.,
1406 3460 1611 3516 inducit
1640 3461 1857 3515 nomina

259 3548 610 3602 miseriarum
633 3564 767 3620 quas
787 3548 1109 3619 patiebatur,
1134 3548 1322 3603 dicens
1356 3564 1368 3602 :
1397 3550 1611 3603 Paulus
1634 3551 1857 3604 vinctus

262 3636 477 3692 Christi
503 3639 649 3702 Jesu,
679 3653 841 3708 quem
870 3638 993 3692 ideo
1023 3637 1243 3709 gravius
1282 3645 1363 3691 est
1391 3635 1689 3703 offendere,
1730 3637 1857 3708 quia

258 3724 319 3779 in
365 3725 595 3779 vinculis
635 3725 920 3796 premitur.
973 3726 1262 3780 Videretur
1309 3724 1453 3779 enim
1490 3725 1689 3779 Paulus
1718 3741 1856 3780 con-

259 3813 488 3883 temptui
518 3829 638 3868 esse
668 3813 969 3868 Philemoni
999 3813 1084 3868 vel
1114 3814 1168 3867 in
1215 3813 1363 3867 nullo
1404 3814 1661 3884 compati,
1688 3814 1733 3868 si
1762 3830 1857 3869 au-

260 3900 419 3955 diens
473 3918 597 3955 eum
627 3901 867 3957 vinctum
897 3918 1040 3967 esse,
1075 3900 1355 3956 clauderet
1384 3917 1562 3967 servo,
1621 3919 1719 3972 pro
1750 3917 1856 3973 quo

260 3989 609 4060 precabatur,
643 3989 853 4046 viscera
900 3989 1289 4044 misericordiae
1324 4007 1335 4045 :
1370 4003 1496 4045 cum
1527 4005 1627 4045 nec
1658 3990 1857 4045 Paulus

262 4077 477 4133 vinctus
508 4087 653 4133 esset
700 4094 800 4149 pro
853 4079 1014 4149 culpa
1046 4094 1164 4143 sua,
1198 4079 1295 4133 sed
1325 4095 1425 4149 pro
1458 4078 1675 4133 Christo
1705 4079 1853 4132 Jesu.

260 4168 438 4237 thue
476 4175 676 4237 quanto
715 4167 894 4237 plures
933 4166 1127 4221 viderit
1167 4168 1543 4237 deprecantes,
1578 4175 1725 4221 tanto
1773 4167 1856 4222 ci-

263 4253 370 4307 tius
408 4254 688 4325 indulgeat
718 4255 1039 4323 Philemoni,
1066 4256 1136 4309 ait
1169 4275 1186 4309 :
1210 4258 1423 4311 Paulus
1446 4260 1503 4310 et
1539 4255 1855 4311 Timotheus

1959 1696 2123 1750 debat
2154 1712 2277 1751 eum
2306 1713 2528 1751 movere
2586 1697 2655 1750 ad
2693 1697 2747 1750 in
2805 1696 3195 1768 indulgendum
3251 1696 3503 1767 proximo
3538 1711 3551 1750 :

1959 1802 2127 1856 quam
2179 1785 2494 1839 charitatem
2527 1786 2691 1840 habes
2730 1787 2793 1839 in
2840 1787 3076 1840 Domino
3114 1786 3262 1851 Jesu,
3295 1792 3353 1839 ut
3403 1785 3459 1838 in
3490 1799 3557 1839 eo

1960 1873 2051 1943 qui
2080 1872 2487 1927 fundamentum
2519 1880 2602 1927 est
2630 1872 2953 1938 dilectionis,
2988 1888 3146 1944 quam
3189 1872 3352 1927 etiam
3385 1873 3556 1928 habes

1957 1961 2016 2015 id
2036 1977 2230 2017 omnes
2253 1966 2499 2026 sanctos,
2548 1961 2602 2015 id
2633 1968 2715 2016 est
2742 1960 2798 2014 in
2828 1976 3017 2015 omnes
3067 1960 3429 2016 sanctificatos
3459 1977 3557 2033 per

1958 2050 2285 2119 baptismum
2310 2068 2323 2115 ;
2357 2065 2528 2121 quare
2572 2057 2624 2103 et
2652 2049 2707 2102 in
2736 2048 3053 2104 Onesimum
3084 2048 3471 2104 sanctificatum
3501 2049 3556 2103 in

1958 2135 2083 2204 fide,
2108 2137 2362 2191 habenda
2394 2145 2475 2190 est
2507 2137 2763 2202 charitas,
2796 2145 2849 2191 et
2881 2137 3093 2191 bonitas
3119 2154 3130 2192 :
3166 2138 3288 2206 hoc,
3312 2136 3550 2208 inquam,

1958 2225 2206 2290 audiens,
2241 2240 2343 2295 ago
2381 2226 2594 2295 gratias
2631 2227 2738 2279 Deo
2783 2241 2924 2289 meo,
2976 2227 3194 2295 faciens
3223 2226 3556 2281 memoriam

1957 2329 2177 2383 semper
2196 2313 2257 2367 in
2282 2313 2630 2368 orationibus
2658 2314 2823 2367 meis.
2852 2314 2971 2383 Ego
3003 2313 3148 2368 enim
3180 2313 3249 2367 de
3279 2313 3555 2369 concessis

1960 2401 2117 2454 bonis
2139 2400 2344 2471 gratias
2374 2416 2497 2471 ago,
2533 2409 2584 2455 et
2624 2409 2681 2454 ut
2720 2417 2940 2470 semper
3004 2402 3398 2457 incrementum
3452 2404 3553 2458 ha-

1960 2489 2140 2554 beant,
2174 2505 2273 2543 oro
2304 2493 2370 2543 ut
2390 2490 2826 2545 communicatio
2850 2490 2979 2557 ﬁdei
3001 2494 3134 2556 ture,
3158 2490 3213 2544 id
3234 2499 3315 2545 est
3335 2500 3389 2545 ut
3419 2490 3555 2546 fides

1958 2584 2065 2644 tua,
2093 2594 2214 2648 qum
2244 2578 2386 2631 bona
2412 2585 2504 2631 tua
2534 2579 2734 2632 sanctis
2763 2578 3141 2643 communicat,
3175 2579 3278 2646 ﬁat
3307 2580 3551 2646 evidens,

1959 2665 2013 2718 id
2031 2665 2374 2720 estomnibus
2386 2674 2645 2736 appareat
2662 2682 2801 2729 esse,
2822 2667 2884 2720 in
2902 2667 3188 2737 agnitione
3201 2669 3383 2722 omnis
3404 2669 3553 2734 boni,

1957 2753 2011 2806 id
2044 2762 2125 2808 est
2154 2770 2250 2824 per
2305 2753 2469 2807 fidem
2500 2755 2866 2824 promovearis
2912 2755 2981 2809 ad
3019 2770 3178 2810 omne
3233 2755 3454 2822 bonum,
3502 2764 3557 2811 et

1958 2841 2088 2895 illud
2112 2842 2179 2895 sit
2199 2841 2449 2896 omnibus
2472 2842 2738 2913 agnitum,
2770 2842 2893 2897 ideo
2922 2859 3022 2913 pro
3052 2843 3388 2899 incremento
3418 2845 3555 2901 cha-

1960 2929 2131 2984 ritatis
2164 2937 2267 2985 tua}
2296 2930 2374 2985 sic
2413 2947 2537 2985 oro.
2588 2931 2708 3001 Ego
2738 2932 2892 2986 enim
2923 2931 3091 2988 habui
3135 2933 3407 3004 gaudium
3432 2950 3555 2989 ma-

1958 3035 2152 3090 gnum,
2170 3023 2223 3072 et
2242 3034 2364 3073 cum
2379 3018 2578 3090 gaudio
2591 3020 3031 3075 consolationem
3051 3021 3113 3075 in
3133 3024 3231 3076 tua
3248 3022 3551 3089 charitate,

1957 3106 2011 3160 id
2034 3114 2115 3161 est
2148 3106 2201 3160 in
2247 3107 2717 3162 administratione
2747 3115 2851 3162 tuae
2881 3108 3177 3174 charitatis,
3211 3116 3262 3163 et
3303 3110 3554 3180 gravisus

1959 3202 2009 3247 et
2038 3194 2353 3249 consolatus
2408 3211 2547 3261 sum,
2574 3197 2703 3267 quia
2751 3198 2967 3251 viscera
3006 3200 3354 3266 sanctorum,
3387 3197 3441 3252 id
3471 3206 3556 3254 est

1960 3283 2210 3338 conversi
2223 3299 2320 3353 per
2340 3283 2788 3353 praedicationem
2809 3292 3140 3351 sanctorum,
3160 3288 3556 3358 requieverunt

1961 3388 2060 3441 per
2091 3375 2144 3426 te
2175 3371 2648 3426 administrantem
2670 3372 2768 3426 eis.
2801 3371 2847 3427 Ο
2875 3377 3063 3443 frater
3091 3374 3554 3441 Philemon,mul-

1957 3467 2069 3513 tam
2125 3460 2267 3514 enim
2300 3460 2537 3530 quietem
2588 3460 2890 3515 habuerunt
2946 3477 3044 3531 per
3085 3469 3138 3515 te
3190 3462 3554 3532 depellentem

1960 3546 2149 3619 frigus,
2185 3556 2236 3602 et
2265 3548 2502 3602 esuriem
2525 3563 2732 3603 eorum.
2757 3551 2993 3619 Propter
3020 3549 3180 3621 quod,
3214 3550 3269 3603 id
3318 3558 3401 3604 est
3428 3551 3557 3622 quia

1960 3643 2164 3690 tantam
2186 3635 2500 3690 charitatem
2533 3636 2673 3691 circa
2714 3644 2928 3691 sanctos
2966 3637 3170 3692 habere
3200 3640 3552 3706 consuevisti,

1959 3740 2023 3779 ex
2058 3741 2121 3778 eo
2152 3725 2357 3780 habens
2380 3726 2625 3780 multam
2644 3726 2905 3794 ﬁduciam
2950 3742 3057 3781 non
3088 3733 3291 3781 tantum
3321 3726 3443 3798 quia
3477 3728 3554 3784 sic

1957 3812 2270 3879 meruerim,
2305 3813 2401 3867 sed
2419 3814 2481 3867 in
2514 3812 2732 3870 Christo
2762 3816 2892 3869 Jesu
2920 3815 3241 3886 imperandi
3272 3817 3390 3871 tibi.
3423 3816 3557 3871 Pos-

1960 3918 2079 3954 sum
2112 3901 2337 3970 enim,si
2368 3900 2511 3965 volo,
2545 3902 2859 3956 auctoritate
2891 3902 3247 3973 apostolatus,
3278 3912 3498 3975 accepta
3524 3921 3555 3960 a

1959 3990 2174 4043 Christo
2193 3991 2342 4053 Jesu,
2376 3989 2644 4061 imperare
2674 3990 2770 4043 tibi
2799 3990 2942 4063 quod
2959 3990 3030 4046 ad
3052 4008 3169 4047 rem
3198 3994 3467 4064 pertinet,
3501 3993 3556 4048 id

1958 4078 2129 4131 estad
2158 4078 2439 4132 utilitatem
2494 4087 2665 4132 tuam.
2699 4079 2778 4133 De
2823 4095 2887 4134 eo
2936 4079 3079 4133 enim
3128 4081 3272 4151 quod
3314 4082 3444 4136 utile
3472 4089 3555 4137 est

1956 4181 2156 4235 cogere
2178 4172 2227 4220 te
2249 4182 2494 4236 possum,
2520 4166 2566 4221 si
2586 4167 2784 4237 placet,
2810 4168 2908 4221 sed
2923 4167 3209 4237 imperium
3230 4170 3554 4238 praetermit-

1957 4254 2139 4319 tendo,
2170 4254 2406 4309 355
2432 4254 2651 4310 obsecro
2681 4263 2731 4309 te
2757 4260 2990 4327 propter
3008 4256 3348 4312 charitatem
3374 4260 3555 4329 magis

264 4344 480 4413 fratres
524 4343 766 4397 scribunt
799 4344 1138 4409 Philemoni,
1165 4344 1400 4415 quadam
1431 4343 1807 4415 spiritualitate
1841 4362 1855 4411 ;
1886 4346 1939 4404 D
1959 4359 2119 4413 quam
2137 4342 2395 4412 imperem
2423 4351 2644 4413 pr0pter
2661 4344 3053 4398 auctoritatem.
3085 4345 3153 4398 Et
3181 4345 3556 4402 obsecrandus

262 4446 367 4486 nec
395 4431 498 4486 hoc
545 4432 721 4485 solum
760 4433 983 4494 dilecto,
1032 4432 1129 4486 sed
1161 4432 1321 4486 etiam
1353 4433 1603 4503 adjutori
1643 4437 1857 4494 nostro,

266 4518 359 4589 qui
398 4533 507 4574 non
544 4526 721 4574 cessat
753 4520 1008 4588 adjuvare
1039 4528 1091 4574 et
1120 4528 1425 4575 sustentare
1458 4520 1526 4575 de
1556 4520 1718 4575 rebus
1750 4520 1863 4575 suis

266 4604 456 4660 fideles
483 4615 722 4662 nostros.
757 4607 1014 4662 Scribunt
1052 4607 1211 4663 etiam
1243 4609 1439 4663 Paulus
1461 4616 1513 4664 et
1547 4609 1863 4663 Timotheus

265 4694 458 4765 Appia:
482 4695 635 4749 uxori
654 4695 1001 4761 Philemonis,
1034 4699 1213 4752 sorori
1241 4705 1444 4752 nostrae
1471 4697 1772 4753 secundum
1801 4694 1863 4748 fi-

265 4781 409 4848 dem,
436 4791 488 4837 et
519 4782 750 4853 quadam
786 4783 1126 4856 sigularitate
1158 4785 1461 4841 dilectionis
1490 4786 1860 4841 charissima.

268 4869 397 4924 Ideo
444 4870 737 4941 Apostolus
766 4872 954 4928 scribit
990 4872 1219 4938 mulieri,
1244 4880 1301 4927 ut
1330 4873 1420 4929 illa
1441 4874 1632 4928 videns
1662 4872 1765 4928 sibi
1794 4873 1863 4927 ab

267 4958 532 5027 Apostolo
547 4957 665 5013 fieri
688 4960 833 5031 quod
850 4960 903 5014 in
926 4978 1058 5016 sexu
1075 4961 1327 5016 muliebri
1348 4978 1458 5017 non
1483 4970 1859 5029 consueverat,

268 5046 647 5101 conveniendo
685 5048 965 5102 dominum
1006 5065 1186 5115 suum,
1237 5050 1419 5105 flectet
1449 5066 1571 5105 eum
1614 5051 1681 5104 ad
1736 5066 1859 5121 par-

267 5134 503 5189 cendum
534 5151 715 5191 servo.
750 5136 1005 5191 Scribunt
1044 5137 1207 5192 etiam
1237 5138 1437 5192 Paulus
1468 5146 1521 5193 et
1547 5138 1862 5193 Timotheus

266 5222 546 5294 Archippo
586 5222 696 5278 ﬁlio
724 5224 914 5294 Appiae
935 5233 988 5278 et
1005 5224 1353 5292 Philemonis,
1378 5230 1571 5280 nostra
1591 5227 1865 5282 commili-

268 5311 410 5375 toni,
456 5310 649 5365 militat
695 5311 841 5366 enim
870 5313 986 5367 Deo
1034 5312 1319 5368 nobiscum
1356 5312 1413 5366 in
1452 5313 1859 5384 praedicatione.

265 5397 370 5453 Hic
391 5405 475 5454 est
504 5398 811 5471 Archippus
846 5401 939 5473 qui
968 5400 1326 5459 Colossenses
1358 5400 1601 5457 fundavit
1626 5401 1683 5456 in
1731 5400 1858 5471 ﬁde,

1963 4447 2023 4485 es
2040 4447 2068 4483 a
2098 4446 2212 4484 me:
2247 4446 2375 4484 cum
2398 4438 2452 4484 tu
2474 4431 2548 4486 sis
2581 4433 2715 4486 talis
2741 4436 2809 4486 ut
2835 4433 3070 4499 Paulus,
3094 4432 3318 4500 scilicet,
3353 4452 3553 4492 senex.

1962 4519 2109 4573 Etas
2147 4518 2290 4572 enim
2339 4518 2639 4574 consimilis
2678 4520 2924 4575 hortatur
2964 4528 3023 4575 ut
3068 4537 3235 4577 senex
3264 4523 3382 4578 seni
3421 4540 3559 4580 con-

1965 4607 2176 4673 sentiat,
2211 4623 2313 4663 nec
2367 4608 2473 4664 hoc
2502 4608 2696 4675 solum,
2731 4608 2830 4663 sed
2860 4609 3024 4663 etiam
3073 4610 3250 4682 magis
3279 4611 3348 4665 ad
3393 4627 3560 4667 exau-

1967 4695 2223 4751 diendum
2278 4695 2466 4751 invitat
2511 4697 2616 4753 hoc
2644 4696 2788 4769 quod
2828 4697 3024 4753 Paulus
3057 4715 3231 4767 nunc,
3283 4698 3337 4753 id
3368 4707 3470 4765 est,
3504 4699 3559 4756 in

1966 4792 2213 4855 tempore
2241 4800 2349 4855 quo
2369 4785 2616 4852 obsecro,
2651 4794 2734 4841 est
2761 4786 2989 4842 vinetus
3016 4788 3148 4842 Iesu
3190 4788 3420 4842 Christi.
3454 4784 3563 4856 Qui

1968 4873 2113 4927 enim
2152 4889 2275 4927 eum
2326 4873 2380 4927 in
2411 4873 2641 4930 vinculis
2683 4890 2791 4929 non
2821 4875 3060 4941 exaudit,
3091 4875 3339 4945 profecto
3376 4875 3566 4931 Iesum

1970 4960 2258 5029 Christum,
2291 4976 2391 5032 pro
2422 4977 2526 5033 quo
2558 4962 2767 5017 vinctus
2794 4970 2896 5029 est,
2930 4961 3171 5017 oﬁ'endit.
3211 4963 3459 5031 Obsecro,
3484 4963 3568 5020 in-

1971 5065 2151 5120 quam,
2184 5057 2238 5104 te
2266 5065 2366 5120 per
2393 5051 2511 5106 haec
2538 5051 2838 5121 praemissa,
2869 5068 2969 5124 pro
2998 5068 3120 5107 meo
3140 5053 3259 5120 ﬁlio
3289 5070 3456 5126 quem
3474 5071 3566 5126 ge-

1970 5138 2074 5193 nui
2093 5138 2156 5191 in
2184 5138 2447 5194 vinculis.
2468 5139 2618 5195 Sicut
2638 5140 2783 5195 enim
2804 5140 2850 5193 si
2860 5148 3114 5210 parentes
3138 5139 3308 5196 filium
3330 5158 3567 5216 genera-

1969 5233 2090 5281 rent
2118 5226 2173 5279 in
2200 5241 2440 5293 carcere,
2473 5228 2753 5298 acceptior
2782 5236 2927 5283 esset
2954 5227 3091 5296 illis,
3135 5231 3258 5303 quia
3288 5231 3344 5285 in
3373 5230 3567 5285 adver-

1973 5313 2224 5369 sitatibus
2281 5315 2395 5370 suis
2441 5324 2599 5371 natus
2642 5325 2805 5383 esset,
2840 5317 2919 5372 sic
2964 5318 3162 5374 Paulus
3224 5317 3573 5376 commendat

1975 5401 2316 5475 Onesimum,
2348 5419 2510 5477 quem
2542 5405 2914 5462 incarceratus
2931 5405 3243 5478 baptizavit,
3284 5406 3377 5478 qui
3405 5405 3570 5464 ﬁdem
