3966 6050
434 211 541 265 487

996 210 1052 265 S.
1094 210 1450 267 BBUNONIS
1487 192 2135 269 CARTHUSIANORUM
2173 212 2658 271 INSTITUTORIS
2695 214 2848 285 OPP.
2892 218 3068 274 PARS
3104 219 3172 274 II.

3633 225 3746 278 488

437 332 639 389 Christi
670 348 777 390 non
808 333 1022 389 erubuit
1050 342 1274 405 propter
1302 335 1517 391 vincula
1540 335 1711 390 Pauli.
1745 335 2031 391 Przemissa
2052 337 2102 399 Α
2134 338 2360 394 socium.
2413 340 2468 394 Si
2499 341 2642 395 enim
2694 342 2854 397 odisti
2887 359 3031 411 eum,
3065 343 3158 415 qui
3196 343 3293 398 tibi
3341 344 3619 415 proximus
3651 354 3736 401 est

396 464 397 467 η
437 423 607 477 multa
664 423 1212 491 recommendalione,
1248 426 1363 493 ejus
1418 440 1615 480 nomen
1672 425 1740 479 ad
1785 424 2033 479 ultimum

438 512 635 567 subdit.

515 601 761 669 Obsecro,
794 600 1035 671 inquam,
1066 617 1169 673 pro
1197 602 1313 670 ﬁlio
1354 618 1517 673 quem
1548 618 1653 674 ego
1685 601 2035 672 spiritualiter

438 689 850 760 genui,scilicet
882 690 1156 753 Onesimo,
1181 692 1277 761 qui
1306 692 1423 760 fuit
1457 692 1554 745 tibi
1584 692 1831 756 inutilis,
1852 690 2032 744 furtim

437 776 703 832 elabendo
732 793 764 832 a
796 786 864 845 te,
897 779 1222 849 aliquando,
1250 778 1303 831 id
1334 787 1414 832 est
1444 794 1567 833 cum
1599 778 1832 833 infidelis
1863 787 2027 845 esset,

434 883 590 922 nunc
611 870 803 922 autem
816 865 990 921 factus
1005 866 1197 930 fidelis,
1217 868 1380 921 utilis
1402 866 1499 921 fuit
1524 867 2030 922 mihiministrando

435 954 491 1008 in
522 954 766 1021 vinculis,
792 959 847 1010 et
877 970 976 1024 per
1005 956 1109 1009 hoc
1128 954 1274 1008 utilis
1308 956 1427 1010 tibi.
1455 954 1731 1025 Quidquid
1753 955 1896 1009 enim
1914 955 2031 1026 ipse

437 1042 564 1097 boni
612 1042 755 1107 fecit,
788 1042 913 1097 inde
944 1042 1038 1095 tibi
1070 1043 1317 1109 debetur,
1352 1043 1505 1111 cujus
1536 1051 1588 1097 et
1619 1059 1810 1097 servus
1842 1051 1941 1108 est,
1978 1050 2032 1098 et

434 1130 679 1185 fortassis
709 1131 934 1201 pecunia
967 1131 1083 1185 fuit.
1122 1131 1293 1197 Quem
1342 1131 1660 1205 Onesimum
1704 1132 1897 1187 remisi
1928 1132 2031 1187 tibi

431 1237 555 1275 cum
578 1221 676 1274 hac
693 1219 955 1290 Epistola.
990 1222 1065 1275 Tu
1095 1223 1289 1274 autem
1320 1221 1539 1291 suscipe
1567 1236 1695 1274 eum
1726 1221 1873 1275 sicut
1902 1237 2029 1274 mea

430 1309 664 1375 viscera,
699 1307 754 1362 id
783 1316 866 1362 est
909 1308 1047 1363 scito
1078 1309 1222 1362 hunc
1268 1323 1390 1362 esse
1422 1307 1474 1361 in
1505 1307 1809 1362 visceribus
1857 1308 2019 1362 meis.

429 1395 611 1465 Quare
643 1396 688 1449 si
737 1396 881 1451 hunc
924 1410 1031 1449 non
1081 1395 1335 1465 suscipis,
1382 1411 1503 1449 mea
1552 1396 1765 1450 viscera
1814 1395 2025 1464 abjicis.

433 1486 605 1551 Quem
636 1483 953 1538 Onesimum
987 1484 1272 1538 volueram
1306 1484 1559 1539 detinere
1601 1484 1745 1538 mihi
1775 1504 1793 1549 ;
1826 1485 2024 1538 etenim

430 1580 575 1626 esset
595 1571 725 1624 mihi
747 1571 1089 1625 necessarius
1112 1576 1173 1625 ut
1203 1571 1292 1627 hic
1312 1572 1453 1626 mihi
1484 1573 1863 1636 ministraret,
1898 1570 2030 1625 mihi

429 1659 649 1713 detento
678 1659 741 1712 in
769 1659 1014 1713 vinculis
1056 1660 1364 1729 Evangelii,
1420 1658 1474 1711 id
1531 1668 1612 1713 est
1664 1675 1783 1729 qum
1813 1658 2028 1714 vincula

428 1746 622 1816 patior,
674 1754 893 1816 propter
946 1746 1308 1818 Evangelium
1384 1747 1530 1818 quod
1578 1747 1855 1816 praedico;
1902 1763 2023 1817 quae

426 1834 750 1889 ministratio
781 1842 926 1889 esset
972 1850 1074 1907 pro
1108 1839 1177 1903 te,
1213 1835 1265 1888 id
1297 1842 1378 1889 est
1424 1851 1525 1905 pro
1556 1842 1647 1889 tua
1688 1834 1933 1889 utilitate.
1966 1834 2025 1888 Si

426 1922 571 1977 enim
629 1923 716 1978 hic
772 1939 961 1977 servus
1011 1931 1131 1977 tuus
1188 1923 1441 1993 demptus
1488 1923 1619 1976 mihi
1669 1921 2019 1988 ministraret,

426 2011 521 2065 tibi
569 2010 659 2082 qui
706 2011 958 2065 dominus
1008 2026 1127 2065 eras
1174 2011 1485 2065 mercedem
1533 2010 1861 2081 acquireret.
1914 2010 2021 2064 Sed

422 2098 551 2155 licet
580 2098 711 2152 mihi
739 2098 1082 2153 necessarius
1131 2107 1296 2165 esset,
1330 2098 1425 2153 tibi
1458 2107 1660 2164 autem,
1694 2098 1736 2151 si
1769 2098 2021 2167 demptus

422 2186 554 2240 mihi
583 2186 932 2251 ministraret,
967 2186 1133 2251 utilis,
1168 2194 1343 2240 tamen
1384 2186 1532 2240 nihil
1582 2186 1782 2240 horum
1830 2189 2020 2255 facere

423 2275 576 2329 votui
621 2275 744 2329 sine
796 2278 889 2328 tuo
935 2274 1190 2339 consilio,
1225 2274 1349 2328 ideo
1395 2281 1451 2327 ut
1482 2290 1571 2337 ne,
1606 2272 1660 2326 id
1710 2281 1790 2327 est
1822 2282 1878 2326 ut
1910 2288 2017 2327 non

422 2371 567 2417 esset
596 2362 796 2417 bonum
829 2364 932 2417 hoc
961 2369 1108 2415 tuum
1140 2363 1293 2417 velut
1336 2378 1408 2416 ea:
1460 2363 1814 2425 necessitate,
1851 2360 1907 2415 id
1937 2368 2019 2415 est

420 2450 589 2507 velles
618 2450 810 2518 nolles,
844 2451 938 2505 sed
966 2458 1022 2503 ut
1053 2458 1198 2504 esset
1240 2450 1649 2506 voluntarium.
1687 2449 1864 2503 Debes
1892 2464 2017 2503 eum

420 2540 721 2609 suscipere,
738 2539 860 2593 ideo
883 2538 1007 2609 quia
1027 2539 1281 2593 discessit
1311 2537 1383 2592 ad
1401 2539 1597 2594 horam
1619 2556 1653 2591 a
1678 2541 1751 2602 te,
1766 2538 2016 2608 forsitan

422 2636 649 2699 propter
670 2628 772 2681 hoc
800 2631 867 2681 ut
887 2627 1049 2681 modo
1068 2628 1347 2698 reciperes
1374 2642 1504 2681 eum
1532 2630 1833 2687 azternum,
1859 2625 1913 2679 id
1935 2632 2017 2679 est

419 2723 683 2786 perpetuo
731 2722 1036 2769 manentem
1084 2723 1281 2769 tecum.
1318 2714 1373 2768 Si
1404 2714 1547 2769 enim
1597 2714 1649 2766 in
1698 2712 2017 2768 infidelitate

418 2803 721 2874 perdurans
769 2802 1086 2873 conspectui
1129 2810 1221 2857 tuo
1269 2817 1486 2872 semper
1534 2809 1757 2865 astaret,
1800 2801 1853 2854 in
1910 2801 2015 2856 hoc

419 2892 618 2947 saeculo
649 2891 819 2962 (quod
849 2908 1034 2962 parum
1067 2894 1171 2959 est)
1203 2898 1382 2945 tecum
1414 2898 1576 2954 esset,
1614 2890 1740 2960 quia
1769 2896 2015 2942 mortuus

417 2995 539 3036 cum
582 2980 761 3051 impiis
808 2980 1179 3049 deputaretur,
1224 2986 1282 3032 tu
1332 2994 1460 3033 vero
1509 2993 1633 3033 cum
1674 2978 1835 3047 justis
1868 2994 1880 3030 :
1914 2976 2010 3031 sed

2045 1706 2098 1765 B

2134 426 2380 496 profecto
2410 445 2510 483 nec
2556 431 2728 485 Deum
2761 432 2943 504 diligis
2981 450 2993 486 :
3024 439 3077 487 et
3107 449 3213 488 non
3262 432 3510 505 diligenti
3555 436 3729 490 Deum

2133 531 2241 569 non
2300 524 2381 570 est
2439 518 2688 573 habenda
2731 519 2838 573 ulla
2886 522 3215 575 communio.
3278 522 3437 576 Modo
3485 523 3732 577 fortassis

2133 604 2338 658 diceret
2395 605 2531 660 ille:
2566 607 2773 661 Reddat
2821 625 2942 678 quae
2986 609 3224 675 abstulit,
3288 618 3339 664 et
3386 627 3490 681 ego
3550 610 3730 665 indul-

2076 702 2091 713 ‘
2132 709 2291 763 geam
2342 694 2463 764 ipsi.
2516 696 2659 750 Bene
2707 696 2851 750 enim
2894 697 3097 765 justum
3165 707 3245 752 est
3289 698 3579 765 dimittere,
3632 701 3730 754 sed

2130 782 2411 851 pecuniam
2446 792 2695 853 repetere
2726 784 2921 857 religio
2962 786 3263 840 Christiana
3295 804 3403 841 non
3451 788 3724 858 prohibet.

2131 870 2327 923 Contra
2357 872 2461 937 hoc
2488 872 2718 926 Paulus:
2744 874 2973 945 Suscipe
3000 876 3187 930 illum.
3222 876 3279 931 Si
3310 881 3499 931 autem
3532 877 3729 931 nocuit

2132 959 2231 1013 tibi
2263 959 2495 1031 aliquid,
2520 960 2874 1016 subducendo
2893 978 2951 1015 se
2970 962 3083 1028 tibi,
3108 968 3209 1017 aut
3242 963 3287 1016 si
3312 963 3469 1019 debet
3498 964 3723 1035 aliquid,

2131 1046 2295 1117 quod,
2324 1054 2376 1101 te
2405 1048 2609 1117 nescio,
2631 1050 2947 1119 asportavit,
2973 1050 3094 1105 ideo
3116 1067 3225 1105 non
3254 1052 3432 1106 minus
3462 1053 3726 1107 miserea-

2128 1133 2201 1186 ris
2235 1134 2284 1187 ei
2318 1135 2451 1199 ;sed
2485 1137 2584 1192 hoc
2607 1144 2773 1191 totum
2808 1139 3027 1210 imputa
3060 1140 3389 1211 mihi,quasi
3410 1156 3514 1211 ego
3535 1141 3726 1195 horum

2128 1221 2341 1275 debitor
2370 1224 2491 1277 sim.
2527 1225 2591 1277 Et
2623 1225 2754 1278 mihi
2783 1242 2915 1280 sane
2962 1226 3222 1296 imputare
3254 1228 3422 1282 debes
3453 1236 3506 1282 et
3536 1236 3715 1298 potes.

2128 1310 2234 1379 Ego
2266 1311 2410 1365 enim
2442 1314 2657 1368 Paulus
2684 1314 2886 1385 scripsi
2928 1330 3051 1369 mea
3081 1332 3260 1370 manu
3292 1334 3310 1371 :
3338 1317 3444 1387 Ego
3494 1316 3722 1371 reddam

2126 1397 2223 1450 tibi
2280 1400 2425 1469 quod
2475 1400 2637 1455 debet
2695 1400 3004 1456 Onesimus.
3039 1403 3166 1457 Ideo
3214 1404 3287 1458 ait
3313 1420 3437 1459 mea
3496 1421 3724 1471 manu;

2126 1487 2364 1555 ponebat
2409 1488 2553 1541 enim
2602 1490 2847 1559 quasdam
2895 1490 3050 1562 signa
3098 1491 3148 1545 in
3197 1492 3452 1561 Epistolis
3501 1492 3634 1557 suis,
3668 1499 3727 1546 ut

2127 1585 2253 1623 suas
2285 1587 2407 1625 esse
2436 1588 2596 1626 nemo
2636 1572 2904 1627 dubitaret
2952 1574 3039 1643 qui
3086 1574 3245 1647 signa
3290 1576 3514 1630 videret.
3564 1575 3722 1643 Quod

2128 1657 2217 1711 ille
2242 1659 2406 1713 debet
2436 1676 2503 1713 ne
2537 1676 2733 1714 renuas
2766 1661 3033 1731 imputare
3082 1662 3210 1715 mihi
3245 1681 3257 1716 :
3293 1668 3357 1717 ut
3387 1681 3502 1719 non
3534 1664 3721 1719 dicam

2128 1747 2228 1800 tibi
2253 1746 2497 1801 indurato
2517 1756 2569 1801 et
2590 1748 2879 1820 indulgere
2901 1750 3125 1814 nolenti,
3151 1752 3292 1822 quod
3312 1760 3365 1804 tu
3388 1752 3546 1806 debes
3576 1752 3721 1806 mihi

2124 1850 2233 1888 non
2261 1835 2362 1889 hoc
2392 1834 2585 1903 solum,
2612 1836 2707 1890 sed
2739 1837 2900 1890 etiam
2933 1839 3197 1909 teipsum.
3234 1838 3429 1892 Paulus
3444 1839 3533 1907 jus
3554 1839 3720 1893 habe-

2124 1921 2214 1975 bat
2262 1939 2429 1992 super
2476 1940 2591 1987 eos,
2626 1932 2677 1977 et
2708 1924 2760 1977 in
2810 1924 2973 1978 rebus
3023 1942 3212 1979 eorum
3256 1942 3393 1996 quos
3440 1926 3505 1980 ad
3555 1926 3719 1981 fidem

2122 2014 2479 2061 converterat.
2516 2008 2582 2061 Ut
2612 2008 2955 2079 negationem
3007 2009 3301 2063 obtendere
3336 2009 3575 2065 356
3608 2025 3718 2064 non

2122 2093 2335 2158 audeat,
2409 2095 2683 2165 subjungit
2759 2096 3171 2164 adjurationem,
3245 2098 3433 2153 dicens
3468 2116 3481 2151 :
3516 2099 3717 2153 Frater

2121 2182 2402 2236 Philemon
2434 2185 2515 2237 ita
2546 2199 2641 2253 ego
2688 2186 2855 2253 fruar
2886 2189 2939 2239 te
2970 2187 3033 2239 in
3064 2187 3314 2250 Domino,
3350 2186 3396 2239 si
3423 2186 3713 2240 indulseris

2121 2268 2402 2335 Onesimo,
2422 2279 2477 2324 ut
2494 2279 2575 2325 est
2591 2271 2724 2325 illud
2739 2273 2942 2326 Horatii
2961 2276 3036 2341 (3,
3055 2274 3107 2343 1)
3129 2289 3140 2327 :
3160 2274 3247 2329 Sic
3271 2278 3323 2327 te
3343 2274 3467 2329 diva
3486 2278 3711 2345 potens,

2120 2364 2223 2411 etc.
2258 2360 2325 2412 Et
2352 2359 2475 2413 ideo
2506 2360 2671 2428 reﬁce
2701 2362 2913 2416 viscera
2942 2378 3087 2427 mea,
3112 2362 3165 2415 id
3195 2370 3273 2415 est
3297 2361 3616 2417 Onesimum
3649 2366 3715 2418 in

2121 2445 2338 2502 Christo
2368 2449 2518 2513 Jesu,
2554 2447 2608 2501 id
2640 2454 2721 2501 est
2752 2456 2972 2518 pr0pter
3000 2449 3290 2504 Christum.
3318 2451 3429 2505 Hoc
3458 2458 3533 2515 ut,
3567 2450 3714 2506 scili-

2118 2542 2222 2597 cet,
2244 2535 2455 2590 reficias
2474 2552 2616 2589 eum.
2642 2536 2709 2589 Et
2723 2539 3016 2607 praemissa
3047 2539 3246 2610 scripsi
3278 2540 3398 2601 tibi,
3424 2538 3712 2606 conﬁdens

2116 2621 2180 2676 de
2200 2624 2515 2679 obedientia
2549 2628 2649 2679 tua
2673 2644 2690 2679 :
2710 2624 2925 2679 confido
2945 2626 3090 2679 enim
3128 2634 3177 2680 te
3213 2626 3554 2680 obediturum
3576 2628 3707 2681 mihi

2116 2725 2282 2780 super
2302 2712 2404 2766 his.
2440 2714 2631 2768 Sciens
2660 2713 2821 2767 etiam
2852 2714 2995 2784 quod
3019 2722 3072 2767 tu
3090 2713 3256 2769 facies
3287 2714 3546 2770 Onesimo
3563 2716 3710 2787 quod

2115 2798 2237 2854 dico
2270 2804 2366 2863 ;et
2403 2803 2574 2855 etiam
2605 2817 2773 2873 super
2820 2802 2906 2856 his
2935 2802 3168 2872 postulo,
3203 2803 3327 2873 quia
3377 2818 3484 2858 non
3532 2804 3707 2858 solum

2114 2886 2423 2960 indulgebis
2458 2907 2470 2942 :
2506 2889 2603 2943 sed
2651 2890 2857 2943 reddita
2887 2890 2988 2960 ipsi
3033 2891 3209 2962 gratia
3255 2900 3345 2945 tua
3394 2892 3463 2960 (si
3512 2892 3707 2962 quibus

2114 2974 2379 3048 indigeat)
2409 2977 2761 3032 ministrabis.
2793 2978 2882 3033 Sic
2913 2978 3095 3033 facias.
3129 2980 3309 3034 Simul
3359 2982 3532 3035 etiam
3581 2997 3707 3035 cum

417 3069 582 3124 modo
611 3068 737 3140 quia
765 3066 941 3122 fidelis
970 3075 1071 3127 est.
1100 3075 1154 3121 et
1184 3082 1325 3121 nunc
1356 3074 1410 3121 et
1438 3066 1493 3119 in
1521 3065 1702 3121 futuro
1724 3074 1900 3120 tecum
1928 3058 2078 3119 estC
2107 3063 2226 3118 istis
2245 3066 2531 3130 mandatis,
2556 3084 2700 3138 para
2729 3068 2873 3122 mihi
2904 3066 3231 3137 hospitium.
3258 3068 3397 3123 Nam
3424 3085 3584 3139 spero
3614 3086 3704 3125 me

328 3212 335 3217 ,
415 3172 827 3227 permansuros,
860 3156 983 3210 ideo
1030 3155 1105 3210 ait
1134 3156 1404 3226 forsitan,
1440 3155 1565 3225 quia
1594 3154 1879 3224 dispositio
1909 3153 2008 3208 Dei

414 3243 620 3300 incerta
650 3253 730 3299 est
758 3243 1088 3300 horninibus.
1124 3245 1187 3297 Et
1209 3244 1336 3313 jam
1365 3242 1598 3313 amplius
1645 3259 1759 3297 non
1808 3241 2008 3295 habeas

415 3348 540 3387 eum
562 3341 619 3387 ut
648 3350 871 3389 servum
892 3331 1254 3397 solummodo,
1278 3332 1372 3387 sed
1402 3331 1609 3385 habeas
1640 3347 1765 3385 eum
1792 3330 2007 3384 charis-

411 3423 621 3477 simum
652 3424 894 3491 fratrem
926 3422 987 3475 in
1016 3422 1251 3477 Domino
1278 3436 1380 3492 pro
1413 3436 1585 3483 servo,
1613 3419 1668 3473 id
1698 3426 1780 3473 est
1812 3418 1863 3471 in
1884 3418 2007 3473 loco

414 3510 576 3565 servi.
638 3509 734 3565 Vel
792 3509 935 3581 quod
983 3509 1184 3563 habere
1228 3508 1435 3563 scilicet
1484 3516 1540 3561 ut
1587 3505 1826 3573 fratrem,
1884 3505 2007 3576 plus

413 3614 593 3665 servo,
626 3598 680 3652 id
724 3606 808 3653 est
852 3612 1017 3669 quam
1065 3596 1289 3651 haberet
1336 3610 1552 3650 servum
1600 3594 2003 3661 charissimum,

410 3686 542 3741 mihi
596 3702 698 3757 pro
754 3694 906 3742 certo
954 3684 1353 3741 charissimum.
1406 3682 1546 3751 Quia
1594 3683 1640 3736 si
1688 3682 1818 3736 mihi
1868 3682 2006 3736 adeo

411 3775 610 3829 charus
656 3782 757 3837 est,
810 3773 896 3828 cui
942 3780 1144 3826 tantum
1192 3772 1247 3825 in
1294 3772 1409 3825 Deo
1456 3770 1622 3825 frater
1651 3778 1750 3835 est,
1800 3777 2003 3839 quanto

406 3861 583 3933 magis
638 3869 822 3916 autem
876 3860 970 3914 tibi
1017 3860 1212 3915 charus
1260 3875 1383 3913 esse
1433 3859 1613 3923 debet,
1648 3865 1699 3912 et
1746 3857 1802 3911 in
1843 3873 2003 3912 carne

407 3949 709 4004 secundum
751 3963 915 4019 quam
964 3963 1159 4002 servus
1188 3955 1290 4011 est,
1324 3953 1376 4001 et
1403 3946 1457 4000 in
1504 3945 1755 4011 Domino,
1789 3945 1845 3998 in
1894 3961 2002 4016 quo

406 4036 502 4091 tibi
530 4036 701 4091 frater
728 4044 831 4091 est.
852 4034 1307 4105 Quandoquidem
1339 4034 1474 4088 adeo
1497 4034 1696 4089 charus
1727 4041 1808 4088 est
1836 4036 1998 4103 mihi,

406 4140 542 4197 ergo
600 4125 816 4196 suscipe
872 4123 1025 4178 illum
1079 4122 1219 4178 sicut
1264 4138 1374 4189 me,
1418 4122 1465 4176 si
1523 4122 1603 4177 vis
1649 4122 1853 4177 habere
1911 4138 2000 4176 me

2109 3153 2311 3207 donari
2341 3155 2489 3209 vobis
2530 3171 2632 3226 per
2679 3156 2960 3210 oratio-nes
3005 3160 3238 3211 vestras.
3274 3156 3378 3210 Per
3408 3158 3509 3211 hoc
3539 3157 3704 3211 etiam

2110 3242 2255 3312 quod
2284 3257 2343 3296 se
2374 3243 2733 3296 adventurum
2763 3242 2913 3309 dicit,
2949 3243 3318 3298 Philemonem
3347 3245 3414 3298 ad
3446 3246 3703 3300 miseran-

2108 3329 2238 3383 dum
2268 3346 2425 3385 servo
2455 3330 2679 3385 inducit.
2716 3331 2771 3385 Si
2802 3331 2943 3385 enim
2974 3332 3267 3400 Apostolus
3290 3332 3515 3387 veniens
3544 3333 3701 3387 inve—

2108 3418 2246 3472 niret
2273 3418 2549 3472 dominum
2580 3417 3085 3485 immisericordem,
3121 3420 3364 3474 severius
3401 3420 3700 3490 corriperet

2108 3522 2251 3561 eum.
2290 3507 2517 3561 Salutat
2552 3511 2605 3562 te
2627 3506 2917 3579 Epaphras
2946 3509 3007 3562 in
3032 3507 3249 3562 Christo
3275 3510 3423 3564 Jesu.
3450 3508 3545 3563 Vel
3566 3526 3700 3565 con-

2107 3595 2364 3667 captivus
2391 3611 2550 3650 meus
2578 3594 2633 3648 in
2655 3595 2868 3649 Christo
2889 3595 3015 3650 Jesu
3038 3611 3049 3649 :
3075 3595 3167 3666 qui
3188 3605 3410 3667 propter
3426 3597 3698 3652 Christum

2105 3683 2292 3738 Jesum
2346 3683 2709 3753 captivitatem
2767 3700 2980 3739 mecum
3051 3683 3269 3754 patitur.
3350 3684 3591 3739 Salutant
3648 3694 3700 3741 te

2106 3772 2266 3827 etiam
2303 3772 2535 3839 Marcus,
2557 3773 2937 3839 Aristarchus,
2954 3774 3173 3837 Demos,
3190 3774 3387 3841 Lucas,
3412 3774 3700 3840 adiutores

2102 3861 2233 3915 mei.
2265 3860 2457 3915 Gratia
2485 3861 2709 3915 Domini
2737 3861 2920 3915 nostri
2934 3861 3064 3916 Jesu
3087 3860 3295 3915 Christi
3333 3862 3554 3916 sitcum
3576 3864 3695 3934 spi-

2104 3950 2224 4003 ritu
2236 3948 2494 4011 vestro,id
2509 3956 2587 4001 est
2602 3963 2725 4003 cum
2738 3948 3051 4004 Philemone
3068 3956 3118 4003 et
3132 3949 3246 4017 ejus
3258 3948 3479 4003 familia.
3496 3951 3695 4006 Amen.

2078 4037 2251 4092 'Sicut
2298 4036 2352 4089 in
2399 4036 2683 4106 principio,
2719 4037 2801 4092 sic
2848 4037 2901 4090 in
2951 4036 3057 4092 fine
3104 4053 3293 4092 omnes
3339 4037 3607 4106 salutavit,
3641 4047 3698 4094 ut

2102 4119 2342 4174 omnium
2374 4118 2694 4174 affectiones
2724 4119 2866 4175 circa
2896 4119 3212 4175 Onesimum
3241 4120 3531 4194 mitigaret.

407 4261 3693 4295 ψ

1261 4369 1752 4426 ARGUMENTUM
1791 4370 1865 4425 IN
1899 4366 2294 4425 EPISTOLAM
2332 4367 2425 4422 ΑΙ)
2465 4365 2829 4424 ΗΕΒΒΔΞΟΞ.

474 4498 534 4552 ln
562 4497 753 4568 primis
784 4494 1188 4568 dicendumest
1216 4510 1314 4568 cur
1338 4511 1367 4548 a

1409 4494 1617 4572 ostolus
1645 4493 1847 4572 Paulus
1872 4492 1927 4546 in
1958 4494 2066 4572 hac
2104 4491 2348 4572 Epistola
2378 4490 2670 4572 scribenda
2709 4508 2816 4572 non
2845 4492 3142 4572 servaverit
3169 4508 3377 4572 morem
3426 4508 3606 4572 suum,
3639 4498 3697 4547 ut

474 4511 534 4552 In
562 4513 753 4568 primis
784 4511 1075 4551 arcendum
1104 4511 1188 4549 εει
1216 4511 1314 4549 cur
1338 4511 1617 4618 aposronus
1646 4511 1843 4548 ramus
1872 4511 1927 4546 in
1958 4511 2066 4572 nae
2104 4511 2348 4572 npiswia
2378 4511 2670 4546 scrmenua
2709 4511 2816 4546 non
2845 4511 3142 4547 servaverit
3169 4511 3377 4548 morem
3426 4511 3606 4561 suum,
3639 4511 3694 4547 ut

403 4569 491 4625 vel
536 4568 858 4623 vocabulum
891 4565 1124 4621 nominis
1154 4564 1255 4631 sui,
1302 4582 1367 4620 ve
1417 4566 1620 4620 ordinis
1650 4564 1988 4620 describeret
2015 4563 2352 4634 dignitatem.
2386 4562 2513 4616 Ητεθ
2535 4577 2699 4616 causa
2725 4570 2807 4634 est
2837 4563 2981 4633 quod
3007 4564 3077 4618 ad
3107 4579 3201 4618 eos
3228 4564 3474 4618 scribens
3508 4564 3597 4634 qui
3628 4579 3694 4617 ex

402 4638 812 4696 circumcisione
841 4636 1203 4703 crediderant,
1238 4636 1392 4707 quasi
1422 4635 1661 4707 gentium
1711 4632 2220 4707 appostolusg‘etfnon
2239 4632 2642 4707 Hebraeorum}
2678 4632 2869 4707 sciens
2902 4649 3115 4707 quoque
3142 4650 3330 4707 eorum
3362 4632 3691 4707 superbiam,

400 4725 662 4781 suamque
692 4708 1045 4781 humilitatem
1078 4702 1195 4781 ipse
1224 4702 1624 4781 demonstrans,
1653 4702 1905 4781 meiitum
1936 4703 2098 4759 oﬁicii
2142 4703 2225 4758 sui
2255 4702 2422 4756 noluit
2451 4702 3104 4781 an_teferre._Nam_simili
3134 4705 3296 4781 modo
3326 4702 3489 4781 etiam
3518 4706 3693 4759 Joan-

400 4797 499 4835 nes
528 4774 802 4850 apostolus
830 4786 1052 4849 propter
1097 4774 1450 4850 humilitatem
1479 4776 1535 4829 in
1565 4775 1807 4846 Epistola
1837 4790 1952 4850 _sua
1995 4790 2392 4850 nomensuum
2438 4774 2651 4850 eadem.
2673 4774 2902 4850 ratione-
2925 4790 3033 4829 non
3077 4776 3329 4845 praetulit.
3382 4777 3529 4850 fianc
3557 4790 3692 4847 ergo

396 4844 701 4921 Epistolam
729 4844 903 4904 fertur
934 4844 1222 4921 Apostolus
1250 4848 1317 4901 ad
1347 4844 1999 4921 Hebraeos'conscriptam
2030 4844 2294 4921 {iebraica
2322 4844 2505 4915 lingua
2534 4844 2747 4899 misisse
2772 4864 2786 4910 ;
2820 4845 2974 4921 cujus
2999 4844 3219 4921 sensum
3249 4854 3302 4900 et
3332 4846 3581 4901 ordinem
3603 4844 3691 4901 re-

397 4915 577 4976 tinens
609 4921 784 4977 Lucas
812 4915 1167 4991 evangelista,
1200 4926 1324 4989 post
1352 4933 1635 4972 excessum
1665 4915 1895 4987 apostoli
1924 4915 2077 4971 Pauli
2106 4916 2301 4971 Graeco
2330 4930 2582 4970 sermone
2614 4916 2989 4986 composuisse
3018 4916 3240 4972 dicitur.

1250 5159 1695 5224 PROLOGUS
1736 5160 1811 5223 B.
1857 5156 2279 5221 BRUNONIS
2319 5157 2403 5218 IN
2445 5157 2820 5219 EAMDEM.

463 5297 522 5352 In
549 5294 739 5353 Iudaea
760 5304 911 5352 erant
930 5294 1211 5361 Ecclesiae,
1238 5293 1293 5348 in
1314 5293 1419 5348 ﬁde
1446 5292 1645 5348 Christi
1662 5292 1985 5360 constitutae,
2018 5300 2070 5360 1)
2092 5297 2146 5345 et
2187 5290 2257 5345 de
2313 5290 2529 5346 Christo
2573 5290 3017 5360 incarnationem,
3067 5297 3316 5359 mortem,
3350 5298 3404 5346 et
3432 5305 3685 5346 resurre-

389 5382 589 5452 quibus
618 5390 672 5437 et
700 5383 817 5452 ipse
848 5380 1095 5435 Christus
1142 5378 1528 5449 praedicaverat
1563 5393 1575 5430 :
1609 5384 1662 5432 et
1704 5392 1800 5447 per
1845 5392 1983 5446 apo-

390 5470 650 5525 stolorum
680 5468 984 5524 doctrinam
1014 5467 1149 5535 ejus,
1183 5474 1237 5521 et
1266 5466 1462 5536 quibus
1490 5465 1797 5521 ascendens
1835 5464 1989 5519 insti-

386 5558 620 5615 tuendas
664 5557 940 5614 Ecclesias
990 5555 1358 5623 commiserat,
1412 5554 1574 5613 ﬁdem
1613 5561 1985 5627 susceperant,

2086 5378 2339 5443 ctionem,
2373 5386 2425 5433 et
2456 5387 2652 5434 caetera
2694 5379 2834 5434 bene
2882 5378 3213 5445 credebant;
3245 5378 3345 5434 sed
3374 5378 3428 5433 in
3458 5393 3524 5433 eo
3560 5377 3686 5448 plu-

2086 5466 2285 5520 rimum
2334 5467 2605 5533 errabant,
2637 5468 2783 5538 quod
2813 5466 3305 5534 circumcisionem,
3340 5474 3395 5521 et
3433 5465 3685 5538 quaedam

2089 5553 2293 5626 legalia
2344 5554 2742 5622 observabant;
2773 5556 3062 5611 credentes
3111 5554 3230 5611 sine
3281 5554 3363 5610 his
3410 5554 3683 5610 neminem
