3966 6050
234 139 337 197 489

898 143 1281 201 EXPOSITIO
1320 144 1395 199 IN
1431 139 1812 200 EPISTOLAS
1849 140 2073 198 PAULI.
2105 173 2174 184 —
2204 140 2280 198 IN
2306 142 2523 199 EPIST.
2568 143 2664 198 AD
2708 136 2864 199 HEB.

3430 142 3531 200 L90

237 282 401 337 posse
430 266 657 334 salvari,
692 274 745 321 et
783 266 839 321 in
875 268 981 323 hoc
1027 269 1377 323 detrahentes
1422 269 1731 323 eminentiae
1777 268 1910 327 etA
2004 268 2133 323 Ideo
2189 268 2353 323 etiam
2403 269 2519 323 haec
2560 267 2776 324 reticuit
2823 267 2948 339 quia
2996 283 3192 323 exosus
3232 275 3351 323 erat
3400 269 3530 335 illis,

236 355 361 410 ﬁdei
394 356 613 411 Christi.
649 357 719 410 Et
748 373 913 426 super
942 359 1046 412 hoc
1075 358 1274 412 multas
1304 358 1627 412 verisimiles
1654 358 1833 411 addu-

236 445 430 499 cebant
452 444 709 509 rationes,
732 444 937 500 scilicet
958 446 1104 516 quod
1124 447 1367 500 Christus
1393 447 1492 500 sub
1510 447 1633 519 lege
1652 454 1830 512 natus,

236 533 414 603 legem
449 550 546 603 per
573 534 757 587 omnia
784 534 1153 598 observasset,
1187 543 1238 589 et
1271 535 1315 588 si
1350 535 1567 605 quando
1597 535 1665 589 de
1684 534 1835 588 solu-

234 622 381 676 tione
404 621 543 693 legis
565 622 928 687 incusaretur,
952 622 1210 677 reddebat
1233 623 1473 677 rationes
1491 624 1634 693 quod
1654 624 1833 693 legem

230 710 290 763 in
348 710 498 764 nullo
546 710 811 773 solveret,
864 718 921 763 ut
961 710 1054 775 ibi,
1098 712 1317 781 quando
1367 720 1737 781 opposuerunt
1784 710 1835 765 ei

233 797 359 869 quia
401 798 455 851 in
503 798 740 852 Sabbato
770 807 985 853 curaret
1027 815 1134 853 non
1170 800 1466 853 observare
1514 800 1829 863 Sabhatum,

236 886 476 941 reddidit
497 886 757 941 rationem
792 894 844 941 et
872 886 947 940 ait
981 902 992 939 :
1025 888 1083 942 Si
1116 903 1205 942 vos
1244 888 1308 942 in
1346 888 1434 943 die
1472 888 1697 943 Sabbati
1743 889 1834 943 b0-

233 992 357 1030 vem
380 976 465 1030 vel
486 976 715 1029 asinum
746 976 1023 1029 solventes
1072 976 1419 1046 adaquatum
1459 976 1668 1031 ducitis
1708 979 1832 1031 sine

232 1064 677 1133 transgressione
719 1064 876 1133 legis,
923 1064 1190 1134 quomodo
1222 1081 1314 1135 ego
1352 1065 1609 1119 solvendo
1648 1066 1831 1120 homi-

232 1168 368 1205 nem
421 1168 456 1205 a
494 1152 769 1206 daemonio
818 1153 992 1221 legem
1040 1153 1471 1222 transgredior?
1501 1154 1659 1221 (Luc.
1704 1168 1826 1218 xm,

231 1241 348 1307 15.)
377 1240 501 1293 Non
544 1240 897 1294 recordantes
940 1241 1086 1310 quod
1134 1240 1379 1295 Christus
1410 1240 1575 1295 finem
1618 1241 1692 1293 illi
1721 1241 1831 1310 legi

229 1326 523 1397 posuisset,
556 1328 681 1381 dum
712 1336 867 1381 vetus
898 1328 1102 1382 Pascha
1132 1327 1447 1393 celebravit,
1469 1337 1521 1382 et
1550 1328 1627 1381 illi
1658 1329 1829 1383 veteri

228 1431 357 1469 mox
408 1432 607 1471 novum
668 1417 876 1471 Pascha
935 1418 1156 1485 (novum
1215 1417 1420 1472 scilicet
1478 1415 1826 1487 sacrificium)

228 1505 593 1570 consecravit,
657 1505 873 1559 tradens
930 1520 1127 1575 corpus
1184 1514 1236 1559 et
1288 1505 1609 1575 sanguinem
1670 1522 1826 1559 suum

227 1592 491 1663 apostolis
522 1593 634 1646 suis
660 1612 673 1659 ;
708 1593 1003 1648 ostendens
1033 1593 1293 1663 quidquid
1322 1602 1677 1663 praecesserat
1698 1611 1823 1647 um-
1845 1620 1896 1679 B

228 1682 378 1734 bram
412 1680 596 1744 fuisse,
628 1698 769 1735 nunc
811 1690 989 1736 autem
1038 1682 1269 1751 primum
1300 1682 1583 1747 veritatem
1621 1698 1679 1736 se
1709 1692 1823 1736 tra-

225 1769 386 1823 dere.
430 1770 657 1839 Propter
700 1770 805 1825 hoc
856 1770 984 1840 quia
1032 1770 1305 1825 Christum
1352 1770 1530 1842 legem
1578 1771 1824 1825 viderant

224 1858 570 1926 observasse,
597 1858 726 1929 quia
747 1858 943 1912 iterum
977 1860 1166 1912 Petrus
1196 1866 1249 1913 et
1280 1858 1390 1925 alii,
1425 1859 1516 1929 qui
1560 1859 1823 1928 praedica-

222 1953 419 2000 verant
447 1946 650 2000 Judaeis
680 1962 711 1999 a
742 1946 1158 2002 circumcisione
1204 1953 1256 2001 et
1287 1947 1597 2014 huiusmodi
1628 1947 1820 2019 legali-

221 2034 348 2101 bus,
381 2050 488 2088 non
538 2050 633 2089 eos
681 2042 976 2105 coegerant
1020 2035 1301 2099 recedere,
1352 2035 1603 2089 timentes
1648 2036 1823 2105 impa-

222 2122 469 2176 tientiam
500 2138 690 2177 eorum
721 2123 849 2192 quia
890 2123 1078 2177 mallet
1106 2139 1325 2177 omnem
1359 2122 1519 2177 fidem
1550 2124 1821 2187 deserere,

221 2226 384 2280 quam
433 2210 666 2266 357
716 2211 802 2264 his
844 2211 899 2263 in
938 2211 1135 2281 quibus
1182 2220 1577 2266 consueverant
1616 2228 1824 2265 renun-

219 2298 382 2353 tiare.
418 2298 669 2353 Sciebant
700 2298 845 2353 enim
878 2300 1066 2353 Petrus
1105 2307 1159 2354 et
1188 2299 1279 2353 alii
1308 2300 1452 2369 quod
1490 2299 1567 2354 sic
1618 2299 1824 2353 enutri-

215 2395 338 2440 rent
365 2402 461 2440 eos
492 2386 547 2439 in
576 2386 823 2455 pueritia,
863 2403 971 2441 non
1002 2403 1166 2456 posse
1202 2404 1297 2442 eos
1318 2387 1476 2442 aliter
1492 2387 1712 2457 perduci
1756 2388 1826 2441 ad

214 2474 531 2528 virilitatem
560 2474 929 2543 perfectionis.
980 2476 1212 2545 Pr0pter
1258 2476 1379 2540 hoc,
1426 2476 1684 2545 inquam,
1724 2475 1828 2530 cir-

217 2562 611 2618 cumcisionem
642 2578 767 2617 cum
807 2561 915 2617 fide
959 2563 1160 2617 Christi
1201 2564 1494 2628 tenebant;
1537 2564 1635 2618 sed
1681 2565 1825 2617 Pau-

213 2651 305 2704 lus
363 2650 554 2705 videns
611 2651 893 2704 Christum
944 2651 1185 2705 inutilem
1243 2651 1349 2705 illis
1388 2668 1542 2719 esse,
1587 2652 1826 2722 quandiu

213 2740 400 2810 legem
419 2754 541 2793 cum
573 2737 677 2793 ﬁde
709 2747 977 2804 tenerent,
1006 2740 1155 2807 juxta
1187 2739 1320 2793 illud
1363 2741 1508 2811 quod
1552 2741 1621 2794 ad
1661 2739 1823 2795 Gala-

211 2834 297 2880 tas
325 2827 443 2881 ait:
498 2849 519 2875 α
562 2826 619 2881 Si
644 2826 1132 2894 circumcidamini,
1190 2827 1437 2882 Christus
1488 2827 1644 2882 vobis
1689 2828 1823 2882 nihil

208 2915 459 2986 proderit
488 2916 637 2985 (Gal.
670 2931 723 2981 v,
757 2918 835 2985 2),
870 2940 890 2964 »
917 2932 983 2970 ex
1014 2916 1479 2986 superabundanti
1525 2918 1667 2972 hanc
1714 2916 1822 2970 illis

1938 366 2227 426 propterea
2266 357 2393 427 quia
2424 357 2602 427 legem
2649 356 3101 427 persequebatur,
3136 364 3188 411 et
3212 356 3412 427 ubique
3442 357 3538 412 de-

1935 445 2195 499 struebat.
2231 446 2385 500 Unde
2414 446 2614 514 saepius
2643 446 3026 499 incusaverunt
3062 461 3206 507 eum,
3246 446 3535 515 imponen-

1934 541 2016 587 tes
2048 534 2097 587 ei
2125 534 2269 604 quod
2291 533 2471 605 legem
2502 550 2533 587 a
2566 535 2680 588 Deo
2710 549 2818 588 non
2849 550 2972 588 esse
2992 534 3172 587 datam
3202 533 3447 603 "diceret,
3483 540 3536 587 et

1934 621 2082 675 omni
2113 630 2352 691 tempore
2384 621 2551 675 fuisse
2582 622 2848 676 inutilem.
2884 621 3065 689 Quare
3097 630 3153 675 ut
3187 638 3245 675 se
3274 630 3534 693 purgaret

1934 709 2157 775 abistis,
2182 710 2421 776 oportuit
2452 726 2574 763 eum
2606 710 2659 762 in
2692 710 3028 764 Hierusalem
3062 710 3363 765 secundum
3402 710 3532 764 ritus

1931 798 2239 852 Judaeorum
2306 796 2598 867 purificare
2656 806 2707 852 et
2762 797 3105 867 purificatum
3168 798 3221 851 in
3273 798 3530 868 templum

1931 887 2230 941 ascendere
2279 888 2426 955 (Act.
2460 901 2582 950 xxx,
2616 890 2720 951 26;
2753 901 2914 951 xxrv,
2953 887 3058 957 18),
3111 895 3162 940 et
3192 886 3532 941 Timotheum

1932 974 2259 1044 discipulum
2309 975 2703 1029 circumcidere
2753 976 2896 1045 (Act.
2950 989 3067 1041 xvr,
3112 976 3187 1045 3).
3222 975 3277 1028 Si
3325 983 3527 1044 autem,

1932 1077 2056 1117 cum
2086 1071 2142 1114 ut
2172 1071 2580 1131 persecutorem
2613 1063 2751 1133 legis
2784 1079 2894 1115 suae
2923 1079 3045 1116 eum
3086 1063 3212 1117 odio
3244 1064 3527 1129 haberent,

1932 1150 2220 1221 dignitatis
2278 1167 2389 1204 suae
2447 1151 2668 1205 nomina
2720 1151 3125 1220 prmposuisset,
3161 1151 3216 1204 in
3263 1151 3529 1221 principio

1931 1238 2337 1307 obstreperent,
2368 1238 2613 1293 dicentes
2643 1254 2744 1293 nec
2774 1239 3099 1293 audiendum
3130 1239 3236 1292 illis
3267 1256 3389 1293 esse
3420 1239 3529 1293 ini-

1928 1327 2129 1381 micum
2161 1343 2336 1397 suum,
2369 1327 2532 1381 etiam
2580 1327 2624 1379 si
2661 1327 2959 1382 secundum
3006 1326 3273 1382 rationem
3324 1328 3527 1382 suade-

1928 1424 2029 1469 ret.
2065 1416 2294 1484 Propter
2322 1416 2439 1470 haec
2488 1415 2781 1469 devitanda
2822 1415 3101 1486 dignitatis
3150 1432 3261 1470 suae
3292 1416 3527 1471 mentio-

1928 1520 2053 1558 nem
2076 1519 2183 1558 non
2214 1503 2358 1558 fecit.
2385 1502 2555 1570 Quasi
2585 1503 2792 1558 diceret
2818 1518 2828 1556 :
2862 1503 3026 1557 Nulla
3072 1520 3197 1558 mea
3228 1505 3525 1560 auctoritas

1926 1607 2025 1646 vos
2055 1591 2346 1661 compellit,
2374 1592 2470 1645 sed
2502 1592 2761 1646 attendite
2782 1591 3131 1647 auctoritates
3160 1591 3301 1664 legis
3331 1601 3527 1647 vestra:

1927 1688 1979 1734 et
2006 1681 2420 1750 prophetarum,
2453 1688 2503 1734 et
2533 1696 2599 1734 ex
2630 1680 2745 1749 ipsa
2786 1680 2909 1751 lege
2954 1689 3007 1735 et
3035 1681 3315 1751 prophetis
3362 1681 3528 1736 intel-

1924 1767 2105 1838 ligetis
2134 1768 2187 1820 in
2221 1767 2435 1822 Christo
2466 1767 2632 1822 fuisse
2664 1766 2823 1821 finem
2863 1768 3027 1837 legis.
3086 1771 3153 1822 Et
3184 1768 3308 1839 quia
3336 1768 3391 1822 in
3422 1785 3528 1824 ca:-

1926 1856 2055 1909 teris
2103 1872 2303 1910 nomen
2336 1873 2495 1910 suum
2540 1871 2647 1909 non
2679 1855 2994 1925 praeposuit,
3026 1856 3276 1911 dixerunt
3304 1856 3527 1928 quidam

1925 1945 2067 1999 hanc
2103 1960 2211 1998 non
2244 1961 2365 1999 esse
2399 1944 2583 2009 Pauli;
2618 1944 2715 1998 sed
2763 1944 2854 1997 alii
2899 1945 3177 2011 Bernabae,
3222 1945 3312 1999 alii
3345 1946 3524 2012 Lucae,

1925 2032 2018 2086 alii
2050 2033 2344 2087 Clementis
2378 2049 2500 2087 esse
2532 2032 2804 2088 dicebant.
2858 2033 3053 2087 Contra
3080 2049 3217 2103 quos
3246 2034 3323 2088 sic
3355 2050 3527 2104 argu-

1925 2129 2199 2175 mentatur
2229 2121 2589 2191 Hieronymus
2615 2135 2626 2173 :
2654 2120 2710 2175 Si
2743 2121 2869 2191 quia
2900 2122 3046 2174 Pauli
3076 2122 3294 2176 nomine
3323 2138 3431 2177 non
3453 2122 3524 2175 ti-

1927 2209 2150 2278 tulatur,
2188 2209 2335 2263 Pauli
2380 2225 2487 2264 non
2538 2218 2636 2275 est,
2688 2225 2841 2281 ergo,
2896 2210 3021 2279 quia
3058 2210 3259 2263 nullius
3306 2210 3524 2266 nomine

1928 2298 2181 2362 titulatur,
2215 2298 2283 2351 sit
2313 2298 2539 2351 nullius.
2578 2299 2753 2353 Lucas
2783 2297 2967 2368 utique
2995 2298 3139 2353 hanc
3180 2298 3249 2353 de
3292 2299 3525 2355 Hebrazo

1926 2386 2199 2440 transtulit
2228 2387 2281 2439 in
2315 2388 2585 2441 ercum.
2626 2387 2686 2439 In
2716 2387 2815 2440 hac
2863 2394 3043 2440 autem
3081 2386 3327 2456 Epistola
3360 2396 3529 2443 mate—

1924 2476 2062 2529 riam
2092 2476 2252 2529 habet
2292 2475 2639 2529 eminentiam
2672 2475 2871 2529 Christi
2903 2484 2953 2528 et
3000 2476 3339 2531 inutilitatem
3383 2476 3524 2548 legis

1925 2563 2285 2633 comprobans
2322 2579 2422 2631 per
2452 2564 2701 2617 eamdem
2726 2562 2906 2634 legem
2924 2570 2976 2616 et
2992 2564 3284 2633 pr0phetas
3306 2581 3524 2619 eorum-

1926 2652 2050 2705 dem
2080 2652 2135 2704 in
2164 2650 2381 2705 Christo
2412 2649 2576 2705 finem
2606 2651 2859 2705 habuisse
2893 2669 2906 2713 ;
2938 2652 3131 2722 legalia
3159 2668 3279 2722 quae
3326 2669 3427 2707 nec
3458 2669 3523 2708 eo

1925 2747 2171 2809 tempore
2201 2755 2308 2809 quo
2339 2756 2462 2794 esse
2482 2739 2930 2793 debebantalicui
2950 2740 3268 2809 proderant,
3293 2740 3397 2795 nisi
3426 2757 3524 2811 per

1925 2827 2089 2882 fidem
2126 2827 2355 2897 venturi,
2405 2828 2500 2881 sed
2549 2827 2796 2881 Christus
2846 2828 2924 2883 sic
2972 2829 3041 2882 ad
3084 2827 3523 2897 justificationem

1925 2916 2139 2981 sufficit,
2200 2924 2257 2971 ut
2293 2915 2556 2985 adiutorio
2599 2914 2738 2987 legis
2784 2932 2893 2970 non
2931 2916 3193 2987 indigeat,
3245 2926 3296 2971 et
3341 2918 3387 2971 si
3435 2918 3523 2973 lex

207 2976 516 3072 Epistolam
546 2976 779 3074 scripsit,
796 2976 925 3061 [cum
946 2976 1126 3059 tamen
1140 3005 1383 3077 gentium
1401 3013 1607 3059 tantum
1635 3008 1815 3075 Apos-
1845 2976 1890 3035 Ο
1920 2976 2313 3069 admisceatur,
2360 2976 2525 3059 iidem
2572 2976 2783 3058 irritam
2831 3003 3010 3058 faciat.
3047 2976 3141 3059 ἷΞο
3180 2976 3285 3060 fine
3334 3006 3413 3061 sic
3453 3007 3522 3061 de

206 3091 356 3145 tolus
385 3100 549 3157 esset,
584 3107 758 3164 agens
790 3093 1091 3148 secundum
1122 3092 1267 3163 quod
1299 3094 1369 3147 ad
1398 3094 1674 3149 Romanos
1706 3093 1813 3147 ait:

209 3200 232 3229 ι
268 3179 654 3235 Honorificabo
689 3180 1051 3236 ministerium
1089 3197 1301 3246 meum,
1352 3180 1398 3235 si
1440 3181 1714 3251 quomodo
1744 3181 1815 3235 ad

203 3267 608 3323 aemulationem
656 3284 951 3339 provocem
994 3284 1219 3323 carnem
1267 3285 1441 3323 meam
1492 3272 1674 3339 (Rom.
1726 3284 1808 3334 x1,

204 3358 321 3424 14),
359 3376 381 3403 ν
416 3364 526 3411 etc.
566 3357 765 3424 Quare,
800 3357 928 3427 quia
957 3373 1065 3412 non
1105 3365 1223 3412 erat
1255 3373 1443 3412 eorum
1487 3357 1807 3427 Apostolus,

202 3443 426 3498 nomina
462 3445 744 3517 dignitatis
780 3445 834 3499 in
864 3447 969 3501 hac
997 3443 1250 3516 Epistola
1278 3462 1596 3517 praeponere
1618 3445 1807 3514 noluit,

205 3531 351 3586 sicut
381 3533 520 3587 solet
550 3533 606 3586 in
649 3533 899 3605 singulis.

213 3735 3226 3764 Μ

1917 3093 2132 3148 Christo
2162 3101 2215 3148 et
2244 3094 2367 3163 lege
2397 3093 2490 3158 ait,
2523 3100 2579 3146 ut
2607 3092 2779 3147 Judaei
2813 3092 3010 3164 legalia
3058 3094 3334 3159 deserant,
3383 3102 3436 3148 et
3466 3094 3519 3149 in

1915 3180 2207 3235 eminentia
2266 3180 2464 3235 Christi
2515 3178 2956 3247 justificationem
3009 3191 3255 3252 quaarant
3287 3190 3337 3236 et
3383 3182 3525 3237 acci-

1912 3269 2079 3338 piant.
2132 3268 2288 3324 Circa
2330 3268 2493 3321 finem
2539 3266 2703 3321 etiam
2742 3267 2999 3337 Epistolas
3045 3269 3260 3323 instruit
3308 3285 3403 3325 eos
3450 3270 3519 3325 de

1912 3356 2246 3422 moralitate,
2293 3357 2421 3427 quia
2465 3356 2597 3409 sicut
2618 3355 2802 3409 vitium
2844 3357 3091 3411 naturale
3118 3358 3320 3413 Iudaeis
3368 3375 3517 3413 sem-

1912 3462 2010 3516 per
2040 3444 2157 3512 fuit,
2190 3445 2455 3500 luxuriosi
2486 3442 2647 3497 nimis
2677 3451 2829 3498 erant
2852 3444 2909 3498 in
2938 3445 3073 3499 cibis
3106 3454 3159 3500 et
3179 3446 3236 3499 in
3263 3447 3509 3502 libidine.

1039 3928 1665 4033 EPISTOLA
1742 3928 1916 4031 AD
1993 3929 2655 4032 HEBR/EOS.

732 4144 957 4200 CAPUT
988 4145 1277 4200 PRIMUM.

280 4257 303 4285 ι
337 4232 677 4289 Multifariam
709 4233 999 4303 multisque
1031 4233 1161 4288 olim
1201 4234 1348 4287 Deus
1376 4232 1605 4303 loquens
1632 4232 1803 4303 patri-

206 4348 227 4374 α
264 4326 371 4379 bus
398 4323 452 4377 in
473 4321 774 4393 prophetis,
816 4322 1111 4377 novissime
1142 4321 1239 4393 [in]
1269 4322 1462 4375 diebus
1501 4321 1617 4374 istis
1643 4322 1799 4376 locu-

201 4435 224 4464 ι
267 4421 354 4467 tus
384 4420 467 4465 est
513 4410 672 4465 nobis
718 4411 773 4464 in
804 4410 955 4475 Filio,
997 4426 1157 4480 quem
1204 4410 1480 4464 constituit
1530 4410 1799 4463 haaredem

199 4524 222 4548 α
257 4501 663 4565 universorum,
694 4515 794 4569 per
822 4515 984 4569 quem
1013 4498 1141 4553 fecit
1181 4506 1235 4553 et
1281 4498 1497 4553 saecula.
1543 4497 1645 4565 Qui
1673 4514 1798 4553 cum

198 4613 221 4637 ιι
260 4590 333 4644 sit
389 4588 648 4658 splendor
700 4587 892 4657 gloria
939 4594 993 4641 et
1049 4585 1219 4658 figura
1280 4586 1597 4640 substantiae
1657 4586 1793 4655 ejus,

197 4702 220 4725 ι
257 4686 594 4748 portansque
642 4676 825 4729 omnia
874 4675 1043 4729 verbo
1090 4674 1303 4729 virtutis
1349 4691 1482 4741 suae,
1509 4674 1793 4745 purgatio-

198 4790 220 4813 ι
258 4782 388 4820 nem
419 4772 765 4835 peccatorum
804 4763 1029 4829 faciens,
1062 4764 1214 4818 sedet
1260 4764 1327 4817 ad
1366 4764 1644 4818 dexteram
1678 4779 1797 4818 ma-

198 4877 221 4905 ι
251 4854 467 4923 jestatis
496 4854 551 4906 in
577 4852 829 4920 excelsis,
879 4860 1025 4906 tanto
1060 4852 1253 4906 melior
1294 4852 1502 4922 angelis
1546 4850 1787 4919 effectus,

198 4963 222 4993 α
259 4949 461 5013 quanto
491 4940 827 4995 difi‘erentius
874 4956 988 5010 pra:
1034 4939 1141 4993 illis
1191 4956 1390 4994 nomen
1434 4939 1788 4995 hmreditavit.

198 5052 221 5080 ι
259 5030 357 5085 Cui
380 5030 523 5083 enim
554 5029 687 5082 dixit
716 5028 1010 5099 aliquando
1038 5028 1396 5099 angelorum:
1432 5028 1597 5082 Filius
1634 5044 1791 5083 meus

199 5140 221 5168 ι
258 5135 320 5173 es
348 5126 424 5183 tu,
456 5134 559 5189 ego
598 5118 761 5171 hodie
791 5117 957 5188 genui
996 5125 1086 5182 te;
1136 5124 1189 5171 et
1226 5133 1440 5171 rursum
1485 5134 1496 5169 :
1530 5118 1650 5186 Ego
1698 5132 1790 5172 cro

196 5228 218 5256 ι
256 5207 335 5260 illi
365 5206 421 5259 in
461 5208 694 5273 Patrem,
724 5214 775 5259 et
806 5206 923 5274 ipse
954 5205 1057 5259 erit
1076 5205 1209 5258 mihi
1240 5205 1294 5259 in
1326 5205 1533 5259 Filium.
1567 5205 1635 5259 Et
1665 5221 1789 5260 cum

192 5317 214 5345 ι
248 5296 447 5350 iterum
476 5293 770 5348 introducit
814 5294 1243 5364 Primogenitnm
1291 5294 1343 5346 in
1373 5294 1564 5347 orbem
1606 5301 1784 5359 terrae,

192 5406 215 5434 ι
255 5384 387 5439 dicit
422 5384 532 5437 :Et
557 5382 784 5437 adorent
829 5399 952 5437 eum
997 5398 1187 5437 omnes
1229 5382 1411 5453 angeli
1452 5380 1570 5436 Dei.
1612 5382 1680 5435 Et
1719 5382 1787 5435 ad

190 5496 212 5519 α
250 5471 481 5544 angelos
511 5470 732 5542 quidem
762 5471 892 5527 dicit
926 5487 937 5526 :
971 5470 1077 5540 Qui
1097 5470 1224 5527 facit
1253 5470 1482 5542 angelos
1521 5485 1648 5525 suos
1668 5470 1784 5542 spi-

406 5570 649 5625 PATROL.
691 5568 870 5625 CLIII.

1834 4144 1887 4205 D
1914 4167 1936 4193 ‹‹
1973 4144 2138 4213 ritus,
2161 4154 2214 4200 et
2245 4146 2521 4201 ministros
2564 4162 2693 4202 suos
2714 4148 2985 4205 ﬂammam
3028 4148 3193 4221 ignis.
3216 4152 3299 4207 Ad
3318 4151 3507 4208 Filium

1907 4254 1929 4284 «
1965 4242 2147 4289 autem
2200 4251 2213 4287 :
2264 4235 2514 4289 Thronus
2547 4244 2669 4289 tuus
2727 4238 2875 4293 Deus
2907 4240 2961 4293 in
2982 4240 3240 4295 saculum
3291 4242 3498 4310 saeculi,

1905 4343 1926 4366 «
1964 4329 2016 4375 et
2047 4321 2200 4394 virga
2258 4322 2524 4393 aequitatis
2576 4324 2726 4394 virga
2761 4326 2921 4398 regni
2969 4327 3061 4381 tui.
3109 4327 3501 4398 Dilexistijus-

1904 4430 1925 4455 ‹‹
1963 4410 2134 4463 titiam
2184 4418 2236 4465 et
2291 4411 2454 4465 odisti
2499 4411 2872 4482 iniquitatem,
2908 4424 3202 4485 propterea
3250 4418 3400 4472 unxit
3450 4427 3503 4474 te

1903 4520 1923 4544 «
1958 4498 2105 4552 Deus
2136 4507 2260 4553 tuus
2305 4500 2426 4554 oleo
2466 4501 2837 4556 exsultationis
2858 4502 3096 4576 [laetitiae]
3126 4522 3237 4575 prae
3283 4506 3500 4576 partici-

1903 4608 1923 4631 α
1958 4586 2117 4656 pibus
2140 4587 2263 4654 tuis,
2289 4596 2341 4642 et
2373 4596 2427 4643 tu
2456 4588 2512 4642 in
2550 4589 2836 4661 principio,
2870 4593 3121 4661 Domine,
3155 4602 3355 4649 terram
3377 4596 3497 4650 fun-

1899 4696 1921 4724 ι
1957 4674 2100 4729 dasti
2132 4690 2143 4728 :
2178 4684 2231 4730 et
2284 4693 2450 4746 opera
2479 4693 2740 4733 manuum
2771 4688 2982 4735 tuarum
3038 4690 3160 4736 sunt
3190 4683 3333 4738 caeli.
3387 4685 3496 4755 Ipsi

1896 4784 1919 4811 ι
1953 4763 2224 4832 peribunt,
2264 4764 2503 4821 358
2533 4774 2587 4820 tu
2617 4775 2793 4822 autem
2836 4770 3203 4839 permanebis,
3228 4779 3281 4826 et
3301 4788 3493 4828 omnes

1898 4872 1920 4901 ι
1955 4859 2011 4905 ut
2058 4852 2436 4908 vestimentum
2492 4863 2873 4924 veterascent;
2927 4866 2980 4912 et
3028 4858 3172 4913 velut
3236 4859 3492 4917 amictum

1896 4962 1917 4986 «ι
1952 4940 2186 4994 mutabis
2234 4957 2329 4996 eos
2377 4949 2429 4996 et
2446 4944 2828 5012 mutabuntur,
2877 4953 2934 5000 tu
2978 4954 3159 5001 autem
3180 4947 3326 5002 idem
3368 4949 3488 5021 ipse

1896 5051 1917 5075 «
1955 5044 2033 5094 es,
2068 5036 2120 5082 et
2147 5029 2275 5082 anni
2306 5030 2383 5083 tui
2412 5046 2521 5085 non
2549 5031 2821 5088 deﬁcient.
2848 5034 2929 5088 Ad
2964 5052 3124 5106 quem
3167 5044 3348 5092 autem
3385 5054 3490 5095 an-

1896 5138 1918 5166 «
1953 5116 2203 5186 gelorum
2234 5117 2368 5171 dixit
2395 5118 2684 5189 aliquando
2710 5140 2721 5177 :
2755 5123 2897 5177 Sede
2937 5140 2969 5178 a
2999 5124 3205 5179 dextris
3225 5127 3493 5194 meis,do-

1892 5228 1912 5251 α
1949 5220 2052 5259 nec
2088 5204 2482 5278 [quoadusque]
2516 5223 2713 5277 ponam
2761 5210 3009 5267 inimicos
3042 5221 3161 5268 tuos
3193 5216 3492 5272 scabellum

1893 5315 1913 5339 ‹‹
1949 5293 2147 5363 pedum
2176 5300 2392 5347 tuorum
2423 5294 2451 5347 ?
2494 5297 2667 5365 (Psal.
2696 5312 2805 5362 cxx,
2861 5303 2910 5364 1,
2962 5301 3043 5371 2.)
3075 5303 3268 5357 Nonne
3300 5320 3492 5360 omnes

1892 5404 1912 5427 «
1950 5389 2074 5435 sunt
2114 5381 2562 5438 administratorii
2591 5384 2811 5455 spiritus
2851 5386 2905 5439 in
2928 5389 3290 5445 ministerium
3311 5392 3485 5463 missi,

1892 5490 1914 5520 «
1946 5479 2170 5541 propter
2199 5486 2295 5526 eos
2349 5472 2441 5541 qui
2497 5472 2867 5529 haareditatem
2918 5478 3134 5548 capiunt
3186 5481 3419 5537 salutis?
3464 5507 3486 5531 υ

3209 5581 3277 5631 16
