3966 6050
456 122 553 180 491

1078 296 1389 335 EXPOSITIO.

532 423 927 493 Multi/ariam,
963 429 1066 476 etc.
1098 423 1254 476 Nunc
1300 422 1353 475 in
1384 420 1648 492 principio
1692 424 1929 493 probare
1960 422 2046 477 in-

454 511 623 564 tendit
652 512 920 564 Christum
952 510 1146 563 Filium
1178 510 1276 563 Dei
1307 511 1635 565 audiendum
1666 528 1808 578 esse,
1856 512 2047 567 confe-

455 600 628 654 rendo
661 616 783 654 eum
813 596 1112 669 prophetis,
1145 598 1254 669 qui,
1308 600 1352 651 si
1394 598 1515 653 ideo
1544 599 1800 653 audiendi
1834 599 2049 654 fuerunt

454 688 581 758 quia
610 690 753 742 Deus
784 704 884 757 per
914 702 1007 741 eos
1036 694 1093 739 ut
1122 703 1219 756 per
1250 687 1667 740 instrumentum
1700 688 1914 743 locutus
1944 696 2044 756 est,

452 777 623 831 multo
652 775 830 849 magis
858 775 1197 830 observanda
1240 782 1364 828 sunt
1414 783 1686 846 praecepta
1724 776 1951 843 Christi,
1991 776 2046 830 in

453 882 560 937 quo
590 866 737 918 Deus
779 865 991 918 locutus
1034 872 1133 928 est,
1181 871 1236 916 ut
1277 864 1328 916 in
1378 864 1530 918 Filio.
1582 863 1801 918 Confert
1850 864 2046 919 iterum

454 954 723 1009 Christum
754 952 982 1024 angelis,
1018 952 1144 1022 quia
1175 950 1219 1004 si
1253 952 1417 1005 verba
1463 952 1779 1023 angelorum
1822 969 1922 1023 per
1951 969 2045 1008 eos

450 1039 840 1109 prophetarum
910 1035 1118 1105 prolata
1174 1034 1642 1102 observabuntur,
1702 1037 2045 1091 observanda

451 1134 575 1181 sunt
604 1126 767 1180 verba
799 1125 996 1179 Christi
1024 1125 1187 1194 longe
1219 1125 1470 1193 amplius,
1521 1125 1611 1195 qui
1643 1125 1805 1196 longe
1851 1125 2045 1180 melior

453 1215 665 1287 angelis
697 1222 776 1268 est
825 1212 1068 1267 effectus.
1121 1214 1187 1266 Et
1234 1214 1350 1266 hazc
1396 1213 1577 1266 omnia
1626 1230 1747 1283 quae
1775 1215 2045 1283 prmmittit

451 1312 695 1374 spectant
724 1303 790 1355 ad
824 1301 1228 1357 conclusionem
1270 1300 1606 1372 [illationem]
1637 1301 1856 1355 inferius
1896 1303 2043 1371 posi-

449 1400 575 1456 tam,
626 1391 719 1444 ubi
768 1389 842 1443 ait
875 1406 888 1442 :
923 1391 1225 1459 Propterea
1274 1389 1677 1456 abundantius,
1731 1398 1831 1444 etc.
1875 1390 2043 1457 Quasi

448 1481 654 1535 diceret
703 1495 714 1530 :
759 1477 1063 1531 Observate
1117 1491 1237 1546 quae
1290 1476 1437 1531 dicta
1477 1485 1601 1530 sunt
1639 1493 1670 1530 a
1729 1477 1882 1541 Filio,
1919 1479 2042 1548 quia

447 1569 593 1622 Deus
622 1569 755 1623 olim
789 1568 1017 1636 loquens
1046 1564 1300 1635 patribus
1331 1565 1550 1629 nostris,
1583 1565 1637 1618 id
1669 1565 2042 1635 estprioribus

444 1655 646 1710 Judaeis
677 1654 768 1725 qui
800 1662 851 1708 et
898 1653 951 1706 in
983 1668 1147 1708 carne
1178 1660 1228 1707 et
1259 1653 1311 1705 in
1345 1654 1486 1707 cultu
1525 1653 1623 1707 Dei
1660 1662 1843 1723 patres
1887 1655 2043 1709 nobis

448 1752 588 1811 sunt,
624 1743 872 1813 loquens,
908 1741 1146 1812 inquam,
1180 1741 1424 1811 patribus
1466 1744 1527 1795 in
1566 1742 1873 1813 prophetis.
1920 1744 2043 1797 Non

447 1833 588 1888 enim
617 1832 1005 1903 prophetarum
1036 1838 1209 1897 erant,
1243 1846 1361 1900 qua:
1390 1830 1767 1899 loquebantur,
1817 1831 1909 1884 sed
1944 1832 2043 1885 Dei

444 1920 717 1991 loquentis
748 1936 844 1990 per
871 1935 966 1973 eos
995 1926 1052 1971 ut
1082 1935 1181 1987 per
1208 1917 1647 1972 instrumentum.
1674 1919 1730 1971 In
1752 1919 1854 1972 hoc
1875 1920 2043 1973 nomi-

444 2026 513 2065 ne
544 2010 687 2081 quod
719 2010 866 2063 Deus
898 2015 999 2071 est,
1050 2006 1279 2059 multum
1324 2006 1671 2076 opponebant
1718 2007 1906 2071 Paulo,
1952 2007 2040 2061 di-

447 2106 634 2154 centes
669 2097 795 2167 quia
836 2097 981 2149 Deus
1020 2094 1373 2148 immutabilis
1404 2102 1568 2148 esset.
1623 2095 1822 2165 Legem
1861 2103 2040 2149 autem

444 2188 620 2241 Deum
652 2185 869 2238 dedisse
900 2182 1092 2253 negari
1125 2198 1231 2236 non
1276 2189 1481 2251 posset,
1520 2182 1907 2236 immutabilem
1938 2184 2040 2237 de-

446 2274 579 2328 bere
628 2290 750 2328 esse
800 2272 998 2343 legem,
1047 2286 1229 2342 quam,
1279 2271 1371 2340 qui
1408 2270 1602 2323 mutari
1652 2287 1760 2325 non
1809 2278 2037 2340 poterat,

445 2362 705 2418 dedisset.
737 2362 901 2425 Olim,
938 2360 1177 2430 inquam,
1227 2360 1372 2413 Deus
1412 2360 1640 2429 loquens
1668 2360 1929 2430 patribus
1976 2361 2039 2414 in

440 2451 729 2523 prophetis
758 2449 1161 2518 multifariam,
1197 2447 1250 2500 id
1280 2455 1362 2501 est
1391 2446 1684 2516 multoties,
1717 2456 1773 2500 ut
1802 2464 1924 2502 cum
1944 2463 2041 2517 po-

442 2540 637 2593 sitione
667 2537 918 2593 dictionis
949 2551 1058 2590 non
1088 2535 1415 2589 insistamus.
1451 2534 1742 2601 Multoties,
1794 2536 2036 2606 inquam,

442 2628 565 2699 quia
595 2636 647 2681 et
676 2626 962 2690 Abraham,
1004 2632 1057 2678 et
1104 2624 1277 2688 Isaac,
1326 2632 1373 2677 et
1423 2623 1607 2689 Jacob,
1652 2631 1701 2677 et
1749 2624 2039 2694 unicuique

441 2732 631 2771 eorum
662 2714 842 2768 multis
873 2713 1101 2768 vicibus.
1128 2713 1379 2782 Loquens
1413 2712 1572 2765 etiam
1602 2713 1802 2766 multis
1832 2713 2035 2777 modis,

441 2804 567 2876 quia
597 2803 760 2857 modo
792 2818 890 2872 per
921 2800 1133 2855 somnia
1163 2808 1217 2853 ut
1243 2799 1468 2864 Danieli,
1494 2799 1657 2854 modo
1676 2809 1858 2870 aperta
1881 2816 2034 2865 voce,

442 2900 498 2947 ut
528 2891 721 2962 Moysi,
755 2906 900 2944 nunc
946 2888 1190 2943 interiori
1218 2886 1566 2958 aspiratione,
1600 2895 1655 2941 ut
1701 2888 1896 2942 David.
1940 2888 2038 2943 Vel

438 2980 802 3044 mutitariam,
864 2978 920 3031 id
963 2985 1045 3031 est
1099 2976 1315 3030 diverso
1363 2992 1565 3046 genere
1614 2975 1928 3041 locutionis,
1982 2946 2107 3030 ιιιο

440 3069 566 3124 huic
597 3069 652 3121 in
673 3066 905 3131 somnio,
940 3065 1015 3118 illi
1038 3079 1290 3119 sermone
1321 3071 1530 3134 aperto,
1575 3063 1652 3117 illi
1695 3064 1921 3118 interius
1957 3080 2039 3119 as-

441 3156 693 3228 pirando,
727 3163 779 3210 et
830 3155 953 3208 ideo
984 3152 1217 3208 diversis
1264 3152 1459 3217 modis,
1492 3151 1614 3222 quia
1659 3152 1705 3205 si
1732 3152 1789 3205 in
1826 3152 2036 3207 somnio

440 3253 668 3310 tantum,
702 3250 981 3314 putaretur
1028 3240 1189 3295 inane
1219 3240 1364 3311 quod
1410 3240 1486 3294 ita
1534 3239 1723 3295 fuisset
1768 3241 2031 3306 auditum,

441 3334 539 3388 sed
574 3332 667 3386 ubi
695 3331 784 3387 hic
827 3339 1017 3401 aperto
1063 3344 1335 3395 sermone,
1393 3328 1482 3382 hic
1520 3328 1572 3382 in
1618 3328 1850 3394 somnio,
1899 3329 2036 3382 alius

439 3424 654 3477 interna
683 3420 1030 3491 aspiratione,
1065 3434 1255 3473 omnes
1286 3417 1428 3472 idem
1459 3424 1511 3471 et
1541 3416 1609 3471 de
1632 3418 1826 3472 eodem
1856 3416 2035 3487 perhi-

441 3512 660 3576 bebant,
709 3509 999 3565 certiorem
1055 3506 1216 3561 tidem
1265 3514 1344 3560 tot
1390 3505 1572 3560 modis
1622 3505 1909 3561 intellectae
1956 3505 2035 3559 rei

438 3599 730 3655 faciebant.
767 3596 1158 3667 Muttifariam,
1210 3594 1451 3663 inquam,
1503 3593 1557 3646 id
1604 3601 1687 3647 est
1730 3593 1899 3647 multo
1933 3608 2036 3664 ge-

439 3704 571 3743 nere
622 3685 933 3747 locutionis,
995 3691 1047 3737 et
1091 3683 1293 3737 multis
1332 3682 1533 3748 modis,
1581 3680 1635 3734 id
1674 3688 1756 3734 est
1803 3680 2036 3734 diversis

439 3774 862 3847 Operationibus,
896 3780 951 3826 ut
980 3771 1036 3826 in
1064 3769 1274 3824 ardenti
1322 3769 1459 3822 rubo
1492 3767 1684 3837 Moysi,
1733 3768 1789 3820 in
1834 3768 2037 3823 vellere

441 3865 586 3919 sicco
616 3871 671 3918 et
699 3862 807 3916 udo
838 3858 1105 3923 Gedeoni,
1139 3864 1192 3911 et
1221 3856 1467 3910 similiter
1493 3855 1677 3908 multis
1719 3854 1858 3909 aliis.
1894 3855 2037 3911 Olim

439 3952 669 4022 loquens
718 3949 960 4020 patribus
991 3946 1045 3998 in
1085 3944 1383 4014 prophetis,
1430 3944 1653 3997 locutus
1678 3947 1762 3998 est
1791 3944 1945 3998 nobis
1974 3946 2037 3999 in

440 4042 602 4096 Filio.
635 4038 792 4106 Quod
824 4036 895 4090 ad
924 4033 1053 4087 illud
1102 4030 1375 4101 antiquius
1405 4046 1645 4100 praesens
1676 4038 1907 4101 tempus,
1941 4048 2039 4102 po-

438 4129 518 4184 nit
547 4129 795 4198 loquens,
848 4131 901 4177 et
943 4122 1011 4175 ad
1060 4120 1191 4173 illud
1229 4120 1372 4189 quod
1415 4118 1571 4188 quasi
1609 4136 1853 4189 praesens
1897 4128 2033 4187 erat,

440 4217 621 4290 posuit
648 4212 979 4285 praeteritum
1010 4208 1242 4272 locutus,
1277 4205 1545 4279 significat
1590 4207 1732 4262 idem
1782 4224 1841 4262 se
1889 4207 2037 4278 loqui

991 121 1053 176 S.
1116 116 1470 177 BRUNONIS
1527 104 2175 175 CARTHUSIANORUM
2229 106 2713 164 INSTITUTORIS
2742 106 2895 167 OPP.
2925 113 3102 172 PARS
3131 111 3201 165 II.

2076 244 2345 302 AFilium
2388 245 2687 300 novissima
2734 245 2860 311 fuit,
2920 244 3118 298 nullius
3170 242 3406 299 novitate
3457 238 3751 298 locutionis

3641 114 3749 172 492

2149 332 2373 388 ulterius
2400 334 2763 401 immutanda,
2798 334 2894 388 sed
2935 333 3065 387 olim
3114 333 3324 387 locutus
3372 331 3425 384 in
3469 329 3747 401 prophetis

2149 429 2230 475 est
2252 422 2565 485 novissime,
2597 423 2724 493 quia
2744 422 3026 477 veritatem
3050 420 3330 476 locuturus
3346 420 3402 473 in
3439 419 3573 473 Filio
3617 418 3742 472 des-

2147 517 2423 565 tructurus
2463 519 2575 564 erat
2629 511 2895 575 umbram,
2947 526 3104 581 quam
3163 509 3488 580 loquebatur
3512 508 3568 561 in
3610 522 3745 576 pro-

2147 598 2343 667 phetis.
2377 600 2445 652 Et
2485 599 2529 652 si
2560 600 2855 669 pr0phetas
2884 598 3140 665 audistis,
3174 598 3301 668 quia
3345 598 3492 651 Deus
3533 596 3745 650 locutus

2148 694 2230 739 est
2284 687 2338 739 in
2394 686 2690 757 prophetis,
2753 685 3136 741 abundantius
3185 685 3472 739 observate
3509 700 3628 754 qua
3674 683 3745 737 de

2148 774 2263 827 Deo
2324 774 2378 827 in
2438 774 2573 828 Filio
2624 774 2871 828 audistis.
2933 774 3090 828 Nunc
3145 772 3333 843 incipit
3396 770 3745 843 magnificare

2148 862 2366 929 Filium,
2425 862 2587 916 modo
2644 862 2942 916 secundum
2989 862 3298 929 humanam,
3350 860 3513 915 modo
3553 875 3743 915 secun-

2147 950 2275 1003 dum
2329 950 2606 1015 divinam,
2660 950 2824 1005 modo
2882 950 3182 1005 secundum
3237 956 3525 1018 utramque
3582 948 3742 1002 simul

2147 1038 2500 1091 substantiam
2565 1038 2755 1093 dicens
2806 1055 2817 1093 :
2884 1038 3054 1104 Quem
3112 1037 3304 1090 Filium
3379 1037 3523 1091 Deus
3579 1036 3740 1090 Pater

2145 1128 2491 1191 constituit,
2551 1125 2607 1180 id
2673 1134 2755 1179 est
2827 1125 3056 1180 ﬁrmiter
3130 1124 3385 1178 stabilivit
3459 1124 3739 1179 hcerede-m

2145 1214 2569 1278 universorum,
2622 1213 2677 1267 id
2719 1221 2801 1268 est
2846 1213 3055 1267 firmum
3096 1228 3469 1283 possessorem
3499 1212 3741 1267 omnium

2145 1318 2252 1357 non
2283 1302 2557 1357 haeredem
2587 1302 2740 1372 quasi
2780 1303 2939 1355 Pater
2975 1302 3091 1369 ejus
3121 1300 3440 1367 decesserit,
3495 1299 3736 1356 359

2145 1390 2287 1460 quod
2320 1390 2373 1443 in
2412 1391 2663 1444 humanis
2701 1390 2915 1462 legibus
2950 1388 3027 1453 fit,
3071 1390 3168 1443 sed
3205 1389 3482 1444 hieredem
3536 1405 3737 1443 secun-

2144 1478 2271 1531 dum
2321 1479 2464 1549 quod
2524 1479 2668 1533 idem
2717 1479 2829 1531 ait:
2865 1501 2885 1525 «ι
2944 1477 3142 1533 Omnia
3190 1494 3522 1548 quaecunque
3575 1478 3742 1531 habet

2146 1566 2323 1629 Pater,
2357 1582 2479 1620 mea
2509 1576 2630 1620 sunt
2665 1567 2847 1635 (Joan.
2883 1581 3001 1630 xvx,
3046 1568 3160 1635 15).
3207 1588 3228 1613 ιν
3272 1566 3400 1621 Haec
3429 1564 3739 1621 constitutio

2144 1654 2442 1709 secundum
2475 1655 2616 1724 quod
2668 1655 2829 1709 homo
2864 1661 2965 1720 est,
3016 1653 3158 1709 facta
3206 1662 3289 1708 est
3326 1654 3379 1706 in
3409 1670 3495 1721 eo,
3545 1654 3600 1706 in
3631 1668 3739 1723 quo

2144 1742 2442 1796 secundum
2472 1742 2711 1797 divinam
2749 1743 2816 1795 ab
2846 1750 3049 1796 aeterno
3076 1741 3173 1796 fuit
3203 1742 3379 1795 omnis
3420 1741 3696 1811 plenitudo
3722 1759 3737 1805 ;

2140 1847 2242 1901 per
2262 1846 2423 1902 quem
2446 1831 2639 1885 iterum
2667 1831 2801 1900 fecit
2833 1846 2942 1884 non
2965 1830 3139 1885 solum
3159 1829 3419 1895 caelestia,
3444 1830 3541 1885 sed
3562 1831 3739 1884 etiam

2142 1920 2373 1987 saecula,
2415 1918 2469 1971 id
2500 1926 2583 1972 est
2628 1934 2964 1989 quascunque
3016 1918 3299 1973 saecularia
3344 1918 3559 1983 videtis,
3587 1917 3738 1986 juxta

2141 2004 2272 2059 illud
2308 2021 2318 2058 :
2359 2029 2379 2052 α
2418 2006 2611 2060 Omnia
2634 2006 2689 2059 in
2719 2006 2995 2076 Sapientia
3016 2006 3189 2061 fecisti
3228 2008 3534 2075 (Psal.cm,
3560 2008 3672 2075 24).
3712 2026 3734 2054 ι

2143 2096 2257 2148 Hoc
2314 2094 2612 2149 secundum
2658 2094 2896 2148 divinam
2935 2095 3136 2149 dictum
3187 2103 3269 2149 est
3318 2095 3387 2148 de
3426 2094 3598 2159 Filio;
3644 2095 3741 2166 qui

2141 2182 2308 2235 Filius
2338 2198 2467 2236 cum
2497 2184 2575 2238 sit
2603 2183 2867 2254 splendor
2894 2184 3105 2253 gloriae,
3131 2182 3185 2236 id
3214 2190 3295 2237 est
3326 2181 3521 2237 divinae
3551 2198 3740 2237 essen-

2141 2270 2228 2324 tia:
2257 2270 2454 2332 Patris,
2482 2286 2604 2341 quae
2629 2270 2883 2324 divinitas
2912 2287 3013 2341 per
3041 2270 3429 2326 excellentiam
3450 2271 3627 2340 gloria
3656 2270 3737 2324 di-

2140 2357 2297 2423 citur,
2330 2366 2381 2412 et
2426 2358 2859 2413 consideratione
2902 2358 3046 2413 illius
3085 2358 3220 2413 nihil
3249 2359 3547 2431 gloriosum
3581 2358 3738 2413 vide-

2140 2453 2243 2499 tur.
2280 2446 2465 2513 Filius,
2519 2446 2761 2517 inquam,
2797 2446 3059 2516 splendor
3106 2455 3188 2501 est
3217 2447 3569 2519 gloriaa,quia
3600 2448 3741 2502 sicut

2138 2534 2322 2588 radius
2350 2534 2523 2589 solem
2572 2534 2842 2607 significat
2886 2535 3089 2600 lucere,
3119 2535 3194 2589 ita
3226 2535 3388 2590 Filius
3434 2535 3624 2589 radius
3653 2543 3738 2590 est

2138 2621 2423 2677 notiﬁcans
2444 2623 2677 2687 Patrem,
2702 2639 2811 2677 non
2832 2630 3009 2677 tamen
3031 2623 3174 2677 aliud
3202 2638 3234 2677 a
3264 2625 3440 2688 Patre,
3460 2624 3605 2678 sicut
3636 2640 3738 2679 nec

2137 2710 2325 2763 radius
2345 2710 2490 2763 aliud
2518 2718 2601 2764 est
2631 2727 2661 2763 a
2691 2710 2827 2764 sole.
2862 2711 2975 2766 Hoc
3004 2718 3183 2765 autem
3206 2711 3506 2766 secundum
3534 2719 3740 2766 utram-

2138 2814 2241 2868 que
2288 2806 2559 2863 naturam,
2620 2799 2853 2854 maxime
2899 2800 3197 2853 secundum
3242 2799 3483 2854 divinam
3529 2800 3736 2856 dictum

2137 2893 2219 2939 est
2248 2886 2316 2940 de
2346 2887 2501 2941 Filio.
2535 2885 2640 2955 Qui
2689 2887 2849 2942 Filius
2880 2888 3045 2942 etiam
3093 2903 3216 2943 cum
3266 2888 3333 2942 sit
3381 2889 3561 2960 ﬁgura
3600 2886 3737 2944 sub-

2138 2976 2369 3029 stantia:
2397 2978 2539 3046 eius,
2573 2976 2627 3029 id
2658 2984 2740 3030 est
2767 2975 2932 3045 plena
2970 2976 3211 3031 ostensio
3243 2976 3493 3032 essentia
3537 2976 3730 3031 Patris.

2136 3062 2338 3135 Figura
2358 3072 2558 3130 autem,
2592 3080 2701 3119 non
2724 3065 2869 3134 quod
2891 3065 3142 3119 diversus
3164 3081 3194 3119 a
3224 3066 3399 3131 Patre,
3429 3065 3526 3119 sed
3548 3065 3694 3120 idem
3719 3084 3734 3131 ;

2136 3151 2326 3205 eadem
2355 3151 2498 3205 enim
2544 3152 2838 3207 substantia
2889 3153 3055 3207 Filius
3103 3161 3187 3208 est
3233 3148 3377 3209 cum
3404 3155 3580 3219 Patre,
3619 3153 3739 3209 haec

2137 3239 2440 3294 secundum
2478 3239 2720 3295 divinam
2762 3248 2985 3296 tantum.
3027 3244 3271 3297 Portam
3310 3242 3470 3296 etiam
3517 3244 3733 3307 omnia,

2137 3327 2281 3398 quia,
2315 3328 2453 3383 sicut
2475 3328 2577 3381 nisi
2604 3344 2704 3398 per
2734 3329 2926 3384 Filium
2971 3330 3146 3384 creari
3183 3345 3293 3384 non
3339 3337 3619 3400 poterant,
3655 3329 3738 3385 sic

2135 3415 2239 3469 nisi
2264 3431 2364 3485 per
2393 3416 2584 3470 Filium
2614 3424 2796 3471 creata
2826 3417 3124 3472 subsistere
3154 3434 3264 3473 non
3310 3428 3549 3489 possent.
3595 3420 3737 3474 Por-

2135 3510 2256 3556 tans
2278 3504 2457 3557 omnia
2487 3506 2663 3569 verbo,
2697 3504 2752 3558 id
2782 3513 2864 3559 est
2896 3505 3013 3560 sola
3041 3505 3345 3572 voluntate,
3382 3507 3519 3562 sicut
3539 3523 3737 3579 quem-

2134 3590 2267 3645 libet
2310 3607 2496 3663 regem
2546 3592 2914 3659 judicaremus
2945 3601 3240 3663 potentem,
3276 3595 3367 3665 qui
3416 3595 3531 3650 solo
3561 3596 3734 3651 verbo

2134 3679 2462 3750 gubernaret
2531 3679 2815 3750 imperium
2892 3698 3065 3736 suum.
3133 3684 3358 3737 Portans
3392 3724 3407 3747 ,
3483 3683 3731 3754 inquam,

2136 3768 2316 3821 omnia
2346 3768 2515 3823 verbo
2552 3770 2787 3824 virtutis
2815 3786 2949 3835 suae,
2970 3769 3028 3824 id
3047 3778 3130 3825 est
3150 3771 3391 3825 virtuoso
3410 3772 3578 3826 verbo
3609 3789 3731 3827 suo.

2208 3856 2334 3910 Hzec
2371 3856 2555 3910 omnia
2583 3856 2720 3910 nihil
2766 3857 2945 3913 adhuc
2975 3858 3045 3912 ad
3087 3858 3232 3925 illos,
3282 3858 3409 3930 quia
3446 3860 3729 3915 dicerent:

2137 3942 2280 4010 Quid
2308 3944 2527 4014 prodest
2552 3945 2709 3999 nobis
2739 3945 2783 3998 si
2813 3962 2914 4016 per
2943 3963 3067 4001 eum
3098 3947 3235 4003 facta
3285 3955 3408 4002 sunt
3453 3948 3652 4013 omnia,
3686 3949 3734 4002 si

2137 4030 2399 4099 splendor
2426 4032 2494 4085 sit
2523 4032 2731 4103 gloriae,
2765 4041 2868 4089 etc.
2901 4034 2983 4088 Ad
3014 4035 3120 4090 hoc
3150 4035 3343 4089 Paulus
3383 4037 3681 4105 respondet
3714 4052 3728 4089 :

2136 4118 2300 4172 Filius
2328 4119 2451 4175 dico
2480 4122 2700 4190 faciens
2725 4123 3130 4192 purgationem
3162 4128 3546 4194 peccatorum,
3570 4125 3625 4178 id
3648 4131 3733 4179 est

2136 4222 2382 4277 purgans
2410 4208 2660 4263 homines
2690 4223 2724 4263 a
2755 4210 3011 4280 peccatis,
3047 4218 3101 4266 et
3131 4212 3277 4283 quod
3305 4228 3541 4285 purgare
3560 4212 3735 4283 possit

440 4322 539 4377 per
569 4304 759 4357 Filium
792 4299 935 4371 quod
966 4298 1177 4352 locutus
1194 4303 1274 4349 est
1295 4311 1391 4365 per
1418 4296 1733 4366 prophetas,
1758 4295 1861 4349 nisi
1892 4294 2038 4365 quod
2058 4298 2110 4357 D
2140 4296 2520 4365 comprobatur
2548 4312 2613 4351 ex
2642 4298 2967 4367 prazmissis;
3001 4315 3103 4369 per
3132 4316 3294 4370 quem
3324 4300 3463 4355 facta
3505 4308 3559 4355 et
3595 4316 3732 4371 por-

439 4394 496 4448 in
545 4389 824 4462 prophetis
854 4386 1067 4443 occulta
1112 4384 1333 4449 veritas,
1377 4391 1429 4439 et
1467 4383 1643 4439 adhuc
1690 4383 2030 4454 complenda,

441 4482 497 4536 in
527 4480 662 4535 Filio
708 4487 890 4533 autem
939 4482 1127 4544 aperta
1165 4472 1363 4527 veritas
1410 4480 1463 4527 et
1504 4471 1793 4543 completa.
1837 4473 2039 4527 Dicens

444 4570 607 4625 etiam
637 4569 785 4621 Deus
814 4565 1044 4634 loquens
1064 4561 1311 4632 patribus
1345 4562 1564 4617 locutus
1600 4565 1683 4616 est
1713 4561 1870 4616 nobis
1899 4560 2036 4628 ﬁliis

443 4656 759 4713 eorumdem
786 4661 1021 4724 patrum,
1054 4650 1224 4704 innuit
1252 4649 1431 4703 eidem
1460 4648 1660 4719 populo
1689 4664 1798 4703 non
1827 4648 2038 4702 diversa

445 4745 613 4801 fuisse
642 4744 902 4806 locutum,
938 4739 1035 4795 sed
1065 4738 1110 4793 si
1138 4753 1238 4808 per
1276 4737 1572 4807 prophetas
1600 4736 1802 4791 Judaais
1832 4752 1932 4806 per
1959 4735 2040 4790 Fi-

441 4834 573 4888 lium
596 4831 725 4886 solis
747 4834 1058 4901 loqueretur
1086 4825 1357 4897 gentibus,
1394 4832 1579 4893 posset
1609 4823 1818 4894 Opinari
1847 4823 1917 4877 ad
1948 4823 2036 4877 di-

445 4937 636 4976 versos
665 4919 894 4991 populos
924 4917 992 4971 de
1017 4913 1249 4970 diversis
1287 4911 1455 4966 fuisse
1494 4911 1753 4966 locutum.
1799 4911 2036 4966 Locutus

442 5018 522 5066 est
570 5008 727 5064 nobis
769 5007 1087 5069 novissime,
1120 5000 1325 5056 scilicet
1354 4999 1409 5052 in
1434 5000 1623 5055 diebus
1650 4999 1807 5063 istis,
1858 4999 2039 5055 adhuc

444 5099 588 5154 enim
618 5096 771 5151 multi
798 5100 1086 5165 supersunt
1131 5089 1222 5160 qui
1252 5102 1376 5143 eum
1423 5086 1734 5158 loquentem
1764 5094 1813 5141 et
1844 5086 2037 5142 audie-

441 5196 568 5242 runt
598 5194 650 5241 et
678 5185 943 5241 viderunt.
994 5179 1089 5234 Vel
1119 5177 1487 5232 itazLocutus
1532 5182 1613 5229 est
1661 5174 1853 5230 diebus
1897 5174 2033 5241 istis,

442 5277 577 5332 sicut
614 5274 819 5329 dictum
858 5278 958 5325 est.

408 5352 419 5360 ’
512 5366 754 5419 Locutus
793 5358 916 5415 dico
947 5355 1267 5421 novissime,
1301 5366 1423 5423 quae
1440 5351 1559 5408 haec
1586 5350 1783 5409 locutio
1812 5350 1915 5409 Dei
1936 5366 2038 5422 per

2147 4390 2253 4436 tata
2288 4384 2541 4438 dicuntur
2570 4386 2771 4451 omnia,
2820 4395 2874 4441 et
2917 4387 3008 4457 qui
3046 4403 3168 4443 cum
3215 4389 3373 4444 Patre
3412 4388 3600 4443 eadem
3648 4396 3736 4444 est

2138 4471 2457 4538 substantia,
2516 4480 2619 4528 etc.
2653 4472 2813 4540 Quod
2862 4475 3023 4529 etiam
3070 4483 3319 4547 tempore
3372 4476 3514 4549 legis
3559 4476 3735 4532 Judaei

2137 4558 2556 4627 confitebantur,
2605 4561 2699 4615 ubi
2743 4561 2997 4618 dicebant
3043 4563 3223 4619 eidem
3253 4563 3501 4619 Christo:
3540 4587 3562 4611 κ
3598 4564 3737 4633 Quis

2136 4654 2316 4717 potest
2341 4647 2606 4703 dimittere
2653 4658 2878 4718 peccata
2914 4650 3021 4705 nisi
3049 4651 3200 4707 solus
3231 4653 3377 4707 Deus
3406 4653 3434 4707 ?
3470 4676 3492 4701 υ
3534 4653 3728 4724 (Marc.

2138 4749 2197 4801 ιι,
2232 4736 2312 4805 7.)
2344 4736 2444 4793 Hic
2463 4736 2626 4807 plane
2654 4738 3013 4794 ostendebant
3041 4740 3315 4795 neminem
3331 4748 3517 4811 posset
3535 4740 3735 4797 salvari

2138 4838 2170 4877 a
2200 4824 2439 4894 peccatis
2472 4840 2571 4895 per
2596 4825 2797 4897 legem.
2832 4828 3213 4900 Purgationem
3259 4836 3605 4899 peccatorum
3645 4828 3732 4884 fa-

2136 4912 2306 4967 ciens.
2340 4914 2456 4968 Hoc
2499 4914 2568 4969 de
2605 4914 2739 4970 Filio
2779 4915 2981 4972 dictum
3025 4925 3108 4973 est
3128 4918 3428 4974 secundum
3468 4917 3728 4972 divinam.

2137 4999 2240 5067 Qui
2268 5001 2435 5055 Filius
2465 5017 2589 5056 cum
2618 5003 2688 5057 sit
2736 5004 2855 5059 tatis
2881 5012 2933 5060 et
2973 5004 3115 5071 talis,
3148 5006 3300 5062 sedet
3335 5007 3408 5061 ad
3433 5005 3735 5061 dexteram

2135 5089 2474 5158 majestatis,
2507 5090 2562 5144 id
2597 5098 2678 5146 est
2707 5092 2777 5147 ad
2811 5093 3175 5165 aequalitatem
3218 5101 3462 5165 paternae
3503 5092 3731 5162 majori-

2133 5175 2277 5230 tatis.
2310 5178 2560 5245 Majestas
2589 5179 2734 5234 enim
2763 5181 2962 5237 dicitur
2993 5182 3228 5238 essentia
3273 5182 3393 5247 Dei,
3428 5198 3529 5237 nec
3557 5182 3612 5236 in
3640 5181 3735 5238 illo

2132 5263 2388 5335 paradiso
2418 5266 2563 5321 unde
2592 5267 2783 5337 pulsus
2821 5278 2903 5325 est
2930 5270 3133 5341 Adam,
3182 5271 3281 5326 sed
3317 5269 3471 5325 sedet
3512 5272 3576 5326 in
3617 5286 3728 5326 ex-

2133 5354 2299 5410 celsis
2330 5354 2611 5424 caelorum,
2670 5356 2880 5413 locatus
2927 5358 2984 5413 in
3010 5358 3231 5415 dextera
3270 5359 3467 5427 Patris,
3506 5358 3614 5416 hoc
3647 5375 3739 5415 se-
