3966 6050
238 156 341 210 493

886 150 1265 209 EXPOSITIO
1304 150 1379 207 IN
1414 150 1794 209 EPISTOLAS
1840 150 2065 209 PAULI.
2103 182 2169 195 —
2197 154 2271 209 IN
2314 153 2533 209 EPIST.
2582 155 2677 210 AD
2730 154 2890 211 HEB.

3430 148 3535 212 494

240 278 478 333 cundum
508 277 819 331 humanam.
855 278 1012 332 Nunc
1052 277 1245 331 Filium
1290 284 1569 348 comparat
1606 277 1915 349 angelis,A
1944 277 2178 347 raphim,
2238 278 2330 349 qui
2388 278 2525 334 ordo
2573 279 2836 350 dignitate
2885 278 3023 334 alios
3068 278 3345 349 praecedit.
3398 278 3548 335 Facit

240 366 317 420 ita
362 374 540 421 tamen
584 374 641 420 ut
684 366 849 437 longe
903 365 1155 435 praeferat
1213 365 1321 419 illis
1379 366 1567 421 dicens
1601 380 1613 419 :
1647 366 1833 431 Filius,

240 454 483 525 inquam,
520 455 751 524 effectus
770 458 931 508 tanto
956 456 1158 510 melior
1177 456 1413 525 angelis,
1437 459 1648 526 quanto
1671 455 1836 524 diffe-

238 545 463 598 rentias
497 543 851 598 hwreditavit
878 558 1107 607 nomen,
1151 543 1205 597 id
1236 550 1318 596 est
1367 542 1838 598 honoriﬁcentiam

238 640 529 702 postquam
568 631 866 686 resurrexit
914 638 965 686 et
1015 631 1277 686 ascendit.
1331 630 1684 709 Diﬂ‘erentius
1714 631 1836 686 ideo

238 720 367 790 quia
397 736 521 774 cum
577 719 756 775 adhuc
798 727 945 774 esset
993 719 1265 789 passibilis
1296 727 1349 773 et
1382 720 1645 784 mortalis,
1679 718 1834 773 diffe-

236 824 365 863 rens
421 824 623 863 nomen
676 808 880 874 habuit,
940 808 1065 879 quia
1118 808 1299 879 angeli
1356 808 1739 862 ministrabant
1787 808 1836 861 ei

237 897 466 961 (Matth.
527 912 602 963 IV,
638 899 748 964 tl),
802 896 898 949 sed
946 897 1250 950 ascendens
1298 896 1466 950 multo
1496 896 1835 951 diﬁerentius

238 1000 443 1040 nomen
470 984 739 1054 possedit.
805 984 875 1037 Et
924 985 1046 1055 quia
1092 984 1427 1039 differentius
1475 1001 1597 1038 esse
1626 993 1830 1054 posset,

239 1089 351 1127 non
382 1081 559 1127 tamen
588 1088 701 1143 prie
745 1073 977 1144 angelis,
1012 1073 1136 1128 ideo
1166 1074 1237 1126 ait
1265 1073 1643 1143 diﬁ'erentius,
1678 1073 1751 1126 ita
1781 1080 1834 1126 ut

242 1162 311 1215 sit
339 1178 459 1232 pne
489 1162 607 1216 illis
652 1161 881 1232 angelis.
933 1162 1075 1215 Vere
1124 1177 1325 1215 nomen
1353 1161 1691 1217 haereditavit
1720 1178 1834 1231 pra:

236 1250 470 1321 angelis.
503 1249 643 1304 Nam
675 1266 777 1305 vox
824 1248 996 1304 Patris
1027 1250 1097 1303 ait
1126 1250 1193 1303 ad
1240 1250 1391 1303 illum
1424 1267 1436 1303 :
1472 1251 1649 1305 Filius
1677 1266 1836 1305 meus

239 1354 298 1393 es
328 1342 391 1392 tu
421 1339 596 1405 (Psal.
631 1353 691 1403 ιι,
723 1338 780 1405 ’7)
813 1356 826 1402 ;
852 1338 998 1407 quod
1028 1337 1163 1391 nulli
1192 1337 1511 1409 angelorum
1540 1337 1690 1391 dixit.
1726 1338 1835 1393 Sed

236 1427 307 1480 ad
331 1426 591 1494 majorem
608 1424 1078 1481 conﬁrmationem
1099 1426 1202 1480 sub
1224 1426 1834 1498 interrogationem,hoc

239 1514 314 1569 ita
346 1513 421 1567 ait
454 1528 466 1566 :
502 1513 602 1569 Cui
630 1515 960 1583 angelorum
992 1514 1147 1569 dixit
1173 1514 1500 1585 aliquando,
1537 1514 1591 1568 id
1621 1522 1702 1568 est
1732 1530 1833 1569 nec

1938 366 2237 423 ministros
2285 382 2413 422 suos
2446 368 2610 422 etiam
2642 368 2941 422 secundum
2975 368 3270 422 humanam
3300 374 3547 421 naturam

1937 454 2304 525 obsequentes
2356 456 2451 509 illi.
2486 458 2600 511 Hoc
2654 457 2815 510 Pater
2842 456 2933 521 ait,
2968 456 3248 526 pertinens
3280 456 3349 509 ad
3378 471 3550 527 ange-

1939 541 2040 595 los.
2075 544 2190 598 Hoc
2223 552 2403 598 autem
2444 543 2592 597 idem
2640 544 2712 597 ait
2757 544 2826 597 ad
2872 544 3085 598 Filium.
3124 543 3170 599 O
3218 546 3368 598 Deus
3400 542 3540 609 Filii,

1939 632 2178 687 thronus
2209 636 2360 699 tuus,
2394 632 2447 685 id
2481 640 2562 686 est
2578 632 2847 700 judicialis
2865 633 3024 688 sedes
3048 640 3138 686 tua
3159 635 3454 703 permanet
3476 632 3540 685 in

1940 721 2211 775 steculum
2238 721 2453 775 saeculi.
2486 722 2554 775 Et
2582 720 2794 789 merito,
2830 722 2956 791 quia
2988 722 3145 791 virga
3172 723 3332 791 regni
3356 720 3541 774 tuiest

1938 809 2094 878 virga
2124 810 2413 880 equitatis,
2447 808 2501 862 id
2553 816 2636 863 est
2680 809 2889 863 directa
2938 809 3165 879 aequitas
3211 816 3264 863 et
3322 807 3537 862 inﬂexi-

1941 896 2089 950 bilis.
2132 896 2297 966 Virga
2328 897 2477 967 regis
2505 905 2673 962 recta,
2707 905 2759 951 et
2789 897 2912 951 ideo
2936 897 3003 951 de
3021 913 3130 951 aere
3150 896 3286 951 solet
3317 896 3459 962 ﬁeri,
3480 903 3539 950 ut

1940 983 2157 1052 signum
2216 985 2284 1037 sit
2342 985 2563 1039 directae
2621 992 2673 1037 et
2730 984 3040 1038 inflexibilis
3094 984 3380 1055 aequitatis,
3415 1000 3536 1055 qua:

1938 1072 2165 1141 mquitas
2195 1072 2246 1125 in
2282 1072 2497 1126 Christo
2528 1072 2735 1127 directa
2766 1080 2847 1126 est
2877 1081 2928 1126 et
2961 1072 3292 1126 inﬂexibilis.
3345 1072 3538 1127 Merito

1938 1159 2135 1213 iterum
2193 1161 2421 1213 thronus
2479 1168 2601 1214 tuus
2630 1168 2713 1214 est
2741 1160 2795 1213 in
2822 1168 3084 1215 aeternum
3116 1178 3129 1214 :
3156 1160 3283 1230 quia
3341 1169 3397 1215 tu
3446 1161 3537 1215 di-

1941 1248 2141 1303 lexisti
2159 1249 2475 1318 justitiam,
2530 1248 2585 1302 id
2616 1256 2697 1302 est
2730 1264 2890 1303 omne
2920 1249 3121 1303 bonum
3152 1265 3264 1303 non
3292 1257 3533 1315 coactus,

1938 1336 2035 1390 sed
2066 1353 2132 1390 ex
2183 1337 2473 1391 dilectione
2523 1337 2860 1407 amplexatus
2900 1353 2985 1391 es.
3026 1340 3094 1393 Et
3137 1338 3275 1393 sicut
3305 1337 3540 1392 dilexisti

1930 1424 2211 1491 justitiam,
2248 1425 2322 1479 ita
2361 1426 2529 1481 odisti
2567 1428 2951 1498 iniquitatem,
2986 1425 3040 1478 id
3084 1434 3162 1480 est
3204 1442 3365 1481 omne
3413 1442 3536 1481 ma-

1937 1513 2069 1567 lum.
2104 1512 2335 1581 Quidam
2370 1513 2514 1567 enim
2566 1513 2646 1569 sic
2676 1514 2912 1585 diligunt
2956 1514 3216 1582 justitiam
3261 1522 3319 1569 ut
3360 1523 3542 1569 tamen

235 1602 551 1673 priusquam
571 1600 1041 1669 conﬁrmarentur,
1061 1617 1163 1657 nec
1183 1611 1467 1674 postquam
1490 1618 1589 1672 per
1609 1618 1832 1657 causam
1855 1631 1908 1691 B
1939 1601 2208 1671 quasdam
2239 1601 2526 1669 injustitias
2557 1602 2683 1657 odio
2713 1617 2819 1656 non
2852 1602 3103 1657 habeant.

235 1686 465 1741 aliorum
522 1684 824 1741 conﬁrmati
882 1694 1051 1740 sunt:
1104 1685 1267 1751 Dixit,
1329 1686 1594 1757 inquam:
1649 1690 1724 1742 Tu
1780 1704 1835 1742 es

238 1775 394 1843 ﬁlius
415 1791 575 1830 meus
595 1774 1094 1841 consubstantialis,
1117 1790 1225 1828 non
1247 1774 1552 1844 ad0ptivus,
1573 1791 1669 1845 ego
1693 1775 1838 1829 enim

239 1863 404 1917 Pater
419 1864 595 1934 genui
625 1866 679 1917 te
696 1862 856 1917 hodie
879 1863 1017 1932 (ibid
1026 1864 1085 1933 .),
1107 1862 1159 1915 id
1182 1870 1264 1916 est
1285 1862 1339 1915 in
1362 1862 1684 1917 aeternitate.
1706 1864 1837 1917 Pro-

237 1959 361 2021 pter
388 1948 754 2005 inﬁrmitatem
784 1950 1092 2006 intellectus
1122 1951 1313 2015 nostri,
1336 1966 1459 2007 cum
1485 1951 1646 2005 hodie
1669 1952 1837 2021 (quod

238 2047 372 2094 nota
399 2038 685 2109 praesentis
717 2038 978 2108 temporis
1009 2040 1112 2107 est)
1154 2039 1334 2109 posuit
1380 2040 1707 2109 praeteritum
1738 2056 1835 2109 ge-

238 2130 365 2192 nui,
398 2143 467 2182 ne
497 2127 542 2180 si
572 2127 776 2181 diceret
805 2126 966 2182 hodie
996 2127 1164 2198 gigno
1194 2135 1264 2193 te,
1290 2127 1690 2197 suspicaremur
1711 2144 1837 2181 eum

235 2231 349 2270 non
406 2216 476 2270 ab
532 2222 737 2270 aeterno
794 2215 1040 2287 genitum
1096 2214 1165 2268 de
1192 2215 1370 2269 Patre.
1403 2216 1470 2268 Et
1512 2215 1635 2269 ideo
1666 2218 1838 2285 genui

240 2304 394 2369 dixit,
429 2304 726 2358 secundum
756 2302 1126 2358 inﬁrmitatem
1155 2310 1417 2369 nostram,
1449 2304 1607 2358 hodie
1641 2319 1837 2359 secun-

238 2393 371 2447 dum
401 2392 735 2447 divinitatem
768 2391 822 2445 in
853 2407 958 2462 qua
1004 2390 1136 2445 nihil
1183 2391 1535 2461 praeteritum,
1568 2391 1699 2445 nihil
1747 2391 1837 2446 fu-

236 2488 437 2549 turum,
472 2480 569 2533 sed
598 2478 783 2534 omnia
810 2479 886 2533 ibi
918 2478 1079 2537 hodie
1106 2479 1413 2549 praesentia.

309 2569 378 2622 Et
414 2584 633 2621 rursum
650 2568 744 2622 cui
754 2568 1085 2637 angelorum
1101 2568 1252 2622 dixit
1272 2567 1375 2622 hoc
1392 2568 1695 2639 aliquando
1713 2572 1735 2622 ?
1751 2567 1837 2622 vel

240 2657 360 2712 sine
378 2656 827 2727 interrogatione.
844 2658 1085 2711 Rursum
1099 2656 1257 2709 Pater
1278 2657 1381 2710 hoc
1395 2656 1468 2710 ait
1482 2656 1551 2710 de
1564 2655 1717 2709 Filio.
1734 2656 1838 2710 Ubi

231 2746 309 2800 ait
340 2762 571 2801 rursum
599 2745 668 2799 de
698 2745 893 2799 eodem
924 2742 1194 2816 signiﬁcat
1215 2752 1359 2799 esset
1379 2744 1602 2798 dictum.
1626 2744 1715 2798 Ait
1749 2745 1841 2797 Pa-

238 2843 325 2888 ter
358 2852 371 2887 :
404 2834 512 2904 Ego
537 2847 630 2888 ero
668 2833 779 2901 illi,
832 2832 887 2885 id
944 2840 1026 2887 est
1080 2833 1346 2887 honorem
1404 2831 1569 2897 illius,
1618 2847 1713 2886 ero
1761 2831 1839 2886 illi

236 2924 304 2977 in
329 2926 552 2993 patrem
582 2924 640 2976 et
666 2922 785 2992 ipse
824 2918 964 2974 ﬁlius
995 2922 1106 2976 erit
1136 2922 1279 2977 mihi
1301 2922 1365 2975 in
1404 2922 1589 2989 ﬁlium
1614 2920 1686 2989 (II
1706 2923 1835 2991 Reg.

2012 1691 2078 1743 Et
2108 1698 2399 1759 pr0pterea
2446 1698 2505 1743 ut
2549 1691 2776 1744 thronus
2825 1698 2948 1744 tuus
2995 1698 3139 1745 esset
3168 1691 3221 1744 in
3255 1698 3539 1758 aeternum,

1940 1784 1998 1831 ut
2029 1778 2188 1849 virga
2218 1778 2470 1849 equitatis
2501 1785 2647 1833 esset
2695 1777 2807 1843 tibi,
2859 1787 2916 1833 ut
2961 1778 3220 1851 diligeres
3256 1780 3541 1847 justitiam,

1939 1870 2172 1938 prapter
2204 1868 2319 1921 haec
2350 1867 2529 1921 omnia
2557 1874 2615 1920 ut
2646 1866 2940 1921 existerent
2970 1866 3024 1919 in
3052 1871 3129 1931 te,
3163 1883 3195 1921 ο
3218 1868 3368 1922 Deus
3400 1868 3541 1935 Filii,

1939 1955 2087 2009 Deus
2117 1956 2273 2009 Pater
2302 1956 2500 2019 unxit,
2554 1971 2658 2025 ego
2688 1955 2895 2011 scilicet
2927 1955 3270 2026 quijloquor,
3308 1956 3437 2010 unxi
3466 1964 3539 2012 te.

1938 2042 2045 2096 Alii
2099 2059 2201 2113 per
2254 2043 2536 2097 ministros
2597 2051 2653 2096 ut
2703 2043 2878 2097 David
2920 2051 2972 2097 et
3016 2043 3143 2097 Saul
3189 2044 3335 2099 uncti
3366 2052 3539 2111 sunt;

1940 2131 2189 2185 Christus
2222 2140 2405 2185 autem
2440 2131 2665 2201 propria
2686 2132 3003 2201 operatione
3036 2131 3227 2185 Patris.
3271 2133 3435 2187 Unxit
3467 2141 3541 2198 te,

1939 2218 2182 2290 inquam,
2217 2220 2362 2275 Deus
2402 2224 2534 2275 tuus
2563 2219 3042 2275 consubstantialis
3083 2219 3198 2285 tibi,
3226 2222 3364 2285 oleo,
3387 2220 3442 2274 id
3463 2229 3548 2275 est

1940 2307 2139 2377 Spiritu
2171 2316 2383 2371 sancto,
2418 2308 2543 2378 quia
2574 2307 2710 2362 sicut
2740 2308 2925 2362 oleum
2966 2324 3203 2377 carnem,
3260 2307 3339 2362 sic
3370 2308 3545 2378 Spiri-

1940 2403 2023 2449 tus
2055 2404 2276 2450 sanctus
2308 2395 2453 2451 fovet
2497 2404 2547 2450 et
2605 2396 2884 2450 demulcet
2922 2396 3187 2450 animam.
3248 2396 3384 2451 Oleo
3430 2397 3554 2452 dico

1941 2485 2370 2540 exsultationis.
2404 2485 2472 2538 Et
2514 2484 2705 2539 merito
2757 2484 2953 2538 dicitur
2994 2483 3387 2549 exsultationis,
3421 2484 3548 2555 quia

1940 2573 2104 2626 homo
2136 2572 2226 2625 ille
2288 2588 2389 2641 per
2446 2572 2695 2641 spiritum
2746 2572 2813 2627 de
2874 2588 2979 2642 quo
3037 2580 3330 2643 conceptus
3385 2581 3487 2638 est,
3518 2588 3550 2626 a

1939 2667 2168 2729 peccato
2216 2660 2513 2729 permansit
2562 2660 2837 2713 immunis.
2893 2661 3097 2715 Unctus
3164 2668 3245 2714 est
3303 2660 3550 2715 Christus

1942 2748 2143 2817 Spiritu
2174 2756 2367 2803 sancto
2397 2748 2452 2801 in
2482 2756 2640 2803 utero
2669 2748 2878 2802 Matris.
2930 2748 3154 2819 Accepit
3204 2749 3395 2803 iterum
3428 2748 3547 2819 Spi-

1940 2835 2099 2889 ritum
2126 2844 2376 2891 sanctum
2405 2835 2461 2889 in
2504 2836 2798 2907 baptismo,
2850 2837 3069 2907 quando
3112 2837 3167 2890 in
3216 2837 3396 2908 specie
3449 2852 3547 2893 co-

1942 2923 2140 2979 lumbae
2171 2941 2333 2995 super
2364 2941 2488 2980 eum
2519 2925 2668 2980 visus
2699 2933 2781 2979 est
2811 2926 3027 2994 (Matth.
3068 2941 3149 2991 ιιι,
3186 2928 3295 2994 16),
3330 2941 3439 2981 non
3470 2934 3547 2980 ta-

234 3025 337 3076 vn,
372 3010 460 3080 14)
488 3010 556 3064 ad
587 3025 675 3064 me
732 3007 1215 3081 magniticandum.
1265 3011 1373 3064 Ero
1404 3018 1456 3064 et
1496 3010 1607 3064 erit
1636 3009 1835 3078 posuit,
1864 2983 1910 3043 Ο
1939 3029 2066 3067 men
2122 3012 2176 3067 in
2244 3013 2514 3084 baptismo
2565 3013 2823 3083 Spiritum
2869 3013 3165 3083 accipiens,
3216 3014 3370 3084 quasi
3407 3029 3547 3069 nova

233 3114 347 3153 non
377 3098 503 3169 quia
531 3098 619 3154 hic
649 3099 827 3166 Pater,
878 3097 970 3151 ille
1001 3097 1167 3151 Filius
1215 3112 1325 3152 non
1374 3097 1442 3151 sit
1478 3095 1720 3152 360
1768 3096 1837 3150 ab

232 3194 463 3251 aeterno,
498 3186 597 3241 sed
643 3194 904 3257 quantum
959 3186 1027 3239 ad
1076 3200 1422 3241 communem
1468 3184 1711 3240 notitiam
1741 3186 1839 3239 ho~

232 3275 465 3329 minum.
496 3275 611 3329 Nec
641 3275 712 3328 ad
759 3275 862 3329 hoc
895 3273 984 3328 ille
1041 3274 1216 3340 Pater,
1251 3287 1353 3329 nec
1384 3274 1485 3327 iste
1516 3272 1702 3337 Filius,
1738 3273 1837 3327 sed

234 3365 295 3418 in
323 3363 411 3417 die
426 3362 615 3431 judicii
646 3363 750 3417 erit
778 3363 951 3428 Pater,
984 3362 1083 3417 erit
1114 3362 1301 3431 Filius,
1334 3377 1454 3417 cum
1476 3360 1836 3431 omnesimpii

234 3459 574 3523 cognoscent
628 3451 898 3506 Christum
946 3466 1069 3505 esse
1126 3450 1403 3504 Christum
1448 3450 1638 3504 Filium
1686 3449 1833 3513 Dei;

233 3542 388 3613 quod
417 3540 663 3596 viventes
692 3547 1051 3612 negaverunt.
1085 3540 1215 3594 Haec
1242 3539 1348 3594 duo
1371 3538 1668 3593 secundum
1698 3536 1837 3592 divi-

231 3631 462 3685 nitatem
493 3630 637 3685 dicta
670 3636 793 3683 sunt
821 3628 889 3683 de
922 3628 1156 3682 Christo.
1188 3627 1257 3682 Et
1287 3628 1499 3682 iterum
1516 3626 1647 3681 dicit
1677 3626 1836 3679 Pater

233 3720 307 3773 de
320 3719 511 3774 eodem
535 3717 690 3783 Filio,
706 3717 941 3772 adorent
962 3732 1092 3771 eum
1114 3732 1307 3771 omnes
1326 3716 1518 3786 angeli
1538 3715 1637 3770 Dei
1653 3714 1829 3781 (Psal.

230 3822 391 3872 xcvr,
424 3809 499 3876 7).
535 3805 633 3861 sed
661 3804 935 3875 praemittit
964 3804 1180 3875 quando
1206 3805 1307 3858 hoc
1337 3803 1542 3858 dictum
1573 3803 1657 3856 sit.
1696 3802 1833 3857 Cum

232 3898 399 3952 Pater
427 3894 759 3959 introducit,
792 3893 847 3946 id
878 3900 960 3947 est
979 3892 1212 3947 ostendit
1228 3892 1682 3947 introducendum
1706 3892 1833 3945 Pri-

234 3986 605 4056 moyenitum,
640 3998 796 4036 suum
825 3981 1099 4036 Christum
1129 3982 1193 4035 in
1223 3981 1411 4037 orbem
1449 3985 1636 4035 terrae.
1661 3979 1835 4033 Intro-

237 4069 387 4124 ducit
416 4067 539 4123 ideo
569 4067 695 4139 quia
745 4067 801 4120 in
856 4066 1113 4121 interiora
1165 4065 1410 4119 cordium
1458 4065 1652 4119 ductus
1700 4071 1828 4128 est;

235 4174 381 4223 cum,
418 4156 656 4227 inquam,
704 4154 1159 4210 introducendum
1202 4153 1457 4218 ostendit,
1509 4152 1659 4207 dicit.
1694 4150 1832 4204 Illud

236 4254 290 4302 et
311 4245 561 4317 jungitur
575 4243 632 4297 in
652 4243 830 4298 littera
850 4242 1064 4314 psalmi,
1089 4241 1326 4299 adorent
1347 4257 1500 4307 eum,
1521 4239 1725 4296 scilicet
1746 4240 1831 4293 Fi-

1934 3100 2316 3169 justiﬁcatione
2344 3102 2635 3174 indigeret,
2680 3102 2776 3156 sed
2815 3109 2873 3155 ut
2915 3102 3229 3156 ostenderet
3257 3102 3401 3172 quod
3422 3101 3549 3171 Spi-

1940 3189 2105 3243 ritum
2134 3198 2381 3244 sanctum
2402 3190 2714 3244 hominibus
2745 3189 2801 3243 in
2839 3190 3111 3259 baptismo
3144 3190 3214 3244 ad
3238 3189 3547 3258 justiﬁcan-

1941 3277 2069 3331 dum
2101 3277 2376 3331 tribueret.
2408 3278 2570 3333 Unxit
2601 3286 2652 3332 te
2684 3279 2829 3331 Deus
2861 3278 3000 3332 odeo
3029 3295 3147 3349 prce
3175 3278 3548 3350 participibus

1941 3366 2076 3430 tuis,
2108 3365 2162 3418 id
2189 3373 2271 3419 est
2297 3382 2409 3435 pra;
2439 3365 2701 3435 apostolis
2752 3374 2804 3420 et
2854 3366 3081 3431 caeteris,
3134 3366 3227 3436 qui
3286 3366 3545 3435 Spiritum

1940 3461 2185 3507 sanctum
2219 3461 2569 3523 acceperunt.
2602 3455 2720 3508 Prae
2750 3454 2857 3508 illis
2889 3454 3013 3508 ideo
3044 3453 3169 3525 quia
3202 3455 3445 3509 Christus
3476 3456 3545 3511 de

1939 3541 2141 3611 Spiritu
2164 3548 2373 3609 sancto,
2410 3557 2600 3595 omnes
2630 3542 2717 3595 alii
2766 3542 2835 3597 de
2864 3542 3069 3597 semine
3121 3543 3303 3597 carnis
3335 3558 3539 3599 concc-

1936 3629 2015 3699 pti
2062 3637 2203 3683 sunt.
2258 3630 2386 3684 Haec
2448 3629 2630 3684 omnia
2674 3630 2971 3685 secundum
3026 3630 3414 3684 humanitatem
3471 3632 3539 3686 de

1938 3717 2073 3772 Filio
2102 3717 2246 3772 dicta
2278 3726 2400 3771 sunt
2435 3737 2448 3783 ;
2482 3719 2599 3774 haec
2624 3719 2784 3773 Pater
2812 3718 2945 3771 dixit
2975 3719 3042 3772 de
3075 3718 3228 3779 Filio.
3260 3726 3312 3773 et
3342 3719 3537 3773 iterum

1934 3806 2205 3876 propheta
2235 3806 2303 3860 ad
2332 3808 2549 3861 Patrem
2587 3808 2656 3861 de
2707 3807 2900 3862 eodem
2946 3806 3079 3861 Filio
3127 3807 3423 3862 secundum
3454 3808 3536 3862 di-

1936 3894 2135 3949 vinam.
2173 3893 2219 3948 Ο
2242 3894 2472 3949 Domine
2501 3895 2681 3959 Pater,
2718 3899 2781 3949 tu
2810 3895 3075 3965 fundasti
3106 3899 3336 3960 terram,
3369 3896 3425 3949 id
3453 3904 3537 3951 est

1934 3981 2163 4037 ﬁrmiter
2193 3982 2442 4036 stabilisti
2479 3984 2621 4038 hanc
2651 3982 2957 4038 Ecclesiam
3008 4000 3021 4035 :
3072 3998 3192 4052 qum
3220 3991 3361 4037 terra
3390 3984 3530 4039 dici-

1933 4078 2020 4124 tur
2074 4071 2483 4141 comparatione
2529 4071 2829 4141 superioris
2870 4069 3133 4125 Ecclesiaa
3178 4070 3519 4139 angelorum.

1934 4158 2187 4212 Fundasti
2238 4159 2471 4213 dicO-in
2514 4160 2816 4230 principio,
2850 4158 2905 4212 id
2955 4166 3037 4213 est
3064 4173 3165 4227 per
3202 4158 3529 4229 principium

1934 4246 2081 4317 quod
2111 4254 2191 4301 est
2222 4246 2388 4300 Filius
2411 4247 2561 4315 juxta
2592 4247 2739 4317 quod
2784 4247 2931 4301 idem
2974 4246 3042 4299 de
3087 4261 3145 4299 se
3190 4245 3265 4298 ait
3298 4263 3311 4299 ε
3349 4268 3369 4293 ‹‹
3404 4247 3528 4319 Ego

235 4334 367 4389 lium
386 4333 686 4389 secundum
702 4333 991 4387 humanam
1011 4339 1265 4386 naturam
1286 4345 1479 4385 omnes
1498 4328 1689 4400 angeli
1708 4328 1827 4384 Dei.
1850 4332 1903 4393 D
1932 4334 2260 4405 principium
2309 4334 2400 4405 qui
2445 4342 2499 4389 et
2539 4335 2732 4406 loquor
2776 4334 2932 4389 vobis
2980 4332 3162 4403 (Joan.
3197 4349 3317 4400 vm,
3349 4337 3462 4405 25).
3501 4356 3524 4385 ι

233 4424 305 4478 Et
333 4424 440 4478 hoc
465 4422 533 4477 de
563 4437 630 4477 eo
659 4428 783 4491 post
812 4418 1267 4475 resurrectionem
1309 4417 1681 4489 accipiendum
1724 4422 1825 4471 est.

234 4511 377 4566 Illud
405 4509 720 4581 praecedens
750 4525 843 4565 ero
874 4509 968 4564 illi
998 4510 1061 4563 in
1090 4509 1339 4585 Patrem,
1372 4507 1427 4561 in
1456 4505 1593 4560 Isaia
1622 4503 1827 4561 inveni-

232 4607 341 4668 tur,
372 4599 427 4653 in
447 4598 658 4669 psalmo
678 4598 840 4653 etiam
867 4611 880 4650 :
917 4618 939 4647 ι
957 4595 1357 4651 Misericordias
1378 4593 1614 4660 Domini,
1638 4616 1659 4641 η
1685 4593 1832 4664 quod

236 4687 384 4742 idem
411 4687 575 4755 valet,
608 4686 684 4741 ibi
712 4686 940 4740 habetur
971 4702 984 4738 :
1021 4706 1042 4731 α
1078 4685 1201 4754 Ipse
1232 4682 1505 4738 invocabit
1531 4698 1638 4746 me,
1673 4683 1832 4735 Pater

235 4792 394 4832 meus
424 4792 484 4830 es
515 4784 571 4829 tu
602 4775 773 4843 (Psal.
808 4788 1085 4838 Lxxxvm,
1119 4775 1231 4841 2’7).
1272 4794 1294 4820 ι»
1329 4771 1469 4825 Illud
1486 4771 1632 4841 quod
1649 4768 1831 4840 sequi-

234 4874 342 4931 tur,
379 4887 401 4912 «ι
437 4864 665 4919 adorent
695 4879 839 4930 eum,
865 4883 887 4912 ι
909 4862 1141 4917 habetur
1166 4860 1221 4914 in
1242 4859 1485 4930 psalmo:
1512 4882 1534 4906 η
1568 4857 1833 4913 Dominus

236 4953 513 5026 regnavit,
549 4951 781 5007 exsultet
816 4959 963 5005 terra
987 4950 1161 5019 (Psal.
1186 4963 1346 5015 xcvr,
1381 4948 1457 5017 ’7),
1487 4970 1509 4995 ι»
1542 4945 1647 4999 nisi
1687 4945 1833 5015 quod

233 5041 308 5095 ibi
340 5049 423 5095 est
450 5042 702 5107 adorate,
737 5040 826 5095 hic
856 5040 1114 5094 adorent.
1166 5036 1308 5093 Dicit
1357 5036 1519 5091 etiam
1559 5036 1718 5089 Pater
1764 5033 1832 5087 de

234 5130 428 5187 eodem
458 5129 591 5184 Filio
623 5129 905 5199 pertinens
936 5127 1007 5182 ad
1036 5126 1289 5197 angelos.
1327 5124 1463 5190 Hoc,
1490 5123 1715 5187 scilicet,
1740 5122 1835 5194 qui

236 5218 406 5272 Filius
434 5218 579 5288 facit
611 5216 866 5272 caelestes
912 5216 1151 5287 spiritus
1197 5230 1323 5268 suos
1369 5213 1615 5283 angelos.
1650 5211 1705 5265 id
1753 5217 1836 5265 est

236 5322 367 5361 suos
396 5305 611 5375 legatos
641 5304 859 5359 mittens
889 5319 985 5359 eos
1014 5319 1121 5374 quo
1149 5302 1348 5372 placet.
1385 5301 1502 5355 Nec
1529 5306 1736 5353 tantum
1766 5297 1835 5351 il-

236 5393 326 5450 los
359 5394 648 5451 inferiores
682 5408 693 5449 :
719 5392 819 5449 sed
849 5392 1011 5448 etiam
1038 5393 1331 5460 ﬂammam
1367 5388 1535 5461 ignis,
1558 5387 1614 5442 id
1642 5394 1724 5441 est
1748 5401 1832 5441 se-

1931 4422 2191 4477 Fundasti
2221 4430 2437 4488 terram,
2469 4430 2522 4477 et
2550 4422 2766 4489 caelum,
2800 4422 2855 4476 id
2902 4429 2985 4487 est
3022 4425 3255 4490 majores
3286 4431 3524 4491 sanctos,

1932 4518 1992 4564 ut
2018 4510 2315 4581 apostolos,
2344 4510 2437 4581 qui
2464 4510 2723 4580 mysteria
2762 4518 2852 4564 tua
2898 4509 3216 4581 compluunt
3263 4510 3518 4567 subditis.

1932 4599 2065 4665 Hos,
2097 4599 2339 4670 inquam,
2372 4615 2482 4654 non
2507 4599 2681 4654 solum
2711 4598 2966 4664 fundasti,
3016 4599 3113 4653 sed
3142 4598 3359 4654 dicendi
3403 4608 3529 4655 sunt

1932 4688 2149 4758 propria
2180 4703 2348 4760 Opera
2376 4704 2654 4743 manuum
2688 4692 2937 4743 tuarum.
2962 4688 3022 4740 In
3041 4686 3364 4742 excellentia
3382 4688 3529 4741 enim

1932 4776 2123 4831 horum
2153 4784 2382 4846 apparet
2409 4791 2605 4830 manus
2634 4782 2720 4830 tua
2752 4774 2921 4829 fuisse
2950 4782 3197 4845 operata,
3240 4774 3377 4829 sicut
3417 4774 3529 4846 qui-

1933 4858 2064 4913 libet
2117 4858 2305 4913 artifex
2358 4858 2610 4914 diceret:
2672 4860 2802 4913 Hmc
2872 4858 3055 4930 imago
3110 4856 3336 4929 egregia
3391 4872 3530 4928 opus

1934 4962 2117 5001 meum
2147 4955 2247 5013 est,
2284 4946 2381 5001 sed
2411 4946 2465 5001 in
2511 4946 2606 5000 illa
2651 4945 2890 5001 deterius
2925 4945 3065 4999 facta
3113 4961 3223 4999 non
3251 4960 3530 5016 cognosco

1933 5051 2041 5101 me,
2073 5052 2194 5090 cum
2217 5041 2399 5091 tamen
2419 5043 2644 5105 utraque
2662 5051 2799 5106 opus
2821 5035 2937 5103 ejus
2959 5033 3045 5087 sit.
3066 5034 3131 5087 Et
3153 5034 3265 5104 ipsi
3289 5033 3445 5089 36
3459 5034 3522 5092 1

1936 5122 2059 5178 coeli
2094 5123 2380 5195 peribunt,
2414 5122 2469 5177 id
2503 5130 2586 5178 est
2613 5130 2790 5178 morte
2819 5123 3130 5177 destruetur
3172 5120 3437 5193 quidquid
3466 5137 3534 5178 ex

1936 5219 2129 5265 natura
2159 5227 2255 5265 sua
2309 5218 2483 5279 erunt,
2556 5210 2654 5266 sed
2714 5215 2779 5265 tu
2807 5210 3162 5283 permanebis
3194 5210 3259 5264 in
3288 5211 3428 5277 illis,
3480 5211 3537 5264 id

1937 5307 2020 5354 est
2069 5299 2277 5368 justitia
2320 5307 2373 5354 et
2420 5307 2613 5354 cratera
2655 5315 2775 5371 qua:
2826 5306 2882 5353 tu
2938 5297 3259 5369 operaberis
3313 5299 3370 5351 in
3428 5298 3535 5352 illis

1936 5388 2350 5459 permanebunt,
2382 5392 2441 5445 et
2472 5403 2666 5445 omnes
2695 5387 2811 5444 sive
2840 5386 2985 5457 cceli,
3017 5386 3132 5443 sive
3154 5393 3303 5442 terra
3323 5390 3539 5443 vetera-
