3966 6050
484 146 588 199 495

1044 140 1099 195 s.
1140 134 1494 194 BRUNONIS
1530 122 2178 188 CARTHUSIANORUM
2215 84 2703 177 msrrruroms
2736 116 2889 174 ore.
2931 117 3106 174 pxns
3144 117 3210 171 Π.

3669 113 3774 167 496

488 270 668 331 scent,
700 265 755 320 id
777 273 858 319 est
885 262 1145 334 paulatim
1174 265 1592 330 corrumpentur
1621 255 1843 310 miseria
1870 250 2069 308 carnis.
2106 251 2154 308 A
2184 267 2205 296 α
2242 262 2367 300 eum
2398 262 2561 315 super
2592 261 2757 315 opera
2802 258 3064 298 manuum
3093 249 3322 295 tuarum.
3356 237 3557 293 Omnia
3590 237 3775 334 subje-

556 356 910 409 Veterascent
940 352 1079 416 dico,
1115 358 1164 405 et
1190 350 1439 421 peribunt
1470 352 1537 401 ut
1564 346 1983 405 vestimentum,
2018 338 2075 392 id

484 452 567 499 est
608 442 907 498 secundum
957 455 1155 508 corpus
1204 438 1349 508 quod
1397 436 1450 489 in
1484 435 1562 489 eis
1592 442 1693 498 est,
1728 429 2072 487 circumdans

482 532 719 586 animam
751 538 1004 599 tanquam
1044 526 1444 581 vestimentum.
1479 522 1585 592 Ipsi
1616 521 1885 591 peribunt,
1931 521 1986 573 et
2014 524 2071 569 tu

479 619 729 675 mutabis
743 633 830 673 eos
844 619 997 671 velut
1017 616 1310 677 amictum,
1335 612 1388 665 id
1410 618 1491 665 est
1513 626 1730 679 corpus,
1756 606 1902 678 quod
1925 604 2070 676 quod

478 708 707 762 amictus
737 706 929 759 anima:
972 712 1073 757 est.
1132 701 1362 755 Mutabis
1413 697 1747 768 impassibile
1784 695 1987 749 factum
2017 700 2069 747 et

476 796 804 850 immortale.
868 792 1236 847 Mutabuntur
1284 788 1445 842 etiam
1501 785 1801 841 secundum
1859 781 2067 836 animas

473 883 828 956 gloriosiores
860 880 1051 943 factas,
1088 886 1139 931 et
1186 878 1239 930 in
1268 875 1577 945 cognitione
1624 873 1722 927 Dei
1770 869 2066 941 proficien-

474 980 574 1026 tes.
611 974 731 1041 Ipse
761 970 1015 1039 peribunt
1046 974 1099 1021 et
1128 971 1480 1024 veterascent,
1517 967 1577 1016 tu
1607 966 1799 1015 autem
1831 976 1888 1013 es
1918 957 2065 1011 idem

475 1062 612 1133 ipse,
646 1060 699 1113 id
730 1067 814 1113 est
845 1055 1193 1110 immutabilis
1243 1061 1433 1108 contra
1478 1052 1582 1105 hoc
1612 1049 1756 1119 quod
1786 1047 1889 1117 ipsi
1916 1054 2064 1100 vete-

471 1157 714 1211 rascunt,
731 1151 784 1202 et
808 1148 949 1201 anni
971 1146 1055 1199 tui
1072 1160 1186 1198 non
1210 1143 1492 1209 deﬁcient,
1514 1139 1565 1191 id
1586 1144 1667 1192 est
1688 1136 1960 1191 mternitas
1974 1142 2065 1187 tua

469 1252 793 1307 permanens
824 1244 924 1289 est.
951 1234 1146 1288 Contra
1171 1233 1273 1285 hoc
1304 1229 1447 1299 quod
1479 1227 1556 1281 illi
1587 1234 1756 1280 morte
1788 1223 2059 1294 peribunt,

464 1342 572 1381 non
605 1326 779 1380 solum
827 1339 922 1393 per
950 1320 1234 1391 praemissa
1287 1318 1458 1383 major
1495 1314 1702 1385 angelis
1731 1312 2061 1381 comproba-

472 1424 579 1479 tur,
645 1414 740 1467 sed
791 1412 947 1466 etiam
1005 1425 1105 1479 per
1156 1408 1260 1461 hoc
1294 1406 1498 1459 dictum
1550 1404 1731 1457 Filio:
1769 1423 1790 1451 «
1829 1400 1970 1455 Sede
2030 1414 2062 1453 a

469 1502 691 1565 dextris,
732 1522 754 1549 ι
793 1499 937 1570 quod
986 1496 1120 1550 nulli
1176 1496 1377 1549 dictum
1419 1501 1498 1547 est
1546 1491 1763 1560 angelo.
1817 1488 1951 1556 Quia
1990 1488 2060 1542 ad

2180 356 2201 384 ι
2237 334 2355 389 cisti
2388 335 2487 387 sub
2518 334 2749 404 pedibus
2779 333 2915 401 ejus.
2969 332 3029 384 In
3059 346 3124 383 eo
3151 329 3291 384 enim
3322 327 3466 398 quod
3498 326 3678 382 omnia
3712 326 3769 379 in

2178 443 2200 472 ι
2236 420 2480 489 subjecit,
2546 421 2678 474 nihil
2727 419 2929 475 dimisit
2966 434 3075 473 non
3125 416 3426 484 subjectum
3489 414 3559 469 ei.
3607 415 3768 468 Nunc

2177 531 2198 559 ι
2236 518 2419 564 autem
2449 510 2677 564 necdum
2719 509 2966 563 videmus
3010 506 3189 561 omnia
3237 504 3478 571 subjecta
3509 502 3577 557 ei.
3624 503 3766 555 Eum

2176 620 2198 644 ιι
2241 607 2420 652 autem
2460 598 2551 669 qui
2594 598 2810 652 modico
2848 611 3010 667 quam
3066 593 3268 666 angeli,
3329 592 3628 645 minoratus
3658 597 3761 656 est,

2173 708 2194 732 ιι
2234 686 2481 740 videmus
2506 686 2717 749 'Jesum,
2751 693 2974 754 propter
3004 683 3317 753 passionem
3345 680 3552 746 mortis,
3590 678 3763 750 gloria

2172 797 2192 820 ιι
2231 781 2283 828 et
2316 775 2521 829 honore
2553 782 2893 837 coronatum,
2930 779 2985 824 ut
3016 771 3194 843 gratia
3238 770 3338 824 Dei
3369 784 3468 838 pro
3507 768 3762 822 omnibus

2173 884 2193 908 ιι
2228 869 2474 931 gustaret
2526 869 2777 915 mortem.
2830 860 3070 914 Decebat
3127 858 3270 913 enim
3327 873 3469 925 eum,
3534 863 3761 925 propter

2171 970 2193 999 α
2230 966 2393 1020 quem
2426 950 2624 1014 omnia,
2658 957 2711 1003 et
2742 965 2842 1018 per
2874 947 3250 1019 quemomnia,
3276 946 3367 1016 qui
3396 944 3595 999 multos
3620 943 3759 997 tilios

2171 1060 2191 1083 «ι
2222 1037 2277 1097 in
2308 1038 2536 1108 gloriam
2563 1038 2878 1104 adduxerat,
2911 1044 3187 1091 auctorem
3220 1034 3406 1088 salutis
3443 1049 3629 1088 eorum
3660 1048 3761 1102 per

2169 1149 2189 1173 ιι
2228 1127 2541 1196 passionem
2597 1140 2995 1180 consummare.
3030 1123 3130 1192 Qui
3185 1124 3329 1177 enim
3378 1120 3677 1177 sanctiﬁcat
3708 1127 3761 1174 et

2169 1237 2189 1261 ιι
2229 1215 2319 1285 qui
2352 1212 2773 1278 sanctiﬁcantur,
2808 1229 2873 1268 ex
2917 1228 3024 1267 uno
3071 1228 3281 1267 omnes.
3326 1212 3551 1280 PrOpter
3591 1224 3756 1280 quam

2168 1322 2190 1351 ιι
2229 1318 2445 1357 causam
2475 1318 2583 1357 non
2630 1300 2974 1357 confunditur
3020 1300 3209 1354 fratres
3256 1315 3351 1354 eos
3396 1314 3614 1360 vocare,
3665 1296 3753 1351 di-

2168 1411 2186 1439 c
2224 1405 2354 1445 cens
2396 1390 2710 1444 :Nuntiabo
2762 1405 2961 1443 nomen
3014 1395 3160 1442 tuum
3219 1387 3476 1441 fratribus
3508 1386 3663 1451 meis,
3699 1384 3756 1438 in

2167 1499 2188 1523 ιι
2224 1478 2404 1533 medio
2460 1478 2709 1533 ecclesiae
2767 1476 3000 1531 laudabo
3029 1484 3099 1530 te.
3133 1477 3200 1530 Et
3230 1476 3425 1529 iterum
3457 1492 3468 1529 :
3502 1475 3622 1544 Ego
3656 1489 3751 1527 ero

470 1607 628 1660 quem
655 1561 975 1659 angelorum
1006 1584 1138 1639 dixit
1183 1585 1341 1637 Pater
1386 1580 1693 1651 aliquando,
1730 1578 1865 1632 sicut
1913 1577 2057 1631 idem
2086 1599 2138 1660 B
2165 1590 2186 1612 ε·
2224 1565 2659 1660 ﬁdensinheum:
2688 1565 2776 1660 _E_t
2805 1564 2996 1660 iterum
3020 1582 3041 1660 ,τ
3076 1566 3220 1619 Ecce
3250 1580 3354 1634 ego
3385 1570 3438 1660 et
3464 1562 3619 1633 pueri
3646 1561 3751 1659 mei

468 1679 694 1733 verbum
726 1692 891 1746 supra
940 1672 1267 1728 notavimus.
1319 1670 1474 1733 Sede,
1534 1668 1585 1721 id
1644 1676 1721 1721 est
1777 1666 1956 1735 judica
2006 1673 2060 1718 et

468 1767 686 1838 quiesce
745 1782 778 1819 (ι
818 1763 1037 1819 dextris
1072 1803 1085 1829 ,
1146 1761 1199 1813 id
1267 1767 1350 1813 est
1403 1758 1457 1810 in
1513 1756 1814 1827 potioribus
1896 1754 2054 1819 meis,

465 1855 817 1927 quoadusque
845 1868 1053 1923 ponam
1074 1850 1337 1904 inimicos
1363 1851 1483 1901 tuos
1510 1847 1814 1901 scabellum
1848 1844 2053 1912 pedum

469 1949 697 1999 tuorum
725 1943 897 2009 (Psal.
933 1956 1040 2004 cxx,
1064 1942 1114 2003 1,
1135 1940 1211 2006 2),
1236 1937 1290 1990 id
1321 1944 1402 1989 est
1425 1936 1494 1989 ita
1524 1934 1762 2003 plenarie
1784 1933 2057 2001 subjectos

464 2032 578 2097 tibi,
626 2039 683 2084 ut
731 2028 1026 2084 scabellum
1090 2024 1372 2092 subjicitur
1418 2022 1695 2092 pedibus?
1726 2022 1841 2087 Per
1889 2020 2057 2090 pedes

462 2128 638 2173 tamen
699 2116 1002 2170 humanitas
1060 2112 1257 2166 Christi
1296 2109 1629 2181 intelligitur,
1696 2125 1816 2177 qua:
1872 2107 2055 2161 ultima

462 2224 589 2278 pars
619 2208 675 2260 in
704 2205 817 2259 illo.
878 2205 1004 2258 Haec
1051 2209 1229 2255 autem
1278 2200 1436 2269 plena
1482 2197 1745 2265 subjectio
1794 2212 2053 2251 consum-

462 2295 661 2350 manda
688 2301 771 2347 est
798 2293 851 2345 id
881 2291 1069 2345 ultimo
1094 2288 1295 2357 judicio
1336 2287 1632 2341 secundum
1664 2285 2053 2338 humanitatem

464 2383 602 2437 Filii.
638 2382 778 2437 Vere
811 2380 941 2434 nulli
991 2377 1309 2448 angelorum
1367 2374 1500 2428 dixit
1557 2375 1661 2428 hoc
1716 2373 1862 2443 quod
1920 2371 2052 2426 dixit

464 2471 619 2535 Filio,
662 2469 789 2525 sede
811 2486 843 2522 α
872 2468 1112 2530 dextris,
1148 2464 1273 2536 quia
1303 2463 1485 2534 angeli
1515 2461 1745 2515 ministri
1778 2468 1901 2514 sunt
1931 2459 2051 2513 Filii

460 2561 563 2614 hoc
592 2566 768 2612 autem
791 2571 1105 2627 repugnans
1136 2562 1217 2608 est
1247 2560 1304 2606 ut
1332 2550 1560 2605 ministri
1612 2550 1719 2603 sint
1748 2548 1961 2613 Christi,
1997 2556 2051 2603 et

459 2649 564 2702 hoc
595 2654 774 2701 autem
802 2658 1120 2713 repugnans
1152 2649 1233 2695 est
1254 2648 1311 2694 ut
1332 2638 1567 2693 ministri
1596 2638 1703 2691 sint
1722 2636 1923 2691 Christi
1946 2637 2050 2691 hoc

459 2735 704 2803 ejusdem
735 2730 1027 2804 dignitatis.
1075 2729 1232 2796 Quod
1273 2728 1342 2781 ita
1390 2727 1461 2780 ait
1494 2744 1506 2780 :
1539 2727 1664 2780 ideo
1711 2732 1915 2779 constat
1945 2726 2048 2779 hoc

453 2838 566 2877 non
596 2837 718 2876 esse
739 2820 941 2875 dictum
958 2816 1117 2873 alicui
1132 2816 1472 2887 angelorum,
1497 2814 1620 2885 quia
1641 2829 1830 2868 nonne
1857 2828 2048 2867 omnes

450 2909 681 2981 angelici
704 2910 941 2979 spiritus
957 2912 1217 2978 Quotquot
1233 2907 1384 2965 sunt,
1402 2910 1524 2956 sunt
1540 2901 2041 2967 administratorii,

451 2999 506 3053 id
561 3006 643 3053 est
695 2995 943 3066 dispositi
998 3001 1056 3047 ut
1108 2992 1481 3046 administrent
1520 2990 1778 3043 Christo?
1808 2990 1873 3043 Et
1922 2988 2043 3059 quia

449 3087 667 3158 quidam
714 3083 942 3138 ministri
990 3080 1264 3137 constituti
1322 3087 1462 3146 sunt,
1525 3078 1718 3149 quibus
1774 3077 2043 3147 imperare

446 3191 557 3230 non
586 3174 784 3228 audent
817 3170 1042 3234 domini,
1077 3169 1142 3223 ad
1193 3169 1298 3222 hoc
1344 3166 1735 3221 removendum
1765 3165 1931 3219 addit.
1965 3166 2043 3219 lta

445 3263 569 3318 dico
624 3258 1088 3323 administratorii,
1126 3257 1272 3328 quod
1324 3257 1485 3310 missi
1539 3257 1601 3310 in
1650 3256 2041 3310 ministerium

442 3364 768 3423 quocunque
820 3347 923 3401 sibi
952 3346 1131 3417 placet
1187 3346 1346 3399 etiam
1404 3347 1638 3416 prapter
1692 3357 1799 3409 eos,
1850 3342 1905 3395 id
1957 3351 2043 3397 est

439 3446 662 3510 propter
689 3436 964 3491 homines.
1030 3434 1254 3488 Multum
1317 3432 1590 3500 subjectos
1648 3438 1860 3486 constat
1916 3446 2039 3485 esse

438 3527 674 3591 Christo,
707 3524 934 3595 imperio
965 3523 1118 3590 cujus
1160 3520 1473 3575 deserviunt
1511 3519 1670 3573 etiam
1703 3518 2035 3584 hominibus,

436 3616 529 3687 qui
559 3615 800 3668 minores
831 3619 953 3667 sunt
985 3610 1217 3682 angelis.
1252 3610 1477 3678 Propter
1506 3623 1601 3661 eos
1632 3606 1777 3675 dico,
1810 3609 1905 3677 qui
1937 3624 2032 3661 ca-

434 3705 596 3776 pient
657 3701 1052 3756 hereditatem
1083 3699 1291 3753 salutis
1312 3740 1325 3760 ,
1359 3696 1415 3751 id
1447 3703 1530 3750 est
1561 3695 1651 3765 qui
1678 3694 2037 3763 possidebunt

435 3799 695 3846 aeternam
727 3789 955 3843 salutem
986 3786 1040 3840 in
1066 3785 1461 3851 haereditatem,
1499 3783 1553 3836 id
1584 3790 1666 3837 est
1695 3781 1905 3837 firmam
1934 3782 2036 3837 sibi

436 3876 865 3949 possessionem.

1073 3996 1298 4052 CAPUT
1338 3995 1410 4049 II.

510 4161 531 4186 ιι
566 4139 866 4208 Pr0pterea
913 4135 1279 4190 abundantius
1329 4140 1543 4205 oportet
1587 4132 1886 4188 observare
1931 4147 2033 4187 nos

436 4251 458 4274 ιι
495 4242 555 4282 ea
588 4242 709 4297 quae
738 4223 1062 4287 audivimus,
1096 4238 1165 4277 ne
1194 4221 1331 4277 forte
1360 4221 1763 4293 pereﬁluamus.
1799 4220 1854 4275 Si
1886 4220 2031 4275 enim

2168 1676 2189 1703 ι
2226 1671 2364 1724 quos
2393 1654 2540 1707 dedit
2569 1653 2701 1706 mihi
2730 1654 2897 1707 Deus.
2931 1652 3067 1720 Quia
3096 1668 3231 1722 ergo
3263 1652 3415 1721 pueri
3445 1649 3749 1706 communi-

2167 1764 2188 1792 ι
2225 1750 2483 1797 caverunt
2507 1741 2660 1796 carni
2680 1748 2733 1795 et
2757 1741 3086 1811 sanguini,et
3102 1739 3341 1796 362
3365 1740 3480 1810 ipse
3503 1738 3750 1793 similiter

2165 1853 2186 1877 ιι
2223 1830 2565 1900 participavit
2630 1829 2856 1893 eisdem,
2904 1837 2959 1883 ut
3022 1845 3119 1898 per
3166 1836 3395 1882 mortem
3441 1828 3748 1882 destrueret

2164 1938 2186 1967 α
2223 1934 2363 1983 eum,
2398 1919 2488 1989 qui
2517 1918 2753 1972 habebat
2782 1917 2975 1971 mortis
3022 1916 3327 1987 imperium,
3361 1915 3416 1970 id
3446 1924 3525 1971 est
3553 1916 3747 1970 diabo-

2163 2027 2185 2055 ε
2220 2006 2349 2071 lum,
2382 2014 2435 2061 et
2463 2006 2722 2060 liberaret
2754 2021 2867 2069 eos,
2893 2005 2985 2075 qui
3017 2005 3205 2059 timore
3232 2004 3423 2059 mortis
3451 2020 3550 2074 per
3579 2012 3750 2059 totam

2161 2116 2183 2141 α
2218 2094 2382 2149 vitam
2410 2093 2630 2148 obnoxii
2662 2101 2809 2148 erant
2856 2093 3120 2147 servituti.
3153 2094 3429 2163 Nusquam
3460 2093 3604 2147 enim
3644 2110 3747 2147 an-

2161 2202 2183 2232 (
2218 2182 2372 2253 gelos
2401 2182 2776 2251 apprehendit,
2802 2182 2898 2235 sed
2916 2197 3103 2235 semen
3120 2181 3345 2235 Abrahae
3368 2182 3743 2251 apprehendit.

2160 2294 2180 2317 «
2217 2270 2372 2324 Unde
2430 2270 2615 2323 debuit
2658 2286 2754 2339 per
2800 2269 2983 2324 omnia
3030 2268 3282 2323 fratribus
3330 2269 3637 2333 assimilari,
3689 2277 3747 2323 ut

2160 2378 2182 2408 α
2216 2358 2527 2412 misericors
2558 2356 2713 2412 fieret
2761 2366 2814 2412 et
2859 2357 3035 2412 fidelis
3064 2356 3309 2412 Pontifex
3360 2358 3436 2412 ad
3462 2359 3655 2424 Deum,
3688 2367 3746 2412 ut

2157 2466 2179 2496 «
2217 2445 2597 2515 repropitiaret
2625 2445 2823 2501 delicta
2854 2446 3059 2516 pOpuli.
3112 2447 3171 2500 In
3202 2462 3267 2500 eo
3323 2446 3466 2500 enim
3524 2446 3579 2499 in
3638 2463 3746 2517 quo

2155 2555 2177 2581 ιι
2218 2550 2412 2604 passus
2443 2542 2525 2589 est
2554 2534 2671 2604 ipse
2730 2542 2784 2588 et
2831 2541 3082 2603 tentatus,
3111 2543 3306 2605 potens
3349 2543 3432 2589 est
3460 2543 3512 2589 et
3541 2535 3620 2589 eis
3650 2535 3744 2606 qui

2154 2640 2175 2665 ιι
2210 2626 2487 2673 tentantur
2518 2618 2783 2674 auxiliari.
2825 2642 2846 2666 ι»

2775 2784 3072 2825 ΕΧΡΟΒΙἸΊΟ
3086 2810 3099 2824 .

2218 2907 2298 2961 Ex
2355 2907 2606 2962 omnibus
2663 2910 3035 2979 superioribus
3074 2908 3258 2975 infert;
3317 2910 3385 2964 ad
3433 2910 3537 2967 hoc
3590 2912 3737 2968 enim

2145 2996 2612 3065 comprobandum
2661 2998 2844 3052 omnia
2891 2998 3132 3064 adduxit,
3174 2998 3361 3053 dicens
3392 3016 3405 3052 :
3435 2998 3575 3067 Quia
3604 3001 3652 3053 si
3680 3000 3738 3055 in

2141 3083 2422 3153 prophetis
2453 3092 2505 3139 et
2553 3084 2607 3138 in
2665 3085 2802 3141 Filio
2850 3085 3063 3140 locutus
3108 3094 3187 3140 est
3235 3088 3401 3151 Deus,
3455 3088 3580 3158 quia
3634 3104 3736 3159 per

2142 3172 2333 3225 Filium
2390 3172 2573 3227 omnia
2629 3172 2765 3227 facta
2824 3181 2967 3239 sunt,
3028 3175 3154 3245 quia
3181 3175 3356 3242 major
3381 3183 3464 3229 est
3495 3177 3729 3248 angelis,

2142 3260 2261 3329 quia
2293 3260 2492 3315 dictum
2523 3269 2605 3315 est
2636 3261 2770 3316 Filio
2805 3276 2817 3315 :
2855 3284 2877 3308 «
2922 3262 3064 3317 Sede
3084 3278 3116 3317 a
3143 3263 3362 3327 dextris,
3391 3287 3413 3312 η
3436 3264 3580 3334 quod
3601 3265 3734 3319 nulli

2139 3348 2341 3403 dictum
2373 3356 2455 3403 est
2485 3348 2701 3418 angelo,
2735 3354 3034 3420 prapterea
3054 3355 3276 3422 oportet
3298 3368 3400 3407 nos
3443 3352 3733 3410 observare

2140 3451 2205 3490 ea
2233 3453 2356 3507 quo:
2381 3435 2705 3492 audivimus
2735 3452 2767 3491 a
2798 3437 2930 3492 Filio
2961 3438 3325 3493 abundantius
3343 3456 3503 3510 quam
3525 3456 3587 3495 ea
3609 3458 3732 3512 quae

2137 3523 2438 3578 audivimus
2467 3540 2496 3577 a
2525 3525 2825 3594 prophetis.
2860 3526 3159 3595 Prophetas
3190 3526 3409 3598 quidem
3438 3528 3729 3584 abundan-

2136 3617 2239 3677 ter,
2274 3611 2372 3665 sed
2405 3612 2596 3667 Filium
2627 3612 2987 3667 abundantius
3016 3621 3231 3684 oportet
3260 3615 3461 3681 audire,
3494 3633 3566 3672 ne
3580 3620 3730 3687 forte

2135 3714 2244 3753 non
2258 3699 2528 3754 audiendo
2551 3699 2761 3769 Filium,
2783 3702 3204 3773 pere/ﬂuamus.
3228 3704 3342 3757 Nos
3362 3704 3543 3758 multis
3565 3706 3729 3762 mise-

2134 3785 2229 3840 riis
2261 3794 2312 3841 et
2340 3788 2580 3857 peccatis
2612 3788 2849 3859 quotidie
2879 3789 3163 3857 eﬁluimus,
3189 3791 3307 3859 sed,
3331 3792 3377 3846 si
3405 3808 3515 3847 non
3543 3795 3732 3850 obser-

2134 3890 2323 3929 vemus
2371 3876 2623 3930 mandata
2669 3877 2888 3947 Christi,
2938 3878 3325 3949 peret’duimus,
3385 3881 3508 3952 quia
3566 3898 3730 3939 omne

2133 3962 2336 4017 bonum
2390 3963 2632 4018 elabetur
2674 3981 2703 4018 a
2733 3965 2911 4031 nobis,
2974 3975 3027 4021 et
3083 3983 3241 4037 poena
3300 3968 3460 4023 totius
3503 3970 3728 4039 justitia:

2132 4050 2289 4105 nobis
2320 4051 2533 4106 residua
2562 4053 2680 4107 erit.
2715 4054 2965 4109 Probavit
2995 4055 3188 4109 Filium
3220 4072 3342 4111 esse
3372 4057 3719 4126 audiendum,

2133 4146 2245 4192 tum
2275 4139 2400 4209 quia
2429 4140 2485 4193 in
2515 4138 2648 4195 Filio
2678 4141 2889 4197 locutus
2921 4151 3003 4196 est
3033 4144 3200 4211 Deus,
3233 4144 3372 4199 sicut
3400 4144 3454 4198 in
3488 4149 3723 4219 prophe-

2133 4226 2220 4291 tis,
2249 4235 2361 4281 tum
2391 4228 2520 4299 quia
2550 4228 2715 4282 Filius
2744 4230 2922 4298 major
2966 4240 3048 4285 est
3096 4232 3326 4304 angelis,
3362 4242 3414 4288 et
3468 4234 3569 4289 hoc
3625 4253 3725 4306 per

435 4339 456 4362 ι.
494 4315 585 4385 qui
614 4330 712 4384 per
758 4312 987 4385 angelos
1031 4312 1207 4367 dictus
1246 4318 1329 4366 est
1377 4326 1580 4378 sermo,
1615 4309 1786 4365 factus
1817 4316 1899 4364 est
1928 4307 2026 4363 fir-
2057 4300 2484 4370 Βεωοιοι-ίιαίρε
2541 4317 2855 4372 ροισιιιῃάρτη
2912 4300 3206 4389 probavit;
3237 4321 3401 4377 modo
3464 4300 3722 4379 mandata

435 4426 457 4450 ιι
493 4418 636 4471 mus,
669 4409 721 4455 et
750 4401 927 4456 omnis
944 4399 1320 4470 praevaricatio
1350 4408 1403 4453 et
1433 4398 1799 4453 inobedientia
1819 4398 2030 4467 accepit

435 4511 458 4541 ι
488 4491 694 4559 justam
755 4488 1027 4543 mercedis
1094 4487 1530 4551 retributionem,
1600 4486 1871 4556 quomodo
1926 4500 2027 4539 nos

435 4601 458 4630 ι
494 4577 837 4649 effugiemus,
871 4576 917 4629 si
936 4582 1142 4629 tantam
1164 4574 1569 4646 neglexerimus
1592 4573 1822 4627 salutem
1844 4574 1871 4628 ?
1893 4572 2028 4641 Quae

435 4689 458 4719 ι
493 4682 618 4723 cum
648 4664 858 4719 initium
888 4663 1189 4733 accepisset
1218 4662 1464 4716 enarrari
1494 4677 1591 4731 per
1622 4661 1932 4726 Dominum,
1956 4660 2025 4714 ab

435 4778 458 4807 ι
496 4755 575 4810 eis
624 4770 715 4824 qui
760 4750 1062 4817 audierunt,
1114 4751 1169 4803 in
1217 4765 1318 4803 nos
1370 4747 1688 4804 conﬁrmata
1734 4757 1835 4813 est,
1887 4764 2024 4804 con-

433 4868 454 4891 ει
490 4850 721 4898 testante
750 4841 865 4895 Deo
896 4838 1067 4909 signis
1090 4846 1143 4892 et
1162 4837 1427 4907 portentis
1448 4845 1500 4892 et
1532 4837 1695 4893 variis
1715 4836 2020 4907 virtutibus,

430 4953 453 4982 ι
489 4940 542 4985 et
574 4929 801 4999 Spiritus
831 4926 1004 4982 sancti
1048 4924 1512 4980 distributionibus
1542 4926 1840 4981 secundum
1871 4942 2023 4980 suam

432 5042 453 5069 ι
489 5018 840 5073 voluntatem.
884 5017 1008 5069 Non
1051 5014 1195 5069 enim
1237 5014 1449 5084 angelis
1481 5014 1711 5082 subjecit
1749 5015 1897 5069 Deus
1926 5030 2020 5069 or-

430 5134 453 5157 ι
490 5107 614 5160 hem
635 5112 795 5159 terrae
816 5103 1072 5167 futurum,
1098 5103 1165 5156 de
1194 5116 1301 5173 quo
1331 5102 1620 5173 loquimur.
1656 5104 1907 5157 Testatus
1937 5110 2019 5157 est

429 5218 451 5242 ιι
487 5202 671 5250 autem
702 5193 757 5245 in
788 5192 1024 5262 quodam
1054 5190 1176 5245 loco
1208 5190 1329 5260 quis
1350 5190 1557 5245 dicens.
1589 5189 1734 5258 Quid
1756 5198 1837 5245 est
1855 5191 2017 5246 homo

429 5308 450 5332 α
487 5281 633 5355 quod
662 5294 873 5335 memor
902 5295 962 5334 es
993 5279 1166 5347 cujus,
1200 5286 1289 5332 aut
1320 5277 1462 5332 tilius
1491 5278 1727 5333 hominis
1757 5278 2016 5349 quoniam

425 5394 449 5424 «
484 5371 669 5428 visitas
699 5384 823 5425 eum
842 5368 871 5422 ‘i
898 5366 1138 5422 Minuisti
1186 5382 1309 5421 eum
1337 5366 1500 5437 paulo
1528 5366 1709 5421 minus
1736 5366 1806 5421 ab
1837 5381 2014 5436 ange-

425 5484 445 5507 ‹‹
483 5460 568 5526 lis,
603 5458 780 5531 gloria
810 5463 862 5513 et
891 5456 1097 5512 honore
1126 5454 1398 5511 coronasti
1426 5470 1571 5522 eum,
1604 5461 1659 5509 et
1688 5453 2012 5510 constituisti

2128 4402 2248 4457 Filii
2276 4403 2618 4460 observanda
2644 4404 2773 4459 dicit
2803 4405 2927 4460 ideo
2948 4407 3074 4477 quia
3093 4422 3203 4462 non
3223 4407 3483 4480 effugient
3500 4428 3720 4482 pmnam

2126 4490 2218 4560 qui
2273 4491 2610 4562 neglexerint
2662 4493 2994 4563 propositam
3050 4495 3152 4549 sibi
3207 4511 3241 4551 a
3269 4497 3405 4553 Filio
3453 4499 3709 4557 salutem.

2127 4576 2287 4644 Quod
2318 4579 2392 4633 ita
2422 4579 2616 4648 probat
2648 4597 2662 4633 :
2694 4581 2833 4636 Vere
2879 4598 3002 4653 quae
3049 4583 3355 4639 audivimus
3376 4596 3415 4640 ‘a
3449 4588 3583 4643 Filio
3612 4590 3717 4645 nisi

2123 4666 2619 4736 observaverimus,
2650 4668 3046 4740 pereﬁluemus,
3078 4671 3132 4725 id
3163 4682 3245 4727 est
3262 4674 3568 4744 puniemur,
3588 4676 3719 4747 quia

2122 4753 2168 4807 si
2199 4768 2381 4809 sermo
2428 4755 2743 4825 angelorum
2799 4773 2909 4812 non
2957 4759 3211 4829 impletus
3265 4777 3480 4831 poenam
3537 4763 3718 4820 intulit

2122 4858 2233 4897 non
2261 4844 2697 4913 observantibus,
2732 4852 2859 4901 tunc
2915 4846 3061 4901 salus
3114 4848 3234 4903 Filii
3290 4851 3557 4921 neglecta,
3619 4854 3715 4925 qui

2120 4930 2298 4999 major
2345 4940 2428 4986 est
2482 4932 2714 5003 angelis,
2746 4949 2965 5003 pcenam
3020 4935 3216 4992 inferet
3269 4939 3704 5011 negligentibus.

2120 5017 2275 5085 Quod
2306 5019 2381 5073 ita
2410 5035 2422 5074 :
2461 5020 2520 5076 Si
2545 5036 2748 5090 sermo,
2778 5021 2832 5075 id
2880 5030 2964 5077 est
2992 5025 3232 5081 ostensio
3262 5026 3555 5082 voluntatis
3584 5029 3708 5097 Dei,

2118 5121 2214 5159 seu
2243 5106 2298 5159 in
2328 5106 2471 5178 lege,
2506 5123 2602 5161 seu
2634 5108 2689 5161 in
2725 5110 3022 5181 prophetis,
3054 5116 3149 5184 qui
3197 5129 3380 5169 sermo
3410 5116 3595 5172 dictus
3625 5122 3715 5175 est

2115 5210 2217 5264 per
2244 5196 2491 5265 angelos.
2524 5196 2719 5269 Angeli
2750 5198 2895 5252 enim
2926 5208 2978 5254 et
3010 5201 3180 5272 Moysi
3199 5203 3379 5275 legem
3411 5212 3463 5259 et
3492 5207 3705 5262 caeteris

2113 5282 2393 5353 prophetis
2440 5283 2834 5353 ministrabant,
2889 5304 3228 5362 quaecunque
3285 5292 3363 5346 illi
3412 5293 3703 5365 docebant,

2113 5368 2179 5436 si,
2209 5370 2449 5443 inquam,
2483 5372 2573 5429 hic
2602 5389 2782 5430 sermo
2809 5378 3003 5446 factus
3032 5382 3118 5434 est
3144 5379 3365 5448 ﬁrmus,
3381 5380 3439 5437 id
3469 5390 3551 5437 est
3571 5398 3706 5439 con-

2110 5456 2355 5515 ﬁrmatus
2394 5467 2501 5526 est,
2566 5461 2705 5519 sicut
2760 5461 2849 5519 lex
2884 5463 3015 5522 data
3059 5467 3255 5538 Moysi,
3305 5484 3405 5540 per
3453 5470 3701 5541 quedam
