3966 6050
254 296 360 349 497

903 300 1283 358 EXPOSITIO
1433 300 1812 358 EPISTOLAS
1850 300 2073 356 PAULI.
2106 330 2174 343 —
2214 301 2287 357 IN
2331 300 2549 358 EPIST.
2598 302 2692 358 AD
2730 300 2886 357 ΗΕΒ.

3448 296 3550 351 498

260 418 546 487 miracula,
593 420 648 478 id
714 431 797 479 est
842 441 943 496 per
989 426 1225 490 tonitrua
1285 427 1358 481 ibi
1422 427 1621 494 audita,
1690 426 1853 482 etiam
1883 427 1937 486 Α
2031 425 2126 479 His
2156 426 2406 481 omnibus
2435 425 2591 482 factis
2631 428 2941 483 secundum
2988 426 3341 482 voluntatem
3388 437 3554 477 suam

261 507 590 578 quibusdam
636 512 797 567 minis
865 522 918 568 et
984 514 1462 585 pollicitationibus
1526 513 1855 571 conﬁrmata.

259 595 337 659 Si,
373 596 611 669 inquam,
646 616 827 656 sermo
867 619 965 672 per
992 603 1217 674 angelos
1247 603 1419 659 factus
1448 612 1530 658 est
1560 602 1765 669 ﬁrmus,
1802 607 1859 658 et

259 682 389 738 ideo
416 690 601 742 omnis
618 692 1010 761 prteuaricatio
1031 696 1086 746 et
1108 692 1510 748 inobedientia.
1536 692 1859 747 Praevarica-

254 771 462 829 tionem
491 785 672 841 vocat,
708 794 816 833 non
848 778 1020 833 solum
1058 779 1327 835 dimittere
1366 781 1510 851 quod
1549 781 1861 852 praecipitur

252 860 310 915 in
342 861 486 932 lege,
521 866 617 919 sed
647 866 809 920 etiam
841 876 1028 922 contra
1059 869 1238 940 legem
1269 869 1469 938 facere,
1502 878 1560 923 ut
1591 870 1683 941 qui
1704 870 1861 938 jube-

254 956 345 1002 tur
373 950 603 1022 diligere
634 955 958 1023 proximum,
992 972 1101 1011 non
1142 965 1343 1011 tantum
1397 974 1505 1013 non
1535 958 1726 1029 diligit,
1762 958 1858 1012 sed

255 1037 421 1091 etiam
487 1041 701 1096 occidit.
767 1044 1139 1099 Inohedientia
1206 1045 1405 1099 dicitur
1463 1062 1571 1100 non
1628 1046 1856 1115 implere

256 1127 407 1197 quod
439 1128 493 1181 in
525 1130 647 1200 lege
678 1132 1020 1202 przncipitur;
1056 1134 1216 1189 etiam
1239 1134 1431 1188 sinihil
1459 1143 1646 1190 contra
1676 1135 1855 1206 legem

256 1223 521 1284 operetur
562 1235 575 1271 :
610 1226 665 1271 ut
694 1219 785 1291 qui
826 1220 1045 1289 jubetur
1072 1222 1297 1293 diligere
1344 1239 1452 1277 non
1484 1223 1691 1294 diligat.
1730 1223 1855 1277 Ideo

254 1302 329 1356 ait
362 1304 541 1358 omnis
572 1308 946 1375 przevaricatio
970 1317 1021 1363 et
1048 1309 1434 1376 inobedientia,
1461 1318 1512 1365 et
1540 1327 1647 1364 non
1679 1310 1857 1364 omnis

253 1393 646 1459 prmvaricator
676 1402 728 1449 et
758 1396 1099 1462 inobediens,
1135 1396 1453 1470 signiﬁcans
1484 1414 1644 1452 unam
1679 1398 1852 1452 solam

250 1481 780 1551 praevaricationem,
850 1486 937 1539 vel
984 1486 1409 1540 inobedientiam
1453 1502 1561 1540 non
1611 1485 1854 1557 effugere

244 1582 494 1636 pcenam.
536 1571 927 1627 Praevaricator
957 1582 1139 1628 autem
1170 1576 1255 1629 vel
1303 1575 1621 1629 inobediens
1650 1575 1853 1629 multa-

251 1671 377 1709 rum
407 1658 920 1726 prevaricationum
942 1662 1028 1715 vel
1051 1662 1540 1717 inobedientiarum
1574 1680 1700 1718 reus
1731 1679 1853 1717 esse

1961 513 2091 584 (non
2124 514 2265 569 enim
2296 516 2670 570 considerabat
2716 515 2989 582 meritum,
3023 514 3120 568 sed
3150 510 3552 583 beneplacitum

1958 601 2349 657 misericordiaa
2398 606 2531 672 suae)
2558 603 2691 657 dixit
2735 602 2881 674 quod
2928 602 3271 674 negligentes
3317 599 3546 653 salutem

1960 690 2158 744 Christi
2188 706 2297 744 non
2327 689 2586 761 effugient
2629 692 2746 759 ejus
2785 691 3096 746 vindictam.
3130 690 3289 743 Nunc
3321 687 3550 756 subjun-

1959 777 2056 849 git,
2110 779 2255 850 quod
2302 779 2613 834 vindicandi
2658 779 2715 832 in
2757 794 2948 833 omnes
2993 779 3189 833 habeat
3235 775 3547 847 potentiam.

1957 866 2078 920 Dixi
2112 880 2125 920 :
2161 867 2433 933 Quomodo
2462 883 2564 922 nos
2593 868 2940 939 e/fugiemus,
2961 875 3013 920 et
3033 882 3163 921 vere
3191 881 3299 920 non
3330 863 3558 934 effugie-

1957 970 2078 1008 mus
2107 954 2401 1010 vindictam
2432 955 2774 1027 negligentes
2813 956 3043 1009 salutem
3080 954 3216 1022 Filii,
3251 969 3374 1008 cum
3406 968 3554 1023 prae-

1956 1042 2289 1097 varicatores
2340 1044 2606 1098 sermonis
2664 1044 2982 1115 angelorum
3028 1042 3197 1113 puniti
3244 1042 3367 1106 sint,
3429 1040 3556 1111 quia

1958 1130 2091 1184 Filio
2125 1130 2370 1199 subjiciet
2391 1132 2580 1185 orbem
2611 1139 2771 1185 terrae
2814 1147 2974 1203 quem
3025 1130 3235 1201 angelis
3285 1144 3395 1183 non
3425 1128 3554 1183 sub-

1951 1216 2101 1284 jecit.
2137 1218 2236 1272 Hic
2266 1218 2417 1273 locus
2448 1217 2607 1273 ﬁdem
2656 1218 2781 1273 facit
2810 1234 2842 1273 a
2872 1218 3088 1273 minori.
3137 1216 3297 1285 Quod
3328 1217 3400 1271 ita
3428 1216 3501 1270 ait
3536 1231 3550 1271 :

1957 1306 2101 1360 Deus
2134 1313 2285 1375 pater
2330 1324 2445 1363 non
2476 1307 2711 1378 subjecit
2732 1308 2916 1362 orbem
2936 1313 3098 1361 terrm
3125 1306 3359 1377 angelis,
3394 1303 3554 1357 mini-

1957 1393 2124 1447 sterio
2155 1394 2375 1465 quidem
2407 1410 2589 1448 eorum
2613 1395 2783 1449 multa
2807 1394 2862 1448 in
2893 1395 3023 1449 orbe
3049 1392 3201 1447 ﬁunt.
3234 1393 3340 1448 Sed
3369 1392 3552 1448 omnia

1956 1489 2202 1551 spectant
2229 1483 2296 1536 ad
2325 1483 2424 1537 Dei
2452 1483 2758 1553 imperium.
2811 1482 3015 1537 Orbem
3046 1490 3207 1537 terrae
3234 1481 3356 1536 dico
3386 1485 3553 1551 futu-

1956 1586 2086 1624 rum
2123 1571 2425 1639 subjectum
2458 1571 2505 1625 ei
2538 1572 2602 1626 de
2633 1587 2735 1643 quo
2769 1572 3066 1642 loquimur,
3092 1570 3299 1625 scilicet
3320 1570 3550 1624 Christo.

1955 1656 2056 1711 Vel
2086 1658 2160 1712 ita
2195 1674 2206 1711 :
2244 1657 2447 1713 Orbem
2480 1674 2586 1712 non
2604 1659 2834 1727 subjecit
2862 1658 3093 1730 angelis,
3126 1659 3289 1729 quod,
3326 1658 3551 1725 scilicet,

246 1750 451 1812 potest.
487 1745 560 1811 Si,
615 1747 856 1819 inquam,
909 1750 1083 1803 omnis
1132 1751 1507 1820 praevaricatio
1558 1759 1609 1806 et
1656 1751 1925 1836 inobe-B
1954 1753 2009 1799 ut
2060 1746 2397 1815 subjiciatur,
2436 1746 2673 1800 futurum
2717 1754 2799 1801 est
2846 1746 2933 1813 ei,
2986 1746 3054 1800 de
3103 1762 3208 1817 quo
3258 1746 3555 1816 loquimur,

243 1830 454 1886 dientia
485 1836 702 1906 accepit
726 1838 1157 1893 retributionem
1187 1840 1477 1906 mercedis,
1512 1838 1565 1893 id
1599 1847 1680 1893 est
1702 1856 1853 1893 mer-

248 1920 441 1974 cedem
479 1922 813 1977 retributam.
868 1926 1077 1980 Merces
1121 1927 1316 1981 dicitur
1360 1944 1500 1998 quae,
1550 1943 1647 1997 pro
1687 1927 1856 1998 quali-

247 2011 359 2057 tate
421 2004 569 2071 facti,
614 2006 728 2061 sive
775 2009 976 2063 malum
1024 2010 1138 2064 sive
1203 2011 1404 2065 bonum
1451 2011 1537 2080 sit,
1590 2012 1849 2065 redditur.

248 2092 555 2147 Retributio
596 2094 862 2165 signiﬁcat
926 2106 1184 2167 quantum
1232 2099 1429 2153 meruit
1476 2107 1680 2153 tantum
1729 2115 1853 2153 esse

246 2180 525 2234 redditum
580 2183 649 2236 ei.
708 2183 1134 2239 Retributionem
1186 2186 1308 2241 dico
1341 2188 1582 2257 justam,
1617 2187 1740 2258 quia
1770 2187 1852 2241 sic

240 2268 602 2325 retribuendo
633 2272 781 2325 Deus
810 2273 924 2345 agit
964 2290 1028 2327 ex
1071 2274 1297 2342 justitia,
1345 2291 1446 2330 nec
1495 2276 1693 2345 putetis
1718 2260 1851 2330 eum

240 2356 321 2410 sic
354 2357 763 2413 misericordem
797 2377 919 2415 esse
952 2370 1007 2414 ut
1037 2362 1392 2417 obliviscatur
1433 2363 1668 2430 justitiee.

318 2444 396 2511 Si,
430 2445 671 2515 inquam,
706 2449 1077 2517 praavaricatio
1109 2450 1193 2504 vel
1241 2449 1604 2505 inobedientia
1638 2468 1849 2505 sermo-

238 2532 330 2585 nis
360 2532 489 2587 dicti
520 2550 618 2604 per
649 2536 876 2605 angelos
907 2538 1113 2607 accepit
1164 2538 1478 2591 retributam
1515 2540 1844 2606 mercedem,

241 2620 516 2693 quomodo
548 2639 650 2676 nos
668 2624 996 2694 eﬂ'ugiemus
1012 2625 1143 2679 illud
1166 2624 1481 2696 pereﬁlnere
1508 2629 1561 2681 si
1587 2630 1850 2699 neglexe-

239 2711 446 2775 rimus,
482 2726 590 2763 non
639 2711 762 2767 dico
810 2715 1260 2782 praevaricatores
1314 2714 1698 2779 exstiterimus,
1753 2716 1848 2770 sed

239 2798 415 2867 (quod
464 2798 643 2852 minus
683 2800 786 2870 est)
837 2800 882 2853 si
935 2801 1123 2855 saltem
1189 2802 1612 2872 neglexerimus,
1664 2804 1716 2856 id
1767 2812 1850 2858 est

234 2885 549 2957 intelligere
576 2897 1006 2955 contemnamus,
1054 2904 1163 2943 non
1211 2890 1332 2943 dico
1383 2907 1711 2958 sermonem,
1751 2892 1848 2946 sed

234 2974 534 3029 salutem?
568 2976 805 3029 Verbum
839 2977 984 3031 enim
1034 2977 1231 3030 Christi
1275 2979 1540 3031 creditum
1569 2980 1846 3033 credenti-

235 3061 365 3125 bus,
400 3076 556 3115 causa
581 3061 822 3118 efficiens
845 3073 926 3117 est
954 3065 1165 3120 salutis.
1193 3065 1428 3120 Salutem
1450 3067 1572 3120 dico
1594 3071 1841 3134 tantam,

1957 1833 2191 1887 Christo.
2229 1833 2389 1901 Quod
2422 1842 2597 1888 autem
2630 1834 2775 1888 orbis
2821 1834 3191 1902 subjiciendus
3222 1833 3289 1887 sit
3317 1832 3552 1899 Christo,

1953 1921 2150 1990 probat
2181 1922 2505 1976 auctoritate
2557 1922 2761 1987 David;
2797 1922 2889 1993 qui
2935 1930 3113 1976 tamen
3145 1922 3211 1974 de
3241 1922 3343 1975 hac
3372 1920 3554 1987 subje-

1955 2008 2134 2063 ctione
2162 2008 2339 2062 futura
2375 2009 2633 2080 loquitur,
2668 2010 2823 2079 quasi
2855 2010 2923 2065 de
2964 2009 3255 2079 praeterita,
3292 2008 3428 2062 sicut
3458 2008 3554 2061 ad-

1953 2097 2154 2149 missus
2181 2096 2235 2150 in
2268 2097 2451 2151 divino
2484 2097 2731 2152 consilio.
2767 2098 2833 2151 Et
2863 2105 2919 2150 ut
2950 2097 3145 2152 certius
3176 2095 3553 2150 exaltationem

1954 2184 2154 2238 Christi
2184 2201 2349 2255 super
2376 2185 2557 2239 omnia
2588 2185 2864 2255 probaret,
2897 2184 3170 2255 praemittit
3202 2183 3555 2237 humilitatem

1954 2272 2087 2339 ejus,
2120 2289 2187 2327 ne
2214 2272 2259 2326 si
2303 2274 2489 2342 (tacita
2546 2272 2868 2343 humilitate)
2912 2272 3295 2327 exaltationem
3344 2287 3549 2325 assere-

1953 2368 2057 2425 ret,
2093 2361 2462 2433 ambigeretur
2510 2362 2673 2415 alium
2722 2377 2844 2415 esse
2890 2361 2983 2431 qui
3030 2360 3359 2425 humiliatus,
3392 2359 3555 2414 alium

1954 2448 2045 2518 qui
2076 2448 2343 2503 exaltatus
2376 2457 2477 2503 est.
2513 2450 2669 2504 Unde
2702 2449 2780 2504 sic
2814 2439 2887 2503 ait
2922 2465 2933 2502 :
2967 2450 3089 2503 Non
3119 2465 3223 2520 ego
3254 2448 3401 2502 solus
3431 2447 3555 2502 dico

1953 2536 2143 2590 orbem
2178 2537 2573 2604 subjiciendum
2605 2536 2841 2602 Christo,
2879 2537 2975 2590 sed
3009 2536 3168 2590 etiam
3203 2540 3444 2591 testatus
3472 2538 3555 2590 est

1952 2623 2094 2677 idem
2140 2640 2353 2679 mecum
2404 2626 2526 2696 quis
2576 2626 2767 2679 dicens
2816 2628 2875 2679 in
2914 2625 3155 2697 quodam
3205 2625 3319 2679 loco
3350 2624 3548 2692 (Psal.,

1952 2727 2071 2777 vm,
2108 2715 2158 2766 5.
2194 2712 2274 2781 6).
2316 2715 2443 2768 Haec
2472 2714 2767 2768 auctoritas
2797 2713 2935 2767 adeo
2953 2720 3080 2766 nota
3110 2720 3242 2776 erat,
3277 2712 3419 2782 quod
3449 2726 3552 2766 nec

1951 2800 2189 2855 auctoris
2227 2816 2327 2857 nec
2372 2801 2475 2856 loci
2535 2801 2586 2854 in
2649 2816 2755 2871 quo
2813 2809 2929 2855 erat
2985 2800 3204 2855 nomine
3260 2799 3548 2870 indigeret.

1952 2890 2099 2955 Haec,
2132 2890 2374 2959 inquam,
2408 2898 2633 2944 testatur
2666 2889 2837 2943 David
2881 2890 3110 2960 loquens
3140 2889 3206 2941 ad
3237 2889 3467 2942 Patrem.
3502 2886 3548 2943 Ο

1950 2976 2200 3041 Domine,
2237 2978 2396 3031 homo
2427 2978 2517 3031 ille
2548 2978 2796 3031 Christus
2828 2978 2958 3048 quid
2988 2980 3091 3040 est,
3126 2976 3467 3040 admirative,
3492 2975 3548 3029 id

1949 3074 2029 3118 est
2078 3081 2331 3137 magnum
2361 3066 2489 3137 quid
2538 3065 2748 3119 futurus
2798 3073 2898 3130 est,
2950 3065 3046 3118 sed
3102 3073 3361 3134 quantum
3418 3063 3547 3133 quid

236 3148 295 3202 id
330 3156 413 3202 est
443 3149 860 3206 indeﬁcientem.
896 3152 1053 3207 Salus
1093 3153 1235 3206 enim
1264 3154 1380 3208 haec
1414 3155 1633 3224 quando
1663 3127 1843 3209 remit;
1879 3127 1922 3186 Ο
1947 3153 2047 3217 sit;
2082 3127 2198 3207 hoc
2215 3127 2398 3207 tamen
2453 3162 2620 3206 totum
2671 3170 2770 3223 per
2799 3127 2904 3208 hoc
2950 3154 3094 3224 quod
3122 3127 3181 3205 tu
3228 3127 3451 3207 memor-
3489 3168 3548 3207 es

235 3244 427 3290 tuntur
473 3246 699 3307 peccata
745 3239 1070 3309 principium
1119 3242 1317 3307 habet;
1362 3242 1688 3311 positionem
1730 3242 1842 3297 vir-

229 3333 408 3379 tutum
459 3326 621 3380 habet
686 3326 1101 3393 incrementum,
1157 3330 1211 3383 in
1259 3337 1463 3383 aeterna
1513 3331 1885 3409 beatitudine_

227 3414 777 3470 consummationem.
802 3418 916 3471 Nec
938 3432 1033 3471 eos
1055 3417 1229 3472 reddit
1248 3417 1666 3482 inexcusabiles,
1694 3420 1840 3489 quod

231 3511 511 3573 nequeant
554 3518 833 3573 opponere
864 3521 943 3569 se,
979 3506 1133 3576 quasi
1165 3512 1400 3559 remotos
1432 3506 1571 3559 hanc
1620 3507 1839 3561 audisse

232 3589 468 3645 salutem
530 3591 761 3646 dicens:
799 3593 931 3659 Quae
982 3594 1129 3647 salus
1179 3610 1309 3648 cum
1364 3596 1676 3664 accepisset
1715 3596 1835 3650 ini-

235 3680 387 3733 tium
432 3694 541 3735 non
595 3680 1025 3748 constitutionis,
1088 3681 1213 3752 quia
1244 3682 1314 3735 ab
1357 3690 1558 3736 aeterno
1593 3681 1830 3737 363

229 3766 314 3820 sic
362 3767 477 3821 fieri
545 3776 662 3822 erat
718 3768 1076 3838 dispositum;
1136 3770 1234 3823 sed
1292 3769 1499 3823 initium
1571 3773 1838 3825 enarrari

225 3871 335 3926 per
364 3856 667 3910 Dominum
696 3857 1039 3928 angelorum,
1065 3857 1118 3910 id
1147 3865 1229 3912 est
1258 3874 1357 3927 per
1385 3857 1656 3911 Christum
1689 3859 1833 3929 quod

230 3942 479 3996 Christus
526 3959 778 3997 enarrare
824 3945 989 4014 carpit
1034 3946 1173 3999 hanc
1222 3945 1469 3999 salutem.
1522 3947 1689 4014 Tunc,
1743 3946 1833 3999 in-

227 4046 414 4102 quam,
448 4047 570 4086 cum
600 4032 903 4102 accepisset
924 4035 1026 4088 hoc
1047 4033 1254 4087 initium
1286 4035 1623 4102 conﬁrmata
1654 4040 1737 4089 est
1770 4037 1832 4089 in

228 4136 352 4181 nos,
386 4120 438 4172 id
458 4128 537 4174 est
554 4120 609 4173 in
621 4137 717 4175 vos
737 4122 957 4175 Judaaos
977 4123 1043 4176 ab
1061 4124 1142 4177 eis
1172 4123 1265 4193 qui
1287 4123 1594 4177 audierunt
1623 4123 1690 4177 ab
1712 4123 1831 4192 ipso

227 4222 329 4261 ore
358 4208 577 4274 Christi,
612 4208 820 4264 scilicet
867 4226 965 4279 per
1010 4210 1307 4279 apostolos,
1352 4225 1581 4281 quorum
1623 4210 1831 4278 justitia

221 4304 275 4348 et
334 4296 623 4349 auctoritas
667 4295 973 4351 firmitatem
1018 4298 1178 4365 hujus
1243 4298 1429 4351 salutis
1477 4298 1632 4352 vobis
1673 4315 1829 4353 com-

223 4383 521 4437 mendavit.
576 4383 909 4439 Conﬁrmata
952 4385 1095 4451 dico,
1135 4387 1243 4440 Deo
1285 4390 1666 4442 contestante.
1722 4387 1827 4457 Ipsi

1944 3242 2065 3311 ejus
2122 3241 2373 3295 hominis.
2438 3243 2644 3296 Memor
2688 3240 2785 3294 fuit
2841 3242 2987 3295 Deus
3043 3241 3278 3295 hominis
3321 3240 3540 3305 Christi,

1944 3329 2159 3399 quando
2192 3344 2311 3382 eum
2343 3328 2637 3383 immunem
2668 3344 2696 3380 a
2726 3336 2948 3397 peccato
2969 3329 3325 3383 conservavit.
3354 3329 3539 3382 Homi-

1942 3432 2064 3469 nem
2098 3432 2219 3469 eum
2268 3416 2503 3485 appello,
2554 3423 2642 3469 aut
2690 3423 2747 3469 ut
2791 3416 3104 3485 expressius
3152 3416 3329 3471 dicam
3377 3418 3541 3471 homo

1938 3504 2033 3557 ille
2064 3503 2231 3563 Filius
2262 3504 2497 3557 hominis
2540 3518 2800 3575 magnum
2851 3503 2977 3573 quid
3024 3511 3106 3557 est
3133 3504 3186 3556 in
3217 3519 3281 3557 eo
3310 3505 3453 3575 quod
3484 3512 3539 3557 tu

1942 3593 2134 3647 visitas
2172 3609 2325 3647 eum.
2357 3593 2506 3646 Sicut
2538 3592 2779 3645 medicus
2809 3600 2865 3645 ut
2909 3592 3105 3659 visitet,
3138 3591 3442 3662 ingreditur
3471 3592 3542 3645 ad

1939 3679 2230 3746 inﬁrmum,
2265 3680 2343 3735 sic
2372 3681 2519 3734 Deus
2562 3679 2797 3734 visitavit
2845 3679 3115 3733 Christum
3164 3679 3216 3733 in
3265 3680 3535 3748 seplucro,

1940 3768 2296 3837 ingrediendo
2350 3769 2418 3822 ad
2464 3784 2586 3823 eum
2635 3775 2692 3821 ut
2741 3768 3164 3837 incorruptibilis
3210 3775 3536 3838 resurgeret.

1939 3856 2040 3911 Ubi
2081 3856 2151 3909 ait
2185 3857 2361 3911 Filius
2409 3856 2656 3911 hominis
2697 3864 2750 3909 et
2780 3872 2970 3911 verum
3015 3856 3309 3921 hominem,
3344 3863 3398 3910 et
3429 3872 3538 3911 non

1936 3945 2004 3998 de
2036 3944 2242 3998 semine
2272 3944 2372 3998 viri
2403 3952 2587 3998 natum
2620 3944 2870 4007 ostendit,
2904 3943 3138 3998 hominis
3169 3944 3312 3998 enim
3343 3944 3530 4009 Filius,

1935 4047 2046 4086 non
2075 4032 2371 4085 hominum.
2410 4034 2476 4086 Et
2506 4032 2644 4086 sicut
2675 4032 2908 4102 cognovi
2936 4032 3050 4099 ejus
3079 4031 3531 4099 incarnationem,

1936 4119 2014 4174 sic
2032 4119 2450 4173 minorationem
2464 4120 2728 4187 ejusdem,
2746 4120 3166 4174 minuistienim
3188 4136 3316 4174 eum
3339 4120 3531 4174 Filium

1934 4207 2110 4261 Dciin
2140 4207 2332 4261 virtute
2363 4223 2462 4277 per
2493 4215 2825 4277 assumptam
2875 4216 3122 4261 naturam
3155 4207 3531 4277 passibilitatis

1933 4304 1986 4349 et
2015 4294 2375 4349 mortalitatis.
2426 4295 2661 4349 Minuisti
2705 4296 2827 4350 dico
2874 4297 3044 4366 paulo
3092 4296 3304 4361 minus,
3354 4295 3405 4349 id
3449 4303 3531 4350 est

1932 4382 2112 4436 minus
2156 4398 2256 4452 per
2303 4382 2539 4452 paulum,
2591 4383 2715 4453 quia
2763 4382 2887 4438 licet
2933 4383 3196 4447 mortalis,
3248 4391 3428 4438 tamen
3474 4384 3527 4439 in

223 4471 370 4526 enim
401 4472 631 4541 apostoli
662 4474 977 4527 auctoritate
1026 4490 1121 4526 sua
1158 4474 1291 4527 satis
1322 4474 1459 4528 hanc
1487 4478 1824 4528 attestahan-
1856 4479 1907 4537 D
1932 4472 2035 4525 hac
2066 4470 2389 4524 mortalitate
2428 4470 2732 4540 imperabat
2788 4470 3020 4541 angelis.
3074 4470 3312 4525 Minuisti
3366 4472 3528 4541 paulo

221 4567 332 4623 tur,
366 4560 461 4613 sed
513 4561 658 4614 Deus
700 4560 842 4615 idem
885 4562 1184 4615 testabatur
1232 4577 1354 4617 cum
1388 4561 1493 4615 illis
1542 4563 1719 4632 signis
1766 4568 1824 4618 et

212 4650 522 4718 portentis.
557 4648 726 4720 Signa
756 4657 931 4713 vocat,
968 4657 1024 4702 ut
1073 4650 1290 4703 morbos
1334 4650 1630 4720 depellere,
1680 4651 1825 4722 quod

219 4750 316 4788 ars
348 4736 685 4790 medicinalis
715 4736 1155 4807 possetefﬁcere.
1189 4739 1443 4792 Portenta
1475 4747 1670 4803 autem,
1702 4756 1823 4810 quae

213 4831 402 4879 contra
433 4832 685 4878 naturam
718 4833 889 4890 erant,
923 4834 980 4879 ut
1033 4841 1181 4881 caeco
1210 4834 1337 4880 nato
1368 4825 1557 4881 oculos
1586 4828 1819 4896 aperire,

217 4913 485 4966 Lazarum
546 4912 850 4967 suscitare:
911 4930 1031 4983 qua:
1098 4922 1150 4968 et
1214 4914 1357 4967 aliud
1418 4914 1815 4984 significabant.

220 5001 575 5055 Contestante
604 5008 785 5055 autem
817 5000 977 5055 etiam
1026 5002 1142 5057 Deo
1178 5003 1351 5057 variis
1380 5003 1706 5069 virtutibus,
1731 5003 1818 5057 hic

216 5104 380 5143 veras
418 5088 644 5143 virtutes
688 5087 975 5161 signiﬁcat,
1020 5098 1077 5142 ut
1117 5090 1400 5158 justitiam,
1449 5091 1813 5160 prudentiam,

214 5184 271 5230 et
300 5176 634 5245 hujusmodi,
668 5193 788 5247 qum
819 5177 1160 5231 ministrabat
1193 5176 1445 5232 ﬁdelibus
1482 5178 1615 5232 suis.
1669 5180 1817 5233 Con-

214 5271 446 5317 testante
478 5264 635 5317 etiam
667 5265 1157 5320 distributionibus
1179 5307 1191 5330 ,
1222 5264 1277 5318 id
1307 5273 1387 5319 est
1414 5282 1515 5335 per
1561 5266 1817 5320 distribu-

211 5352 387 5406 tiones
416 5352 665 5422 Spiritus
697 5354 903 5420 sancti,
927 5354 1049 5408 huic
1067 5353 1210 5406 enim
1243 5369 1451 5424 genera
1479 5353 1811 5425 linguarum,

209 5438 288 5492 illi
330 5440 695 5494 revelationes
746 5441 1166 5512 Scripturarum,
1229 5449 1281 5496 et
1328 5441 1541 5498 cmteris
1589 5449 1812 5498 caeteras

213 5527 426 5600 gratias
447 5527 824 5583 distribuebat.

1928 4559 2109 4612 minus
2142 4567 2449 4629 separatum
2481 4559 2549 4613 ab
2580 4561 2815 4629 angelis,
2852 4560 2905 4612 id
2937 4567 3018 4613 est
3048 4560 3115 4613 ab
3145 4560 3238 4613 illa
3268 4560 3530 4632 dignitate

1926 4647 2053 4713 loci,
2087 4648 2233 4701 Deus
2265 4647 2410 4701 enim
2441 4647 2603 4702 homo
2634 4646 2806 4703 factus
2836 4647 2979 4702 inter
3008 4648 3257 4702 homines
3285 4656 3369 4702 est
3396 4663 3528 4703 con-

1926 4742 2193 4789 versatus.

1998 4822 2176 4877 Posita
2225 4822 2597 4878 humiliatione
2654 4823 2871 4890 Christi,
2958 4822 3145 4893 incipit
3192 4823 3259 4877 de
3317 4822 3525 4877 exalta-

1924 4910 2070 4964 tione
2100 4910 2287 4965 dicens
2324 4925 2335 4963 :
2372 4910 2664 4967 Coronasti
2693 4928 2823 4966 eum
2851 4913 3056 4980 gloria,
3090 4911 3142 4964 id
3174 4918 3255 4965 est
3285 4910 3523 4966 claritate

1921 4998 2339 5052 immortalitatis
2369 5002 2425 5053 et
2457 5000 2664 5054 honore
2697 5019 2714 5054 :
2762 4998 2888 5070 quia
2934 4999 3035 5069 ipsi
3084 4999 3315 5054 flectitur
3359 5015 3520 5055 omne

1920 5103 2085 5156 genu.
2120 5086 2407 5140 Coronasti
2435 5087 2505 5140 ab
2562 5103 2628 5140 ea
2664 5087 3031 5141 similitudine
3063 5086 3211 5151 dicit,
3247 5104 3350 5159 qua
3382 5088 3521 5145 sicut

1918 5174 2084 5229 virtor
2106 5182 2381 5228 revertens
2409 5175 2478 5229 de
2508 5175 2804 5245 triumpho,
2850 5190 3109 5229 coronam
3150 5176 3411 5247 suscipit;
3444 5177 3523 5232 sic

1918 5263 2165 5317 Christus
2215 5263 2546 5333 triumphata
2576 5271 2769 5329 morte,
2801 5263 2978 5335 gloria
3011 5272 3063 5318 et
3096 5265 3303 5319 honore
3357 5280 3517 5320 coro-

1915 5351 2035 5405 nari
2067 5351 2282 5406 meruit.
2316 5352 2385 5404 Et
2415 5368 2536 5406 eum
2594 5360 2907 5407 coronatum
2962 5354 3321 5407 constituisti
3349 5369 3519 5423 super

1914 5454 2083 5509 Opera
2112 5456 2389 5494 manuum
2422 5444 2653 5494 tuarum
2693 5455 2858 5509 super
2914 5440 3159 5494 homines
3189 5448 3241 5493 et
3268 5440 3515 5509 angelos,

1914 5543 2035 5597 quae
2064 5527 2283 5597 proprie
2312 5527 2560 5587 dicuntur
2578 5543 2748 5604 opera
2767 5543 3018 5585 manuum
3041 5527 3160 5598 Dei,
3184 5535 3237 5582 et
3257 5528 3327 5584 ita
3350 5544 3518 5599 super
