3966 6050
430 284 531 339 699

989 281 1045 337 S.
1087 278 1438 337 BRUNONIS
1478 275 2128 336 CARTHUSIANORUM
2163 275 2649 334 INSTITUTORIS
2686 276 2839 334 OPP.
2881 277 3058 334 PARS
3092 277 3161 332 II.

3620 277 3729 331 500

426 419 622 476 opera,
659 404 803 476 quod
833 406 1025 460 omnia
1067 405 1354 476 subjecisti
1391 404 1489 460 sub
1532 403 1762 475 pedibus
1789 400 2032 458 364
2059 402 2116 462 Α
2136 400 2283 456 nullo
2313 400 2729 472 gloriﬁcaretur,
2761 403 3019 457 damnato
3061 400 3302 455 homine.
3343 400 3414 454 Et
3444 414 3569 455 cum
3596 416 3736 472 pro-

425 495 566 564 ejus,
588 492 645 547 id
675 501 756 547 est
783 492 886 563 ipsi
916 492 1153 563 plenaria
1177 492 1532 560 subjectione.
1555 494 1743 546 Posset
1775 490 1919 546 enim
1951 506 2035 544 su-

421 582 606 653 perior
638 597 761 636 esse
791 581 1052 653 dignitate
1087 599 1100 647 ;
1134 580 1280 652 quod
1316 595 1427 635 non
1449 589 1628 635 tamen
1651 579 1906 635 inferiora
1936 578 2033 632 ali-

426 685 531 740 qua
554 669 891 739 subjectione
924 677 1107 732 essent
1128 668 1178 723 ei
1198 668 1448 724 obnoxia.
1474 668 1635 723 Modo
1657 667 1856 722 Paulus
1886 667 2033 738 quod

426 757 601 813 David
631 758 705 811 ait
734 760 926 813 omnia
956 758 1261 827 subjecisti,
1310 757 1585 829 quomodo
1614 755 2030 825 intelligendum

427 846 520 911 sit,
565 846 785 917 exponit
856 846 1064 914 dicens,
1109 845 1182 899 ait
1225 845 1448 901 David:
1489 844 1683 900 Omnia
1731 844 2030 913 subjecisti.

429 934 493 988 In
514 950 575 989 eo
605 938 799 989 autem
831 933 973 1007 quod
1005 933 1280 1004 Scriptura
1308 934 1569 1003 subjecit,
1602 932 1657 987 id
1687 940 1768 987 est
1798 932 2033 987 ostendit

432 1022 676 1089 subjecta
707 1023 759 1076 ei
784 1024 997 1087 omnia,
1030 1023 1181 1076 nihil
1204 1022 1422 1076 dimisit
1452 1037 1569 1076 non
1614 1021 1927 1091 subjectum
1958 1022 2030 1086 ei,

431 1110 559 1180 quia
584 1108 678 1163 ubi
709 1110 779 1163 ait
829 1110 1021 1164 omnia
1068 1109 1200 1163 nihil
1250 1109 1466 1179 excipit.
1519 1109 1575 1163 Si
1604 1108 1747 1162 enim
1779 1109 2029 1173 habetur,

431 1198 679 1267 superius
703 1198 977 1270 jungitur.
1012 1198 1281 1252 Benedico
1325 1198 1517 1252 orbem
1548 1196 1789 1251 futurum
1820 1196 2033 1250 Christo

434 1286 758 1353 subjectum,
794 1286 923 1356 quia
954 1286 1008 1339 in
1039 1302 1105 1339 eo
1141 1286 1289 1356 quod
1330 1285 1559 1354 subjecit
1587 1284 1637 1339 ei
1667 1284 1868 1349 omnia,
1900 1282 2036 1337 nihil

432 1373 635 1429 dimisit
668 1389 775 1428 non
808 1374 1102 1442 subjectum
1119 1373 1188 1428 ei.
1222 1375 1288 1427 Et
1309 1373 1436 1428 licet
1465 1373 1661 1427 dixerit
1690 1372 1871 1426 omnia
1899 1371 2033 1426 sub-

425 1462 625 1531 jecisti,
660 1478 816 1517 nunc
864 1470 1042 1515 tamen
1088 1461 1343 1517 nondum
1377 1462 1630 1516 videmus
1662 1461 1853 1515 omnia
1912 1476 2034 1514 esse

432 1550 685 1618 subjecta
716 1552 787 1616 ei,
836 1566 1001 1619 quare
1043 1549 1291 1603 dicebam
1343 1548 1581 1603 futurum
1630 1548 1929 1617 subjectum
1962 1548 2030 1602 ei.

434 1638 607 1692 Hodie
639 1637 781 1691 enim
812 1637 1016 1707 aliquid
1062 1637 1358 1705 subjicitur,
1411 1638 1510 1691 sed
1548 1636 1781 1692 necdum
1828 1635 2031 1702 omnia,

2133 497 2256 559 pter
2286 491 2456 545 Deum
2491 490 2928 563 gloriﬁcandum,
2962 498 3014 544 et
3042 506 3140 560 per
3179 490 3351 544 Deum
3381 488 3522 545 facta
3552 495 3741 544 essent

2134 578 2334 645 omnia,
2369 579 2658 635 consilium
2705 580 2822 649 ejus
2861 577 3077 649 impleri
3122 577 3380 648 Oportuit,
3412 586 3469 631 ut
3521 575 3736 647 gloriﬁ-

2134 674 2348 721 caretur
2369 667 2425 721 in
2456 667 2739 735 creaturis,
2772 684 2859 736 ne,
2895 682 3005 721 non
3052 666 3340 737 providere
3388 666 3619 720 salutem
3648 666 3736 720 his

2134 771 2256 826 quae
2284 754 2513 825 fecerat,
2550 756 2854 811 absurdum
2884 763 3051 811 esset.
3100 755 3507 811 Consummatio
3539 754 3738 809 Christi

2133 842 2186 896 in
2237 844 2637 900 resurrectione
2684 844 2889 915 incipit,
2950 842 3344 915 perfectionem
3391 842 3637 898 habitura
3682 842 3740 896 in

2133 932 2222 987 die
2246 932 2451 1000 judicii,
2488 932 2706 1003 quando
2736 933 2919 987 omnia
2960 932 3313 1001 subjicientur
3342 932 3412 986 ei.

2205 1021 2403 1075 Probat
2450 1022 2598 1092 quod
2645 1022 2825 1076 decuit
2881 1036 3264 1076 consummare
3313 1020 3589 1075 Christum
3637 1036 3738 1091 per

2133 1108 2444 1178 passiones,
2479 1110 2603 1180 quia
2635 1110 2882 1165 dicerent
2907 1110 2985 1163 illi
3035 1109 3165 1163 satis
3216 1109 3479 1164 indecens
3509 1124 3631 1164 esse
3680 1116 3741 1163 ut

2136 1197 2283 1266 quod
2307 1206 2495 1252 auctor
2526 1206 2642 1252 erat
2672 1198 2881 1263 salutis,
2915 1197 2999 1253 cui
3023 1197 3201 1252 omnia
3231 1197 3490 1251 deberent
3520 1196 3733 1265 subjici,

2136 1300 2261 1337 eum
2292 1284 2346 1337 in
2386 1284 2714 1355 ignominias
2742 1285 3013 1355 passionis
3071 1286 3366 1355 deponere.
3416 1286 3569 1341 Unde
3613 1284 3688 1339 ait
3720 1299 3733 1337 :

2136 1372 2275 1426 Vere
2307 1373 2386 1427 sic
2416 1389 2540 1427 eum
2576 1389 2959 1429 consummare
3016 1388 3125 1428 non
3182 1373 3435 1429 dedecuit
3483 1376 3615 1445 quia
3644 1376 3741 1445 qui

2134 1462 2462 1529 sanctiﬁcat
2482 1461 2900 1531 praedestinatos
2922 1462 2992 1516 ad
3014 1462 3263 1534 gloriam,
3288 1461 3344 1515 id
3363 1469 3446 1516 est
3468 1460 3735 1527 Christus,

2135 1552 2192 1602 et
2222 1550 2317 1619 qui
2337 1551 2798 1619 sanctiﬁcantur,
2824 1549 2878 1604 id
2901 1557 2982 1604 est
3004 1549 3372 1619 praedestinati
3393 1566 3585 1605 omnes
3606 1565 3739 1620 pen-

2134 1637 2263 1690 dent
2292 1654 2365 1692 ex
2386 1655 2519 1706 uno,
2554 1637 2609 1691 id
2638 1645 2721 1691 est
2750 1654 2815 1692 ex
2845 1640 2961 1692 Deo
2990 1639 3169 1693 Patre.
3196 1638 3286 1693 Sic
3318 1639 3460 1692 enim
3493 1638 3741 1692 Christus

435 1740 556 1781 cras
587 1725 779 1780 iterum
809 1725 1036 1795 aliquid,
1073 1734 1123 1779 et
1152 1726 1384 1780 necdum
1415 1725 1616 1791 omnia,
1651 1732 1704 1779 et
1730 1724 1873 1779 istud
1907 1740 2034 1780 nec-
2065 1724 2302 1813 Bhomo
2340 1726 2594 1795 potestati
2614 1725 2713 1780 Dei
2733 1726 3009 1795 subjectus
3032 1735 3131 1791 est,
3157 1726 3295 1781 sicut
3316 1726 3371 1779 hi
3391 1726 3481 1797 qui
3502 1743 3601 1797 per
3617 1743 3741 1780 eum

434 1816 561 1870 dum
592 1814 697 1869 dici
729 1813 942 1884 poterit,
976 1816 1151 1870 donec
1198 1815 1253 1869 in
1292 1814 1498 1883 judicio
1546 1814 1708 1869 etiam
1740 1813 2037 1883 subjicien-

437 1911 521 1958 tur
548 1903 651 1973 ipsi
682 1903 853 1973 impii.

507 1990 824 2061 Opponeret
855 1990 1049 2062 aliquis
1083 2006 1095 2045 :
1149 1990 1298 2047 Sicut
1343 1992 1575 2047 necdum
1621 1992 1862 2061 subjecta
1894 1999 2038 2058 sunt,

436 2080 515 2135 sic
547 2096 646 2134 nec
678 2078 731 2131 in
762 2086 1026 2134 aeternum
1051 2079 1424 2148 subjicientur.
1460 2080 1545 2134 Ad
1564 2081 1669 2135 hoc
1691 2080 1888 2135 Paulus
1922 2095 1933 2133 :
1958 2081 2043 2135 Li-

436 2176 522 2223 cet
570 2168 801 2222 necdum
853 2167 1097 2235 subjecta
1168 2167 1275 2220 sint
1326 2166 1377 2221 ei
1424 2168 1640 2236 omnia,
1690 2175 1867 2223 tamen
1915 2168 2043 2239 quia

437 2264 650 2326 partem
680 2255 976 2325 prephetiaa
1006 2255 1060 2308 in
1091 2269 1156 2309 eo
1199 2255 1525 2325 completam
1568 2256 1837 2326 videmus,
1890 2257 2041 2311 scili-

440 2353 525 2400 cet
556 2351 877 2400 coronatum
908 2343 1084 2415 gloria
1106 2351 1159 2398 et
1186 2344 1414 2410 honore,
1445 2344 1578 2399 certi
1616 2361 1803 2399 sumus
1832 2353 2040 2415 partem

439 2449 559 2505 qua;
616 2441 785 2488 restat
828 2432 1174 2502 implendam,
1225 2432 1433 2488 scilicet
1474 2441 1533 2486 ut
1593 2433 1946 2502 subjiciantur
1992 2434 2042 2490 ei

441 2522 648 2578 omnia.
670 2520 828 2589 Quod
851 2521 921 2575 ita
940 2520 1013 2575 ait
1045 2537 1058 2575 :
1084 2521 1226 2576 Eum
1249 2522 1345 2593 qui
1364 2522 1686 2577 minoratus
1704 2526 1787 2578 est
1803 2523 2037 2589 modico,

436 2611 492 2665 id
525 2618 606 2664 est
636 2626 736 2679 per
767 2610 1042 2665 modicum
1072 2625 1239 2681 quam
1290 2612 1516 2680 angeli;
1558 2618 1743 2680 posset
1786 2611 1930 2665 enim
1972 2612 2040 2665 ab

443 2713 509 2753 eo
541 2698 687 2769 quod
718 2705 837 2751 erat
885 2697 1162 2762 minorari,
1214 2704 1273 2751 ut
1303 2705 1485 2752 tamen
1534 2706 1840 2754 remaneret
1868 2699 2043 2768 major

440 2786 673 2858 angelis,
724 2786 797 2839 ait
843 2786 1022 2840 minor
1071 2784 1245 2841 factus
1294 2802 1455 2856 quam
1502 2787 1701 2857 angeli.
1747 2788 1906 2854 Eum,
1952 2788 2040 2842 in-

442 2890 627 2946 quam,
661 2875 911 2929 videmus
945 2874 1056 2942 jam
1084 2876 1293 2942 Iesum,
1337 2874 1392 2928 id
1423 2882 1505 2929 est
1552 2875 1851 2930 salvantem
1889 2892 2037 2943 suos,

441 2967 777 3021 coronatum
802 2963 982 3033 gloria
1009 2966 1065 3017 et
1098 2961 1325 3027 honore,
1357 2962 1412 3016 id
1440 2971 1525 3017 est
1555 2963 1792 3019 claritate
1826 2965 2044 3019 immor-

439 3051 679 3116 talitatis,
715 3058 767 3106 et
796 3051 942 3122 quod
972 3066 1131 3105 omne
1172 3066 1314 3121 genu
1362 3051 1611 3106 ﬂectatur
1640 3052 1743 3106 illi.
1802 3052 2040 3107 Corona-

442 3147 575 3206 tum,
610 3140 852 3210 inquam,
883 3155 991 3193 non
1022 3139 1138 3193 sine
1181 3138 1393 3208 merito,
1452 3139 1549 3195 sed
1578 3145 1810 3212 propter
1838 3143 2042 3212 passio-

442 3245 596 3293 nem,
632 3244 751 3298 quae
778 3227 963 3297 passio
1001 3242 1111 3281 non
1158 3228 1542 3298 quoquomodo
1570 3228 1914 3295 tolerabilis;
1946 3230 2044 3284 sed

441 3315 624 3388 passio
654 3318 875 3372 mortis.
909 3315 1009 3371 Hic
1029 3316 1145 3384 jam
1174 3316 1469 3372 ostendere
1490 3316 1697 3388 incipit,
1727 3333 1839 3373 non
1866 3318 2044 3373 solum

441 3412 666 3476 propter
695 3404 994 3475 potentiam
1027 3412 1080 3460 et
1124 3404 1386 3459 ultionem
1434 3406 1687 3460 mandata
1717 3406 1914 3460 Christi
1941 3406 2044 3462 de-

441 3494 571 3548 bere
601 3493 902 3558 observari,
936 3493 1033 3547 sed
1056 3493 1133 3562 (ut
1161 3492 1252 3546 illa
1291 3493 1792 3564 pratermittamus)
1822 3502 2046 3564 propter

443 3581 791 3637 dilectionem
842 3596 949 3652 qua
978 3596 1079 3636 nos
1121 3581 1260 3636 adeo
1290 3581 1476 3637 dilexit
1522 3590 1581 3636 ut
1618 3598 1715 3651 pro
1745 3582 2046 3637 salvatione

443 3677 633 3725 nostra
662 3677 892 3725 mortem
913 3669 1168 3741 eligeret.
1204 3668 1502 3723 Minoratus
1533 3669 1677 3736 ideo,
1708 3675 1771 3725 ut
1788 3674 2045 3741 gustaret

444 3762 685 3814 mortem
705 3772 804 3829 pro
830 3758 1087 3812 omnibus
1104 3757 1521 3827 praedestinatis,
1547 3757 1631 3812 vel
1662 3774 1763 3828 pro
1795 3758 2047 3813 omnibus

446 3845 843 3901 universaliter.
880 3845 1117 3899 Pretium
1146 3844 1291 3899 enim
1337 3845 1521 3899 datum
1559 3853 1644 3899 est
1697 3846 1968 3912 omnibus,
2002 3846 2049 3901 si

446 3933 633 4000 velint,
668 3932 964 3989 sufﬁciens.
1000 3932 1257 3987 Gustaret
1284 3932 1432 4000 dicit,
1470 3941 1694 4003 propter
1722 3934 2047 3989 amaritudi-

448 4037 576 4076 nem
605 4021 814 4088 mortis,
848 4037 969 4092 quas
1000 4020 1222 4074 interius
1253 4020 1332 4074 illi
1387 4021 1582 4091 sapuit.
1636 4021 1733 4077 Vel
1781 4029 2044 4092 gustaret,

447 4110 572 4181 quia
608 4126 758 4165 mors
787 4110 878 4163 illa
910 4109 1014 4165 cito
1042 4108 1380 4179 praeteriens,
1435 4108 1592 4180 quasi
1621 4109 1674 4163 in
1715 4119 1878 4182 gustu
1928 4111 2045 4179 fuit,

447 4214 558 4253 non
605 4198 885 4253 inebrians
936 4212 1037 4266 per
1082 4212 1311 4250 moram.
1373 4196 1648 4264 Gustaret,
1705 4199 1947 4269 inquam,
1998 4206 2050 4255 et

447 4287 551 4342 hoc
601 4288 810 4357 gratia,
845 4285 898 4339 id
933 4293 1015 4340 est
1041 4301 1140 4355 per
1169 4284 1403 4356 gratiam
1433 4288 1550 4352 Dei,
1601 4302 1710 4342 non
1755 4288 1899 4342 enim
1946 4288 2051 4343 hoc

446 4381 825 4445 promeruerat
856 4374 1038 4428 homo.
1071 4373 1201 4428 Ideo
1232 4382 1474 4446 gustaret
1520 4383 1750 4430 mortem
1795 4393 1896 4447 pro
1925 4392 2047 4431 om-

2143 1814 2446 1868 salvantur.
2487 1815 2556 1867 Et
2578 1830 2701 1869 cum
2724 1815 2971 1869 Christus
2994 1830 3059 1869 ex
3080 1815 3196 1869 Deo
3227 1815 3478 1884 pendeat,
3507 1830 3615 1869 non
3647 1815 3740 1869 de-

2144 1902 2325 1957 decuit
2352 1902 2397 1954 si
2428 1901 2693 1972 disposuit
2723 1902 2793 1957 de
2823 1917 2887 1957 eo
2919 1903 3191 1973 quomodo
3220 1902 3321 1957 sibi
3350 1902 3569 1973 placuit.
3604 1903 3741 1957 Pro-

2143 1990 2229 2043 bat
2261 1991 2406 2060 quod
2438 1989 2784 2046 sanctiﬁcans
2814 1998 2866 2045 et
2884 1990 3204 2047 sanctiﬁcati
3233 2007 3301 2046 ex
3330 2007 3437 2046 uno
3466 1991 3743 2061 pendeant

2142 2095 2243 2148 per
2272 2078 2637 2145 auctoritates,
2671 2079 2750 2134 sic
2779 2079 2965 2134 dicens
2999 2094 3011 2133 :
3043 2082 3459 2152 Propterquam
3488 2096 3739 2146 causam,

2144 2166 2272 2238 quia
2302 2165 2646 2222 sanctificans
2678 2175 2730 2221 et
2762 2166 3079 2222 sanctificati
3109 2184 3174 2222 ex
3204 2184 3312 2223 uno
3342 2177 3483 2233 sunt,
3516 2177 3744 2239 propter

2145 2258 2267 2319 hoc,
2303 2255 2546 2327 inquam,
2571 2272 2687 2311 non
2719 2256 3117 2327 confunditur,
3141 2256 3194 2310 id
3225 2265 3305 2310 est
3333 2273 3441 2311 non
3472 2256 3747 2312 erubescit

2150 2344 2386 2400 365
2406 2344 2647 2398 Christus
2669 2361 2757 2399 eos
2772 2361 2967 2401 vocare
2982 2348 3196 2415 fratres
3218 2345 3407 2400 dicens
3429 2345 3483 2398 in
3500 2346 3741 2415 psalmo:

2146 2433 2426 2489 Nuntiabo
2456 2449 2661 2490 nomen
2680 2438 2845 2489 tuum
2877 2433 2953 2502 (id
2977 2440 3058 2488 est
3079 2433 3544 2489 honorificentiam
3575 2434 3745 2503 tuam)

2146 2522 2427 2592 fratribus
2448 2522 2607 2587 meis,
2633 2529 2684 2576 et
2709 2522 2945 2577 laudabo
2965 2526 3018 2577 te
3036 2521 3244 2591 positus
3265 2523 3327 2576 in
3348 2521 3530 2578 medio
3548 2523 3743 2578 Eccle-

2146 2612 2247 2665 siae
2280 2610 2453 2679 (Psal.
2487 2624 2611 2679 xxr,
2642 2610 2754 2679 23),
2790 2610 2943 2681 quasi
2975 2610 3229 2665 columna
3266 2610 3537 2664 sustinens
3560 2619 3611 2665 et
3643 2610 3745 2665 ful-

2149 2699 2300 2754 ciens
2331 2699 2570 2768 domum,
2602 2715 2671 2753 ne
2704 2699 2833 2769 quid
2864 2699 2919 2752 in
2950 2714 3016 2754 ea
3045 2707 3185 2753 ruat.
3220 2700 3285 2753 Et
3325 2700 3520 2753 iterum
3551 2700 3745 2770 probat

2146 2786 2293 2841 idem
2322 2786 2635 2842 auctoritate
2662 2787 2813 2841 Isaiae
2860 2787 3133 2858 loquentis
3161 2787 3217 2841 in
3264 2803 3497 2858 persona
3547 2787 3745 2842 Christi

2149 2876 2228 2929 sic
2261 2891 2273 2929 :
2308 2877 2414 2945 Ego
2443 2875 2692 2930 Christus
2720 2892 2812 2931 ero
2835 2875 3016 2945 ﬁdens
3047 2877 3109 2930 in
3140 2886 3269 2931 eum
3290 2876 3464 2945 (Psal.
3498 2890 3639 2941 xvu,
3666 2876 3743 2946 3),

2146 2963 2201 3016 id
2232 2970 2313 3017 est
2340 2962 2396 3017 in
2425 2964 2598 3018 Deum
2646 2964 2877 3019 Patrem.
2926 2964 3166 3035 Cumque
3193 2965 3247 3018 in
3297 2966 3471 3019 Deum
3519 2982 3577 3019 se
3602 2965 3749 3021 dicat

2148 3050 2440 3119 confidere,
2474 3060 2701 3123 apparet
2732 3069 2855 3106 eum
2902 3052 3039 3108 sicut
3068 3052 3202 3107 alios
3229 3069 3294 3107 ex
3325 3053 3440 3107 Deo
3479 3054 3744 3123 pendere.

2143 3142 2214 3195 Et
2241 3141 2453 3195 iterum
2482 3141 2677 3210 probat
2705 3141 2849 3212 quod
2872 3140 3214 3197 sanctiﬁcans
3248 3150 3298 3196 et
3330 3140 3647 3196 sanctificati
3678 3158 3745 3196 ex

2144 3244 2252 3283 uno
2281 3228 2405 3294 sint,
2440 3229 2628 3284 dicens
2658 3229 2713 3282 in
2742 3229 2886 3284 Isaia
2920 3244 2933 3283 :
2967 3231 3103 3285 Ecce
3125 3246 3217 3300 ego
3249 3230 3494 3284 Christus
3524 3240 3748 3300 paratus

2147 3334 2263 3371 sum
2294 3317 2555 3388 obsequio
2575 3317 2677 3372 Dei
2697 3322 2753 3373 et
2770 3319 2935 3389 pueri
2956 3320 3085 3384 mei,
3112 3335 3244 3390 quos
3266 3320 3411 3374 Deus
3432 3320 3583 3374 dedit
3602 3320 3749 3375 mihi

2147 3406 2297 3475 (Isai.
2332 3421 2451 3471 VIII,
2488 3408 2597 3476 18).
2640 3406 2744 3462 Ubi
2774 3406 2893 3460 ait:
2947 3410 3084 3462 Ecce
3131 3423 3246 3478 ego,
3299 3415 3352 3461 et
3402 3408 3545 3463 Deus
3594 3409 3749 3463 dedit

2146 3493 2289 3549 mihi
2317 3494 2552 3550 ostendit
2578 3510 2637 3549 se
2668 3511 2734 3549 ex
2782 3496 2898 3549 Deo
2945 3495 3207 3565 pendere.
3280 3496 3533 3550 Probavit
3600 3497 3749 3567 quod

2147 3598 2253 3637 non
2286 3583 2558 3648 dedecuit,
2590 3583 2862 3638 concludit
2889 3582 3052 3638 modo
3103 3584 3247 3655 quod
3291 3600 3392 3654 per
3434 3584 3749 3655 passionem

2147 3672 2385 3741 oportuit
2416 3672 2692 3726 Christum
2722 3680 3001 3727 auctorem
3049 3688 3171 3727 esse
3210 3673 3400 3728 salutis
3441 3673 3744 3740 hominum,

2148 3759 2337 3815 dicens
2369 3777 2381 3813 :
2416 3759 2554 3827 Quia
2587 3761 2835 3815 Christus
2894 3760 2985 3832 qui
3032 3759 3351 3827 sanctiﬁcat,
3405 3770 3457 3817 et
3496 3762 3746 3817 homines

2150 3848 2242 3919 qui
2273 3847 2685 3904 sanctiﬁcantur
2715 3866 2780 3904 ex
2810 3866 2918 3905 uno
2954 3858 3097 3905 sunt.
3147 3850 3293 3922 Ergo
3341 3850 3586 3905 Christus
3615 3866 3747 3921 par—

2148 3936 2390 4006 ticipavit
2422 3936 2629 3992 eisdem
2659 3938 2991 4005 hominibus,
3028 3938 3276 3993 similiter
3303 3946 3359 3992 ut
3388 3939 3663 4008 passibilis
3695 3947 3750 3993 et

2148 4025 2395 4079 mortalis
2426 4024 2595 4080 ﬁeret.
2628 4027 2699 4080 Et
2728 4043 2895 4098 quare
2928 4026 3017 4098 qui
3068 4026 3367 4082 sanctiﬁcat
3404 4027 3748 4098 participavit

2151 4114 2358 4167 eisdem
2388 4114 2417 4168 τ
2456 4114 2577 4170 Ideo
2615 4117 2746 4187 quia
2790 4117 2959 4186 pueri
3002 4131 3137 4186 quos
3186 4114 3554 4171 sanetiticabat
3599 4133 3749 4171 com-

2150 4202 2599 4259 municaverunt
2628 4204 2793 4258 carni
2820 4208 2875 4259 et
2914 4205 3202 4275 sanguini,
3249 4204 3305 4257 id
3336 4212 3417 4259 est
3455 4203 3669 4274 corpori
3698 4212 3753 4258 et
3840 4228 3847 4234 -

2154 4290 2369 4345 animae.
2402 4291 2507 4346 Per
2536 4292 2855 4362 sanguinem
2906 4292 3049 4347 enim
3097 4292 3330 4347 animam
3379 4293 3594 4362 accipit,
3639 4308 3751 4347 non

2154 4379 2299 4448 quod
2330 4379 2398 4433 sit
2428 4379 2628 4445 anima,
2662 4380 2758 4434 sed
2789 4380 2913 4451 quia
2943 4380 3103 4435 sedes
3134 4388 3217 4436 est
3246 4381 3460 4435 animae.
3495 4382 3749 4435 Commu-

447 4462 609 4516 nibus
640 4464 773 4533 quia
793 4462 1020 4516 decebat
1037 4478 1185 4528 eum,
1210 4461 1264 4515 id
1288 4470 1369 4517 est
1395 4463 1568 4518 Deum
1587 4462 1802 4519 Patrem
1817 4469 2050 4537 propter
2080 4457 2131 4517 D
2153 4467 2333 4521 nicare
2363 4468 2510 4522 carni
2543 4476 2595 4522 et
2623 4468 2879 4539 sanguini
2927 4470 3074 4534 dicit,
3127 4486 3287 4525 veros
3322 4470 3571 4524 homines
3601 4486 3744 4525 esse.

454 4566 619 4621 quem
648 4548 1069 4621 gloriﬁcandum
1099 4550 1238 4605 facta
1270 4559 1392 4605 sunt
1423 4554 1636 4617 omnia,
1670 4558 1727 4607 et
1751 4570 1855 4624 per
1884 4570 2048 4625 quem

446 4637 584 4694 facta
615 4645 739 4692 sunt
767 4640 985 4693 omnia.
1014 4638 1154 4692 Eum
1198 4638 1322 4694 dico
1365 4642 1461 4711 qui
1506 4640 1849 4705 adduxerat,
1882 4641 1934 4694 id
1966 4648 2049 4695 est

449 4726 802 4782 adducendos
823 4726 1311 4795 praedestinaverat
1326 4729 1537 4782 multos
1556 4729 1723 4797 filios,
1758 4729 1813 4782 id
1839 4737 1921 4783 est
1949 4729 2049 4783 ho-

446 4814 623 4870 mines
649 4812 971 4883 justiﬁcatos
995 4816 1068 4870 ad
1098 4817 1356 4887 gloriam,
1384 4816 1438 4868 id
1460 4823 1541 4870 est
1571 4817 1641 4870 ad
1669 4816 2043 4872 salvationem.

447 4904 609 4967 Eum,
642 4903 885 4973 inquam,
917 4903 1147 4958 decebat
1176 4908 1467 4959 auctorem
1497 4906 1705 4960 salutis
1738 4921 1931 4960 eorum
1980 4904 2048 4959 ﬁ-

446 4990 644 5045 liorum
675 4990 903 5062 (scilicet
944 4991 1241 5059 Christum)
1288 5008 1681 5047 consummare
1706 5009 1810 5064 per
1833 4994 2049 5065 passio-

448 5095 582 5133 nem
619 5078 805 5133 mortis
848 5078 986 5134 sicut
1015 5079 1280 5149 promisit.
1329 5080 1553 5134 Frustra
1595 5080 1741 5134 enim
1788 5080 1933 5137 facta
1962 5097 2049 5135 es-

450 5174 571 5221 sent
599 5166 802 5233 omnia,
845 5166 891 5220 si
922 5168 1085 5222 homo
1116 5184 1224 5221 non
1254 5166 1570 5236 redemptus
1601 5167 1825 5237 periret.
1859 5168 2050 5224 Omnis

450 5254 594 5310 enim
625 5258 866 5310 creatura
897 5262 1113 5310 terrena
1153 5254 1356 5310 homini
1404 5255 1684 5321 deservit;
1716 5264 1773 5310 ut
1801 5256 1964 5311 homo
1994 5258 2049 5311 in

448 5343 555 5399 illis
611 5343 892 5398 materiam
948 5344 1148 5399 habeat
1204 5343 1461 5397 laudandi
1518 5344 1712 5398 Deum.
1758 5344 1813 5399 Si
1868 5353 2049 5401 autem

447 5432 613 5488 homo
644 5447 753 5487 non
780 5430 1102 5496 salvaretur,
1146 5430 1431 5500 dispositio
1479 5432 1580 5487 Dei
1628 5430 1924 5499 falleretur,
1958 5434 2050 5503 qui

448 5526 673 5590 propter
714 5534 774 5576 se
840 5516 1260 5592 glorificandum
1308 5518 1513 5577 fecerat
1559 5520 1779 5589 omnia,
1813 5536 1937 5578 cum
1994 5523 2051 5579 in

2147 4555 2210 4608 Et
2260 4571 2429 4625 quare
2485 4555 2730 4610 Christus
2791 4557 2914 4612 ideo
2980 4558 3317 4627 participavit
3382 4558 3751 4612 humanitati?

2147 4643 2274 4714 quia
2303 4642 2458 4713 pueri
2490 4660 2628 4713 quos
2677 4644 3049 4701 sanctiﬁcabat
3098 4645 3344 4701 homines
3388 4654 3577 4713 erant;
3610 4662 3746 4716 pro-

2147 4739 2356 4800 pterea,
2392 4732 2598 4787 scilicet
2628 4737 2691 4787 ut
2722 4750 2822 4803 per
2841 4738 3084 4789 mortem
3113 4750 3213 4805 pro
3256 4750 3546 4804 puerorum
3574 4735 3748 4789 salute

2147 4835 2362 4889 passam
2391 4820 2707 4877 destrueret
2730 4837 2876 4889 eum,
2893 4825 2989 4894 qui
3011 4823 3245 4878 habebat
3266 4824 3570 4895 imperium
3591 4840 3748 4878 mor-

2149 4909 2242 4973 tis,
2267 4907 2319 4961 id
2352 4916 2432 4962 est
2462 4908 2756 4975 diabolum,
2783 4909 2873 4980 qui
2894 4911 3198 4980 imperabat
3228 4911 3350 4982 lege
3382 4912 3572 4965 mortis
3602 4911 3749 4967 omni

2146 4995 2370 5050 homini.
2403 4997 2522 5051 Nisi
2551 4997 2694 5052 enim
2722 5014 2819 5067 per
2847 5006 3079 5053 mortem
3108 5016 3217 5053 non
3244 5008 3431 5070 posset
3463 5000 3749 5056 destruere

2147 5092 2417 5150 mortem;
2450 5086 2591 5139 mori
2623 5094 2803 5141 autem
2850 5102 2959 5142 non
2991 5097 3195 5157 posset,
3245 5088 3351 5143 nisi
3378 5090 3542 5143 homo
3572 5087 3744 5155 ﬁeret,

2148 5177 2203 5228 et
2237 5173 2358 5229 ideo
2406 5174 2639 5243 Oportuit
2688 5190 2814 5229 cum
2862 5175 3184 5246 participare
3229 5177 3437 5232 eisdem
3469 5177 3739 5232 similiter.

2151 5262 2296 5315 Deus
2328 5261 2472 5316 enim
2502 5262 2776 5317 hominem
2823 5263 3057 5333 primum
3102 5280 3299 5333 purum
3331 5272 3383 5319 et
3414 5265 3467 5317 in
3497 5264 3750 5321 libertate

2148 5350 2372 5415 creavit,
2426 5366 2589 5421 quem
2625 5350 2876 5405 diabolus
2932 5352 3215 5407 seductum
3264 5352 3415 5424 (quia
3460 5353 3753 5423 imperium

2148 5438 2248 5492 Dci
2278 5446 2660 5510 transgressus
2691 5444 2793 5509 est)
2827 5439 3055 5510 imperio
3106 5456 3205 5495 suo
3232 5450 3289 5495 ut
3341 5458 3560 5496 servum
3593 5459 3751 5496 man-

2148 5526 2368 5598 cipavit.
2402 5528 2577 5584 Homo
2604 5535 2789 5583 autem
2816 5536 3105 5600 corruptus
3136 5546 3235 5600 per
3279 5538 3562 5603 peccatum
3593 5531 3745 5589 nulla
