3966 6050
249 346 347 399 501

908 334 1286 395 EXPOSITIO
1326 334 1399 391 IN
1436 326 1815 389 EPISTOLAS
1854 324 2075 381 PAULI.
2116 353 2186 365 —
2224 322 2298 379 IN
2335 319 2552 376 EPIST.
2594 319 2690 373 AD
2727 316 2884 371 HEB.

3439 308 3543 363 502

252 473 449 528 virtute
478 472 616 527 hanc
645 467 960 524 servitutem
989 463 1217 520 evadere
1248 459 1438 533 potuit.
1489 458 1624 513 Cum
1674 451 1925 512 autemA
1959 472 1980 497 α
2018 448 2311 504 fabricatur
2341 447 2409 501 ab
2458 444 2664 515 aliquo.
2729 439 2833 509 Qui
2890 445 3073 493 autem
3129 432 3311 489 omnia
3341 428 3546 487 creavit

256 562 423 617 homo
451 577 549 632 per
575 576 635 614 se
664 572 850 613 servus
897 554 1071 610 factus
1101 559 1266 617 esset,
1302 549 1347 603 si
1374 564 1474 619 per
1532 545 1695 600 alium
1717 541 1853 596 libe-

256 630 473 704 raretur
504 663 664 719 quam
695 642 1125 719 perhqminem,
1161 636 1418 719 violentia
1465 642 1630 699 esset,
1666 639 1718 687 et
1738 630 1854 684 dia-

259 720 418 775 bolus
449 708 711 787 injuriam‘
724 716 826 770 sibi
872 712 991 768 fieri
1014 713 1158 781 juste
1190 708 1540 765 reclamaret.

331 809 625 879 Pmpterea
654 813 712 859 ut
769 806 933 858 homo
978 800 1355 864 redimeretur,
1390 793 1675 866 oportebat
1704 791 1855 845 inve-

262 897 369 951 niri
399 896 673 951 hominem
704 894 755 947 in
788 906 896 963 quo
916 895 1199 961 peccatum
1227 901 1338 941 non
1379 890 1545 949 esset,
1578 889 1635 935 ut
1661 879 1855 935 diabo-

260 986 365 1050 lus,
398 985 452 1039 in
510 1000 575 1039 eo
634 996 900 1052 usurpans
940 978 1043 1032 sibi
1097 973 1503 1047 potestatemin
1551 984 1677 1041 quo,
1732 966 1856 1038 quia

258 1081 545 1144 peccatum
577 1087 685 1126 non
742 1076 905 1133 esset,
939 1065 1143 1120 nullam
1170 1063 1415 1127 haberet,
1452 1075 1548 1131 per
1578 1059 1681 1112 hoc
1710 1055 1855 1126 quod

259 1142 466 1216 homini
496 1161 612 1214 sine
641 1166 864 1230 peccato
891 1162 1122 1210 mortem
1152 1153 1297 1223 (quae
1326 1164 1487 1220 pmna
1518 1154 1600 1202 est
1621 1142 1854 1216 peccati)

256 1250 499 1315 inferret,
532 1247 845 1318 usurpando
892 1243 1037 1315 quod
1089 1256 1246 1295 suum
1276 1254 1383 1293 non
1414 1244 1543 1301 erat,
1581 1235 1724 1303 juste
1754 1246 1855 1302 pro

263 1340 365 1393 hac
393 1336 813 1408 praesumptione
844 1333 1101 1404 perderet
1129 1344 1346 1383 omnem
1387 1324 1661 1380 hominem
1690 1336 1854 1391 quem

248 1428 399 1497 juste
429 1426 776 1497 possederat.
816 1423 990 1477 Homo
1013 1426 1193 1475 autem
1223 1416 1339 1470 sine
1369 1420 1594 1486 peccato
1625 1408 1856 1465 inveniri

262 1531 374 1571 non
423 1514 595 1585 potuit
647 1512 787 1566 inter
840 1510 1108 1573 homines,
1170 1505 1296 1577 quia
1353 1518 1543 1558 omnes
1574 1500 1628 1553 in
1659 1514 1858 1554 concu-

265 1603 533 1675 piscentia
563 1601 690 1656 nati.
727 1600 783 1654 Si
811 1607 990 1653 autem
1045 1597 1127 1665 (ut
1157 1591 1378 1666 quidam
1435 1588 1733 1661 Opponunt)
1763 1603 1858 1640 an-

260 1692 443 1765 gelica
473 1698 663 1745 natura
694 1690 1089 1751 incarnaretur,
1123 1698 1247 1739 cum
1290 1689 1515 1750 uterque
1546 1676 1774 1749 angelus
1806 1682 1857 1729 et

1957 559 1980 589 ι
2017 539 2165 592 Deus
2195 543 2298 591 est.
2332 536 2397 589 Et
2427 534 2643 603 Moyses
2701 529 2922 601 quidem
2978 524 3153 580 fidelis
3183 528 3300 577 erat
3326 519 3381 573 in
3432 524 3547 572 tota

1956 649 1977 674 α
2014 625 2179 680 domo
2210 625 2346 693 ejus,
2397 630 2647 693 tanquam
2687 616 2938 680 famulus,
2973 614 3027 668 in
3058 607 3423 667 testimonium
3453 620 3547 660 eo-

1957 737 1978 761 ‹‹
2016 730 2137 768 rum
2169 729 2291 784 quae
2320 710 2555 766 dicenda
2598 715 2789 772 erant;
2824 703 3069 759 Christus
3099 714 3230 755 vero
3287 705 3549 766 tanquam

1958 826 1979 850 «ι
2017 801 2158 855 tilius
2190 801 2242 854 in
2275 800 2437 854 domo
2467 813 2583 851 sua.
2617 795 2752 863 Quaa
2780 794 2973 848 domus
3022 804 3209 845 sumus
3237 801 3357 851 nos,
3407 782 3453 837 si
3476 780 3547 835 ﬁ-

1960 914 1980 937 «
2017 890 2231 945 duciam
2264 895 2315 943 et
2346 885 2576 959 gloriam
2608 884 2723 954 spei
2742 897 2915 952 usque
2946 880 3015 933 ad
3044 877 3205 931 ﬁnem
3228 875 3436 929 firmam
3458 886 3547 925 re-

1962 1002 1983 1027 »
2018 979 2304 1032 timeamus.
2368 975 2715 1044 QuaprOpter
2772 970 2907 1024 sicut
2963 966 3094 1022 dicit
3139 963 3371 1035 Spiritus
3415 974 3548 1014 san-

1961 1090 1983 1114 ‹‹
2018 1074 2136 1121 ctus
2169 1082 2181 1119 :
2217 1064 2391 1118 Hodie
2425 1062 2470 1116 si
2503 1077 2689 1116 vocem
2724 1060 2841 1127 ejus
2871 1054 3167 1121 audieritis,
3199 1051 3365 1105 nolite
3382 1048 3551 1103 obdu-

1961 1177 1981 1200 α
2018 1170 2143 1208 rare
2172 1153 2336 1209 corda
2394 1158 2591 1217 vestra,
2626 1149 2761 1202 sicut
2790 1147 2844 1200 in
2894 1140 3307 1199 exacerbatione
3362 1151 3553 1191 secun-

1960 1263 1981 1293 ι
2020 1243 2149 1297 dum
2181 1242 2323 1295 diem
2375 1236 2687 1293 tentationis
2715 1236 2772 1288 in
2817 1234 3053 1300 deserto,
3086 1229 3176 1283 ubi
3206 1230 3550 1281 tentaverunt

1961 1353 1983 1383 ι
2021 1347 2108 1384 me
2140 1337 2324 1400 patres
2380 1325 2549 1382 vestri
2576 1370 2590 1391 ,
2624 1324 2993 1395 probaverunt
3024 1328 3076 1374 et
3104 1317 3353 1373 viderunt
3381 1326 3549 1383 opera

1961 1443 1981 1467 α
2019 1435 2138 1474 mea
2184 1416 2582 1489 quadringenta
2638 1412 2813 1465 annis.
2856 1412 3083 1479 Propter
3134 1404 3277 1475 quod
3307 1400 3548 1456 offensus

1960 1528 1982 1557 ι
2022 1505 2306 1579 [infensus]
2339 1504 2413 1559 fui
2456 1499 2797 1573 generationi
2853 1496 2995 1561 huic,
3030 1502 3083 1549 et
3130 1491 3239 1547 dixi
3273 1506 3285 1544 :
3320 1491 3550 1558 Semper

1961 1617 1983 1646 ι
2021 1576 2073 1649 hi
2105 1576 2501 1649 erranticorde.
2536 1589 2643 1660 Ipsi
2673 1595 2852 1643 autem
2881 1600 2991 1639 non
3028 1586 3403 1654 cognoverunt
3424 1576 3549 1655 _vias
3644 1586 3658 1597 '

1961 1707 1982 1731 ι·
2020 1697 2206 1748 meas,
2242 1680 2440 1752 quibus
2492 1678 2667 1747 juravi
2696 1677 2752 1729 in
2790 1675 2873 1729 ira
2914 1687 3057 1736 mea,
3091 1671 3136 1724 si
3166 1667 3464 1723 introibant
3494 1663 3551 1717 in

257 1784 425 1837 homo
457 1780 509 1833 in
563 1787 755 1833 natura
801 1778 995 1830 habeat
1026 1787 1277 1844 peccare,
1313 1767 1567 1824 facillime
1613 1764 1929 1864 caderet,B
1963 1794 1984 1823 α
2019 1770 2266 1841 requiem
2315 1784 2511 1823 meam.
2572 1766 2781 1829 Videte,
2842 1762 3058 1825 fratres,
3091 1775 3159 1813 ne
3210 1757 3351 1811 forte
3401 1753 3468 1807 Sit
3496 1752 3551 1805 in

1557 1855 1624 1864 ...
1767 1852 1818 1864 n.-
2053 1860 2084 1864 -_
2732 1852 2744 1864 1
2935 1850 2945 1859 ·
3102 1846 3116 1864 1
3160 1844 3322 1864 1⁵.-ι3-
3370 1842 3513 1864 J2---

260 1887 385 1927 cum
417 1877 698 1938 utramque
729 1873 975 1919 naturam
1006 1878 1104 1932 per
1132 1877 1191 1915 se
1221 1865 1427 1914 constet
1456 1855 1739 1911 cecidisse.
1766 1852 1855 1906 Sic

258 1958 587 2029 relinquitur
618 1956 907 2008 humanam
943 1960 1192 2006 naturam
1226 1947 1375 2001 nullo
1400 1945 1563 1999 modo
1584 1943 1699 1996 sine
1720 1955 1855 2011 pec-

262 2055 388 2103 cato
410 2061 572 2117 posse
601 2043 920 2106 consistere,
944 2039 1047 2093 nisi
1078 2038 1319 2092 uniretur
1349 2034 1397 2088 ei
1428 2031 1701 2087 divinitas.
1728 2029 1855 2083 Ideo

264 2116 429 2189 etiam
470 2133 629 2203 (sicut
662 2131 811 2186 aiunt
868 2128 1062 2195 sancti)
1109 2126 1253 2180 Deus
1306 2121 1470 2178 voluit
1528 2121 1691 2174 homo
1741 2116 1856 2171 ﬁeri

259 2232 320 2280 ut
348 2239 450 2294 per
478 2223 583 2277 hoc
612 2220 860 2275 homines
903 2216 1160 2271 redderet
1214 2211 1393 2284 magis
1450 2208 1714 2264 obnoxios
1744 2222 1858 2259 suae

263 2310 565 2366 dilectioni.
606 2307 857 2363 Ostendit
902 2305 1170 2359 Christum
1202 2317 1309 2356 non
1342 2299 1516 2354 solum
1570 2313 1670 2367 per
1699 2310 1847 2349 mor—

262 2408 378 2455 tem
437 2397 771 2453 destruxisse
802 2394 994 2449 mortis
1050 2390 1358 2462 imperium,
1394 2387 1490 2441 sed
1529 2386 1690 2440 etiam
1738 2399 1857 2437 me-

263 2488 373 2542 rito
403 2486 592 2541 mortis
623 2501 735 2538 sua:
764 2484 943 2555 legem
975 2482 1119 2551 (quae
1147 2478 1364 2532 Judmos
1408 2476 1463 2528 in
1491 2473 1750 2528 servitute
1780 2479 1859 2525 te-

270 2575 484 2645 nuerat)
538 2588 851 2628 evacuasse.
912 2569 1068 2626 Unde
1123 2566 1201 2621 sic
1231 2565 1303 2620 ait
1336 2580 1347 2618 :
1389 2565 1452 2621 Ut
1484 2579 1589 2634 per
1616 2564 1859 2615 mortem

264 2664 585 2719 destrueret
618 2660 923 2726 diabolum,
948 2662 1005 2713 et
1030 2664 1197 2727 utper
1210 2661 1442 2708 mortem
1463 2652 1726 2706 liberaret
1746 2665 1856 2715 eos,

266 2752 487 2807 Judaos
516 2751 583 2805 ad
615 2765 749 2822 quos
769 2749 857 2803 hic
884 2761 1066 2802 sermo
1091 2753 1224 2812 erat,
1250 2744 1343 2815 qui
1368 2757 1469 2812 per
1496 2747 1662 2794 totam
1693 2737 1858 2791 vitam

272 2844 477 2898 timore
506 2840 706 2894 mortis
723 2838 951 2893 obnoxii
966 2837 1200 2907 fuerant
1223 2829 1510 2894 servituti,
1533 2828 1586 2881 id
1618 2834 1699 2881 est
1728 2824 1857 2895 legi,

267 2946 392 3002 qua:
422 2937 479 2983 ut
509 2943 698 2983 servos
730 2925 961 2993 cogebat
999 2938 1113 2987 eos,
1163 2920 1351 2975 dicens
1385 2936 1398 2972 :
1434 2917 1486 2971 Si
1509 2917 1614 2971 hoc
1639 2914 1857 2979 feceris,

263 3025 443 3073 morte
473 3014 739 3071 morieris.
782 3013 888 3068 Sed
947 3011 1212 3075 Christus,
1274 3007 1465 3061 nolens
1522 3020 1619 3060 vos
1650 3002 1861 3057 servire

264 3108 460 3162 timore
489 3104 698 3167 mortis,
730 3102 912 3174 legem
941 3098 1237 3165 evacuavit,
1270 3104 1329 3150 ut
1372 3095 1507 3150 sicut
1540 3092 1683 3148 servi
1713 3090 1861 3161 prius

1964 1884 1985 1907 «
2019 1860 2199 1930 aliquo
2230 1865 2469 1913 vestrum
2500 1870 2596 1909 cor
2640 1852 2874 1914 malum,
2932 1844 3324 1903 incredulitatis
3365 1842 3550 1896 disce-

1962 1971 1983 1996 u
2021 1948 2183 2003 dendi
2214 1964 2241 2000 a
2271 1948 2386 2000 Deo
2433 1944 2577 1999 vivo.
2634 1941 2741 1997 Sed
2799 1935 3160 1993 adhortamini
3190 1931 3551 2000 vosmetipsos

1962 2060 1983 2083 α
2022 2052 2120 2107 per
2153 2034 2399 2106 singulos
2449 2031 2585 2095 dies,
2619 2030 2793 2084 donec
2823 2026 2984 2082 hodie
3029 2021 3460 2095 cognominatur,
3494 2024 3553 2070 ut

1964 2149 1984 2173 υ
2018 2141 2127 2180 non
2158 2123 2455 2178 obduretur
2501 2120 2628 2191 quis
2650 2135 2715 2172 ex
2745 2116 2900 2171 vobis
2931 2112 3137 2168 fallacia
3166 2108 3393 2181 peccati.
3426 2108 3555 2161 Par-

1962 2235 1985 2264 ε
2020 2212 2211 2283 ticipes
2243 2210 2385 2265 enim
2416 2207 2615 2263 Christi
2666 2204 2843 2261 effecti
2901 2218 3127 2267 sumus;
3159 2199 3205 2253 si
3234 2206 3414 2251 tamen
3441 2194 3551 2248 ini-

1965 2321 1985 2353 «
2023 2282 2153 2355 tium
2183 2297 2493 2354 substantiae
2523 2296 2639 2363 ejus
2676 2308 2851 2363 usque
2881 2292 2949 2345 ad
2994 2289 3157 2344 finem
3187 2285 3401 2340 firmum
3434 2282 3556 2337 reti-

1965 2413 1986 2441 ι
2024 2404 2268 2453 neamus,
2320 2386 2449 2440 dum
2497 2383 2694 2438 dicitur
2725 2398 2736 2435 :
2772 2379 2943 2435 Hodie
2974 2378 3020 2432 si
3057 2391 3249 2432 vocem
3309 2374 3426 2442 ejus
3456 2387 3554 2426 au-

1965 2501 1986 2529 α
2022 2476 2246 2541 dieritis,
2280 2475 2445 2529 nolite
2477 2472 2749 2527 obdurare
2778 2468 2941 2523 corda
2966 2473 3165 2523 vestra.
3200 2460 3555 2534 quemadmo-

1965 2590 1985 2613 ιι
2023 2566 2150 2620 dum
2173 2565 2229 2617 in
2259 2563 2352 2616 illa
2384 2559 2817 2616 exacerbatione.
2869 2555 3103 2623 Quidam
3148 2552 3291 2606 enim
3322 2548 3554 2603 audien-

1966 2678 1986 2702 α
2023 2662 2105 2708 tes
2163 2651 2655 2712 exarcebaverunt,
2692 2646 2787 2700 sed
2842 2660 2950 2698 non
3007 2640 3244 2697 universi
3299 2638 3391 2709 qui
3420 2651 3554 2707 pro-

1966 2765 1987 2789 ‹‹
2026 2741 2150 2796 fecti
2182 2748 2305 2793 sunt
2335 2740 2404 2793 ab
2435 2738 2667 2809 :‘Egypto
2708 2750 2806 2804 per
2832 2734 3077 2801 Moysen.
3130 2728 3340 2796 Quibus
3371 2734 3553 2779 autem

1968 2852 1988 2880 ι
2026 2829 2269 2884 infensus
2318 2839 2400 2881 est
2432 2823 2785 2896 quadraginta
2842 2819 3049 2875 annis?
3084 2818 3279 2871 Nonne
3327 2815 3431 2868 illis
3461 2814 3555 2884 qui

1966 2940 1987 2969 ι
2023 2922 2399 2988 peccaverunt,
2461 2928 2688 2983 quorum
2738 2909 3005 2965 cadavera
3035 2911 3304 2976 prostrata
3333 2910 3457 2956 sunt
3502 2902 3557 2956 in

1966 3004 2283 3060 «deserto?
2359 3002 2566 3070 Quibus
2620 3007 2799 3053 autem
2865 2996 3066 3065 juravit
3145 3008 3254 3046 non
3327 2988 3555 3043 introire

1968 3118 1987 3141 η
2023 3094 2240 3167 [quibus
2270 3099 2448 3146 autem
2473 3089 2673 3158 juravi!
2722 3095 2781 3141 ut
2825 3101 2935 3139 non
2992 3078 3294 3151 introirent]
3349 3079 3403 3132 in
3460 3092 3556 3130 re-

266 3193 563 3257 timehatis,
584 3192 663 3247 sic
692 3155 855 3245 modo
886 3205 983 3259 per
1010 3187 1244 3260 gratiam
1265 3184 1421 3238 liberi
1438 3182 1694 3255 diligatis.
1716 3155 1857 3234 Mere
1886 3155 1933 3216 Ο
1968 3206 1989 3231 ‹‹
2025 3155 2209 3253 quiem
2238 3181 2425 3250 ipsius,
2458 3155 2563 3232 nisi
2594 3176 2697 3229 illis
2727 3174 2817 3246 qui
2853 3170 3117 3229 increduli
3175 3166 3428 3224 fuerunt?
3489 3166 3559 3218 Et

261 3281 637 3359 participavit
662 3279 930 3334 similiter
959 3284 1014 3330 ut
1041 3275 1291 3329 homines
1312 3270 1692 3331 sanctiﬁcaret,
1727 3284 1861 3322 nus-

264 3357 435 3445 quam
454 3372 605 3425 enim
627 3366 1020 3440 apprehendit,
1044 3364 1098 3417 id
1130 3372 1209 3417 est
1242 3363 1294 3415 in
1318 3360 1461 3415 nulla
1483 3359 1755 3428 Scriptura
1776 3357 1856 3409 le-

266 3460 419 3533 gitur
446 3456 871 3529 apprehendisse
899 3454 1147 3524 angelos,
1171 3451 1225 3505 id
1257 3458 1338 3504 est
1366 3448 1669 3521 angelicam
1701 3453 1860 3498 natu-

266 3558 464 3612 turam,
489 3554 546 3600 ut
575 3544 801 3615 angelos
823 3542 1134 3609 redimeret,
1168 3540 1263 3593 sed.
1285 3535 1677 3610 apprehendit,
1705 3534 1759 3587 id
1782 3542 1863 3587 est

266 3637 473 3707 legitur
488 3631 914 3704 apprehendisse
931 3645 1119 3684 semen
1132 3628 1384 3691 Abrahre,
1402 3640 1622 3681 carnem
1643 3638 1863 3676 sumens

271 3726 342 3780 de
373 3723 666 3785 Abraham,
699 3727 755 3773 ut
785 3719 877 3789 qui
909 3733 1007 3788 per
1038 3715 1197 3770 fidem
1229 3731 1417 3769 semen
1455 3720 1579 3766 sunt
1609 3711 1859 3777 Abrahae,

271 3828 371 3869 eos
403 3811 655 3865 salvaret.
694 3808 844 3866 Unde
874 3806 998 3876 quia
1020 3819 1207 3859 semen
1228 3804 1459 3857 Abrahae
1481 3799 1859 3870 apprehendit,

273 3901 463 3956 debuit
488 3898 736 3953 similari
755 3894 1035 3966 fratribus
1055 3909 1158 3965 per
1178 3894 1368 3947 omnia
1385 3888 1660 3960 passibilis
1689 3887 1864 3942 factus

270 3997 326 4045 et
356 3987 614 4051 mortalis,
635 3988 702 4040 ut
722 3985 1044 4038 misericors
1066 3981 1233 4051 (quod
1260 3987 1375 4033 erat
1392 3979 1443 4033 in
1462 3977 1674 4045 natura)
1704 3976 1867 4045 fieret

271 4076 456 4148 operis
487 4072 833 4137 exhibitione,
859 4074 912 4125 et
937 4068 1175 4125 366
1188 4068 1479 4139 pontifex,
1505 4066 1558 4119 id
1580 4072 1662 4119 est
1691 4064 1865 4118 factus

273 4165 434 4221 nobis
462 4178 619 4234 pons,
654 4176 761 4233 quo
778 4168 1118 4213 transeamus
1150 4157 1219 4211 ad
1240 4158 1438 4210 Deum.
1468 4153 1713 4209 Pontifex
1742 4152 1866 4205 dico

274 4254 478 4323 ﬁdelis,
505 4250 630 4321 quia
660 4264 761 4304 nec
791 4248 860 4302 ab
892 4246 974 4300 his
1006 4261 1142 4317 quos
1172 4245 1422 4308 ducebat,
1442 4258 1543 4297 nec
1574 4258 1605 4295 a
1636 4242 1752 4294 Deo
1782 4238 1868 4294 cui

274 4340 527 4397 tradebat
568 4352 795 4392 munera
834 4352 947 4390 suae
993 4334 1263 4389 ductionis
1314 4331 1578 4403 quaesivit.
1631 4327 1868 4383 Similari

275 4431 439 4487 etiam
470 4428 612 4492 ideo,
646 4430 709 4481 ut
739 4424 1142 4496 repropitiaret
1162 4467 1176 4489 ,
1209 4422 1263 4475 id
1293 4428 1374 4476 est
1404 4418 1747 4491 prepitiando
1778 4433 1868 4470 re-

1968 3293 1989 3320 «
2024 3271 2268 3325 videmus
2319 3267 2445 3337 quia
2487 3281 2593 3320 non
2628 3270 2917 3334 potuerunt
2946 3259 3171 3315 introire
3212 3258 3267 3313 in
3315 3253 3557 3328 requiem

1968 3378 1988 3401 α
2024 3354 2192 3425 ipsius
2222 3358 2442 3423 propter
2470 3346 2927 3403 incredulitatem.
2968 3369 2989 3391 ι)

2568 3512 2884 3553 EXPOSITIO.

2037 3642 2080 3693 Α
2112 3635 2481 3709 superioribus
2512 3633 2670 3688 infert
2702 3630 2846 3703 quod
2878 3647 2945 3684 ex
2979 3627 3213 3684 vindicta
3244 3634 3295 3681 et
3318 3623 3556 3696 potentia

1965 3728 2208 3783 Christus
2266 3724 2535 3779 timendus
2590 3728 2691 3787 est,
2753 3719 2878 3790 quia
2909 3718 3099 3771 iterum
3149 3732 3214 3770 ex
3270 3713 3558 3768 dilectione

1967 3832 2064 3887 pro
2086 3815 2241 3869 vobis
2272 3821 2496 3867 mortem
2519 3809 2756 3882 gustavit
2781 3805 3154 3877 rediligendus
3184 3821 3211 3857 a
3242 3800 3558 3871 vobis,quia

1964 3913 2157 3975 potens
2188 3910 2239 3956 et
2270 3909 2466 3972 praesto
2499 3908 2578 3953 est
2622 3896 2839 3952 tentatis
2888 3893 3149 3950 auxiliari.
3197 3892 3369 3956 Unde,
3402 3890 3457 3942 id
3480 3895 3563 3942 est

1967 4009 2067 4063 per
2095 3993 2212 4045 haec
2241 3989 2442 4053 omnia,
2478 4003 2511 4041 0
2540 4003 2637 4042 vos
2668 3986 2857 4041 sancti
2877 3986 3111 4055 fratres,
3146 3981 3292 4051 facti
3321 3977 3561 4050 partici-

1964 4097 2061 4151 pes
2091 4080 2331 4135 cmlestis
2360 4077 2686 4131 vocationis.
2712 4073 2792 4128 Ad
2816 4070 3186 4143 participanda
3208 4068 3353 4123 enim
3371 4066 3564 4121 caeles-

1970 4170 2042 4223 tia
2072 4169 2211 4222 bona
2242 4165 2415 4221 vocati
2441 4164 2591 4217 estis.
2626 4164 2756 4228 Vos,
2790 4162 3028 4231 inquam,
3054 4157 3334 4229 diligendo
3357 4164 3406 4209 et
3426 4170 3561 4224 ope-

1968 4257 2143 4311 rando
2174 4270 2294 4326 quae
2322 4252 2583 4323 prmcipit,
2617 4250 2966 4307 considerate
3011 4248 3212 4309 Jesum,
3247 4244 3299 4298 id
3324 4251 3405 4299 est
3432 4243 3562 4298 Sal-

1968 4350 2238 4409 vatorem,
2273 4342 2602 4414 Apostolum
2650 4354 2808 4409 quem
2839 4338 3001 4390 Pater
3028 4333 3228 4405 legavit
3260 4333 3330 4386 ad
3360 4348 3477 4395 vos,
3510 4337 3563 4385 et

1968 4433 2315 4505 pontiﬁcem,
2348 4430 2404 4483 id
2435 4436 2516 4483 est
2544 4426 2743 4481 factum
2786 4425 2944 4479 nobis
2974 4430 3216 4493 pontem,
3269 4436 3376 4492 quo
3406 4428 3563 4474 tran-

275 4519 532 4581 mitteret,
567 4516 776 4570 delicta
800 4512 1016 4584 populi.
1048 4512 1115 4565 Et
1135 4526 1265 4565 vere
1285 4516 1477 4579 potens
1495 4515 1578 4562 est
1614 4505 1860 4577 repropi-

1970 4536 2185 4576 seamus
2215 4519 2269 4572 in
2298 4516 2546 4589 gloriam,
2581 4517 2766 4570 Jesum
2826 4512 3139 4583 pontificem
3197 4508 3566 4581 confessionis

276 4609 412 4663 tiare
442 4604 638 4658 delicta
665 4600 872 4673 populi,
906 4617 1041 4655 nam
1072 4601 1135 4654 in
1182 4615 1270 4664 eo,
1304 4597 1357 4650 id
1406 4604 1488 4651 est
1541 4596 1596 4649 in
1625 4593 1869 4649 inferiori

278 4696 397 4765 ejus
446 4690 751 4747 substantia
779 4690 842 4744 in
872 4705 980 4760 qua
1035 4690 1154 4759 ipse
1186 4702 1387 4759 passus
1427 4689 1510 4741 est
1544 4686 1645 4739 sub
1675 4684 1867 4747 Pilato,

279 4786 539 4839 tentatus
595 4794 627 4832 a
664 4776 906 4842 diabolo,
962 4780 1164 4848 potens
1200 4779 1283 4831 est
1327 4775 1445 4845 ipse
1505 4772 1747 4828 auxiliari
1792 4772 1873 4826 eis

277 4871 590 4944 quicunque
626 4869 950 4930 tentantur,
984 4873 1035 4918 et
1066 4879 1097 4918 a
1128 4863 1510 4918 tentationibus
1541 4862 1797 4915 liberare.

856 5005 1080 5060 CAPUT
1138 5004 1229 5058 III.

356 5166 377 5190 α
415 5142 588 5208 Unde,
626 5140 841 5205 fratres,
876 5136 1050 5191 sancti
1105 5134 1405 5190 vocationis
1435 5131 1673 5188 ccelestis
1700 5130 1875 5202 parti-

284 5256 307 5279 ‹‹
346 5231 513 5301 cipes.
571 5227 909 5284 considerate
957 5223 1261 5295 apostolum
1305 5230 1356 5277 et
1403 5221 1710 5291 pontificem
1740 5235 1876 5274 con-

285 5344 307 5367 α
342 5317 598 5373 fessionis
628 5324 829 5371 nostra:
858 5316 1043 5369 Jesum
1076 5328 1088 5366 :
1123 5311 1213 5383 qui
1244 5310 1418 5364 ﬁdelis
1453 5318 1534 5363 est
1566 5309 1633 5373 ei,
1668 5307 1759 5379 qui
1790 5307 1876 5361 fe-

287 5436 310 5458 ι
346 5408 419 5463 cit
465 5408 638 5472 illum,
689 5404 826 5458 sicut
865 5410 917 5457 et
958 5403 1176 5471 Moyses
1230 5399 1283 5452 in
1341 5397 1487 5452 omni
1534 5398 1696 5451 domo
1727 5397 1868 5465 ejus.

288 5521 310 5541 α
346 5494 639 5567 Amplioris
670 5492 813 5548 enim
844 5490 1034 5564 gloriae
1064 5489 1166 5543 iste
1197 5504 1311 5559 prie
1339 5489 1525 5557 Moyse
1556 5486 1753 5556 dignus
1790 5486 1879 5538 ha-

286 5607 309 5637 ι
346 5585 490 5639 bitus
524 5590 626 5649 est,
659 5588 859 5654 quanto
904 5578 1220 5650 ampliorem
1254 5578 1520 5631 honorem
1576 5574 1739 5629 habet
1775 5574 1879 5629 do—

288 5697 310 5725 u
347 5690 472 5731 mus
518 5672 612 5751 qui
656 5668 942 5730 fabricavit
985 5667 1152 5725 illam.
1186 5664 1377 5723 Omnis
1423 5679 1660 5739 namque
1689 5663 1881 5721 domus

1970 4614 2179 4665 nostra:
2214 4625 2226 4661 :
2261 4606 2384 4678 quia
2434 4603 2697 4676 quidquid
2754 4601 2845 4655 alii
2904 4600 3119 4667 faciant,
3172 4614 3271 4653 nos
3302 4614 3425 4652 eum
3457 4596 3563 4650 lide

1971 4696 2291 4753 confitemur
2321 4694 2653 4749 Salvatorem
2686 4698 2953 4745 nostrum.
2988 4686 3331 4758 Comparavit
3378 4687 3562 4739 Jesum

1971 4785 2271 4857 prophetis,
2297 4781 2630 4852 comparavit
2652 4796 2774 4834 eum
2806 4777 3036 4848 angelis,
3065 4776 3138 4830 ita
3166 4783 3223 4829 ut
3254 4774 3359 4828 illis
3381 4772 3563 4828 omni-

1972 4876 2073 4930 bus
2096 4874 2357 4941 majorem
2379 4869 2710 4925 ostenderet.
2734 4868 2890 4923 Nunc
2921 4882 3043 4921 eum
3075 4870 3349 4933 comparat
3370 4860 3561 4932 Moysi,

1974 4962 2045 5015 ita
2068 4961 2258 5015 iterum
2280 4966 2339 5012 ut
2375 4958 2681 5028 digniorem
2726 4957 2910 5026 Moyse
2932 4960 3160 5015 asserat,
3193 4959 3393 5021 quanto
3424 4948 3567 5003 filius

1975 5049 2192 5121 dignior
2236 5054 2317 5102 est
2348 5046 2723 5115 dispensatore
2755 5058 2935 5098 servo.
2973 5040 3126 5097 Unde
3159 5038 3235 5094 sic
3264 5039 3338 5093 ait
3372 5056 3385 5092 :
3419 5038 3567 5093 Con-

1976 5134 2212 5188 siderate
2252 5132 2457 5198 Jesum,
2496 5130 2591 5199 qui
2637 5129 2795 5182 Jesus
2827 5126 3008 5195 ﬁdelis
3039 5128 3123 5180 est
3155 5125 3224 5188 ei,
3258 5123 3311 5178 id
3342 5131 3424 5177 est
3454 5124 3570 5177 Deo

1976 5221 2114 5275 Patri
2146 5222 2240 5293 qui
2268 5220 2411 5290 facit
2440 5218 2626 5282 illum,
2661 5217 2713 5269 id
2745 5223 2827 5270 est
2865 5214 2956 5286 qui
2992 5212 3256 5268 facturam
3279 5213 3569 5266 humanam

1976 5310 2146 5364 univit
2192 5308 2347 5362 Filio.
2380 5306 2578 5361 Fidelis
2609 5305 2732 5360 ideo
2763 5304 2890 5375 quia
2920 5319 3028 5357 non
3061 5317 3234 5365 suam,
3269 5301 3367 5355 sed
3399 5299 3572 5353 Patris

1978 5398 2211 5471 gloriam
2259 5412 2476 5467 semper
2522 5393 2786 5465 quaesivit,
2833 5408 2935 5447 nec
2967 5391 3158 5445 timore
3186 5389 3441 5469 territus,
3486 5386 3573 5441 vel

1980 5462 2164 5541 amore
2195 5462 2452 5540 seductus
2510 5462 2760 5535 mandata
2797 5480 2973 5535 Patris
3029 5462 3336 5534 occultavit.
3372 5474 3573 5530 Fidelis

1979 5575 2220 5647 inquam,
2256 5580 2337 5628 est
2386 5571 2455 5641 ei,
2502 5573 2650 5627 sicut
2682 5574 2736 5625 et
2778 5570 2977 5641 Moyses
3000 5566 3173 5621 fidelis
3206 5564 3304 5620 fuit
3334 5566 3396 5621 in
3418 5564 3579 5619 omni

1981 5664 2140 5721 domo
2171 5662 2331 5719 illius
2361 5661 2511 5727 Jesu,
2535 5658 2622 5717 vel
2652 5658 2753 5715 Dei
2780 5657 2972 5726 Patris,
3007 5656 3061 5711 in
3093 5670 3200 5728 qua
3222 5654 3439 5728 Moyses
3468 5668 3579 5711 non
