3966 6050
406 217 510 271 503

953 217 1009 272 S.
1050 214 1406 273 BRUNONIS
1444 214 2092 273 CARTHUSIANORUM
2130 213 2613 271 lNSTITUTORIS
2650 214 2803 271 OPP.
2845 214 3022 271 PARS
3059 216 3127 271 ΙΙ.

3596 216 3703 271 504

410 340 683 407 dominus,
716 341 813 395 sed
858 340 1106 396 minister
1152 348 1290 396 erat.
1322 342 1386 396 In
1422 343 1579 397 omni
1627 341 1769 407 ideo,
1815 356 1921 413 qua
1946 340 2002 394 in
2029 343 2086 402 Α
2106 347 2190 395 est
2218 339 2603 410 perdurantem
2634 356 2804 413 usque
2830 340 2902 395 ad
2929 341 3104 410 ﬁnem
3136 340 3280 406 vitae,
3314 339 3532 409 quando
3549 340 3696 411 quod

406 430 657 484 omnibus
688 446 810 501 qua:
836 429 1145 485 necessaria
1187 437 1337 484 erant
1366 437 1418 485 et
1472 431 1527 484 in
1558 430 1828 495 docendo,
1863 437 1915 484 et
1944 429 1999 483 in

410 518 705 587 pascendo,
739 525 791 573 et
818 517 872 571 in
904 518 1153 573 ducendo
1202 519 1427 573 domum
1466 517 1637 583 illam,
1670 518 1727 572 id
1785 525 1869 573 est
1896 534 2000 587 po-

406 606 593 677 pulum
623 606 955 671 Judasorum,
999 605 1233 661 ﬁdeliter
1261 607 1593 661 enutriebat.
1635 606 1734 661 Vel
1766 606 1841 661 ita
1870 621 2003 661 con-

410 702 703 749 struamus.
726 695 884 749 Jesus
912 693 1090 750 ﬁdelis
1121 703 1203 750 est
1233 696 1367 763 Deo,
1404 695 1540 750 sicut
1570 696 1786 765 Moyses
1824 693 2001 749 ﬁdelis

412 780 533 837 fuit.
559 781 794 838 367
813 784 976 838 Jesus
1006 782 1128 837 dico
1158 784 1340 851 ﬁdelis
1371 785 1433 838 in
1454 784 1611 838 omni
1640 783 1798 838 domo
1820 784 2001 848 illius,

409 878 520 924 tam
558 870 613 923 in
642 870 845 925 Judaais
875 887 1037 942 quam
1066 871 1118 924 in
1160 870 1455 941 gentilibus
1490 887 1502 926 :
1536 887 1642 925 non
1672 870 1727 924 in
1767 872 2001 941 quadam

400 958 564 1013 domo
584 960 731 1014 sicut
746 960 946 1030 Moyses
967 959 1252 1013 inJudaeis.
1272 959 1409 1012 Illud
1429 960 1579 1013 sicut
1596 958 1998 1013 similitudinem

403 1054 605 1100 tantum
636 1055 806 1111 notat,
840 1063 948 1102 non
980 1048 1369 1118 quantitatem;
1400 1047 1595 1117 probat
1626 1063 1721 1116 per
1750 1045 2002 1102 effectum

407 1135 552 1205 quod
584 1134 656 1188 ait
691 1152 704 1188 :
740 1136 879 1190 Vere
910 1136 1067 1189 Jesus
1096 1134 1272 1189 ﬁdelis
1304 1143 1406 1203 est,
1438 1135 1574 1189 sicut
1592 1136 1826 1204 Moyses.
1861 1136 2001 1190 Nam

410 1224 572 1277 Jesus
598 1223 821 1279 habitus
883 1228 966 1277 est
988 1224 1226 1293 dignus,-
1256 1221 1377 1289 iste,
1430 1222 1669 1293 inquam,
1700 1224 1876 1291 Jesus,
1912 1224 2003 1295 qui

400 1309 545 1365 ﬁlius
575 1311 739 1383 longe
797 1310 1055 1381 praecellit
1096 1309 1401 1365 ministrum
1449 1311 1647 1383 dignus
1678 1318 1757 1366 est
1788 1312 1997 1382 gloriae,

410 1399 548 1454 sicut
579 1400 815 1468 Moyses,
842 1398 930 1468 qui
962 1398 1121 1452 etiam
1151 1400 1442 1471 amplioris
1479 1400 1675 1469 gloriae
1696 1399 1891 1469 dignus
1921 1407 2004 1454 est

403 1503 523 1557 pra:
557 1488 753 1558 Moyse,
788 1487 843 1540 id
877 1494 959 1540 est
991 1502 1152 1557 quam
1191 1488 1407 1558 Moyses
1436 1487 1523 1542 vel
1554 1504 1663 1557 prae
1682 1490 1867 1558 Moyse
1899 1489 2005 1544 exi-

406 1582 556 1628 stens
586 1574 639 1628 in
670 1575 949 1629 merendo.
1001 1576 1171 1629 Tanto
1223 1576 1409 1645 utique
1439 1575 1738 1646 amplioris,
1793 1580 2003 1648 quanto

405 1664 741 1734 ampliorem
775 1664 1042 1718 honorem
1072 1664 1284 1731 domus,
1318 1662 1370 1717 id
1423 1672 1505 1718 est
1543 1664 1597 1717 in
1656 1665 1819 1718 domo
1857 1666 1999 1735 apud
2022 1697 2074 1755 B

408 1767 523 1815 eos,
558 1751 764 1807 scilicet
794 1752 885 1822 qui
917 1751 972 1805 in
1004 1752 1168 1807 domo
1200 1759 1341 1806 sunt.
1367 1752 1467 1807 Vel
1497 1753 1711 1822 domus,
1744 1753 1799 1807 id
1829 1753 2000 1808 estde

405 1839 570 1895 domo
600 1839 858 1895 fabricata
891 1841 1052 1895 habet
1082 1842 1183 1896 ille
1213 1841 1308 1913 qui
1365 1842 1667 1910 fabricavit
1714 1843 1877 1896 illam
1908 1842 2005 1896 do-

403 1945 571 1983 mum.
606 1929 939 1998 Ampliorem
971 1929 1094 1984 dico
1125 1945 1285 2000 quam
1316 1928 1407 1983 ille
1434 1929 1524 1999 qui
1550 1930 1894 1999 dispensator
1923 1938 2005 1985 est

402 2017 457 2070 in
490 2032 576 2071 ea.
600 2016 758 2071 Nunc
780 2018 888 2070 duo
912 2017 1132 2071 residua
1153 2026 1277 2071 sunt
1305 2018 1374 2071 ad
1396 2018 1759 2087 probandum,
1783 2026 1835 2073 et
1858 2018 2000 2089 quod

406 2105 601 2159 domus
658 2120 767 2159 non
796 2122 826 2157 a
858 2121 937 2169 se,
973 2105 1069 2158 sed
1106 2105 1174 2159 ab
1204 2105 1311 2159 alio
1355 2105 1619 2161 fabricata
1650 2106 1738 2172 sit,
1774 2114 1826 2161 et
1856 2107 2003 2178 quod

401 2192 648 2247 Christus
680 2208 805 2249 eam,
848 2191 1214 2248 fabricaverit.

475 2282 604 2336 Haec
633 2288 813 2335 autem
871 2281 1055 2335 omnia
1085 2283 1152 2336 de
1186 2281 1413 2351 spiritali
1461 2283 1625 2337 domo
1682 2282 2002 2353 accipienda

407 2377 551 2424 sunt.
589 2371 745 2440 Smpe
769 2369 913 2425 enim
945 2370 1172 2441 contigit
1204 2378 1279 2439 ut,
1313 2371 1366 2423 in
1398 2371 1650 2426 domibus
1680 2371 1882 2426 nostris
1912 2373 2002 2427 ho-

406 2459 709 2513 norabilior
739 2466 885 2513 esset
919 2458 1010 2529 qui
1040 2457 1093 2512 in
1127 2474 1194 2513 ea
1223 2459 1565 2513 ministrabat
1595 2476 1756 2530 quam
1785 2460 1876 2515 ille
1907 2477 2002 2515 cu-

401 2547 491 2616 jus
530 2555 645 2602 erat
675 2548 889 2602 domus.
944 2546 1112 2614 Quasi
1168 2547 1375 2603 diceret
1410 2563 1421 2602 :
1459 2549 1601 2605 Bene
1648 2548 1772 2603 dico
1800 2549 1892 2620 qui
1922 2548 2003 2603 fa-

400 2635 627 2690 bricavit
654 2634 840 2699 illam;
874 2650 974 2703 per
1012 2650 1072 2689 se
1130 2635 1275 2689 enim
1336 2651 1447 2689 non
1499 2644 1674 2705 potest
1724 2635 1997 2704 fabricari,

400 2723 585 2778 omnis
615 2738 859 2793 namque
880 2723 1074 2777 domus
1103 2724 1422 2793 fabricatur
1452 2724 1519 2778 ab
1540 2724 1753 2795 aliquo.
1783 2724 1865 2777 Ad
1896 2725 1999 2779 hoc

400 2809 490 2864 ille
526 2827 538 2864 :
572 2809 629 2864 Si
661 2811 731 2864 ab
763 2810 966 2881 aliquo,
1000 2826 1107 2865 non
1159 2819 1340 2865 tamen
1369 2827 1400 2864 a
1431 2813 1567 2865 Deo.
1620 2811 1703 2865 Ad
1733 2813 1835 2866 hoc
1862 2813 1999 2865 Pau-

402 2898 486 2953 lus
522 2912 534 2952 :
568 2900 704 2954 Vere
746 2899 943 2954 domus
974 2898 1273 2954 fabricatur
1303 2915 1335 2953 a
1365 2901 1515 2965 Deo;
1560 2914 1688 2954 nam
1736 2901 1881 2955 Deus
1911 2905 1997 2955 est

398 2988 494 3059 qui
522 2989 735 3043 creavit
785 2990 995 3053 omnia,
1032 2989 1178 3058 quod
1210 2988 1254 3042 si
1276 2988 1457 3043 omnia
1501 2988 1721 3055 creavit,
1785 2996 1998 3044 constat

399 3049 544 3147 quod
572 3083 626 3130 et
669 3075 912 3139 domum,
949 3049 1113 3146 quam
1164 3076 1289 3147 quia
1319 3076 1626 3143 fabricavit,
1662 3049 1906 3148 sequitur
1938 3086 1995 3132 ut
2018 3049 2066 3111 Ο

398 3163 676 3234 amplioris
705 3164 901 3235 gloriae
930 3165 1196 3219 habeatur
1222 3166 1277 3219 in
1307 3165 1399 3220 illa
1428 3181 1594 3237 quam
1625 3166 1718 3237 qui
1746 3166 1801 3220 in
1830 3167 1995 3221 domo

398 3261 601 3307 tantum
631 3252 921 3307 ministrat.
956 3255 1249 3324 PrOpterea
1279 3254 1404 3326 quia
1434 3254 1721 3310 fabricavit
1750 3255 1992 3322 domum,

399 3340 455 3395 in
495 3356 603 3412 qua
640 3342 853 3412 Moyses
883 3342 1236 3411 dispensavit,
1269 3360 1383 3413 prae
1430 3346 1617 3415 Moyse
1646 3344 1771 3398 ideo
1801 3344 1997 3414 dignus

404 3429 620 3484 habitus
650 3437 751 3485 est.
785 3430 1084 3500 Propterea
1114 3431 1277 3485 etiam
1334 3432 1614 3502 amplioris
1657 3432 1846 3502 glorim
1892 3440 1993 3497 est,

402 3518 530 3589 quia
555 3519 758 3590 Moyses
787 3519 1012 3590 quidem
1042 3528 1099 3573 ut
1147 3519 1382 3573 famulus
1432 3520 1487 3573 in
1530 3520 1692 3575 domo
1725 3535 1832 3575 non
1855 3535 1993 3585 sua;

400 3607 643 3662 Christus
677 3622 809 3661 vero
841 3607 1006 3661 Filius
1037 3607 1092 3661 in
1138 3608 1301 3662 domo
1334 3625 1449 3661 sua.
1477 3607 1729 3675 Quidem,
1762 3616 1814 3663 et
1845 3624 1996 3672 vero.

400 3695 758 3750 distributivae
790 3695 1202 3762 conjunctiones
1233 3703 1376 3750 sunt.
1415 3698 1632 3766 Moyses
1679 3697 1896 3768 quidem
1926 3698 1998 3766 ﬁ-

402 3782 542 3838 delis
570 3788 695 3838 erat
724 3785 787 3837 in
822 3787 938 3839 tota
969 3784 1164 3839 domus
1193 3786 1334 3855 ejus,
1362 3784 1572 3839 scilicet
1601 3785 1699 3839 Dei
1722 3786 1893 3839 Patris
1914 3786 2000 3841 vel

402 3870 622 3935 Christi,
656 3875 927 3941 tanquam
949 3873 1205 3941 famulus
1224 3912 1237 3939 ,
1288 3871 1416 3941 quia
1445 3873 1787 3927 solummodo
1818 3874 1999 3928 famu-

400 3958 610 4012 labatur
628 3957 684 4011 in
719 3973 800 4011 ea.
835 3958 1088 4013 Famulus
1118 3967 1295 4013 autem
1326 3960 1418 4030 qui
1448 3961 1610 4015 hodie
1632 3969 1713 4015 est
1743 3962 1796 4014 in
1813 3962 1995 4029 domo,

401 4062 524 4102 cras
552 4046 803 4101 fortassis
843 4047 1162 4117 expelletur,
1206 4064 1484 4119 nunquam
1511 4049 1648 4104 adeo
1680 4050 1856 4105 ﬁdelis
1878 4051 1997 4117 erit,

405 4134 544 4190 sicut
574 4134 715 4189 ﬁlius
747 4134 840 4206 qui
873 4135 1188 4190 haereditate
1243 4152 1597 4207 possessurus
1642 4146 1725 4192 est
1754 4139 1997 4194 domum.

406 4225 624 4295 Moyses
653 4232 910 4294 tanquam
945 4223 1177 4278 famulus
1208 4233 1326 4279 erat
1383 4228 1447 4279 in
1483 4228 1872 4283 testimonium
1913 4245 2002 4283 eo-

407 4328 557 4376 rum,
588 4311 647 4365 id
676 4320 759 4366 est
789 4320 847 4366 ut
871 4312 1216 4368 solummodo
1257 4313 1636 4369 testiﬁcaretur
1667 4331 1751 4381 ea,
1802 4332 1910 4371 non
1945 4324 2001 4370 ut

2102 429 2266 483 modo
2299 445 2582 499 speramus
2626 428 2897 498 accepturi
2927 444 3135 482 sumus.
3199 426 3541 498 Quapropter
3570 427 3697 499 quia

2103 517 2384 572 retinendo
2440 516 2695 573 ﬁduciam
2725 524 2777 571 et
2828 516 3059 588 gloriam
3116 517 3232 587 spei
3286 532 3471 570 sumus
3500 516 3695 570 domus

2103 605 2318 660 Christi.
2352 607 2575 675 PrOpter
2601 607 2705 660 hoc
2762 605 2963 673 videte,
2997 604 3224 671 fratres,
3257 621 3325 659 ne
3381 603 3518 659 forte
3548 603 3697 675 quod

2102 693 2423 763 contingere
2453 702 2663 764 potest,
2696 693 2765 748 sit
2806 693 2862 746 in
2890 692 3069 764 aliquo
3094 700 3351 749 vestrum.
3394 693 3455 746 In
3510 692 3694 763 aliquo

2102 780 2227 836 ideo
2290 782 2364 836 ait
2420 782 2549 853 quia
2604 782 2790 852 plures
2847 781 3055 836 sciebat
3116 781 3171 835 in
3228 781 3473 837 Ecclesia
3530 795 3693 851 posse

2103 885 2227 924 esse
2283 869 2579 940 perfectos,
2642 887 2733 937 ne,
2795 869 3037 941 inquam,
3094 871 3174 925 sit
3220 870 3285 923 in
3333 871 3519 941 aliquo
3568 885 3695 924 ves-

2105 962 2260 1013 trum
2281 974 2377 1013 cor
2394 959 2841 1022 incredulitatis,
2874 966 2932 1012 ut
2962 956 3229 1013 increduli
3273 957 3408 1022 sitis,
3441 964 3695 1027 putantes

2104 1047 2377 1101 Christum
2415 1062 2523 1101 non
2566 1046 2817 1102 sufﬁcere
2866 1046 2933 1099 ad
2982 1044 3443 1115 justiﬁcationem,
3478 1046 3573 1101 sed
3605 1045 3691 1099 le-

2103 1152 2229 1206 gem
2260 1151 2382 1190 esse
2410 1135 2794 1191 necessariam.
2834 1135 2942 1190 Cor
2971 1135 3093 1191 dico
3122 1134 3516 1190 incredulitatis
3566 1151 3695 1188 ma-

2108 1226 2245 1289 lum,
2283 1224 2337 1277 id
2367 1231 2451 1278 est
2507 1224 2561 1277 in
2617 1224 2790 1277 multa
2828 1223 2971 1277 mala
3027 1222 3442 1294 praecipitatum.
3478 1223 3556 1276 Ex
3588 1238 3695 1293 quo

2105 1312 2247 1366 enim
2292 1312 2588 1367 incredulis
2618 1320 2699 1366 est
2728 1311 2942 1382 aliquis,
2984 1327 3229 1381 praeceps
3284 1311 3391 1364 ruit
3410 1310 3465 1364 in
3513 1318 3693 1365 actum

2103 1400 2333 1471 peccati.
2364 1400 2479 1455 Nec
2508 1415 2702 1470 parum
2756 1407 2913 1455 nocet
2968 1415 3063 1455 cor
3101 1399 3517 1464 incredulitatis,
3550 1398 3693 1470 quod

2104 1496 2186 1543 est
2215 1489 2413 1544 habere
2442 1504 2539 1543 cor
2567 1488 2892 1544 discedendi
2920 1505 2955 1542 a
2978 1490 3112 1543 Deo.
3144 1489 3211 1541 Et
3238 1488 3381 1542 male
3402 1487 3557 1542 vobis
3588 1487 3633 1540 si
3664 1503 3693 1541 a

2104 1578 2219 1632 Deo
2242 1576 2538 1643 disceditis,
2573 1576 2700 1647 quia
2740 1577 2856 1631 Deo
2886 1576 3007 1632 dico
3038 1578 3178 1643 vivo,
3208 1592 3239 1629 a
3269 1591 3377 1646 quo
3397 1576 3488 1647 qui
3516 1575 3694 1630 disce-

2105 1665 2200 1731 dit,
2234 1665 2399 1719 vitam
2431 1665 2636 1735 perdit,
2659 1664 2752 1735 qui
2779 1665 2851 1719 ad
2882 1681 3004 1719 eum
3034 1665 3253 1731 incedit,
3285 1665 3447 1719 vitam
3468 1663 3692 1718 invenit.

2177 1752 2369 1808 Videte
2402 1769 2468 1807 ne
2500 1753 2568 1806 sit
2600 1753 2655 1806 in
2680 1752 2862 1824 aliquo
2883 1769 2977 1808 cor
3012 1753 3404 1809 incredulitatis
3426 1752 3566 1823 quod
3593 1768 3697 1823 ego

2103 1842 2386 1911 prohibeo,
2419 1842 2566 1896 sicut
2596 1840 2742 1895 idem
2771 1842 3065 1910 prohibens
3110 1842 3251 1897 dicit
3281 1842 3526 1913 Spiritus
3556 1856 3694 1894 san-

2104 1934 2230 1985 ctus
2258 1930 2314 1984 in
2344 1930 2517 1985 David
2536 1929 2618 1983 his
2640 1928 2825 1984 verbis
2856 1930 3032 1998 (Psal.
3060 1945 3215 1994 χειν,
3249 1934 3301 1995 8,
3335 1929 3423 1999 Η)
3454 1948 3471 1984 :
3504 1929 3691 1995 Hodie,

2102 2018 2157 2072 id
2190 2026 2271 2072 est
2301 2026 2550 2087 tempore
2581 2017 2789 2087 gratim,
2827 2018 2904 2071 sic
2933 2018 3075 2072 enim
3134 2017 3312 2072 David
3371 2016 3697 2087 loquebatur

2104 2106 2260 2176 quasi
2288 2106 2483 2176 spiritu
2531 2107 2851 2177 praesensin
2900 2106 3095 2160 diebus
3133 2105 3347 2161 Christi.
3378 2106 3479 2161 Per
3534 2105 3695 2160 hodie

2104 2201 2284 2249 autem
2317 2201 2487 2248 totum
2517 2201 2731 2264 tempus
2759 2195 2969 2265 gratiae,
3015 2210 3048 2248 a
3096 2194 3310 2249 Christo
3341 2209 3513 2264 usque
3542 2193 3596 2247 in
3625 2192 3696 2246 ﬁ-

2102 2299 2229 2337 nem
2276 2282 2463 2337 mundi
2509 2282 2848 2353 intelligitur.
2882 2282 3075 2348 Hodie,
3107 2282 3349 2353 inquam,
3400 2282 3454 2335 in
3501 2282 3696 2337 diebus

2103 2370 2320 2437 Christi,
2372 2372 2554 2426 nolite
2582 2370 2854 2426 obdurare
2883 2372 3052 2426 corda
3074 2376 3293 2437 vestra;
3315 2373 3365 2426 si
3394 2370 3694 2425 audieritis

2102 2476 2289 2515 vocem
2310 2460 2450 2529 ejus,
2475 2459 2612 2513 sicut
2656 2474 2849 2513 revera
2891 2459 3138 2514 audietis.
3182 2459 3315 2513 Illud
3347 2461 3395 2513 si
3416 2457 3695 2512 afﬁrmati-

2100 2564 2226 2603 vum
2257 2555 2358 2602 est.
2381 2546 2563 2602 Nolite
2581 2544 2851 2602 obdurare
2880 2563 2997 2611 cor,
3027 2546 3265 2603 368
3289 2554 3515 2619 agentes
3544 2548 3697 2601 sicut

2101 2638 2164 2690 in
2195 2636 2649 2699 exacerbatione,
2684 2634 2737 2688 id
2768 2643 2850 2688 est
2878 2635 3151 2689 multoties
3198 2634 3577 2689 exacerbando
3606 2649 3695 2688 me

2099 2727 2363 2794 fecerunt
2400 2727 2595 2793 patres
2645 2725 2845 2778 vestri.
2895 2723 2976 2777 De
3021 2722 3205 2777 multis
3264 2722 3695 2777 exacerbationi-

2100 2812 2202 2865 bus
2234 2826 2397 2865 unam
2428 2811 2660 2881 reponit,
2694 2811 2881 2866 dicens
2916 2826 2927 2865 :
2963 2811 3144 2865 Nolite
3186 2810 3459 2866 obdurare
3488 2828 3695 2867 secun-

2100 2900 2233 2955 dum
2264 2900 2431 2967 diem,
2456 2900 2511 2953 id
2544 2908 2623 2953 est
2654 2899 2792 2953 sicut
2820 2899 2898 2952 illi
2927 2899 3181 2954 obdurati
3221 2908 3344 2953 sunt
3377 2899 3433 2952 in
3458 2899 3545 2953 die
3584 2907 3697 2954 ten-

2098 2987 2335 3056 tationis,
2367 2988 2591 3059 quando
2614 2991 2986 3042 tentaverunt
3013 3004 3120 3056 me,
3155 2989 3400 3043 dicentes
3433 3002 3445 3041 :
3483 3008 3505 3037 ι
3534 2988 3694 3041 Nun-

2098 3076 2227 3147 quid
2247 3076 2444 3145 poterit
2474 3076 2561 3131 hic
2589 3091 2785 3145 parare
2806 3092 3048 3130 mensam
3070 3076 3269 3147 populo
3289 3091 3387 3131 suo
3413 3082 3433 3131 γ
3469 3096 3490 3125 ι
3517 3077 3695 3145 (Psal.

2100 3181 2314 3231 Lxxvu,
2348 3166 2460 3234 19.)
2514 3164 2851 3219 Tentationis
2896 3165 3019 3219 dico
3048 3164 3206 3220 factae
3236 3166 3299 3219 in
3330 3164 3565 3229 deserto,
3601 3164 3697 3219 ubi

2098 3254 2274 3324 magis
2324 3252 2748 3325 confugiendum
2792 3253 2902 3306 illis
2944 3262 3090 3308 esset
3146 3254 3215 3307 ad
3271 3253 3525 3308 auxilium
3570 3252 3691 3319 Dei,

2099 3358 2260 3414 quam
2289 3342 2356 3396 ad
2386 3342 2797 3411 provocandum
2853 3357 2977 3395 eum
3017 3358 3115 3412 per
3156 3342 3532 3397 tentationem.
3584 3342 3696 3396 Vos

2100 3438 2279 3485 autem
2307 3430 2468 3500 positi
2500 3430 2553 3483 in
2583 3430 2801 3485 deserto
2843 3431 3029 3485 mundi
3077 3430 3255 3499 hujus,
3289 3431 3468 3485 videte
3497 3446 3565 3485 ne
3594 3446 3697 3501 per

2099 3518 2423 3574 tentationes
2455 3519 2628 3573 Deum
2657 3519 2895 3588 irritetis,
2928 3520 3038 3585 ubi,
3072 3519 3127 3573 id
3159 3526 3240 3574 est
3260 3519 3313 3572 in
3336 3535 3443 3589 quo
3474 3519 3694 3573 deserto

2104 3611 2477 3663 tentaverunt
2514 3624 2604 3663 me
2640 3613 2833 3679 patres
2864 3610 3064 3663 vestri.
3105 3609 3291 3663 Videte
3321 3608 3367 3662 si
3396 3607 3696 3663 secundum

2101 3711 2320 3750 carnem
2349 3704 2532 3766 patres
2563 3705 2706 3762 sunt,
2740 3712 2809 3751 ne
2839 3698 2944 3750 sint
2972 3704 3151 3766 patres
3184 3696 3483 3751 secundum
3514 3695 3695 3749 imita-

2100 3784 2321 3839 tionem.
2354 3786 2735 3852 Tentaverunt,
2759 3784 3000 3855 inquam,
3026 3792 3079 3839 et
3104 3786 3505 3857 probaverunt,
3529 3783 3584 3837 id
3615 3791 3699 3838 est

2100 3872 2439 3943 probabilem
2478 3889 2565 3928 me
2612 3874 2968 3939 invenerunt;
3001 3874 3200 3928 etenim
3231 3874 3497 3928 viderunt
3527 3889 3698 3943 opera

2102 3977 2227 4016 mea
2264 3962 2643 4033 quadraginta
2672 3964 2862 4026 annis,
2897 3961 2949 4015 in
2979 3962 3173 4033 quibus
3198 3978 3286 4016 me
3329 3961 3507 4015 omnia
3534 3976 3697 4031 posse

2101 4049 2309 4119 experti
2339 4057 2482 4103 sunt.
2514 4052 2753 4121 PrOpter
2781 4051 2939 4120 quod,
2973 4050 3181 4105 scilicet
3210 4049 3335 4120 quia
3358 4057 3699 4104 tentaverunt

2100 4154 2208 4204 me,
2242 4138 2486 4208 o/fensus
2516 4141 2624 4208 fui,
2649 4138 2705 4193 id
2731 4146 2813 4192 est
2841 4138 3008 4192 iratus
3038 4140 3167 4194 huic
3198 4147 3303 4192 tam
3333 4137 3585 4207 pessimae
3613 4154 3701 4209 ge-

2100 4228 2408 4290 neralioni,
2442 4234 2495 4280 et
2523 4226 2633 4280 dixi
2663 4228 2728 4281 de
2758 4227 2898 4281 illis.
2924 4228 3024 4281 Isti
3041 4242 3259 4297 semper
3279 4230 3495 4291 errant,
3521 4234 3574 4280 et
3588 4226 3695 4280 hoc

2102 4315 2285 4377 corde,
2323 4315 2377 4369 id
2407 4322 2490 4368 est
2538 4331 2602 4369 ex
2659 4315 2882 4384 propria
2929 4314 3341 4383 deliberatione,
3392 4314 3519 4384 quia
3548 4314 3696 4369 serio

401 4399 635 4472 gratiam
656 4399 973 4468 adjutricem
1002 4401 1068 4454 ad
1100 4401 1374 4471 operanda
1422 4404 1673 4458 mandata
1704 4405 1834 4459 dare
1866 4421 2001 4475 pos-
2031 4405 2080 4462 D
2102 4411 2344 4473 peccant,
2380 4411 2628 4471 potentes
2671 4411 2723 4456 et
2771 4403 3004 4458 scientes
3061 4411 3204 4457 recte
3234 4418 3421 4473 agere.
3449 4403 3537 4467 Et,
3570 4402 3695 4457 licet

404 4494 515 4551 set;
551 4503 758 4553 eorum,
793 4487 935 4554 dico,
970 4505 1093 4559 quae
1140 4490 1377 4545 dicenda
1433 4495 1620 4555 erant,
1682 4491 1735 4545 id
1766 4501 1849 4546 est
1879 4509 1998 4563 quae

406 4575 799 4631 conveniebant
829 4576 935 4630 dici
993 4576 1069 4630 illi
1127 4577 1327 4631 carnali
1358 4579 1577 4647 pOpulo,
1609 4579 1701 4650 qui
1730 4580 1999 4650 spiritalia

403 4679 600 4735 capere
630 4679 738 4719 non
760 4672 969 4733 posset.
1000 4666 1214 4736 Moyses
1231 4673 1486 4737 tanquam
1508 4667 1740 4722 famulus
1762 4685 1815 4721 in
1836 4669 1998 4723 domo

408 4768 519 4808 non
551 4768 685 4817 sua;
722 4752 978 4808 Christus
1017 4770 1143 4809 vero
1173 4753 1250 4810 sic
1279 4763 1397 4810 erat
1426 4754 1602 4810 ﬁdelis
1634 4760 1905 4826 tanquam
1926 4758 1998 4825 ﬁ-

408 4838 541 4903 lius,
577 4852 734 4907 quem
764 4836 908 4891 illius
938 4837 1131 4892 domus
1171 4839 1424 4893 manebat
1463 4839 1777 4894 hmreditas.
1814 4840 1996 4904 Filius,

408 4924 550 4991 dico,
584 4926 644 4980 in
667 4926 824 4981 domo
865 4941 977 4980 non
1031 4926 1271 4995 alterius,
1302 4927 1400 4981 sed
1457 4944 1581 4983 sua.
1645 4929 1775 4995 Quae
1805 4928 2000 4983 domus

408 5012 610 5067 Christi
661 5030 763 5068 nos
821 5014 990 5068 renati
1030 5031 1126 5083 per
1164 5014 1396 5086 gratiam
1435 5031 1649 5079 sumus,
1677 5016 1779 5070 hac
1809 5015 2000 5070 condi-

406 5100 553 5156 tione
584 5101 725 5167 dico,
761 5118 949 5156 sumus
984 5102 1200 5167 domus,
1251 5105 1301 5156 si
1330 5104 1681 5158 retineamus
1733 5104 2002 5172 ﬁduciam

403 5192 544 5262 spei,
576 5189 631 5244 id
654 5198 735 5244 est
764 5207 917 5261 spem
948 5191 1140 5245 futurae
1196 5190 1543 5245 beatitudinis
1601 5208 1722 5246 cum
1781 5191 1997 5259 ﬁducia,

406 5286 464 5332 ut
494 5277 821 5335 ﬁducialiter
852 5293 1172 5347 speremus;
1204 5286 1256 5331 et
1294 5278 1340 5331 si
1387 5279 1717 5333 retineamus
1763 5281 2001 5350 gloriam

403 5366 542 5436 spei,
577 5367 632 5421 id
662 5374 744 5421 est
772 5366 1071 5437 gloriosam
1100 5381 1274 5435 spem,
1310 5366 1433 5435 quia
1455 5368 1522 5421 de
1538 5368 1878 5436 jucunditate
1899 5385 2003 5423 caa-

404 5453 548 5511 lesti.
609 5456 958 5511 Retineamus
1018 5453 1140 5510 dico
1197 5453 1449 5510 ﬁduciam
1498 5456 1615 5527 spei
1667 5457 1915 5527 ﬁrmam,
1949 5458 2004 5512 id

2101 4491 2179 4546 sic
2207 4491 2449 4545 dicerem
2478 4490 2603 4556 illis,
2655 4498 2838 4545 tamen
2867 4493 2977 4563 ipsi
3018 4508 3135 4546 non
3169 4495 3548 4563 cognoverunt
3576 4491 3696 4545 vias

2097 4596 2273 4644 meas,
2306 4579 2359 4631 id
2388 4587 2470 4632 est
2517 4594 2853 4650 cognoscere
2912 4579 3200 4634 noluerunt
3247 4594 3413 4649 Opera
3461 4593 3603 4643 mea,
3638 4579 3694 4631 in

2098 4666 2291 4737 quibus
2342 4666 2623 4720 ambulare
2652 4667 3004 4733 debuissent;
3041 4668 3137 4721 sed
3170 4667 3296 4737 quia
3325 4682 3435 4721 non
3481 4682 3693 4736 cogno-

2097 4763 2306 4820 verunt,
2339 4757 2389 4810 si
2419 4755 2523 4825 ipsi
2554 4756 2875 4812 introibant
2905 4756 2969 4809 in
3016 4756 3266 4827 requiem
3294 4772 3498 4820 meam,
3532 4771 3692 4825 quam

2097 4842 2203 4895 illis
2244 4843 2514 4912 pollicitus
2572 4844 2767 4897 eram?
2797 4843 3040 4898 Defectio
3096 4843 3378 4912 orationis,
3412 4851 3469 4897 ut
3495 4843 3695 4897 intelli-

2098 4938 2297 5001 gantur
2354 4931 2609 5001 qumlibet
2662 4931 3115 4994 inconvenientia,
3159 4931 3313 5001 quasi
3353 4931 3601 4985 diceret:
3637 4931 3693 4985 Si

2101 5018 2419 5083 introibunt,
2444 5035 2606 5073 nemo
2635 5019 2765 5072 mihi
2796 5018 2981 5074 credat
3009 5018 3262 5074 ulterius.
3319 5018 3413 5073 Vel
3444 5017 3698 5089 quaslibet

2102 5106 2428 5174 hujusmodi.
2461 5107 2597 5161 Illud
2652 5109 2700 5162 si
2739 5108 2956 5178 quidam
2986 5108 3171 5162 dicunt
3201 5124 3323 5162 esse
3372 5107 3527 5178 quasi
3558 5123 3694 5173 non,

2104 5194 2447 5249 attendentes
2476 5194 2582 5249 vim
2615 5196 2915 5260 sementim,
2963 5211 3073 5250 non
3103 5195 3373 5250 dictionis.
3426 5196 3481 5249 Si
3510 5194 3701 5249 introi-

2103 5282 2237 5336 bunt
2264 5283 2385 5338 dico
2414 5288 2477 5338 ut
2507 5300 2612 5355 ego
2633 5287 2846 5355 juravi,
2880 5284 2933 5337 id
2963 5292 3043 5339 est
3092 5284 3318 5338 ﬁrmiter
3337 5284 3571 5337 stabilivi
3602 5300 3700 5338 eos

2104 5385 2213 5425 non
2268 5371 2810 5440 intraturos;juravi
2859 5372 3044 5443 utique
3100 5374 3163 5427 in
3220 5373 3309 5425 ira
3337 5388 3481 5438 mea,
3514 5372 3568 5425 id
3615 5380 3700 5426 est

2106 5459 2320 5530 quando
2350 5459 2519 5516 iratus
2550 5474 2703 5516 eram
2731 5459 2877 5527 illis;
2910 5459 3056 5532 quod
3085 5467 3371 5530 utrumque
3424 5466 3476 5513 et
3528 5458 3609 5515 ira
3648 5466 3700 5514 et
