3966 6050
200 274 373 370 -505

922 314 1299 372 EXPOSITIO
1331 315 1405 373 IN
1441 314 1822 374 EPISTOLAS
1870 314 2097 372 PAULI.
2130 344 2200 358 -
2228 315 2305 371 IN
2334 316 2552 373 EPIST.
2604 318 2698 373 AD
2746 318 2903 373 HEB.

3476 323 3581 376 506

268 440 647 507 juramentum
676 438 854 495 aufert
882 440 961 495 eis
992 440 1218 497 introire
1244 442 1299 496 in
1329 441 1591 513 requiem.
1625 443 1711 507 Si,
1746 442 1874 514 qui-
1895 441 1949 501 Α
1978 458 2091 497 non
2119 445 2432 512 potuerunt
2451 441 2654 498 intrare
2684 443 2747 498 in
2776 443 3027 515 requiem
3055 446 3291 515 propter
3310 443 3593 500 incredu-

277 528 401 593 bus,
436 530 531 597 ibi,
566 529 633 583 sit
682 529 877 584 eadem
921 538 1103 585 manet
1141 530 1197 584 in
1246 531 1513 586 sententia
1542 531 1623 587 sic
1656 548 1668 585 :
1703 531 1759 586 Si
1788 530 1877 583 in—

275 617 496 671 trabunt
525 618 581 671 in
626 618 866 689 requiem
914 634 1094 673 meam
1142 619 1239 683 illi,
1289 619 1487 691 quibus
1536 620 1590 673 in
1631 619 1715 673 ira
1752 633 1877 673 mea

269 705 455 774 juravi
484 705 631 777 quod
655 721 765 760 non
787 715 973 762 essent
993 706 1048 761 in
1068 707 1316 778 requiem
1336 707 1607 762 intraturi.
1636 708 1703 761 Et
1725 706 1871 778 quia,

271 792 490 859 fratres,
534 802 756 864 propter
796 810 893 850 cor
924 795 979 849 in
1009 796 1387 850 incredulitate
1418 796 1737 851 obduratum
1771 810 1874 865 pa-

272 881 673 936 tribusvestris
718 882 935 953 requies
982 892 1182 955 negata
1211 892 1328 950 est,
1361 884 1503 950 ideo,
1536 885 1750 949 fratres,
1786 884 1873 939 vi-

276 968 403 1023 dete
433 986 501 1024 ne
534 969 670 1024 forte
703 971 772 1024 sit
803 970 857 1024 in
896 971 1078 1041 aliquo
1126 980 1365 1027 vestrum
1414 988 1508 1027 cor
1553 973 1752 1025 malum
1784 972 1871 1025 in-

270 1058 604 1111 credulitatis
651 1058 971 1113 discedendi
1000 1075 1030 1112 a
1060 1060 1176 1115 Deo
1207 1060 1349 1126 vivo,
1395 1060 1535 1115 sicut
1566 1060 1871 1130 expositum

271 1152 375 1199 est.
410 1146 514 1209 Ne,
565 1146 808 1216 inquam,
855 1147 973 1200 sitis
1022 1146 1310 1213 increduli,
1367 1149 1464 1203 sed
1513 1147 1871 1202 adhortamini

266 1233 633 1303 vosmetipsos
674 1235 742 1289 de
790 1235 1127 1290 incremento
1174 1237 1430 1291 virtutum
1477 1236 1720 1291 dicentes
1774 1252 1871 1305 per

267 1320 513 1393 singulos
533 1322 681 1377 dies:
715 1324 920 1388 Venite,
943 1325 1319 1391 exsultemus,
1336 1332 1461 1389 etc.,
1490 1326 1686 1391 donec,
1712 1324 1765 1377 id
1786 1331 1869 1378 est

267 1410 525 1481 quandiu
546 1413 985 1480 cognominatur
1004 1411 1059 1465 in
1075 1412 1229 1465 vobis
1252 1414 1431 1477 hodie,
1455 1412 1512 1466 id
1544 1420 1626 1467 est
1655 1421 1867 1482 tempus

264 1498 475 1568 gratiae.
513 1499 976 1569 Cognominatur,
1011 1500 1134 1555 ideo
1163 1500 1254 1565 ait,
1288 1516 1356 1555 ne
1389 1500 1582 1555 remoti
1612 1517 1641 1553 a
1673 1500 1867 1555 diebus

264 1586 467 1639 Christi
496 1595 745 1656 putarent
774 1588 952 1641 minus
983 1588 1085 1642 sibi
1115 1588 1367 1643 conferre
1398 1589 1672 1643 Christum
1705 1605 1867 1659 quam

264 1676 651 1745 temporaneis.
704 1677 894 1743 Hodie,
945 1677 1196 1747 inquam,
1248 1680 1705 1748 cognominatur,
1739 1677 1865 1748 quia

1983 531 2208 585 litatem
2237 546 2421 585 suam.

2586 600 2810 657 CAPUT
2839 601 2929 656 IV.

2053 729 2075 754 α
2111 708 2423 763 Timeamus
2474 723 2631 778 ergo,
2673 724 2743 762 ne
2773 707 2913 763 forte
2961 708 3149 764 relicta
3186 708 3581 780 pollicitatione

1982 816 2003 843 ι
2038 795 2344 852 introeundi
2392 798 2448 851 in
2479 796 2724 867 requiem
2752 796 2868 864 ejus
2900 797 3240 852 existimetur
3269 797 3468 868 aliquis
3510 814 3577 853 ex

1981 884 2196 938 «nobis
2249 886 2465 940 deesse.
2521 884 2738 939 Etenim
2786 893 2839 938 et
2897 885 3055 939 nobis
3109 886 3407 940 nuntiatum
3470 894 3574 956 est,

1980 996 2002 1019 α
2042 975 2508 1044 quemadmodum
2526 983 2577 1028 et
2610 974 2714 1027 illis
2750 988 2762 1027 :
2799 974 2897 1027 sed
2918 989 3025 1028 non
3046 974 3248 1043 profuit
3270 974 3376 1029 illis
3396 991 3576 1030 sermo

1979 1082 2001 1107 α
2039 1062 2286 1131 auditus,
2320 1079 2428 1117 non
2459 1062 2723 1116 admistus
2753 1061 2875 1116 fidei
2905 1078 2970 1116 ex
3001 1062 3085 1115 his
3117 1078 3238 1133 quae
3267 1063 3573 1118 audierunt.

1978 1170 2000 1199 α
2035 1150 2421 1221 Ingrediemur
2485 1150 2630 1204 enim
2697 1150 2752 1203 in
2820 1149 3066 1221 requiem
3113 1150 3202 1221 qui
3250 1150 3525 1205 credimus
3555 1171 3573 1207 :

1977 1260 1998 1283 α
2034 1238 2501 1309 quemadmodum
2552 1238 2703 1292 dixit.
2744 1260 2765 1285 α
2803 1238 2952 1292 Sicut
2983 1238 3163 1306 juravi
3203 1237 3257 1291 in
3303 1238 3383 1291 ira
3429 1254 3569 1303 mea,

1975 1346 1997 1376 ι
2033 1326 2079 1379 si
2110 1326 2409 1381 introibunt
2447 1327 2501 1379 in
2533 1326 2777 1397 requiem
2806 1341 2981 1380 meam
3015 1328 3170 1395 (Psal
3210 1341 3360 1393 xcrv,
3396 1326 3505 1396 11).
3545 1346 3568 1375 ι

1975 1434 1997 1459 «ι
2032 1415 2099 1468 Et
2133 1415 2361 1486 quidem
2409 1415 2669 1485 operibus
2713 1414 2779 1467 ab
2810 1413 3141 1468 institutione
3171 1414 3357 1467 mundi
3386 1414 3571 1484 perfe-

1973 1523 1995 1549 α
2023 1502 2122 1557 ctis
2158 1520 2170 1556 :
2205 1503 2340 1556 dixit
2373 1504 2515 1557 enim
2540 1503 2777 1573 quodam
2811 1502 2932 1556 loco
2964 1502 3032 1556 de
3062 1502 3149 1555 die
3181 1501 3412 1571 septima
3441 1502 3520 1557 sic
3553 1516 3566 1556 :

1972 1612 1994 1635 «
2030 1591 2097 1644 Et
2125 1590 2393 1661 requievit
2414 1592 2560 1644 Deus
2591 1590 2679 1645 die
2697 1589 2930 1660 septima
2951 1589 3018 1643 ab
3041 1589 3292 1643 omnibus
3311 1588 3570 1659 operibus

1973 1700 1994 1727 α
2032 1678 2146 1732 suis
2195 1680 2359 1745 (Gen.
2396 1695 2455 1743 ιι,
2489 1678 2565 1747 2).
2606 1702 2627 1725 υ
2662 1679 2730 1731 Et
2758 1678 2812 1731 in
2842 1678 2944 1732 isto
2989 1693 3202 1731 rursum
3239 1691 3250 1729 :
3286 1676 3341 1730 Si
3372 1676 3569 1731 introi-

260 1762 378 1818 bac
410 1763 581 1833 gratia
626 1781 747 1835 quae
780 1766 943 1819 etiam
975 1764 1178 1819 ultimis
1209 1766 1482 1831 tribuitur,
1518 1773 1749 1838 c0gnata
1780 1772 1861 1820 est
1889 1792 1942 1852 B
1970 1790 1990 1813 ιι
2028 1767 2160 1820 bunt
2188 1766 2241 1821 in
2289 1766 2533 1837 requiem
2579 1782 2777 1821 meam.
2831 1764 3102 1834 Quoniam
3142 1780 3285 1852 ergo
3317 1771 3570 1835 superest

258 1851 453 1923 gratias
481 1852 621 1907 datae
650 1852 704 1906 in
737 1853 930 1907 diebus
959 1853 1174 1921 Christi,
1211 1861 1419 1909 tantum
1449 1854 1640 1909 valens
1671 1862 1861 1924 poste-

259 1939 336 1993 ris
366 1948 626 2011 quantum
657 1941 973 2011 primitivis.

332 2028 726 2094 Adhortamini,
755 2030 995 2101 inquam,
1013 2034 1081 2085 ut
1102 2046 1217 2086 non
1238 2031 1545 2087 obduretur
1564 2032 1770 2104 aliquis
1788 2048 1862 2087 ea:

262 2116 413 2170 vobis
440 2118 699 2186 fallacia.
748 2118 950 2173 Scitote
1000 2118 1144 2173 enim
1175 2119 1319 2190 quod
1353 2119 1598 2174 diabolus
1626 2135 1724 2173 vos
1756 2118 1860 2173 fal-

260 2199 339 2267 lit,
374 2200 421 2254 si
468 2199 607 2255 forte
656 2202 1023 2256 obduramini.
1066 2203 1301 2259 Fallacia
1349 2204 1470 2259 dico
1516 2219 1684 2259 causa
1724 2220 1860 2275 pec-

260 2291 396 2353 cati,
434 2289 589 2359 quia,
623 2296 911 2361 postquam
940 2291 1201 2361 deceptus
1231 2300 1313 2346 est
1342 2291 1558 2362 aliquis,
1593 2292 1769 2362 magis
1798 2308 1861 2347 ac

257 2377 437 2447 magis
467 2377 664 2433 dehinc
694 2378 1063 2449 prazcipitatur
1090 2380 1146 2433 in
1176 2388 1481 2450 peccatum.
1508 2380 1729 2435 Debetis
1759 2397 1858 2435 vos

255 2465 532 2520 adhortari
563 2474 617 2521 et
656 2482 764 2521 non
796 2468 1090 2533 obdurare,
1126 2468 1267 2538 quia,
1303 2468 1448 2539 quod
1480 2484 1587 2521 non
1620 2484 1852 2536 eramus,

256 2554 443 2623 effecti
467 2571 664 2609 sumus
696 2572 794 2625 per
815 2556 1062 2625 gratiam,
1087 2558 1395 2627 participes
1422 2556 1654 2625 Christi,
1680 2557 1735 2610 id
1776 2564 1859 2611 est

254 2650 464 2711 partem
495 2642 772 2713 capientes
823 2660 947 2698 cum
976 2644 1191 2699 Christo
1222 2645 1276 2697 in
1308 2645 1624 2699 haereditate
1656 2645 1852 2699 Patris.

255 2731 365 2786 Hac
393 2739 572 2786 tamen
603 2732 915 2786 conditione
935 2733 1060 2787 dico
1084 2733 1400 2803 participes,
1424 2736 1474 2788 si
1504 2735 1855 2789 retineamus

250 2820 483 2887 ﬁrmum
504 2836 675 2891 usque
695 2821 769 2875 ad
788 2822 963 2889 ﬁnem
982 2823 1131 2888 vitae,
1159 2822 1306 2892 quod
1328 2837 1605 2892 nunquam
1627 2822 1855 2876 desera-

251 2922 373 2961 mus
403 2910 643 2963 initium
683 2910 1021 2964 substantia:
1051 2911 1191 2980 ejus,
1228 2910 1283 2963 id
1313 2918 1395 2963 est
1425 2909 1589 2965 fidem
1619 2927 1741 2981 quae
1772 2918 1856 2966 est

247 2994 461 3049 initium
492 2992 810 3063 bonorum,
864 3006 916 3051 et
963 3014 1063 3068 per
1103 2998 1247 3069 quod
1286 2999 1399 3066 jam
1430 2997 1766 3065 deificamur,
1802 3007 1856 3053 et

249 3084 447 3139 divinae
490 3085 809 3141 substantiae
839 3087 1244 3157 quodammodo
1283 3087 1700 3157 participamus.
1740 3088 1852 3143 Re-

248 3172 537 3239 tineamus,
570 3173 711 3241 dico,
744 3174 899 3238 dum,
925 3174 980 3229 id
1006 3182 1089 3230 est
1119 3175 1360 3246 quandiu
1385 3218 1397 3241 ,
1433 3176 1651 3231 dicitur
1678 3176 1735 3230 in
1764 3192 1855 3231 no-

249 3260 333 3314 bis
359 3277 371 3316 :
398 3262 565 3317 Hodie
587 3264 637 3316 si
662 3278 847 3318 vocem
871 3264 992 3332 ejus
1020 3263 1343 3332 audieritis,
1366 3265 1546 3318 nolite
1578 3264 1852 3320 obdurare

247 3349 415 3404 cora‘a
436 3354 640 3413 vestra,
658 3352 1125 3421 quemadmodum
1146 3356 1340 3422 patres
1362 3354 1537 3406 vestri
1552 3352 1854 3408 obdurave-

247 3445 371 3491 runt
392 3440 455 3493 in
472 3440 577 3493 illa
598 3439 1034 3495 exacerbatione
1055 3439 1305 3510 praefata.
1326 3441 1470 3494 Bene
1490 3440 1613 3495 dico
1644 3444 1699 3495 in
1723 3457 1852 3495 exa-

246 3526 578 3581 cerbatione.
610 3528 849 3594 Quidam
866 3530 1020 3583 enim
1045 3544 1249 3593 eorum,
1276 3529 1572 3584 audientes
1594 3530 1853 3584 mandata

249 3614 488 3682 Domini,
514 3616 1002 3671 exacerbaverunt
1021 3618 1214 3671 Deum.
1239 3618 1358 3672 Non
1383 3621 1578 3673 tamen
1599 3620 1851 3673 universi

248 3705 345 3774 qui
358 3704 602 3774 profecti
636 3708 773 3759 sunt
795 3706 862 3759 ab
895 3707 1128 3777 Egi/pta
1157 3721 1259 3776 per
1294 3706 1526 3777 Moysen,
1560 3706 1615 3760 id
1646 3716 1729 3761 est
1752 3722 1851 3777 per

248 3791 504 3846 ducatum
520 3792 693 3862 Moysi
713 3794 1172 3847 exacerbaverunt
1192 3796 1384 3859 Deum,
1401 3795 1530 3865 quia
1542 3810 1645 3850 nec
1658 3795 1844 3862 Caleb,

248 3896 353 3934 nec
401 3880 586 3934 Josue.
622 3880 882 3935 Similiter
914 3890 966 3935 et
997 3896 1094 3937 vos
1123 3881 1354 3951 profecti
1383 3883 1451 3935 ab
1490 3884 1724 3955 [Egypto
1750 3900 1851 3954 per

246 3965 489 4034 Moysen,
541 3964 596 4018 id
625 3972 708 4019 est
736 3982 766 4019 a
795 3965 1033 4020 tenebris
1083 3964 1417 4020 infidelitatis
1446 3983 1545 4036 per
1575 3967 1849 4022 Christum

247 4060 656 4107 consecrantem
687 4054 843 4108 vobis
884 4069 1079 4125 aquam
1115 4054 1486 4121 remissionis,
1521 4056 1685 4110 nolite
1714 4072 1848 4111 exa-

248 4142 474 4196 cerbare
486 4142 680 4198 Deum.
702 4144 843 4197 Vere
857 4143 1076 4213 quidam
1091 4144 1573 4208 exacerbaverant,
1596 4144 1722 4215 quia
1735 4148 1852 4217 qui-

250 4229 351 4283 bus
382 4232 640 4299 infensus
685 4234 771 4285 est
806 4232 953 4285 Deus
984 4231 1362 4303 quadraginta
1410 4234 1601 4300 annis,
1658 4250 1849 4289 nonne

246 4318 368 4372 illis
389 4320 484 4388 qui
501 4324 876 4389 peccaverunt
898 4320 972 4389 (et
992 4336 1101 4375 non
1123 4321 1363 4391 impune)
1388 4338 1455 4375 ne
1474 4321 1847 4391 impunitatem

245 4400 569 4469 promittatis
600 4402 774 4469 vobis,
802 4403 930 4474 quia
950 4404 1225 4459 cadavera
1248 4422 1485 4477 quorum
1505 4406 1846 4475 peccantium

1969 1871 1991 1901 α
2028 1851 2260 1905 introire
2308 1851 2573 1922 quosdam
2604 1851 2659 1904 in
2696 1850 2864 1914 illam,
2900 1857 2952 1903 et
2983 1849 3036 1902 hi
3066 1848 3263 1920 quibus
3292 1849 3569 1918 prioribus

1967 1960 1989 1988 α
2024 1939 2400 1993 annuntiatum
2450 1946 2552 2006 est,
2599 1954 2708 1993 non
2750 1937 3072 1992 introierunt
3117 1944 3342 2007 propter
3378 1937 3565 1993 incre-

1966 2048 1987 2073 α
2020 2027 2329 2096 dulitatem,
2362 2027 2557 2082 iterum
2604 2026 2855 2081 terminat
2884 2026 3027 2080 diem
3060 2025 3367 2096 quemdam,
3401 2024 3564 2080 hodie

1966 2115 2078 2168 «in
2123 2116 2315 2180 David,
2368 2116 2621 2181 dicendo,
2672 2123 2795 2185 post
2839 2122 3046 2168 tantum
3094 2113 3353 2183 temporis
3401 2113 3567 2182 (sicut

1966 2225 1988 2251 α
2025 2219 2189 2273 supra
2219 2204 2419 2259 dictum
2452 2205 2557 2273 est)
2590 2218 2604 2257 :
2640 2202 2813 2257 Hodie
2843 2201 2889 2255 si
2910 2217 3102 2257 vocem
3123 2202 3239 2271 ejus
3258 2201 3560 2268 audieritis,

1965 2312 1987 2342 ι
2022 2291 2191 2347 nolite
2222 2292 2497 2347 obdurare
2527 2291 2689 2346 corda
2719 2298 2920 2346 vestra.
2941 2291 3079 2345 Nam
3113 2288 3161 2343 si
3190 2289 3269 2344 eis
3291 2290 3449 2344 Jesus
3479 2305 3563 2345 re-

1964 2402 1985 2426 α
2022 2380 2204 2451 quiem
2247 2380 2612 2450 praestitisset,
2661 2394 2942 2450 nunquam
2992 2379 3060 2433 de
3105 2378 3209 2432 alia
3249 2377 3564 2449 loqueretur

1962 2492 1984 2515 α
2019 2470 2250 2538 posthac
2279 2469 2385 2523 die.
2442 2470 2629 2539 Itaque
2674 2467 3001 2538 relinquitur
3049 2466 3427 2520 Sabbatismus
3456 2481 3560 2536 po-

1962 2577 1983 2605 «
2016 2556 2143 2625 pulo
2175 2556 2293 2611 Dei.
2328 2556 2432 2626 Qui
2459 2556 2603 2611 enim
2635 2556 2916 2626 ingressus
2946 2562 3028 2609 est
3059 2554 3112 2607 in
3144 2554 3390 2624 requiem
3418 2554 3555 2623 ejus,

1962 2665 1985 2694 ε
2020 2645 2181 2699 etiam
2210 2646 2329 2715 ipse
2371 2644 2637 2716 requievit
2676 2644 2744 2697 ab
2793 2643 3052 2713 operibus
3098 2642 3233 2707 suis,
3280 2642 3418 2698 sicut
3450 2649 3500 2697 et
3527 2657 3559 2696 a

1963 2755 1984 2783 ι
2021 2733 2135 2787 suis
2165 2735 2329 2788 Deus.
2384 2733 2727 2788 Festinemus
2771 2748 2906 2805 ergo
2947 2731 3161 2801 ingredi
3202 2732 3257 2783 in
3286 2731 3433 2784 illam
3464 2746 3556 2785 re-

1962 2843 1985 2872 ι
2021 2822 2205 2893 quiem
2241 2837 2253 2875 :
2287 2829 2349 2876 ut
2375 2839 2443 2876 ne
2475 2822 2529 2876 in
2581 2822 2815 2892 idipsum
2845 2820 2967 2892 quis
3011 2820 3215 2875 incidat
3258 2819 3557 2874 increduli-

1961 2933 1983 2957 «
2023 2911 2150 2965 tatis
2181 2911 2512 2981 exemplum.
2558 2910 2725 2966 Vivus
2760 2917 2843 2965 est
2872 2908 3015 2963 enim
3043 2922 3222 2962 sermo
3266 2908 3365 2961 Dei
3388 2915 3441 2962 et
3470 2906 3555 2962 ef-

1962 3021 1983 3048 α
2018 2997 2176 3066 ficax,
2207 3007 2259 3054 et
2287 2998 2673 3069 penetrabilior
2701 2998 2849 3054 omni
2870 2997 3052 3067 gladio
3073 2995 3311 3066 ancipiti,
3347 3004 3399 3050 et
3420 3011 3552 3065 per-

1960 3110 1981 3133 α
2018 3088 2237 3160 tingens
2268 3103 2443 3158 usque
2493 3088 2563 3141 ad
2607 3086 2930 3142 divisionem
2970 3085 3164 3139 anima:
3193 3100 3259 3140 ac
3289 3084 3507 3154 spiritus
3542 3098 3555 3139 :

1959 3198 1980 3222 α
2018 3190 2349 3248 compagum
2398 3192 2616 3246 quoque
2668 3191 2731 3230 ac
2778 3175 3161 3240 medullarum,
3208 3180 3261 3228 et
3288 3173 3557 3228 discretor

1960 3286 1981 3310 «
2004 3264 2414 3335 cogitationum,
2437 3272 2489 3317 et
2516 3263 2876 3317 intentionum
2897 3263 3076 3319 cordis
3099 3263 3293 3332 (Eceli.
3318 3277 3415 3329 xv,
3439 3264 3552 3332 20).

1958 3373 1980 3402 ι
2017 3353 2083 3406 Εῑ
2114 3367 2223 3407 non
2256 3359 2340 3405 est
2386 3350 2499 3405 ulla
2547 3358 2796 3405 creatura
2839 3350 3127 3406 invisibilis
3174 3351 3229 3404 in
3261 3358 3556 3421 conspectu

1958 3461 1980 3490 ι
2019 3440 2154 3508 ejus.
2206 3438 2404 3494 Omnia
2449 3446 2628 3493 autem
2679 3439 2823 3493 nuda
2871 3447 2921 3493 et
2974 3446 3160 3508 aperta
3211 3446 3333 3492 sunt
3380 3438 3553 3493 oculis

1958 3551 1979 3575 α
2017 3530 2153 3597 ejus,
2190 3528 2259 3582 ad
2292 3544 2454 3598 quem
2477 3528 2635 3583 nobis
2667 3543 2868 3582 sermo.
2905 3527 3180 3581 Habentes
3212 3542 3345 3597 ergo
3374 3526 3551 3596 ponti-

1957 3639 1979 3664 α
2014 3616 2171 3672 ficem
2200 3632 2461 3687 magnum
2491 3616 2583 3687 qui
2611 3615 2917 3686 penetravit
2945 3614 3133 3681 caelos,
3152 3614 3337 3668 Jesum
3358 3613 3552 3668 Filium

1957 3726 1979 3755 ι
2016 3705 2135 3771 Dei,
2181 3712 2465 3760 teneamus
2515 3705 2632 3774 spei
2680 3711 2882 3758 nostra;
2939 3701 3366 3759 confessionem.
3428 3702 3551 3756 Non

1956 3816 1977 3841 α
2013 3793 2157 3848 enim
2185 3794 2448 3848 habemus
2496 3791 2826 3863 pontificem,
2861 3791 2952 3862 qui
2979 3806 3087 3846 non
3118 3789 3293 3861 possit
3319 3788 3552 3860 compati

1956 3903 1979 3929 α
2011 3880 2413 3935 infirmitatibus
2453 3881 2673 3947 nostris,
2722 3888 2986 3935 tentatum
3027 3886 3206 3934 autem
3244 3895 3342 3949 per
3369 3877 3550 3933 omnia

1956 3992 1977 4019 ι
2012 3986 2110 4040 pro
2153 3970 2502 4024 similitudine
2545 3970 2754 4040 absque
2792 3976 3035 4039 peccato.
3087 3967 3363 4021 Adeamus
3412 3981 3549 4038 ergo

1958 4080 1978 4108 ι
2012 4074 2137 4114 cum
2174 4057 2368 4113 ﬁducia
2407 4059 2474 4112 ad
2524 4060 2777 4113 thronum
2821 4058 3014 4128 gratia:
3056 4056 3191 4124 ejus,
3242 4063 3300 4109 ut
3327 4054 3547 4110 miseri-

1956 4169 1977 4195 α
2013 4147 2258 4202 cordiam
2302 4162 2724 4217 consequamur,
2770 4153 2823 4200 et
2861 4145 3090 4217 gratiam
3119 4144 3463 4199 inveniamus
3492 4142 3549 4198 in

1955 4257 1976 4282 α
2011 4234 2220 4290 auxilio
2251 4243 2579 4306 opportuno.
2620 4260 2641 4283 υ

2590 4336 2909 4377 EXPOSITIO.

2020 4413 2087 4467 Et
2115 4411 2242 4483 quia
2271 4419 2497 4482 propter
2523 4410 2959 4466 incredulitatem
2988 4409 3195 4465 intrare
3226 4423 3335 4465 non
3365 4416 3549 4479 potue-

240 4494 537 4560 proslrata
556 4495 696 4545 sunt
711 4492 772 4545 in
804 4492 1058 4549 deserto?
1079 4492 1192 4546 Illis
1221 4493 1405 4564 utique
1428 4495 1575 4548 Deus
1598 4493 1841 4549 infensus
1870 4498 1925 4561 D
1947 4508 2073 4554 runt
2094 4500 2149 4554 in
2170 4500 2432 4571 requiem,
2460 4499 2625 4572 igitur
2650 4501 2955 4555 timeamus
2975 4515 3046 4554 ne
3067 4501 3218 4569 forte
3237 4498 3315 4553 ali
3326 4500 3449 4570 quis
3470 4513 3546 4553 ea:

245 4575 366 4630 fuit.
396 4577 635 4633 369
660 4580 859 4633 lterum
882 4580 951 4634 ad
972 4580 1150 4634 idem:
1181 4582 1385 4648 Quibus
1416 4586 1611 4638 autem
1624 4585 1847 4654 juravit

249 4665 397 4719 Deus
417 4682 531 4721 non
560 4668 802 4723 introire
830 4670 893 4723 in
910 4670 1157 4740 requiem
1176 4671 1373 4740 ipsius,
1392 4670 1446 4724 id
1476 4672 1629 4725 estin
1659 4672 1847 4727 cmles-

247 4762 355 4807 tem
378 4753 735 4823 Hierusalem,
769 4755 861 4809 ubi
894 4764 974 4810 est
1008 4772 1134 4812 vera
1166 4758 1405 4828 requies,
1440 4760 1558 4815 nisi
1596 4761 1715 4815 illis
1751 4761 1846 4832 qui

246 4845 488 4911 fuerunt
516 4843 898 4899 increduli:et
916 4845 969 4898 in
992 4845 1176 4900 verbis
1188 4847 1406 4901 Domini
1427 4846 1587 4902 fidem
1620 4864 1729 4903 non
1757 4850 1849 4902 ha-

252 4930 527 4985 buerunt?
558 4931 768 4998 Quibus
797 4949 898 5003 pro
929 4942 1154 5003 peccato
1185 4936 1468 5005 prostratis
1501 4935 1636 4991 sicut
1662 4937 1845 4991 abstu-

249 5017 312 5071 lit
351 5025 551 5071 terram
591 5021 1070 5090 repromissionis;
1106 5023 1186 5077 sic
1225 5039 1406 5078 veram
1454 5025 1693 5096 requiem
1725 5041 1846 5096 qua:

248 5105 664 5178 significabatur
702 5126 804 5179 per
851 5110 997 5164 illam
1044 5118 1248 5166 terram
1286 5127 1298 5165 :
1333 5113 1523 5169 Videte
1566 5114 1747 5185 itaque
1778 5130 1847 5170 ne

247 5209 347 5248 vos
376 5194 643 5251 increduli
675 5197 845 5268 (quod
874 5198 1057 5270 utique
1089 5200 1242 5270 estis)
1268 5200 1313 5254 si
1343 5202 1525 5271 legem
1555 5203 1711 5274 quasi
1744 5220 1845 5258 ne-

250 5284 551 5338 cessariam
583 5284 709 5339 tidei
748 5286 1010 5341 reducitis
1043 5304 1152 5342 non
1181 5290 1468 5344 credentes
1498 5307 1660 5360 posse
1685 5292 1845 5359 justi-

251 5369 420 5426 ficare
464 5373 637 5426 Deum
687 5390 784 5443 pro
838 5375 1215 5432 incredulitate
1256 5393 1364 5432 non
1404 5378 1611 5433 intretis
1649 5380 1705 5433 in
1760 5397 1846 5436 re-

252 5459 453 5530 quiem.
496 5463 641 5515 Deus
686 5462 907 5533 quidem
942 5464 1145 5532 juravit
1187 5482 1283 5521 eos
1321 5482 1428 5521 non
1468 5468 1764 5524 intraturos
1790 5470 1847 5523 in

249 5548 492 5621 requiem
527 5558 616 5607 :et
646 5550 783 5607 sicut
814 5552 1045 5624 juravit,
1077 5553 1354 5625 impletum
1386 5556 1635 5613 videmus
1669 5573 1680 5613 :
1713 5561 1847 5631 quia

1947 4589 2105 4643 nobis
2133 4590 2504 4645 existimetur
2523 4588 2821 4643 secundum
2851 4587 3134 4643 veritatem
3151 4588 3338 4642 deesse
3355 4587 3426 4641 ab
3455 4585 3549 4641 illa

1945 4678 2153 4749 requie.
2190 4678 2296 4732 Sed
2340 4677 2618 4748 praemittit
2657 4676 3071 4747 possibilitatem
3104 4674 3411 4730 introeundi
3440 4689 3547 4728 no-

1944 4766 2029 4819 bis
2061 4782 2377 4821 concessam
2394 4766 2603 4821 dicens.
2628 4766 2956 4831 Timeamus,
2979 4766 3223 4836 inquam,
3246 4779 3317 4818 ne
3340 4763 3546 4817 relicta

1944 4854 2445 4926 pollicitatione,id
2460 4863 2541 4909 est
2553 4854 2825 4925 frequenti
2839 4853 3202 4924 promissione
3214 4850 3547 4905 introeundi

1944 4943 2005 4997 in
2038 4945 2287 5015 requiem
2318 4944 2457 5012 ejus,
2476 4942 2684 4998 scilicet
2700 4942 2798 4997 Dei
2832 4960 2844 4995 :
2877 4942 3022 4996 unde
3054 4956 3153 4995 nos
3182 4940 3385 4993 habere
3413 4953 3545 4993 con-

1946 5038 2050 5085 stat
2089 5030 2402 5085 facultatem
2441 5030 2768 5096 introeundi,
2817 5047 2906 5096 ne,
2946 5030 3190 5100 inquam,
3225 5029 3326 5083 hac
3356 5027 3543 5083 relicta

1946 5136 2047 5190 per
2076 5118 2511 5174 incredulitatem
2554 5119 2888 5173 existimetur
2916 5117 3115 5189 aliquis
3146 5124 3392 5172 nostrum
3438 5117 3543 5172 de-

1947 5225 2068 5264 esse
2100 5223 2132 5262 a
2160 5208 2368 5280 requie.
2401 5209 2544 5263 Bene
2566 5207 2688 5263 dico
2710 5206 3124 5277 pollicitatione;
3148 5206 3361 5262 etenim
3384 5207 3541 5263 nobis

1946 5298 2286 5352 nuntiatum
2331 5301 2416 5352 est
2459 5296 2949 5369 (quemadmodum
2978 5300 3034 5351 et
3062 5297 3206 5361 illis)
3248 5312 3349 5365 per
3376 5294 3542 5350 ﬁdem

1944 5402 2109 5456 posse
2156 5386 2361 5440 intrare
2412 5386 2468 5439 in
2518 5384 2779 5456 requiem.
2826 5384 2937 5437 lllis
2975 5383 3196 5455 quidem
3236 5383 3541 5437 nuntiatum

1946 5474 2063 5540 fuit,
2106 5475 2199 5529 sed
2221 5482 2402 5529 tamen
2442 5490 2556 5530 non
2581 5474 2802 5545 pro/uit
2830 5473 2950 5527 illis
2980 5488 3160 5528 sermo
3189 5470 3540 5525 nuntiationis

1946 5564 2177 5620 auditus
2195 5570 2422 5630 tantum,
2453 5570 2506 5618 et
2527 5576 2643 5619 non
2675 5562 2958 5620 admistus
2982 5562 3134 5631 ﬁdei,
3168 5567 3227 5615 ut
3258 5560 3543 5619 crederent
