3966 6050
390 214 497 271 507

952 215 1009 270 S.
1050 214 1405 273 BRUNONIS
1443 212 2088 273 CARTHUSIANORUM
2124 214 2607 273 INSTITUTORIS
2645 214 2797 273 OPP.
2839 217 3017 274 PARS
3054 218 3121 273 II.

3580 221 3685 273 508

395 336 484 394 his
512 337 666 410 quia
694 339 810 394 Deo
852 338 1166 395 audiebant.
1201 338 1353 395 Fidei
1381 340 1506 396 dico
1535 347 1771 411 acceptae
1800 356 1875 395 ex
1902 338 1989 393 his
2019 336 2249 399 Afectis
2295 339 2551 410 cperibus
2601 340 2906 395 nuntiatum
2950 348 3033 396 est
3078 340 3256 396 nobis.
3316 342 3478 398 Dixit
3530 344 3686 398 enim

399 444 521 500 quie
550 427 881 493 audierunt,
916 434 972 481 ut
1004 427 1141 482 sicut
1161 428 1471 493 audiebant,
1499 428 1577 484 sic
1598 430 1771 484 Deum
1798 427 1995 498 imple-

398 524 581 570 turum
608 516 917 571 crederent.
950 516 1049 570 Vel
1079 516 1149 569 ita
1187 535 1199 570 :
1232 517 1425 571 Sermo
1455 516 1667 571 auditus
1684 525 1738 571 et
1759 534 1867 571 non
1891 518 1995 571 ad-

398 603 589 658 mistus
621 603 771 670 fidei,
828 620 893 658 ex
942 602 1047 669 his,
1079 604 1135 659 id
1182 611 1264 659 est
1308 613 1529 675 propter
1558 621 1620 659 ea
1651 622 1772 675 quae
1801 605 1994 659 audie-

398 699 525 747 runt
540 693 611 747 ab
632 691 738 746 illis
761 692 1196 762 exploratoribus
1221 694 1481 762 reversis,
1506 709 1617 748 non
1633 693 1836 764 profuit
1864 694 1990 748 illis.

398 781 709 839 Secundum
740 782 880 836 hanc
912 780 1235 836 sententiam
1267 782 1337 835 ad
1368 780 1650 837 historiam
1679 798 1781 837 nos
1810 782 1990 849 mittit,

396 870 613 941 quando
644 868 933 923 duodecim
964 869 1346 939 eXploratnres
1374 870 1527 923 missi
1545 885 1577 923 a
1597 871 1784 940 Moyse
1804 886 1995 926 rever-

398 965 571 1012 tentes
602 964 911 1013 terruerunt
953 956 1092 1012 ﬁlios
1135 958 1324 1025 Israel,
1371 959 1617 1013 dicentes
1646 958 1833 1029 (Num.
1866 974 1990 1026 xm,

398 1051 487 1114 28,
522 1048 611 1117 34)
645 1064 657 1099 :
691 1048 909 1101 Terram
932 1046 1153 1118 quidem
1176 1062 1299 1101 esse
1316 1046 1651 1103 fructiferam
1686 1063 1697 1101 :
1730 1048 1826 1102 sed
1855 1047 1994 1102 ﬁlios

398 1135 660 1191 Enachim
686 1135 759 1188 ibi
789 1152 911 1190 esse
940 1135 1213 1207 gigantem
1243 1142 1482 1201 staturae,
1509 1128 1741 1207 quorum
1771 1136 1825 1189 in
1855 1152 1993 1192 con-

400 1232 588 1295 spectu
622 1231 765 1278 stare
808 1239 915 1278 non
956 1230 1211 1294 possent;
1247 1223 1444 1293 quibus
1475 1232 1527 1278 et
1555 1224 1863 1292 hujusmodi
1892 1241 1993 1279 au-

399 1312 525 1366 ditis
545 1312 796 1366 dixerunt
838 1330 851 1364 :
890 1333 910 1361 a
937 1311 1219 1367 Faciamus
1246 1311 1315 1366 3
1332 1311 1396 1366 ’7
1409 1311 1501 1367 0
1542 1312 1699 1367 nobis
1720 1313 1909 1368 ducem
1943 1320 1996 1367 et

400 1408 742 1455 revertamur
773 1400 826 1453 in
860 1400 1146 1469 [Egyptum
1178 1400 1367 1469 (Num.
1398 1415 1519 1465 xxv,
1552 1400 1628 1469 4),
1666 1421 1687 1449 ιο
1724 1401 1780 1454 in
1808 1401 1995 1457 incre-

400 1488 622 1543 dulitate
671 1488 1063 1543 exacerbantes
1110 1489 1304 1542 Deum.
1357 1488 1499 1542 Vere
1554 1504 1734 1543 sermo
1780 1489 1995 1544 auditus

402 1583 607 1629 tantum
640 1574 766 1646 quia
803 1590 913 1629 non
947 1582 1030 1629 est
1076 1574 1344 1629 admistus
1374 1574 1520 1643 ﬁdei,
1556 1570 1662 1631 non
1693 1575 1895 1646 profuit
1924 1576 1993 1630 il-

400 1663 469 1719 lis
504 1682 517 1718 :
550 1679 674 1717 nam
703 1663 824 1734 quia
851 1663 905 1717 in
951 1662 1108 1717 nobis
1155 1672 1237 1718 est
1280 1663 1544 1718 admistus
1584 1663 1711 1719 ﬁdei
1752 1665 1994 1735 proderit

400 1751 576 1808 nobis.
610 1754 785 1807 Locus
815 1767 848 1806 a
875 1751 1181 1807 contrariis.
1217 1752 1377 1820 Quod
1394 1753 1464 1806 ita
1483 1752 1555 1807 ait
1580 1770 1591 1807 :
1616 1755 1729 1809 Nos
1751 1756 1848 1826 qui
1866 1770 1993 1810 cre-

399 1842 663 1907 didimus,
698 1841 753 1895 id
784 1848 865 1895 est
895 1840 985 1912 qui
1015 1838 1178 1895 ﬁdem
1217 1840 1414 1895 auditis
1444 1842 1853 1907 admiscuimus,
1904 1844 1995 1898 in-

399 1932 719 2004 grediemur
766 1931 829 1984 in
869 1946 1050 1985 veram
1082 1932 1330 2001 requiem
1363 1948 1381 1984 :
1415 1931 1569 1998 cujus
1599 1939 1651 1985 et
1682 1929 1913 2000 ﬁguram
1945 1939 1997 1985 et

402 2018 690 2075 veritatem
734 2018 811 2072 illi
850 2018 998 2089 (quia
1027 2018 1315 2087 increduli)
1345 2018 1715 2088 perdiderunt.
1748 2020 1883 2084 Nos,
1914 2019 1997 2072 in-

406 2124 591 2179 quam,
641 2107 1050 2178 ingrediemur;
1084 2106 1551 2179 quemadmodum
1585 2108 1739 2162 dixit
1769 2122 1869 2162 nos
1897 2124 1998 2177 per

407 2194 568 2249 ﬁdem
592 2195 938 2267 ingressuros
960 2214 973 2260 ;
997 2194 1088 2248 ubi
1106 2194 1179 2248 ait
1215 2212 1227 2249 :
1252 2195 1409 2250 Sicut
1420 2196 1617 2265 juravi
1638 2196 1700 2249 in
1722 2196 1811 2250 ira
1829 2212 1955 2251 mea
1979 2215 1996 2251 :

406 2285 464 2339 Si
496 2283 819 2339 introibant
851 2286 911 2338 in
945 2285 1194 2355 requiem
1225 2300 1431 2338 meam.
1466 2283 1535 2336 Et
1565 2284 1668 2338 hoc
1696 2284 1881 2339 dicere
1902 2283 1999 2338 fuit

406 2388 507 2441 per
553 2372 900 2437 contrarium,
964 2372 1091 2443 quia
1132 2371 1222 2426 ubi
1272 2371 1394 2426 illos
1438 2380 1665 2443 propter
1711 2372 2000 2428 increduli-

406 2470 569 2517 tatem
599 2477 709 2516 non
755 2461 1049 2516 intraturos
1097 2459 1230 2515 dixit
1272 2460 1327 2514 in
1376 2462 1637 2531 requiem,
1671 2461 1872 2516 ibidem
1903 2478 2001 2531 per

408 2551 742 2607 contrarium
772 2565 893 2615 nos,
947 2549 1075 2619 quia
1106 2549 1378 2604 credimus
1409 2549 1539 2603 dixit
1570 2550 1916 2620 ingressuros
1946 2550 1999 2603 in

407 2640 670 2710 requiem.
703 2638 801 2693 Vel
823 2638 1039 2709 singula
1069 2638 1358 2693 reddamus
1383 2638 1633 2707 singulis.
1652 2638 1823 2692 Nobis
1854 2655 1999 2692 nun-

410 2726 596 2781 tiatum
627 2733 709 2781 est
738 2726 804 2781 de
854 2726 1044 2797 requie
1091 2725 1201 2792 illa,
1235 2725 1361 2797 quia
1409 2742 1510 2781 nos
1550 2726 1640 2797 qui
1668 2726 2001 2782 credidimus

408 2815 778 2888 ingrediemur
824 2814 1066 2886 requiem
1100 2832 1113 2867 :
1146 2814 1234 2867 ilis
1283 2830 1393 2868 non
1442 2814 1644 2885 profuit
1686 2830 1865 2869 sermo
1896 2831 2000 2870 au-

410 2904 555 2959 ditus
585 2911 811 2969 tantum,
864 2903 1325 2973 quemadmodum
1366 2903 1499 2956 dixit
1535 2918 1546 2956 :
1581 2903 1719 2958 sicut
1742 2904 1919 2972 juravi
1947 2904 2000 2958 in

408 2993 489 3049 ira
518 3009 639 3047 mea
669 2993 715 3047 si
745 2992 1036 3047 introibunt
1064 2992 1120 3046 in
1150 2991 1397 3063 requiem
1424 3007 1623 3047 meam.

479 3082 624 3136 Dixit
664 3081 915 3152 superius
949 3099 961 3135 :
995 3080 1187 3135 Videte
1216 3096 1284 3136 ne
1335 3080 1401 3134 sit
1445 3080 1498 3134 in
1545 3081 1726 3153 aliquo
1756 3088 1996 3136 vestrum

410 3186 508 3226 cor
522 3169 931 3236 incredulitatis,
956 3168 1084 3241 quia
1105 3176 1327 3239 propter
1346 3168 1773 3225 incredulitatem
1797 3185 1905 3224 non
1927 3169 2003 3223 in-

410 3267 691 3314 traverunt
721 3258 774 3312 in
806 3257 1048 3329 requiem
1078 3258 1396 3328 pollicitam,
1429 3258 1496 3313 de
1525 3275 1629 3330 qua
1648 3258 1839 3329 requie
1867 3275 2004 3313 nun-

412 3348 602 3403 tiatum
637 3355 720 3402 est
766 3347 944 3412 vobis,
978 3348 1124 3418 quod
1153 3347 1198 3400 si
1244 3346 1405 3402 ﬁdem
1437 3348 1711 3413 habeatis,
1744 3348 1884 3403 hanc
1915 3365 2003 3402 re-

414 3436 594 3509 quiem
624 3436 830 3491 habere
861 3435 1107 3507 potestis.
1141 3434 1350 3505 Quibus
1382 3444 1563 3490 autem
1595 3436 1792 3502 modis,
1818 3444 1869 3491 et
1886 3436 2006 3507 qui-

410 3526 513 3580 bus
559 3526 893 3597 temporibus
941 3524 1240 3579 nuntiatum
1272 3524 1341 3579 sit
1371 3524 1672 3595 subjungit,
1709 3525 2004 3579 ostendens

412 3614 547 3669 duas
577 3614 943 3669 nuntiationes
986 3614 1054 3667 de
1104 3614 1207 3668 hac
1254 3612 1444 3683 requie
1488 3611 1656 3667 factas
1706 3628 1828 3667 esse
1859 3611 1913 3666 in
1944 3610 2005 3665 ﬁ-

413 3719 568 3774 gura,
601 3703 727 3774 quia
754 3718 915 3757 nemo
944 3702 1120 3757 adhuc
1149 3700 1393 3771 requiem
1423 3700 1575 3755 illam
1612 3700 1813 3754 habere
1844 3708 2004 3770 pote-

412 3798 499 3846 rat
532 3805 544 3843 :
580 3792 733 3859 cujus
766 3790 969 3861 requiei
1009 3789 1166 3844 tertia
1209 3788 1470 3843 nuntiatio
1500 3788 1639 3843 facta
1670 3796 1780 3855 est,
1812 3804 1923 3843 non
1951 3789 2004 3842 in

416 3878 609 3952 ﬁgura,
642 3879 740 3933 sed
770 3878 823 3932 in
873 3879 988 3948 ipsa
1030 3877 1275 3945 veritate,
1327 3876 1542 3947 quando
1583 3877 1695 3945 jam
1736 3884 1789 3930 et
1820 3877 2007 3932 haberi

418 3974 655 4039 poterat,
688 3974 741 4021 et
771 3966 1072 4020 habebatur
1118 3966 1237 4035 ipsa
1282 3967 1521 4035 requies,
1575 3964 1781 4020 scilicet
1810 3965 1863 4019 in
1886 3966 2007 4020 die-

416 4056 518 4111 bus
549 4056 752 4129 gratiae.
790 4055 989 4109 Littera
1018 4054 1098 4110 sic
1119 4053 1366 4125 jungitur
1395 4070 1407 4106 :
1444 4054 1521 4108 De
1552 4053 1741 4125 requie
1776 4054 1869 4108 illa
1898 4054 2007 4108 uti-

416 4162 523 4217 que
552 4146 852 4200 nuntiatum
902 4151 981 4198 est
1024 4142 1181 4197 nobis
1214 4158 1226 4196 :
1258 4159 1382 4196 nam
1418 4150 1471 4197 et
1500 4142 1554 4196 in
1584 4143 1687 4197 hoc
1717 4142 1836 4198 loco
1867 4151 1919 4197 et
1954 4143 2010 4197 in

417 4234 530 4300 illo,
566 4242 618 4289 et
644 4234 699 4287 in
728 4232 851 4288 alio.
902 4232 1039 4285 Illud
1070 4236 1125 4287 et
1153 4231 1497 4286 diversitates
1538 4231 1786 4287 locorum
1821 4231 1913 4285 ubi
1942 4229 2012 4287 de

416 4322 603 4393 requie
633 4321 815 4393 agitur
862 4318 1132 4390 signiﬁcat
1166 4333 1178 4372 :
1212 4318 1345 4373 illud
1373 4319 1597 4392 quidem
1627 4318 2011 4375 discretionem

2025 3046 2075 3109 C

2097 426 2379 498 Scriptura
2408 428 2495 484 vel
2522 431 2740 499 Moyses
2770 430 2831 484 in
2851 428 3091 502 quodam
3111 430 3227 485 loco
3250 430 3315 485 de
3336 432 3578 503 septima
3600 430 3691 486 die

2095 516 2196 571 sic.
2233 516 2361 571 Ideo
2411 532 2521 572 non
2559 517 2930 572 determinans
2968 518 3150 573 locum
3181 518 3311 575 dicit
3351 518 3408 572 in
3454 519 3689 590 quodam

2094 603 2237 669 loco,
2272 605 2399 675 quia
2429 614 2482 660 et
2528 605 2620 661 hic
2662 606 2812 661 locus
2860 606 3148 676 Scriptura
3199 606 3330 661 satis
3378 615 3539 662 notus
3571 615 3693 662 erat

2094 692 2222 757 illis,
2257 700 2310 747 et
2338 693 2461 764 quia
2493 693 2582 749 hic
2605 694 2760 749 locus
2789 694 3055 749 discretus
3077 703 3129 749 et
3149 695 3406 767 egregius
3431 702 3570 764 erat,
3597 695 3694 749 ubi

2095 780 2163 834 de
2193 780 2491 836 salvatione
2524 798 2704 837 sermo
2733 783 3038 837 habebatur
3071 798 3082 837 :
3113 783 3397 854 dignitate,
3444 783 3688 855 inquam,

2095 869 2367 924 discretus
2396 871 2467 924 ab
2495 870 2622 937 illis,
2672 871 2763 925 ubi
2810 871 2880 926 de
2909 879 3064 927 tauro
3103 871 3435 927 immolando
3467 872 3696 927 habetur

2097 973 2300 1012 sermo.
2337 959 2433 1013 Vel
2465 959 2511 1012 si
2557 959 2630 1011 ibi
2660 974 2766 1013 non
2808 959 2897 1025 sit,
2930 960 3096 1027 enim,
3128 960 3260 1013 nihil
3288 968 3498 1030 oportet
3527 976 3690 1031 repe-

2098 1053 2231 1111 tere,
2267 1046 2363 1100 sed
2412 1046 2655 1101 dicamus
2686 1047 2945 1117 operibus
2975 1048 3253 1119 perfectis.
3288 1048 3433 1102 Dixit
3464 1048 3518 1102 in
3550 1064 3693 1120 quo-

2096 1134 2223 1187 dam
2272 1134 2392 1190 loco
2422 1135 2490 1189 de
2520 1136 2608 1189 die
2638 1136 2885 1205 septima,
2922 1136 3002 1191 sic
3031 1136 3165 1190 illud
3196 1143 3247 1191 et
3275 1136 3422 1207 quod
3450 1137 3696 1208 sequitur

2096 1222 2205 1276 vim
2254 1223 2419 1278 habet
2467 1223 2523 1277 in
2572 1223 2765 1278 ordine
2816 1225 3031 1290 litterae,
3076 1225 3221 1279 unde
3270 1232 3546 1295 sumptum
3574 1234 3693 1292 est;

2097 1311 2250 1381 quasi
2281 1311 2491 1367 diceret
2521 1329 2533 1365 :
2568 1313 2684 1367 Hoc
2742 1320 2793 1366 et
2835 1314 2940 1368 hoc
2969 1312 3096 1368 fecit
3125 1314 3302 1379 Deus;
3337 1317 3391 1369 et
3429 1314 3513 1367 his
3542 1314 3694 1370 factis

2097 1401 2369 1471 requievit
2399 1401 2487 1455 die
2518 1402 2781 1472 septima.
2805 1400 2927 1455 Non
2959 1400 3156 1455 dicitur
3171 1402 3318 1456 Deus
3339 1402 3691 1472 requievisse,

2096 1487 2253 1559 quasi
2283 1488 2373 1558 qui
2418 1487 2606 1543 labore
2652 1488 2833 1559 aliquo
2881 1496 3203 1554 vexaretur;
3236 1489 3335 1544 sed
3378 1499 3435 1544 ut
3467 1506 3567 1560 per
3592 1491 3695 1547 hoc

2098 1574 2429 1646 signiﬁcaret
2459 1576 2699 1648 requiem
2731 1576 2966 1631 futuram
2997 1577 3070 1631 ait
3099 1595 3113 1631 :
3143 1579 3288 1633 Deus
3308 1580 3602 1650 requievit,
3636 1578 3692 1633 id

2099 1672 2181 1718 est
2213 1664 2446 1719 cessavit
2491 1666 2557 1720 ab
2608 1665 2858 1719 omnibus
2885 1666 3142 1737 operibus
3185 1669 3325 1732 suis,
3369 1667 3517 1737 quod
3560 1666 3694 1721 nihil

2097 1759 2293 1821 postea
2346 1761 2673 1822 operaturus
2703 1753 2801 1819 sit;
2833 1768 2986 1822 cujus
3031 1754 3253 1809 materia
3282 1755 3369 1809 vel
3399 1754 3695 1810 similitudo

2098 1840 2151 1894 in
2182 1840 2346 1910 priori
2377 1842 2655 1896 creatione
2689 1858 2796 1896 non
2822 1842 3188 1911 prmcesserit,
3212 1843 3433 1897 materia
3454 1843 3510 1898 in
3530 1843 3694 1898 rebus

2099 1928 2416 1999 corporeis;
2449 1929 2747 1984 similitudo
2799 1929 2853 1983 in
2898 1930 3181 1999 corporeis
3218 1938 3275 1984 ut
3304 1931 3358 1984 in
3385 1931 3691 1985 animabus.

2097 2017 2285 2071 Statim
2318 2024 2471 2071 sexta
2509 2016 2646 2071 feria
2692 2016 2838 2073 facto
2867 2018 3106 2082 homine,
3142 2018 3377 2073 Sabbato
3407 2019 3691 2090 requievit,

2099 2105 2255 2175 quasi
2301 2121 2402 2174 per
2450 2106 2553 2159 hoc
2603 2105 2807 2161 diceret
2851 2106 3057 2161 homini
3092 2122 3103 2160 :
3137 2107 3194 2162 Si
3249 2108 3512 2162 obediens
3561 2107 3694 2161 mihi

2099 2192 2283 2259 fueris,
2320 2194 2437 2247 haec
2463 2193 2657 2248 eadem
2689 2194 2904 2265 requies
2934 2204 3151 2265 peracta
3171 2196 3479 2250 obedientia
3507 2204 3695 2265 parata

2100 2288 2182 2335 est
2211 2280 2325 2335 tibi.
2384 2281 2487 2336 Ubi
2515 2281 2590 2336 ait
2624 2297 2636 2335 :
2670 2283 2939 2353 requievit
2976 2283 3064 2337 die
3094 2283 3342 2354 septima,
3389 2284 3467 2339 sic
3510 2283 3579 2338 de
3608 2301 3697 2338 re-

2105 2370 2229 2440 quie
2260 2370 2561 2424 nuntiatum
2594 2377 2698 2436 est,
2732 2380 2788 2425 ut
2818 2379 2871 2425 et
2902 2370 3079 2443 ﬁgura
3111 2372 3314 2442 requiei
3343 2379 3696 2442 exspectare-

2099 2466 2204 2523 tur,
2242 2457 2448 2513 scilicet
2480 2466 2626 2513 terra
2677 2459 3141 2528 repromissionis.
3183 2461 3249 2514 Et
3278 2460 3475 2514 veritas
3504 2459 3697 2533 ﬁgurae

2100 2546 2154 2601 in
2186 2546 2381 2601 diebus
2431 2547 2653 2614 Christi,
2705 2556 2829 2602 ante
2878 2565 3042 2618 quem
3090 2563 3250 2603 nemo
3294 2564 3479 2603 veram
3508 2548 3692 2603 habuit

2100 2636 2364 2706 requiem.
2409 2635 2558 2690 Sicut
2604 2636 2657 2689 in
2701 2635 2924 2707 praefato
2971 2636 3112 2700 loco.
3163 2636 3243 2691 sic
3292 2637 3452 2691 etiam
3502 2638 3555 2690 in
3586 2636 3694 2692 isto

2101 2740 2319 2778 rursum
2366 2724 2670 2778 nuntiatum
2718 2732 2827 2779 est.
2881 2725 2978 2779 Vel
3024 2724 3154 2780 dicit
3202 2725 3482 2795 Scriptura
3510 2725 3579 2780 de
3610 2741 3696 2780 re-

2103 2812 2226 2883 quie
2256 2812 2349 2867 illa
2381 2812 2471 2866 ubi
2500 2812 2574 2867 ait
2603 2829 2818 2867 rursum
2847 2813 2917 2869 de
2946 2814 3138 2869 eodem
3170 2812 3439 2886 signiﬁcat
3459 2829 3581 2870 esse
3612 2815 3694 2871 di-

2102 2909 2245 2957 ctum
2258 2942 2271 2955 .

2176 2990 2283 3059 Sic,
2318 2990 2557 3060 inquam,
2581 2990 2879 3046 nuntiatum
2911 2998 2993 3047 est
3024 3011 3043 3047 :
3066 2992 3124 3047 Si
3153 2993 3475 3048 introibant
3505 2994 3570 3048 in
3601 3010 3695 3050 re-

2104 3080 2289 3151 quiem
2310 3094 2517 3134 meam.
2546 3079 2649 3134 Ubi
2671 3080 2813 3134 enim
2830 3082 2933 3135 hoc
2954 3080 3186 3136 dicendo
3207 3081 3499 3136 incredulis
3519 3098 3694 3153 nega-

2105 3168 2195 3222 bat
2216 3168 2479 3239 requiem,
2504 3166 2847 3239 signiﬁcabat
2865 3185 2987 3224 esse
3000 3170 3248 3240 requiem
3260 3168 3510 3225 ﬁdelibus
3522 3172 3692 3241 possi-

2104 3257 2361 3311 dendam.
2384 3258 2511 3311 Haec
2529 3266 2705 3311 autem
2731 3257 3005 3327 Scriptura
3025 3256 3296 3313 invenitur
3311 3258 3364 3313 in
3386 3259 3575 3327 David,
3600 3260 3693 3331 qui

2098 3346 2209 3414 jam
2228 3346 2295 3400 3
2313 3345 2377 3399 ’7
2398 3344 2457 3400 1
2480 3345 2549 3399 de
2566 3343 2757 3415 ﬁgura,
2776 3344 2980 3401 scilicet
3008 3345 3077 3400 de
3107 3354 3256 3402 terra
3277 3346 3366 3400 illa
3376 3348 3698 3417 promissio-

2104 3434 2189 3487 nis
2209 3449 2318 3487 non
2330 3440 2541 3503 poterat
2558 3434 2909 3503 prophetare:
2928 3449 3090 3504 quam
3108 3433 3203 3489 ﬁlii
3224 3435 3390 3489 Israel
3403 3436 3514 3504 jam
3526 3436 3699 3491 multo

2107 3529 2347 3591 tempore
2377 3522 2753 3591 possederant.
2777 3525 2839 3576 Et
2865 3521 2939 3577 ita
2968 3523 3269 3579 secundum
3296 3524 3470 3579 David
3491 3539 3600 3579 non
3630 3525 3701 3580 de

2106 3608 2281 3682 ﬁgura
2311 3626 2432 3680 quae
2452 3610 2563 3678 jam
2585 3610 3025 3680 habebatur,sed
3045 3611 3113 3666 de
3134 3612 3358 3667 veritate
3386 3612 3463 3667 rei
3490 3629 3611 3683 quae
3640 3614 3697 3667 in

2106 3697 2320 3752 Christo
2373 3699 2786 3767 exspectabatur
2828 3699 2944 3754 haec
2990 3700 3275 3770 prophetia
3302 3709 3437 3755 erat.
3486 3701 3698 3757 Secun-

2107 3786 2239 3840 dum
2266 3787 2488 3857 Moysen
2510 3794 2688 3842 autem
2719 3788 2809 3858 qui
2841 3788 2945 3842 hoc
2974 3787 3122 3842 idem
3148 3788 3364 3843 dicebat
3389 3788 3512 3844 ﬁliis
3530 3790 3697 3845 Israel

2107 3875 2390 3946 prophetia
2438 3884 2575 3942 erat,
2622 3884 2674 3931 et
2715 3877 2783 3930 de
2829 3876 3002 3949 ﬁgura
3032 3877 3272 3931 nondum
3305 3878 3508 3944 habita,
3541 3886 3595 3933 et
3624 3879 3693 3933 de

2108 3963 2336 4019 veritate
2365 3963 2417 4017 in
2452 3965 2663 4019 Christo
2692 3965 3029 4035 accipienda.
3077 3965 3378 4020 Preemissis
3406 3966 3475 4021 de
3504 3967 3700 4021 eadem

2108 4052 2297 4123 requie
2335 4052 2547 4107 duabus
2586 4054 3014 4109 nuntiationibus
3071 4055 3126 4108 in
3169 4052 3382 4127 ﬁguris,
3419 4055 3703 4129 subjungit

2110 4141 2320 4195 tertiam
2375 4142 2673 4197 secundum
2725 4142 3057 4213 impletionis
3108 4143 3415 4207 veritatem,
3460 4144 3700 4200 dicens:

2111 4229 2251 4299 Quia
2266 4230 2371 4286 hoc
2384 4239 2433 4285 et
2446 4230 2538 4285 illo
2555 4231 2717 4285 modo
2733 4232 2801 4285 de
2816 4231 3003 4302 requie
3016 4231 3107 4285 illa
3123 4232 3425 4286 nuntiatum
3443 4240 3544 4302 est,
3565 4249 3702 4305 ergo

2110 4327 2167 4373 ut
2194 4318 2551 4390 implerentur
2594 4320 2872 4389 praedicta,
2914 4320 3159 4375 terminat
3204 4320 3401 4376 iterum
3432 4337 3604 4394 agens
3635 4322 3704 4378 de

417 4410 678 4481 temporis
711 4427 723 4463 :
758 4408 885 4480 quia
914 4418 1128 4478 tempus
1177 4424 1284 4478 quo
1314 4408 1548 4478 primum
1587 4408 1656 4462 de
1684 4408 1873 4479 requie
1906 4409 2009 4464 hac
2038 4406 2089 4466 D
2114 4407 2304 4463 eadem
2327 4408 2533 4479 requie,
2559 4408 2703 4463 diem
2724 4408 3013 4479 quemdam
3032 4408 3260 4478 Spiritus
3277 4409 3450 4465 sancti
3470 4410 3704 4465 dicendo

415 4500 753 4555 nuntiatum
782 4502 886 4563 est,
921 4496 1126 4552 scilicet
1153 4496 1463 4552 constitutio
1493 4496 1707 4561 mundi,
1742 4496 1907 4569 longe
1938 4498 2014 4551 di-

419 4588 591 4642 stabat
612 4602 643 4641 a
664 4594 908 4656 tempore
930 4584 1279 4655 impletionis,
1304 4584 1512 4639 scilicet
1531 4600 1565 4638 a
1584 4584 1774 4639 diebus
1791 4584 2008 4640 Christi.

421 4676 577 4733 Unde
607 4676 686 4732 sic
719 4675 787 4729 ait
821 4689 834 4727 :
865 4673 1182 4728 Nuntiatum
1225 4672 1446 4743 quidem
1492 4672 1651 4727 nobis
1697 4682 1779 4728 est
1819 4674 1886 4729 de
1917 4691 2011 4730 re-

424 4764 550 4835 quie
584 4782 597 4818 :
622 4771 672 4818 et
695 4763 912 4834 quidem
934 4762 1190 4834 operibus
1208 4763 1477 4832 perfectis
1500 4760 1809 4831 incipiendo
1831 4762 1898 4817 ab
1914 4765 2011 4818 in-

423 4854 728 4909 stitutione
747 4850 949 4905 mundi
971 4868 989 4904 :
1006 4850 1309 4904 nuntiatum
1332 4857 1413 4904 est
1428 4849 1585 4905 nobis
1606 4850 1674 4905 de
1690 4850 1876 4921 requie
1897 4851 2010 4905 illa.

423 4940 590 4998 Facto
637 4938 873 5006 homine,
924 4938 1163 5009 perfecta
1211 4938 1463 4993 dicuntur
1499 4955 1621 4994 esse
1669 4954 1838 5009 opera
1892 4939 2010 5005 Dei,

428 5046 551 5086 cum
582 5028 760 5084 omnis
797 5028 1001 5084 creatio
1031 5026 1217 5081 mundi
1248 5026 1407 5081 fuerit
1435 5034 1661 5097 propter
1690 5026 1964 5081 hominem
1998 5043 2011 5081 :

428 5118 474 5173 si
502 5119 668 5173 homo
700 5126 861 5187 caput
908 5124 1277 5172 creaturarum
1306 5115 1540 5183 deesset,
1571 5114 1888 5185 imperfecta
1921 5130 2012 5169 es-

428 5215 550 5263 sent
577 5205 757 5261 omnia
788 5214 1014 5276 pr0pter
1040 5204 1316 5260 hominem
1350 5210 1552 5259 creata.
1582 5204 1651 5256 Et
1681 5203 1809 5273 quia
1837 5218 1869 5257 a
1900 5204 2015 5257 Deo

428 5294 615 5367 perﬁci
670 5302 724 5350 et
769 5294 1139 5349 consummari
1170 5292 1469 5349 secundum
1512 5290 1823 5361 opinionem
1873 5307 2014 5363 quo-

430 5385 677 5439 rumdam
709 5391 952 5455 possent,
994 5391 1046 5436 et
1092 5397 1204 5436 non
1231 5378 1559 5451 principium
1588 5379 1789 5434 habere
1820 5395 1853 5434 a
1876 5381 2013 5450 Deo,

428 5472 551 5535 ideo
579 5474 655 5536 ait
683 5472 994 5554 incipiendo
1025 5470 1093 5529 ab
1124 5468 1458 5533 institutione
1488 5468 1693 5525 mundi.
1726 5470 1865 5526 Vere
1893 5485 2017 5551 per-

2113 4496 2274 4550 hodie
2306 4496 2359 4550 in
2412 4496 2608 4551 David.
2659 4497 2817 4552 Diem
2849 4498 2990 4552 hunc
3020 4496 3149 4552 dicit
3179 4497 3490 4568 quemdam,
3525 4497 3577 4552 id
3624 4506 3707 4553 est

2113 4584 2406 4639 discretum
2436 4593 2489 4639 et
2526 4585 2779 4639 omnibus
2824 4585 2916 4657 qui
2956 4592 3080 4640 ante
3118 4584 3334 4639 fuerunt
3376 4586 3704 4656 prmcellen-

2112 4680 2220 4727 tem
2255 4689 2266 4727 :
2299 4673 2426 4744 quia
2454 4672 2507 4727 in
2539 4674 2642 4729 hoc
2671 4674 2759 4728 die
2816 4673 3066 4744 impletur
3112 4672 3276 4739 salus,
3312 4690 3433 4745 quae
3462 4674 3516 4728 in
3545 4682 3708 4729 ante—

2113 4762 2247 4817 actis
2277 4762 2469 4816 diebus
2500 4761 2735 4817 nuntiari
2764 4769 2973 4816 tantum
3001 4761 3173 4833 potuit
3196 4777 3472 4833 nunquam
3502 4762 3703 4833 imple-

2115 4851 2178 4905 ri.
2210 4850 2453 4906 Dicendo
2502 4851 2665 4906 hodie
2703 4850 2759 4904 in
2800 4850 2973 4905 David
3018 4857 3141 4920 post
3171 4856 3376 4904 tantum
3405 4851 3697 4921 temporis.

2115 4939 2340 4993 Multum
2382 4938 2527 4992 enim
2568 4947 2781 5009 tempus
2818 4938 3152 5009 praeterierat
3189 4953 3219 4991 a
3248 4938 3413 4993 Josue
3460 4939 3552 5010 qui
3589 4945 3704 4994 ter-

2115 5043 2232 5081 ram
2271 5024 2649 5095 promissionis
2689 5026 2890 5081 Iudaeis
2930 5026 3230 5091 distribuit,
3263 5042 3435 5097 usque
3464 5027 3531 5081 ad
3562 5026 3708 5083 diem

2116 5114 2289 5169 David
2324 5129 2336 5167 :
2368 5114 2512 5169 unde
2545 5122 2766 5185 apparet
2808 5114 2981 5169 David
3018 5114 3181 5169 aliam
3209 5115 3456 5186 requiem
3487 5115 3707 5171 intelle-

2116 5203 2261 5259 xisse
2300 5203 2550 5269 futuram,
2596 5219 2756 5274 quam
2811 5202 2956 5256 illam
2994 5210 3195 5257 terram
3245 5219 3409 5274 quam
3451 5204 3566 5272 jam
3612 5204 3709 5259 diu

2116 5287 2495 5359 possederant.
2527 5287 2790 5352 Dicendo,
2825 5286 3061 5357 inquam,
3087 5286 3248 5342 hodie
3279 5288 3415 5342 sicut
3436 5303 3599 5358 supra
3618 5288 3709 5341 di-

2116 5384 2261 5432 ctum
2291 5384 2375 5431 est
2401 5375 2496 5429 ibi.
2538 5376 2709 5431 Hodie
2758 5375 2805 5429 si
2834 5391 3025 5431 vocem
3055 5376 3170 5444 ejus
3209 5375 3508 5442 audieritis,
3540 5375 3707 5431 nolite

2117 5465 2386 5529 obdurare
2426 5465 2592 5520 corda
2636 5472 2846 5529 vestra,
2903 5463 3027 5543 quia
3066 5462 3206 5521 sicut
3258 5463 3471 5543 priores
3522 5471 3710 5545 patres
