3966 6050
306 194 412 248 509

958 190 1341 249 EXPOSITIO
1380 192 1455 248 IN
1510 188 1891 248 EPISTOLAS
1943 186 2177 244 PAULI.
2214 217 2283 230 -—
2314 188 2388 243 IN
2416 188 2637 246 EPIST.
2669 190 2764 245 AD
2794 190 2953 250 HEB.

3511 197 3617 250 510

309 326 539 389 prOpter
567 317 1001 375 incredulitatem
1032 319 1196 373 etiam
1226 318 1456 390 ﬁguram
1495 316 1851 389 perdiderunt
1902 314 1993 373 :A
2021 320 2219 369 etcum
2248 319 2450 367 tantam
2480 314 2681 370 habeat
2718 315 3037 387 potentiam.
3070 333 3180 373 non
3210 318 3479 374 minOI‘em
3518 320 3621 373 ha-

311 406 392 462 sic
424 415 477 462 et
509 423 606 463 vos
633 408 701 477 (si
731 407 997 463 increduli
1039 407 1269 477 fueritis)
1302 423 1489 462 veram
1538 405 1781 477 requiem
1810 419 1920 471 non

313 495 684 565 possidebitis.
710 497 839 551 Post
869 504 1076 551 tantum
1135 495 1396 566 temporis
1440 495 1564 550 ideo
1613 493 1869 549 terminat
1903 508 1915 546 :

318 586 591 655 quoniam
620 590 894 658 superest,
929 584 985 639 id
1017 592 1099 640 est
1121 592 1287 639 restat
1315 584 1490 640 adduc
1511 584 1774 657 quosdam
1822 583 1919 637 in-

314 673 492 728 troire
504 675 567 728 in
587 675 751 729 illam
763 676 1034 746 requiem.
1056 673 1185 728 Ideo
1202 673 1366 728 etiam
1386 673 1458 728 ait
1475 672 1639 728 nolite
1652 672 1919 727 obdurare

311 760 483 816 corda
518 777 529 815 :
558 762 679 833 quia
700 762 755 816 hi
784 762 980 834 quibus
1010 761 1289 832 prioribus
1332 760 1709 816 annuntiatum
1741 767 1821 815 est
1850 760 1919 814 de

311 849 501 920 requie
560 858 784 921 propter
855 850 1287 906 incredulitatem
1341 866 1497 905 suam
1529 865 1667 905 :nec
1727 848 1918 903 saltem

312 937 637 993 introierunt
666 939 721 993 in
750 938 983 1012 ﬁguram
1012 984 1024 1006 ,
1058 940 1258 995 nedum
1296 939 1351 994 in
1383 939 1559 1009 ipsam
1616 938 1914 993 veritatem.

318 1025 420 1081 Vel
456 1026 529 1081 ita
564 1035 818 1083 manente
849 1028 1043 1083 eadem
1076 1027 1362 1083 sententia.
1418 1026 1557 1096 Quia
1614 1026 1693 1082 sic
1741 1033 1794 1081 et
1842 1025 1920 1080 sic

311 1113 556 1183 pollicita
586 1124 669 1170 est
709 1116 929 1188 requies
972 1116 1066 1170 illa
1099 1133 1111 1171 :
1153 1132 1288 1187 ergo
1320 1124 1377 1170 ut
1406 1115 1730 1185 impleantur
1783 1129 1915 1184 pro-

312 1201 481 1257 missa
515 1221 529 1257 :
554 1212 801 1274 superest
831 1205 1099 1276 quosdam
1122 1204 1345 1259 introire
1374 1204 1429 1257 in
1453 1204 1601 1257 illam
1636 1202 1908 1273 requiem.

310 1290 381 1343 Et
409 1291 668 1361 quoniam
698 1302 950 1363 superest
976 1293 1248 1363 quosdam
1275 1292 1521 1357 introire,
1555 1292 1679 1345 ideo
1709 1292 1919 1346 iterum

315 1380 594 1434 terminat
612 1382 909 1452 quemdam
933 1382 1099 1445 diem,
1133 1388 1256 1451 post
1285 1387 1491 1435 tantum
1534 1379 1811 1450 temporis,
1844 1378 1922 1433 di-

314 1466 490 1521 cendo
512 1468 671 1523 hodie
700 1469 764 1523 in
809 1469 1009 1524 David.
1047 1470 1117 1523 Et
1164 1469 1417 1541 quoniam
1439 1468 1493 1522 hi
1524 1467 1721 1539 quibus
1763 1467 1918 1538 prio-

311 1554 464 1609 ribus
495 1557 876 1612 annuntiatum
907 1565 990 1612 est
1022 1559 1089 1612 de
1112 1557 1296 1630 requie
1326 1557 1438 1627 illa,
1478 1565 1705 1628 propter
1733 1556 1917 1612 incre-

2024 401 2114 455 bet
2143 400 2484 471 sapientiam.
2509 404 2609 457 Est
2637 404 2781 459 enim
2809 406 3220 478 penetrabilior
3240 409 3395 463 omni
3412 408 3618 479 gladio,

2024 488 2079 543 id
2114 498 2195 544 est
2218 491 2365 545 omni
2395 493 2630 547 humano
2659 492 2881 564 ingenio
2916 511 2928 549 :
2959 494 3105 565 quod
3125 495 3252 567 quia
3281 496 3494 551 occulta
3529 512 3627 566 pe-

2022 585 2219 643 netrat,
2272 579 2470 634 dicitur
2516 580 2734 651 gladius
2772 582 3059 653 perforans
3090 583 3367 639 interiora.
3428 583 3625 639 Gladio

2021 666 2164 731 dico,
2188 668 2471 740 ancipiti:
2503 669 2629 740 quia
2657 669 2795 726 sicut
2824 671 3039 743 gladius
3073 687 3276 743 anceps
3304 672 3395 745 qui
3426 672 3481 727 in
3511 688 3625 728 me-

2022 754 2113 809 dio
2141 763 2352 811 tenetur
2380 765 2507 812 ante
2536 764 2587 811 et
2620 766 2767 814 retro
2795 760 3029 830 percutit
3063 780 3076 826 ;
3109 761 3187 816 sic
3207 762 3503 816 humanum
3532 760 3623 815 in-

1994 843 2236 915 genium
2270 861 2283 898 :
2319 852 2372 899 et
2400 846 2467 900 de
2499 846 2765 916 sapientia
2794 847 3042 917 spiritali,
3077 856 3130 903 et
3159 849 3228 904 de
3258 849 3483 905 scientia
3514 850 3620 904 hu-

2021 947 2185 985 mana
2216 932 2491 1005 intelligit.
2532 934 2723 990 Sermo
2755 935 2914 990 etiam
2941 936 3041 991 Dei
3070 945 3154 991 est
3172 940 3501 1010 pertingens
3520 954 3623 993 us-

2021 1035 2124 1091 que
2155 1020 2228 1074 ad
2249 1020 2578 1076 divisionem
2599 1024 2807 1078 anima:
2836 1041 2901 1079 ac
2928 1026 3185 1096 spiritus,
3207 1025 3333 1097 quia
3361 1025 3463 1081 scit
3481 1026 3622 1082 bene

2024 1107 2337 1163 discernere
2372 1125 2493 1179 quae
2525 1110 2629 1165 sint
2658 1111 2871 1177 animae,
2906 1112 2958 1166 id
2991 1121 3073 1167 est
3130 1113 3537 1169 sensualitatis:
3571 1121 3625 1170 et

2023 1212 2145 1266 qua:
2192 1194 2298 1250 sint
2353 1196 2592 1268 spiritus,
2623 1198 2678 1252 id
2707 1208 2789 1254 est
2844 1201 3086 1255 rationis.
3132 1202 3406 1257 Discernit
3461 1202 3626 1258 etiam

2019 1284 2176 1353 ipsos
2218 1291 2372 1339 actus
2422 1287 2793 1341 sensualitatis
2837 1288 2979 1343 inter
3008 1306 3067 1343 se
3100 1298 3151 1343 et
3190 1290 3575 1361 dispositiones
3609 1309 3623 1346 :

2026 1371 2151 1442 quia
2186 1372 2481 1444 aliquando
2515 1375 2845 1431 sensualitas
2875 1376 3138 1431 rationem
3169 1394 3351 1433 secum
3382 1380 3542 1434 trahit
3571 1379 3627 1433 in

2020 1468 2329 1530 peccatum,
2360 1462 2524 1517 modo
2554 1463 2694 1518 bene
2753 1465 3030 1534 operando
3078 1467 3346 1521 consentit
3393 1468 3621 1537 spiritui.

2024 1548 2136 1604 Scit
2166 1550 2327 1604 etiam
2359 1550 2678 1606 discernere
2700 1568 2762 1607 ea
2789 1569 2909 1624 quae
2957 1562 3081 1607 sunt
3111 1554 3327 1624 spiritus
3374 1555 3513 1610 inter
3540 1572 3620 1624 se,

312 1642 591 1698 dulitatem
649 1663 758 1701 non
804 1646 1128 1701 introierunt
1174 1646 1227 1700 in
1277 1661 1399 1701 eam
1442 1645 1612 1700 :ideo
1667 1645 1829 1700 hodie
1874 1644 1991 1728 siB
2024 1638 2296 1728 quomodo
2356 1655 2498 1693 nunc
2546 1648 2818 1728 repugnet
2864 1641 3217 1709 8835113518“.
3296 1643 3623 1715 quandoque

310 1742 502 1782 vocem
527 1730 642 1798 ejus
664 1729 944 1785 audieritis
975 1731 1140 1786 nolite
1170 1730 1442 1786 obdurare
1472 1730 1637 1784 corda
1689 1736 1871 1784 vestra
1902 1746 1915 1782 :

312 1815 451 1871 sicut
483 1833 652 1887 supra
680 1818 882 1874 dictum
913 1827 994 1874 est
1024 1819 1269 1890 patribus
1302 1818 1514 1874 vestris.
1548 1819 1690 1873 Vere
1721 1834 1917 1888 super-

310 1912 394 1958 est
421 1906 689 1975 quosdam
732 1906 939 1963 intrare
991 1908 1045 1961 in
1104 1907 1255 1962 illam
1312 1915 1509 1962 terram
1535 1924 1547 1960 :
1573 1922 1700 1961 nam
1757 1905 1919 1976 (sicut

308 1991 449 2047 falso
482 2001 702 2064 putatur
748 2011 781 2049 a
811 1995 1156 2067 quibusdam)
1198 1996 1377 2062 Jesus,
1410 1996 1464 2050 id
1499 2003 1583 2051 est
1613 1996 1777 2050 Josue
1807 2010 1917 2049 non

308 2082 560 2151 prastitit
592 2083 671 2137 eis
704 2083 853 2138 illam
881 2084 1148 2156 requiem.
1178 2086 1237 2141 Si
1257 2087 1412 2140 enim
1428 2085 1517 2139 hic
1540 2087 1715 2152 Iesus,
1750 2084 1805 2137 id
1836 2091 1917 2139 est

306 2169 474 2226 Josue
490 2173 857 2242 prrestitisset
879 2175 960 2229 eis
976 2175 1115 2229 hanc
1132 2174 1401 2244 requiem,
1426 2191 1721 2246 nunquam
1742 2174 1915 2228 David

312 2259 638 2330 loqueretur
666 2261 733 2316 de
750 2262 868 2316 alia
893 2262 1080 2332 requie
1106 2262 1271 2335 longe
1292 2266 1418 2333 post
1436 2264 1603 2317 Josue
1637 2279 1649 2318 :
1682 2262 1915 2318 dicendo

311 2346 415 2401 hac
445 2348 554 2414 die,
584 2348 639 2401 id
668 2356 749 2402 est
779 2356 863 2403 est
902 2350 1090 2405 hodie.
1134 2351 1232 2405 Vel
1277 2350 1349 2404 ita
1374 2368 1388 2404 :
1421 2352 1714 2423 Nunquam
1742 2350 1914 2406 David

308 2434 627 2506 loqueretur
647 2436 713 2491 de
726 2436 829 2491 alia
860 2437 947 2493 die
976 2446 1101 2509 post
1129 2440 1251 2505 hac,
1290 2440 1345 2493 id
1365 2448 1449 2495 est
1484 2440 1529 2494 si
1559 2439 1913 2496 intellexisset

307 2537 340 2576 a
359 2523 526 2578 Josue
553 2541 739 2579 veram
770 2526 1014 2597 requiem
1052 2527 1398 2583 distributam
1422 2544 1565 2583 esse.
1589 2530 1914 2584 Assumatur

307 2609 381 2664 ita
413 2626 425 2665 :
470 2612 580 2667 Sed
599 2615 759 2668 Jesus
789 2615 952 2669 Josue
990 2631 1099 2670 non
1139 2616 1386 2687 praestitit
1440 2617 1547 2671 illis
1575 2633 1759 2673 veram
1820 2634 1912 2674 re-

308 2698 513 2770 quiem.
564 2702 632 2755 Et
680 2702 803 2773 quia
845 2703 1117 2773 promissa
1145 2712 1244 2771 est,
1278 2713 1330 2759 et
1366 2705 1608 2760 nondum
1648 2706 1909 2776 praestita,

310 2786 495 2859 itaque
525 2790 629 2845 hoc
659 2790 833 2845 solum
863 2807 927 2847 ex
956 2792 1253 2862 praemissis
1288 2796 1658 2867 relinquitur,
1692 2796 1911 2851 scilicet

308 2876 693 2933 Sabbatismus
712 2881 919 2951 p0pulo
942 2881 1060 2935 Dei.
1095 2881 1472 2936 Sabbatismus
1503 2882 1700 2937 dicitur
1718 2884 1911 2953 jucun-

306 2964 489 3019 ditatis
523 2984 535 3019 :
573 2973 623 3021 et
651 2966 743 3020 illa
791 2968 1078 3024 delectatio
1108 2986 1229 3040 qua:
1257 2969 1315 3025 ﬁt
1344 2970 1400 3024 in
1428 2970 1663 3026 Sabbato
1704 2970 1913 3042 signiﬁ-

308 3067 444 3108 cans
468 3054 863 3122 jucunditatem
895 3058 1011 3113 veri
1049 3058 1290 3114 Sabbati.
1332 3059 1402 3113 Et
1429 3060 1570 3115 bene
1599 3060 1722 3117 dico
1770 3061 1908 3116 Sab-

309 3141 592 3197 batismus.
625 3144 766 3199 Nam
795 3147 1112 3220 quicunque
1142 3149 1429 3219 ingressus
1449 3152 1533 3204 est
1562 3149 1624 3204 in
1660 3152 1909 3222 requiem

311 3231 457 3301 ejus,
492 3232 606 3286 sive
646 3233 943 3302 Abraham,
988 3236 1103 3292 sive
1148 3236 1375 3308 quilibet
1414 3245 1653 3304 sanctus,
1704 3238 1911 3294 invenit

305 3318 451 3373 hunc
482 3319 902 3378 Sabbatismum.
938 3323 1096 3393 Quod
1126 3325 1196 3379 ita
1216 3326 1327 3380 ait:
1360 3325 1481 3381 Non
1515 3326 1691 3381 solum
1749 3327 1909 3383 Chri-

308 3414 423 3461 stus
453 3408 549 3463 sed
582 3412 757 3465 etiam
786 3412 905 3482 ipse
943 3412 1034 3485 qui
1080 3414 1365 3485 ingressus
1408 3422 1490 3469 est
1536 3416 1810 3487 requievit
1840 3417 1908 3471 ab

306 3497 567 3567 operibus
607 3499 742 3564 suis,
774 3499 827 3553 id
854 3508 937 3555 est
972 3501 1041 3556 ab
1060 3502 1210 3557 omni
1240 3503 1459 3558 labore:
1492 3504 1644 3559 sicut
1673 3512 1726 3559 et
1762 3505 1908 3561 Deus

310 3584 515 3655 quievit
544 3602 579 3641 a
609 3588 727 3643 suis
759 3589 1038 3659 operibus.
1072 3590 1239 3659 Quies
1260 3592 1403 3646 enim
1426 3591 1666 3659 Domini,
1690 3593 1907 3667 signum

306 3680 359 3726 et
385 3688 547 3728 causa
578 3674 675 3729 fuit
703 3686 906 3733 nostrae
950 3679 1164 3750 quietis.
1226 3680 1372 3735 Deus
1421 3682 1567 3736 enim
1620 3690 1773 3737 sexta
1821 3682 1908 3737 die

305 3761 581 3817 hominem
613 3762 759 3829 fecit,
808 3774 959 3821 sexta
1011 3775 1169 3823 aetate
1217 3768 1487 3825 redimere
1526 3770 1694 3837 venit,
1754 3779 1909 3825 sexta

303 3848 410 3913 die,
436 3858 489 3904 et
519 3852 761 3919 ejusdem
792 3853 898 3907 diei
944 3863 1098 3910 sexta
1141 3858 1272 3912 hora
1302 3873 1423 3912 eum
1456 3858 1705 3926 redemit,
1756 3859 1909 3930 quie-

305 3953 466 3993 scens
494 3939 732 3995 Sabbato
762 3942 815 3995 in
850 3944 1104 4014 sepulcro
1128 3988 1140 4010 ,
1177 3945 1493 4017 significans
1524 3964 1712 4003 secum
1743 3948 1795 4001 in
1826 3964 1906 4003 ae-

303 4034 461 4081 terno
492 4027 724 4083 Sabbato
756 4031 1050 4101 quieturos.
1083 4034 1151 4088 Et
1181 4034 1305 4105 quia
1334 4035 1550 4107 requies
1579 4036 1908 4108 relinquitur

303 4116 506 4185 populo
537 4116 656 4182 Dei,
690 4125 742 4173 et
773 4119 1087 4193 quicunque
1120 4122 1437 4192 ingrediens
1476 4124 1531 4179 in
1563 4124 1727 4191 illam,
1769 4125 1907 4181 sicut

302 4203 451 4257 Deus
497 4204 571 4257 ita
627 4207 960 4277 requiescit:
994 4226 1121 4282 ergo
1170 4210 1311 4265 bene
1359 4213 1657 4282 operando,
1692 4221 1744 4268 et
1773 4229 1904 4268 sane

305 4291 601 4359 credendo,
625 4296 963 4364 festinemus
984 4299 1207 4367 ingredi
1228 4301 1287 4354 in
1319 4302 1483 4355 illam
1510 4303 1762 4373 requiem
1789 4316 1802 4355 :
1828 4301 1904 4355 ita

2022 1725 2322 1780 consentiat
2356 1744 2368 1780 :
2401 1727 2729 1799 quandoque
2770 1728 2908 1783 bene
2958 1730 3177 1799 operari
3216 1746 3402 1785 secum
3438 1738 3616 1803 cogat,

2019 1813 2339 1886 pertingens
2388 1831 2560 1886 usque
2607 1816 2674 1869 ad
2724 1817 3055 1873 divisionem
3125 1834 3475 1891 compagum.
3522 1820 3622 1876 Vel

2020 1901 2187 1972 (quod
2208 1902 2352 1957 idem
2383 1902 2586 1973 valet):
2622 1903 2901 1960 Discretor
2934 1905 3091 1961 etiam
3123 1922 3449 1981 compagum
3496 1908 3621 1962 ani-

2019 2003 2123 2044 ma:
2141 1998 2194 2044 et
2225 1990 2442 2061 spiritus
2474 2011 2492 2046 :
2522 1992 2651 2063 quia
2680 1992 2778 2047 scit
2810 1994 3010 2048 seriem
3056 1995 3206 2049 illam
3257 1996 3492 2067 quodam
3522 2011 3620 2051 or-

2018 2078 2147 2133 dine
2176 2086 2514 2149 compactam
2551 2096 2731 2137 :nunc
2753 2081 2806 2136 in
2838 2082 3206 2165 sensualikate,
3250 2100 3392 2140 nunc
3411 2085 3465 2139 in
3491 2087 3609 2156 spi-

2018 2167 2166 2221 ritu:
2202 2166 2343 2223 sicut
2373 2168 2591 2239 quando
2623 2170 2946 2226 sensualitas
2985 2172 3182 2226 desinit
3229 2173 3373 2227 male
3426 2190 3613 2245 agere,

2018 2264 2072 2310 et
2102 2254 2301 2311 dehinc
2338 2256 2477 2311 bene
2525 2258 2803 2327 operando
2841 2260 3147 2316 consentire
3196 2260 3425 2331 spiritui,
3458 2270 3511 2317 et
3540 2263 3621 2319 sic

2016 2343 2285 2416 gradatim
2340 2346 2586 2401 ascendit
2644 2346 2805 2401 etiam
2860 2348 3100 2417 spiritus,
3159 2350 3393 2419 primum
3477 2350 3617 2407 bene

2016 2433 2233 2504 operari
2263 2432 2449 2504 incipit
2483 2449 2495 2487 :
2536 2434 2734 2490 dehinc
2784 2436 3140 2507 contemplari
3171 2437 3260 2491 illa
3289 2438 3549 2507 cmlestia,
3582 2455 3618 2495 a

2015 2520 2331 2576 coelestibus
2365 2521 2653 2588 transiens,
2717 2522 2832 2594 ﬁgit
2867 2525 3084 2580 oculum
3114 2526 3169 2579 in
3199 2526 3378 2597 ipsum
3415 2529 3609 2584 Deum.

2013 2611 2301 2666 Discretor
2328 2612 2503 2666 etiam
2533 2612 2934 2678 medullarum,
2961 2613 3013 2667 id
3045 2623 3125 2668 est
3143 2615 3319 2669 omnis
3348 2617 3617 2673 subtilita-

2014 2698 2083 2753 tis
2113 2698 2306 2753 animae
2340 2707 2393 2754 et
2414 2699 2635 2770 spiritus
2668 2718 2681 2753 :
2715 2701 2842 2772 quia
2879 2701 3025 2756 nulla
3063 2704 3331 2758 subtilitas
3374 2705 3613 2762 eumla-

2014 2796 2126 2841 tere
2155 2795 2355 2858 potest.
2392 2788 2667 2844 Discretor
2694 2789 2855 2844 etiam
2884 2791 3122 2846 omnium
3153 2795 3563 2864 cogitationum
3594 2814 3613 2851 :

2013 2876 2137 2947 quia
2164 2876 2315 2931 novit
2345 2876 2608 2949 quidquid
2637 2879 2801 2933 homo
2833 2879 3055 2951 cogitat,
3102 2897 3204 2936 nec
3234 2881 3409 2936 solum
3457 2884 3615 2956 cogi-

2014 2964 2300 3030 tationum,
2334 2965 2431 3020 sed
2462 2965 2622 3020 etiam
2668 2966 2934 3022 discretor
2970 2968 3361 3025 intentionum
3405 2972 3607 3039 cordis,

2010 3052 2136 3123 quia
2162 3054 2309 3108 novit
2339 3054 2603 3126 quidquid
2634 3071 2734 3125 per
2762 3056 3125 3128 cogitationes
3154 3057 3412 3113 intendat.
3444 3061 3512 3114 Et
3533 3061 3613 3129 (ut

2010 3141 2335 3211 sapientiam
2370 3143 2485 3211 ejus
2534 3143 2774 3199 breviter
2833 3146 3316 3218 comprehendam)
3365 3164 3481 3204 non
3527 3152 3612 3205 est

2010 3231 2134 3285 ulla
2164 3234 2432 3286 creatura
2462 3232 2787 3298 invisibilis,
2828 3233 2884 3287 id
2914 3242 2995 3289 est
3026 3251 3146 3306 quae
3201 3252 3310 3291 non
3351 3245 3611 3308 appareat

2011 3320 2073 3373 in
2090 3324 2399 3391 conspectu
2430 3321 2569 3390 ejus,
2618 3321 2710 3392 qui
2739 3329 2922 3375 tantus
2971 3331 3054 3377 est
3099 3332 3156 3378 ut
3212 3324 3372 3379 simul
3430 3326 3610 3382 omnia

2011 3408 2459 3477 comprehendat.
2524 3409 2594 3462 Et
2638 3424 2760 3464 cum
2790 3426 2972 3465 sermo
3005 3411 3104 3465 Dei
3133 3412 3205 3467 ita
3233 3413 3302 3467 sit
3331 3413 3522 3470 efﬁcax
3551 3422 3611 3470 ut

2008 3495 2305 3565 potentiam
2334 3494 2607 3552 efﬁciendi
2664 3497 2925 3569 quidquid
2968 3498 3099 3553 velit
3134 3500 3352 3567 habeat,
3385 3510 3439 3555 et
3484 3518 3609 3557 cum

2007 3584 2144 3638 adeo
2177 3583 2245 3637 sit
2276 3584 2514 3654 sapiens,
2550 3586 2689 3641 bene
2719 3594 2772 3641 et
2801 3588 3029 3657 poterit,
3065 3596 3116 3643 et
3160 3588 3295 3643 sciet
3324 3589 3451 3659 quid
3482 3590 3608 3646 uni-

2008 3671 2202 3743 cuique
2254 3672 2448 3729 debeat
2507 3674 2831 3729 retribuere.
2868 3676 2927 3729 In
2952 3684 3249 3747 conspectu
3302 3678 3419 3746 ejus
3458 3678 3608 3734 nulla

2007 3767 2257 3815 creatura
2308 3761 2594 3817 invisibilis
2628 3780 2640 3817 :
2672 3765 2767 3819 sed
2812 3766 3003 3820 omnia
3057 3772 3180 3819 sunt
3231 3767 3402 3833 nuda,
3438 3767 3493 3821 id
3522 3774 3607 3822 est

2008 3848 2248 3904 revelata
2279 3857 2331 3903 et
2362 3851 2532 3921 (quod
2553 3851 2726 3919 majus
2766 3852 2869 3923 est)
2927 3852 3087 3907 etiam
3134 3853 3360 3908 interius
3408 3861 3608 3927 aperta

2008 3939 2204 4006 oculis,
2233 3937 2287 3991 id
2319 3946 2398 3993 est
2440 3939 2840 4009 perspicacitati
2869 3942 3008 4012 ejus,
3045 3942 3117 3996 ad
3153 3958 3316 4015 quem
3345 3952 3453 3997 tam
3510 3960 3609 4015 po-

2007 4033 2227 4093 tentem,
2255 4034 2364 4081 tam
2388 4027 2658 4083 subtiliter
2679 4028 2858 4083 omnia
2879 4030 3322 4100 prospicientem,
3346 4033 3503 4088 nobis
3524 4041 3614 4088 est

2005 4130 2187 4170 sermo
2222 4130 2233 4168 :
2268 4115 2391 4170 huic
2421 4115 2565 4169 enim
2595 4115 2854 4170 reddituri
2886 4134 3072 4173 sumus
3102 4119 3363 4173 rationem
3396 4121 3465 4176 de
3497 4121 3609 4176 sin-

2007 4202 2169 4272 gulis.
2204 4202 2475 4257 Festinate
2506 4220 2640 4274 ergo
2669 4205 2739 4258 ad
2769 4220 2893 4259 eum
2926 4205 3120 4261 relicto
3174 4206 3317 4262 malo
3347 4207 3607 4265 incredu-

2004 4291 2196 4346 litatis.
2236 4291 2578 4362 Comparavit
2608 4293 2829 4364 quidem
2854 4295 3061 4361 Jesum,
3105 4302 3157 4350 et
3214 4296 3478 4364 majorem
3509 4314 3607 4354 os-

306 4379 624 4435 festinemus
641 4387 705 4437 ut
722 4400 793 4439 ne
814 4386 939 4456 quis
961 4394 1210 4441 nostrum
1229 4388 1447 4444 incidat
1460 4392 1523 4444 in
1540 4390 1786 4461 idipsum
1807 4407 1901 4445 ex-

2012 4379 2173 4434 tendit
2195 4380 2494 4451 prophetis,
2531 4389 2583 4437 et
2605 4382 2840 4455 angelis,
2885 4383 3075 4439 dicens
3105 4401 3229 4439 eum
3258 4385 3449 4441 Filium
3481 4388 3603 4455 Dei,

306 4471 557 4539 emplum
580 4470 1030 4539 incredulitatis,
1083 4473 1137 4529 id
1168 4483 1249 4530 est
1277 4476 1330 4530 in
1381 4478 1572 4532 eadem
1606 4477 1904 4533 increduli-

306 4563 490 4622 tatem,
523 4558 575 4611 in
622 4576 783 4630 quam
823 4568 1004 4630 patres
1044 4563 1217 4617 nostri
1263 4564 1588 4620 inciderunt.
1645 4568 1761 4622 Nos
1816 4567 1904 4621 di-

303 4660 388 4709 co,
450 4647 670 4718 gravius
732 4665 877 4705 nunc
932 4650 1289 4718 oﬁ‘endentes,
1340 4653 1468 4725 quia
1507 4669 1606 4709 nos
1638 4654 1903 4709 habemus

304 4732 427 4788 illos
455 4734 509 4789 in
540 4737 849 4807 exemplum
899 4740 1129 4795 cavendi
1167 4741 1348 4807 nobis,
1392 4741 1470 4796 illi
1519 4741 1635 4797 sine
1690 4760 1901 4813 praece-

305 4821 451 4875 denti
489 4825 739 4895 exemplo
775 4826 1107 4882 ceciderunt.
1134 4830 1416 4884 Festinare
1456 4845 1557 4885 nos
1588 4838 1802 4900 oportet
1849 4831 1904 4885 in

302 4911 570 4981 requiem,
606 4921 659 4968 et
707 4930 817 4969 non
869 4915 1111 4972 incidere
1158 4917 1212 4971 in
1257 4918 1693 4974 incredulitatem
1726 4934 1738 4973 :
1771 4922 1904 4991 quia

301 5014 483 5054 sermo
513 5002 629 5064 Dei,
665 5001 719 5056 id
751 5009 832 5058 est
853 5004 1083 5059 verbum
1104 5006 1273 5078 patris
1279 5006 1433 5074 juxta
1464 5006 1595 5062 illud
1620 5024 1632 5062 :
1673 5032 1691 5054 ιι
1722 5007 1903 5063 Omni-

301 5094 497 5155 potens
526 5105 708 5145 sermo
721 5097 861 5157 tuus,
884 5093 1132 5160 Domine,
1167 5110 1199 5148 a
1230 5094 1508 5165 regalibus
1521 5096 1742 5150 sedibus
1755 5096 1902 5151 venit

302 5174 455 5245 (Sap.
472 5191 608 5241 xvn,
638 5181 748 5247 15).
780 5203 802 5227 n
835 5180 1074 5237 3'72
1096 5182 1216 5253 Hic,
1239 5182 1482 5253 inquam,
1508 5200 1686 5239 sermo
1703 5184 1803 5239 Dei
1819 5192 1901 5239 est

302 5262 476 5331 vivus,
511 5264 565 5319 id
584 5273 662 5321 est
684 5267 843 5321 vitam
878 5269 1105 5336 habens,
1140 5270 1534 5343 suisquevitam
1565 5272 1896 5328 ministrans.

303 5349 546 5423 Cumque
564 5352 632 5407 sit
651 5354 806 5409 vivus
826 5364 907 5410 est
920 5358 1082 5413 etiam
1104 5361 1326 5431 efﬁcax,
1351 5360 1404 5414 id
1417 5368 1499 5415 est
1516 5359 1720 5416 faciens
1737 5362 1902 5433 quod-

304 5452 519 5511 cunque
548 5441 680 5511 vult,
714 5446 1115 5503 remunerando
1145 5447 1284 5522 pios,
1318 5449 1631 5506 damnando
1660 5449 1857 5524 impios
1883 5466 1895 5507 :

2007 4469 2103 4523 sed
2135 4469 2408 4540 quomodo
2438 4469 2493 4524 in
2537 4486 2603 4525 eo
2650 4471 2916 4541 penderet
2944 4479 3054 4527 tota
3095 4474 3245 4528 salus
3301 4475 3604 4543 hominum,

2004 4558 2236 4612 necdum
2284 4558 2490 4613 dixerat
2524 4576 2538 4613 :
2568 4559 2637 4613 ad
2686 4560 2831 4631 quod
2887 4569 3113 4633 possent
3164 4562 3241 4617 illi
3299 4564 3537 4633 objicere
3588 4583 3603 4621 :

2006 4646 2147 4715 Quid
2178 4648 2401 4717 prodest
2437 4648 2596 4704 nobis
2628 4648 2674 4703 si
2702 4649 2871 4717 major
2918 4650 3130 4721 angelis
3159 4652 3227 4706 sit
3256 4652 3422 4707 Filius
3481 4653 3602 4721 Dei,

2004 4751 2124 4790 cum
2148 4737 2295 4790 Deus
2316 4736 2370 4789 in
2400 4753 2464 4791 eo
2485 4753 2593 4792 non
2615 4737 2947 4809 disposuerit
2973 4756 3082 4794 non
3113 4739 3306 4794 salvari
3327 4740 3355 4793 ?
3383 4742 3464 4795 Ad
3487 4741 3604 4797 hinc

2003 4824 2297 4894 respondet
2328 4825 2526 4879 Paulus
2574 4825 2781 4894 dicens,
2824 4828 2967 4899 quod
2997 4828 3053 4882 in
3084 4844 3150 4883 eo
3185 4829 3332 4884 Deus
3386 4845 3602 4887 omnem

2004 4913 2233 4968 salutem
2263 4914 2546 4985 pr0posuit
2574 4931 2673 4985 per
2717 4915 3084 4971 sacerdotium
3117 4916 3342 4985 Christi,
3400 4919 3605 4975 Leviti-

2003 5016 2127 5056 cum
2167 5002 2454 5057 destruens
2488 5004 2873 5067 sacerdotium,
2901 5012 2953 5058 et
2981 5020 3082 5075 per
3124 5006 3354 5078 gratiam
3406 5008 3605 5065 Christi

2002 5089 2187 5145 inutile
2235 5090 2447 5161 pondus
2503 5093 2700 5147 veteris
2748 5093 2908 5165 legis.
2960 5093 3157 5149 Littera
3189 5095 3269 5152 sic
3308 5097 3599 5170 jungitur:

2002 5178 2141 5247 Quia
2170 5180 2239 5234 ad
2269 5180 2429 5234 istum
2463 5189 2570 5234 tam
2600 5189 2895 5251 potentem,
2942 5190 3050 5236 tam
3094 5183 3396 5255 sapientem
3439 5185 3600 5241 nobis

2001 5275 2083 5322 est
2104 5283 2285 5325 sermo
2319 5286 2331 5323 :
2357 5285 2483 5342 ergo
2502 5274 2797 5326 teneamus
2812 5274 3219 5342 confessionem
3241 5273 3357 5344 spei
3379 5281 3595 5340 nostrae,

1999 5356 2053 5411 id
2084 5365 2165 5413 est
2194 5356 2359 5413 ﬁdem
2389 5376 2488 5431 per
2516 5376 2680 5431 quam
2710 5359 2865 5414 nobis
2918 5361 3232 5416 conceditur
3261 5378 3478 5432 sperare
3508 5363 3599 5418 fu-

1999 5453 2172 5501 turam
2204 5447 2455 5519 gloriam.
2478 5448 2801 5517 Teneamus,
2844 5448 3082 5523 inquam,
3124 5450 3390 5507 habentes
3420 5454 3607 5524 ponti~
