3966 6050
346 284 444 339 511

895 281 952 335 S.
992 279 1351 338 BRUNONIS
1391 280 2035 339 CARTHUSIANORUM
2083 280 2569 338 INSTITUTORIS
2608 281 2759 339 OPP.
2802 281 2978 339 PARS
3014 283 3082 337 Il.

3544 287 3648 341 512

280 460 283 461 ν
345 406 526 474 ﬁcem,
554 404 645 477 qui
675 404 851 461 factus
879 412 961 461 est
989 407 1149 462 nobis
1176 423 1315 479 pons
1343 407 1399 462 in
1430 408 1680 463 salutem.
1718 405 1944 462 Pontiﬁ-
1965 408 2020 467 Α
2052 429 2073 453 α
2110 406 2472 477 terpretabilis
2501 407 2571 461 ad
2600 407 2913 474 dicendum,
2948 406 3205 480 quoniam
3235 406 3535 463 imbecilles
3565 407 3652 461 fa-

354 509 473 550 cem
494 494 618 549 dico
648 510 905 567 magnum
934 495 1097 567 longe
1128 512 1242 566 prae
1255 497 1505 551 omnibus
1536 496 1785 551 Leviticis
1813 510 1824 549 :
1859 496 1955 567 qui

357 582 598 654 pontifex
626 591 815 638 noster
839 585 1163 655 penetravit
1191 587 1354 641 cwlos
1392 586 1446 638 in
1480 585 1807 639 sublimitate
1851 600 1954 655 po-

360 672 560 739 tentiae,
601 672 914 727 sacerdotes
961 681 1141 727 autem
1189 673 1259 729 de
1306 674 1432 729 Levi
1493 674 1662 729 semel
1710 674 1764 727 in
1814 689 1957 727 anno

363 759 559 815 licebat
590 760 813 815 introire
844 761 898 814 in
929 770 1112 816 sancta
1142 770 1474 827 sanctorum,
1508 762 1599 815 ubi
1634 770 1812 815 tamen
1850 777 1959 816 non

366 856 521 904 erant
551 849 656 903 nisi
684 850 1014 906 manufacta.
1049 850 1145 905 Hic
1182 859 1362 905 autem
1393 850 1760 921 potentialiter
1787 866 1961 920 pene-

369 938 522 991 tratis
551 938 723 1001 caelis,
752 939 905 993 sedet
936 938 990 991 in
1020 940 1241 993 dextera
1270 940 1458 1009 patris.
1513 937 1825 993 Pontiﬁcem
1881 938 1963 991 is-

367 1032 481 1080 tum
511 1027 633 1081 dico
662 1029 869 1092 Jesum,
901 1027 955 1080 id
979 1036 1057 1081 est
1089 1029 1415 1083 salvatorem
1438 1036 1686 1082 nostrum
1709 1036 1761 1081 et
1782 1035 1967 1097 poten-

372 1124 481 1170 tem
512 1116 739 1183 salvare,
775 1117 903 1187 quia
952 1119 1160 1172 Filium
1199 1118 1316 1173 Dei.
1348 1119 1462 1172 Nos
1494 1118 1654 1171 talem
1702 1117 1966 1171 habentes

370 1203 699 1274 pontiﬁcem,
731 1213 1011 1259 teneamus
1041 1206 1156 1275 spei
1188 1213 1386 1260 nostra:
1416 1204 1837 1260 confessionem.
1874 1206 1971 1259 lte-

372 1308 490 1346 rum
508 1309 575 1347 ne
606 1309 719 1363 pra
730 1294 1102 1367 magnitudine
1122 1295 1249 1347 Jesu
1272 1294 1623 1364 desperarent
1642 1293 1840 1347 inﬁrmi
1857 1293 1969 1346 fra-

373 1388 505 1447 tres,
531 1381 763 1437 dicendo
780 1382 905 1453 quia
925 1382 1090 1435 Filius
1108 1389 1189 1435 est
1211 1382 1331 1449 Dei,
1356 1382 1481 1452 quia
1520 1382 1687 1436 caelos
1716 1390 1971 1451 penetra-

374 1470 469 1535 vit,
487 1486 765 1541 nunquam
792 1470 1100 1540 dignabitur
1115 1470 1556 1525 condescendere
1577 1470 1973 1524 inﬁrmitatibus

374 1558 577 1613 nostris
594 1558 667 1611 ait
685 1558 895 1611 Paulus.
922 1559 1047 1613 Sine
1065 1558 1366 1613 difﬁdentia
1384 1566 1660 1613 teneamus
1683 1558 1976 1613 confessio-

378 1663 501 1700 nem
537 1664 549 1699 :
584 1647 715 1718 quia
742 1664 855 1701 non
872 1647 1137 1702 habemus
1162 1649 1509 1720 pontiﬁcem,
1545 1648 1786 1719 quilicet
1812 1647 1976 1701 Filius

2059 517 2080 546 ι
2118 495 2186 550 cti
2209 496 2337 550 estis
2366 496 2435 550 ad
2465 496 2812 551 audiendum.
2838 496 3049 551 Etenim
3081 511 3201 551 cum
3225 496 3501 551 deberetis
3528 512 3649 549 ma-

2061 607 2081 631 α
2118 584 2275 655 gistri
2305 601 2427 639 esse
2457 592 2931 655 proptertempus,
2966 602 3180 639 rursum
3205 584 3464 657 indigetis
3478 592 3534 638 ut
3556 599 3653 638 vos

2062 693 2083 722 ι
2120 672 2424 728 doceamini
2455 690 2575 744 quae
2611 673 2714 727 sint
2758 674 3027 729 elementa
3072 672 3276 728 exordii
3336 689 3652 728 sermonum

2064 782 2084 806 ‹‹
2122 762 2241 825 Dei,
2275 770 2327 815 et
2356 761 2483 815 facti
2512 762 2644 816 estis
2672 762 2868 833 quibus
2898 762 3037 816 lacte
3063 778 3199 832 Opus
3222 762 3307 828 sit,
3340 778 3450 815 non
3482 760 3657 815 solido

2066 871 2088 895 «
2123 849 2265 904 cibo.
2293 849 2483 905 Omnis
2513 851 2657 904 enim
2704 851 2795 921 qui
2837 851 2991 906 lactis
3029 858 3111 905 est
3140 851 3426 921 particeps,
3461 865 3653 919 expers

2069 960 2090 986 α
2126 946 2207 992 est
2234 940 2503 993 sermonis
2528 939 2765 1008 justitise,
2800 940 3059 1009 parvulus
3082 939 3223 993 enim
3247 946 3348 992 est.
3375 937 3654 992 Perfecto-

2070 1048 2091 1073 ‹‹
2119 1043 2233 1079 rum
2264 1035 2443 1081 autem
2474 1036 2553 1081 est
2586 1028 2790 1081 solidus
2816 1028 2986 1092 cibus,
3031 1044 3215 1082 eorum
3249 1027 3338 1097 qui
3370 1042 3469 1096 pro
3519 1041 3653 1080 con-

2070 1138 2091 1161 «
2130 1116 2413 1169 suetudine
2435 1116 2756 1170 exercitatos
2796 1116 2995 1170 habent
3026 1132 3218 1169 sensus
3267 1115 3335 1169 ad
3375 1113 3650 1169 discretio-

2072 1228 2092 1250 α
2129 1220 2251 1257 nem
2270 1204 2471 1258 boniac
2502 1204 2649 1258 mali.
2682 1225 2703 1253 ι

2711 1360 3025 1399 ΕΧΡΟΞΠΊΟ.

2144 1470 2289 1525 Dixit
2319 1468 2568 1540 superius
2598 1469 2867 1525 adeamus
2899 1468 3169 1524 Christum
3191 1486 3317 1523 cum
3340 1468 3569 1537 ﬁducia,
3606 1472 3670 1523 ut

2072 1576 2172 1630 per
2190 1561 2335 1614 hunc
2365 1557 2671 1629 pontiﬁcem
2695 1575 3105 1631 consequamur
3131 1558 3580 1613 misericordiam
3617 1561 3672 1611 et

2075 1652 2319 1721 gratiam
2352 1650 2410 1702 in
2445 1648 2687 1702 auxilio.
2722 1648 2880 1701 Nunc
2929 1655 3109 1701 autem
3156 1646 3351 1717 probat
3376 1662 3405 1699 a
3452 1645 3672 1712 minori,

385 1734 454 1790 3
471 1734 621 1790 '73
646 1735 741 1789 Dei
765 1735 850 1800 sit,
872 1744 1178 1790 nontamen
1192 1737 1369 1807 possit
1397 1738 1647 1808 compati
1677 1744 1729 1789 et
1752 1736 1978 1791 condes-
2004 1761 2057 1821 B
2080 1739 2224 1808 quod
2254 1754 2350 1807 per
2379 1738 2522 1791 hunc
2553 1735 2859 1806 pontiﬁcem
2884 1735 3155 1789 Christum
3196 1751 3488 1805 possumus
3509 1733 3678 1787 mise-

381 1822 613 1878 Cendere
632 1824 1063 1892 inﬁrmitatibus
1083 1825 1310 1889 nostris,
1333 1832 1383 1879 et
1400 1824 1698 1879 secundum
1722 1824 1979 1896 fragilita-

382 1920 488 1967 tem
504 1920 729 1979 natura),
758 1920 809 1966 et
840 1913 1002 1966 etiam
1033 1912 1219 1983 lapsis,
1254 1914 1351 1967 sed
1383 1914 1647 1968 habemus
1668 1911 1979 1983 pontiﬁcem

385 2004 671 2057 tentatum
689 2001 741 2055 in
764 2016 929 2056 carne
947 2018 1048 2072 per
1067 2004 1259 2057 omnia
1275 2018 1479 2071 genera
1494 2001 1825 2056 tentationis.
1842 2002 1982 2055 Ten-

384 2097 552 2144 tatum
573 2090 696 2145 dico
721 2107 823 2161 pro
853 2091 1253 2157 similitudine,
1283 2089 1338 2143 id
1367 2098 1449 2144 est
1480 2090 1605 2161 quia
1646 2090 1837 2143 similis
1886 2088 1984 2141 fuit

383 2178 561 2241 nobis,
596 2178 836 2232 mortalis
858 2186 911 2231 et
938 2178 1231 2247 passibilis.
1267 2178 1383 2242 Vel,
1417 2186 1677 2232 tentatum
1708 2194 1804 2248 pro
1836 2176 1983 2230 simi-

386 2266 631 2329 litudine,
666 2266 719 2319 id
752 2273 830 2319 est
854 2274 909 2319 ut
939 2266 1246 2336 exemplum
1277 2266 1331 2319 in
1362 2282 1420 2319 se
1455 2266 1611 2320 daret
1652 2266 1809 2320 nobis
1844 2264 1984 2319 resi-

388 2354 565 2408 stendi
612 2354 1014 2419 tentationibus,
1056 2362 1106 2408 et
1141 2354 1220 2409 sic
1257 2362 1521 2409 tentatum
1554 2362 1736 2408 tamen
1784 2354 1987 2425 absque

388 2443 639 2511 peccato.
676 2440 753 2493 Ex
787 2455 851 2493 eo
882 2439 1025 2493 enim
1050 2439 1195 2510 quod
1226 2447 1461 2493 tentatus
1489 2446 1590 2503 est,
1612 2439 1711 2493 scit
1741 2438 1984 2508 conpati;

392 2543 457 2582 ex
489 2543 555 2583 eo
585 2536 763 2582 autem
785 2528 926 2598 quod
950 2528 1065 2581 sine
1083 2536 1327 2598 peccato,
1348 2535 1526 2599 potest
1548 2528 1803 2582 liberare.
1827 2530 1985 2598 Ergo,

394 2616 521 2686 quia
542 2626 593 2672 et
615 2616 1030 2686 compatientem
1062 2624 1112 2669 et
1141 2624 1416 2686 potentem
1452 2616 1685 2670 liberare
1725 2616 1991 2669 habemus

392 2706 724 2779 pontiﬁcem,
759 2721 889 2776 ergo
913 2723 1043 2761 cum
1080 2706 1289 2774 ﬁducia
1320 2706 1590 2760 adeamus
1622 2706 1692 2759 ad
1724 2706 1993 2759 thronum

394 2799 615 2868 gratiae,
650 2795 705 2849 id
734 2802 815 2849 est
843 2796 912 2849 ad
936 2794 1228 2860 Christum,
1259 2795 1313 2847 in
1329 2810 1433 2865 quo
1455 2810 1561 2848 non
1594 2794 1842 2864 quaedam
1864 2808 1993 2864 gra-

397 2886 491 2950 tia,
526 2884 621 2940 sed
652 2886 879 2939 thronus
910 2892 959 2938 et
982 2884 1140 2938 sedes
1163 2892 1244 2938 est
1272 2882 1448 2938 omnis
1479 2882 1682 2953 gratia}.
1706 2882 1784 2935 De
1815 2881 1994 2951 pleni-

400 2973 588 3028 tudine
618 2973 760 3028 enim
810 2974 926 3041 ejus
965 2988 1157 3027 omnes
1188 2971 1499 3041 accepimus
1555 2972 1738 3035 (Joan.
1790 2986 1827 3033 ι,
1882 2970 1992 3038 16),

401 3064 661 3119 adeamus
690 3062 830 3127 ideo,
864 3066 929 3116 ut
957 3078 1053 3131 per
1092 3076 1215 3114 eum
1245 3076 1654 3129 consequamur
1683 3060 2000 3113 misericor-

400 3153 555 3207 diam
576 3152 645 3206 de
660 3150 985 3213 commissis,
1007 3154 1063 3204 et
1081 3149 1222 3218 apud
1237 3164 1359 3201 eum
1376 3149 1736 3203 inveniamus
1750 3148 2000 3216 gratiam

402 3243 468 3296 in
507 3242 748 3307 auxilio,
790 3238 845 3292 id
868 3246 949 3293 est
979 3237 1365 3291 auxiliatricem
1398 3237 1465 3290 ad
1498 3236 1635 3289 bene
1668 3236 2001 3305 operandum

403 3329 472 3383 de
505 3328 700 3382 futuro.
726 3327 957 3393 Auxilio,
984 3326 1223 3397 inquam,
1258 3341 1365 3379 non
1398 3341 1497 3394 pro
1530 3324 1667 3379 velle
1698 3332 1882 3377 nostro
1904 3323 2003 3377 sed

406 3420 734 3489 opportuno,
770 3415 897 3487 quia
928 3430 1249 3485 quocunque
1278 3414 1440 3467 modo
1473 3414 1617 3467 Deus
1638 3420 2002 3482 opportunum

405 3505 607 3572 videat,
630 3520 909 3577 nunquam
942 3519 1071 3557 suos
1106 3503 1375 3571 inadjutos
1397 3502 1639 3556 deseret.

1044 3676 1268 3731 CAPUT
1300 3676 1363 3730 V.

483 3819 504 3844 α
543 3794 733 3851 Omnis
762 3808 997 3863 namque
1040 3790 1298 3862 pontifex,
1334 3806 1399 3843 ex
1448 3785 1758 3842 hominibus
1788 3800 2007 3839 assum-

413 3906 436 3936 ε
469 3891 610 3955 ptus,
644 3898 742 3953 pro
786 3881 1094 3935 hominibus
1131 3877 1471 3934 constituitur
1499 3875 1551 3928 in
1593 3875 1676 3928 his
1716 3889 1836 3945 quae
1886 3880 2009 3926 sunt

416 3996 435 4021 ε
473 3972 542 4026 ad
572 3972 763 4034 Deum,
790 3977 847 4023 ut
873 3967 1067 4023 oﬁ'erat
1096 3967 1236 4020 dona
1267 3974 1319 4020 et
1349 3963 1618 4020 sacriﬁcia
1639 3962 2007 4034 propeccatis,

418 4084 439 4107 «
476 4058 569 4131 qui
598 4057 893 4114 condolere
924 4055 1094 4127 possit
1140 4055 1225 4108 his
1264 4054 1351 4125 qui
1394 4054 1649 4126 ignorant
1706 4059 1757 4105 et
1792 4058 2005 4115 errant,

416 4172 437 4196 α
475 4148 728 4220 quoniam
772 4153 825 4200 et
864 4146 979 4216 ipse
1023 4144 1391 4199 circumdatus
1440 4148 1524 4196 est
1582 4139 1910 4194 inﬁrmitate.
1946 4140 2012 4193 Et

419 4261 441 4284 α
476 4246 769 4309 propterea
827 4235 988 4289 debet
1029 4232 1484 4305 quemadmodum
1524 4246 1625 4301 pro
1675 4228 1895 4300 populo,
1942 4228 2012 4280 ita

418 4352 440 4375 ‹‹
475 4329 639 4382 etiam
680 4334 731 4380 et
759 4340 857 4396 pro
888 4323 1181 4393 semetipso
1227 4320 1426 4376 offerre
1461 4335 1561 4390 pro
1593 4317 1859 4389 peccatis.
1898 4317 2014 4371 Nec

420 4440 441 4465 α
480 4416 769 4487 quisquam
800 4412 961 4467 sumit
992 4412 1091 4466 sibi
1149 4412 1430 4473 honorem,
1479 4408 1575 4462 sed
1607 4407 1699 4478 qui
1730 4413 1955 4461 vocatur
1982 4421 2013 4457 a

2080 1826 2374 1882 ricordiam
2405 1824 2684 1895 consequi,
2710 1823 2897 1878 dicens
2933 1842 2944 1877 :
2982 1824 3120 1877 Vere
3141 1840 3241 1894 per
3263 1823 3535 1878 Christum
3557 1838 3680 1892 pos-

2082 1932 2267 1969 sumus
2312 1914 2573 1985 consequi
2612 1911 3042 1966 misericordiam
3087 1912 3142 1965 in
3180 1911 3396 1966 auxilio.
3428 1912 3676 1981 Namque

2082 2021 2181 2075 per
2220 2002 2578 2056 ministerium
2628 2001 2805 2055 omnis
2872 1999 3141 2071 pontiﬁcis
3178 2000 3426 2054 homines
3474 2000 3572 2052 sub
3614 2014 3679 2054 eo

2084 2100 2311 2163 possunt
2342 2089 2769 2145 misericordiam
2803 2089 3083 2160 consequi,
3131 2088 3219 2160 qui
3251 2087 3488 2158 pontifex
3518 2087 3683 2157 longe

2086 2181 2264 2235 minor
2295 2179 2417 2251 quia
2440 2186 2685 2247 sumptus
2731 2194 2795 2231 ex
2838 2177 3148 2231 hominibus
3181 2195 3195 2242 ;
3230 2177 3473 2230 Christus
3504 2183 3684 2229 autem

2086 2268 2323 2341 pontifex
2351 2284 2415 2321 ex
2447 2268 2581 2321 Deo.
2616 2268 2681 2319 Et
2712 2266 2766 2319 in
2797 2266 3120 2337 quibusdam
3164 2265 3347 2319 verbis
3377 2263 3687 2335 pontiﬁcem

2089 2359 2248 2412 istum
2281 2356 2497 2411 Christo
2527 2354 2880 2425 comparabit,
2916 2362 2969 2407 et
2999 2354 3052 2407 ir.
3085 2353 3206 2406 aliis
3236 2352 3497 2407 minorem
3512 2362 3689 2406 osten-

2089 2448 2201 2502 det.
2235 2447 2348 2500 Nec
2380 2445 2483 2499 hoc
2523 2459 2835 2515 repugnare
2866 2442 3115 2496 videatur
3145 2442 3288 2512 quod
3311 2441 3418 2494 ait:
3454 2441 3684 2495 Omnem

2090 2534 2405 2608 pontiﬁcem
2423 2533 2693 2599 constitui,
2728 2540 2784 2585 ut
2812 2548 2911 2602 per
2941 2530 3299 2584 ministerium
3330 2530 3444 2598 ejus
3477 2529 3693 2583 miseri-

2093 2625 2333 2681 cordiam
2364 2630 2768 2694 consequantur
2823 2620 3041 2673 subditi.
3078 2620 3208 2673 Cum
3246 2619 3300 2671 in
3352 2618 3531 2672 multis
3587 2618 3692 2673 hoc

2094 2713 2341 2776 defuerit,
2377 2712 2502 2783 quia
2533 2711 2658 2764 licet
2680 2711 2781 2763 hoc
2802 2709 3036 2776 deesset,
3072 2707 3155 2761 vel
3172 2716 3389 2777 propter
3408 2715 3690 2777 peccatum

2094 2800 2327 2855 ministri
2358 2800 2442 2854 vel
2472 2798 2674 2869 populi,
2710 2798 2778 2851 ad
2810 2799 2912 2851 hoc
2935 2805 3115 2851 tamen
3137 2795 3375 2866 pontifex
3397 2810 3695 2851 consecra-

2098 2898 2181 2943 tus
2212 2889 2309 2942 fuit
2333 2896 2387 2942 ut
2410 2905 2507 2957 per
2536 2886 2893 2941 ministerium
2927 2886 3041 2953 ejus
3082 2884 3510 2939 misericordiam
3551 2899 3689 2938 con-

2098 2985 2417 3049 sequeretur
2447 2977 2698 3046 populus,
2724 2975 2827 3028 nisi
2867 2974 3117 3029 in-altero
3152 2973 3479 3044 peccaverit.
3531 2972 3691 3041 Quod

2098 3068 2173 3122 ita
2204 3067 2277 3121 ait
2309 3082 2319 3120 :
2354 3067 2763 3135 Consequemur
2795 3063 3225 3117 misericordiam
3252 3078 3353 3132 per
3383 3060 3691 3131 pontiﬁcem

2103 3157 2393 3210 Christum.
2448 3155 2696 3224 Namque
2725 3152 2908 3207 omnis
2946 3152 3211 3223 ponti/ere
3244 3166 3317 3205 ex
3348 3149 3687 3203 hominibus.

2104 3245 2246 3312 Quia
2273 3251 2563 3314 antequam
2594 3241 2846 3313 eligatur,
2881 3239 2958 3295 sic
2990 3248 3067 3293 est
3091 3255 3153 3293 ex
3192 3238 3521 3303 hominibus,
3546 3237 3699 3308 quod

2104 3350 2211 3388 non
2234 3333 2356 3403 plus
2377 3330 2549 3402 possit
2589 3329 2834 3385 conferre
2863 3328 2953 3382 alii
2978 3344 3135 3399 quam
3167 3327 3255 3381 ille
3285 3326 3411 3379 sibi.
3454 3326 3570 3393 llic,
3606 3326 3693 3378 in-

2110 3438 2294 3494 quam,
2320 3420 2557 3491 pontitex
2590 3422 2943 3489 assumptus,
3006 3417 3058 3469 id
3105 3424 3185 3469 est
3216 3415 3395 3468 divina
3426 3415 3699 3468 voluntate

2107 3512 2331 3566 electus.
2360 3508 2570 3563 Electio
2600 3508 2741 3561 enim
2765 3506 2943 3560 divina
2963 3520 3068 3576 qua
3103 3503 3343 3559 3’74
3377 3503 3693 3568 assumitur,

2105 3600 2209 3653 hoc
2232 3597 2396 3653 efﬁcit
2416 3598 2468 3651 in
2500 3613 2564 3651 eo
2594 3605 2649 3650 ut
2678 3595 2845 3666 possit
2880 3593 3214 3647 intercedere
3236 3608 3335 3662 pro
3356 3591 3577 3661 populo,
3606 3591 3698 3660 qui

2105 3688 2421 3758 priusquam
2463 3686 2541 3740 sic
2562 3692 2889 3749 assumatur,
2914 3682 3181 3751 impotens
3204 3688 3285 3734 est
3306 3679 3358 3733 in
3388 3680 3491 3733 hoc
3516 3697 3528 3732 :
3554 3678 3703 3732 velut

2107 3776 2245 3831 alius
2267 3776 2449 3829 homo.
2477 3776 2816 3843 Assumptus,
2843 3772 3080 3842 inquam,
3105 3770 3597 3839 constituiturpro
3611 3768 3706 3823 h0-

2108 3866 2378 3929 minibus,
2404 3863 2493 3935 qui
2523 3862 2680 3933 paulo
2701 3869 2823 3915 ante
2860 3868 2969 3913 erat
2999 3876 3062 3913 ex
3112 3858 3438 3911 hominibus.
3483 3855 3702 3910 Consti-

2111 3956 2295 4021 tuitur,
2328 3954 2564 4024 inquam,
2600 3966 2699 4020 pro
2743 3948 3070 4013 hominibus,
3106 3962 3213 3999 non
3246 3944 3503 4016 utprzesit
3541 3945 3620 3999 eis
3652 3944 3705 3997 in

2114 4042 2487 4105 saecularibus,
2513 4040 2608 4095 sed
2640 4042 2700 4093 in
2742 4039 2827 4093 his
2850 4054 2972 4109 qua:
3000 4040 3155 4101 sunt,
3189 4035 3243 4088 id
3275 4041 3355 4087 est
3386 4049 3506 4104 quae
3536 4032 3709 4102 perti-

2114 4140 2242 4188 nent
2272 4132 2341 4187 ad
2371 4133 2563 4195 Deum,
2601 4127 2807 4182 scilicet
2835 4134 2890 4180 ut
2924 4126 3171 4180 obsecret
3203 4131 3252 4178 et
3293 4121 3566 4177 sacriﬁcet
3610 4136 3711 4191 pro

2111 4222 2238 4276 illis.

2185 4312 2244 4363 In
2276 4309 2359 4362 his
2379 4307 2445 4361 ad
2478 4308 2651 4361 Deum
2683 4303 2753 4357 ita
2783 4302 3123 4359 constituitur
3152 4305 3217 4355 ut
3247 4300 3444 4369 offerat
3478 4297 3625 4352 dona
3658 4299 3714 4352 et

2113 4399 2396 4467 sacriﬁcia
2419 4412 2518 4468 pro
2558 4394 2803 4467 peccatis
2852 4391 3034 4462 populi
3067 4388 3332 4443 delendis.
3364 4388 3518 4441 Dona
3546 4401 3713 4440 voca-

421 4526 442 4549 ιι
480 4472 596 4555 Deo
625 4472 895 4569 tanquam
929 4500 1131 4551 Aaron.
1167 4496 1243 4549 lta
1292 4502 1343 4548 et
1387 4472 1640 4547 Christus
1670 4507 1779 4546 non
1811 4496 2009 4544 semet-
2040 4473 2091 4531 D
2116 4491 2311 4543 bantur
2341 4487 2395 4539 in
2414 4486 2535 4557 lege
2565 4482 2734 4537 veteri
2756 4481 2861 4535 illa:
2891 4480 3128 4534 minores
3157 4476 3479 4569 oblationes.
3522 4472 3717 4569 hSa-cri-

423 4614 445 4637 «
481 4590 661 4661 ipsum
700 4585 1014 4642 clariﬁcavit
1058 4592 1113 4637 ut
1160 4581 1400 4637 Pontifex
1428 4580 1583 4647 ﬁerit,
1618 4580 1712 4634 sed
1746 4579 1836 4650 qui
1868 4579 2018 4633 locu-

425 4700 447 4730 ‹
485 4686 570 4733 tus
602 4684 685 4732 est
714 4677 783 4730 ad
808 4691 932 4730 eum
968 4689 978 4727 :
1013 4672 1177 4727 Filius
1206 4688 1358 4725 meus
1389 4686 1447 4725 es
1478 4678 1550 4735 tu,
1598 4684 1704 4741 ego
1733 4667 1894 4721 hodie
1915 4682 2018 4737 ge-

427 4787 448 4819 ι
484 4767 577 4821 nui
609 4775 678 4821 te.
713 4761 1185 4833 Quemadmodum
1217 4768 1268 4814 et
1298 4760 1352 4813 in
1376 4759 1483 4813 alio
1512 4758 1635 4813 loco
1665 4756 1793 4811 dicit
1819 4771 1829 4808 :
1852 4756 1931 4808 Tu
1961 4769 2021 4807 es

424 4880 446 4905 ει
484 4856 737 4911 sacerdos
768 4854 823 4906 in
842 4859 1104 4907 aeternum
1166 4848 1465 4905 secundum
1513 4846 1759 4900 ordinem
1798 4841 2019 4897 Melchi-

427 4971 449 4993 ι.
493 4944 715 4999 sedech.
752 4941 857 5010 Qui
880 4941 933 4994 in
955 4940 1147 4994 diebus
1178 4938 1360 4995 carnis
1382 4954 1493 4991 sua:
1524 4950 1716 5005 preces
1745 4931 2022 5003 supplica-

431 5057 453 5083 α
491 5034 774 5104 tionesque
801 5031 870 5085 ad
906 5046 1027 5084 eum
1083 5028 1173 5100 qui
1231 5026 1404 5097 possit
1446 5022 1671 5097 [posset]
1712 5022 1860 5075 illum
1910 5019 2025 5074 sal-

429 5146 451 5173 ε
486 5140 611 5176 vum
664 5121 844 5176 facere
874 5136 902 5172 a
932 5124 1144 5182 morte;
1196 5132 1320 5171 cum
1367 5114 1603 5168 clamore
1634 5110 1811 5165 valido
1854 5117 1902 5163 et
1943 5108 2025 5161 la-

430 5235 452 5264 (
487 5211 686 5283 crymis
714 5208 972 5273 offerens,
1006 5204 1292 5261 exarditus
1326 5210 1407 5257 est
1434 5216 1531 5271 pro
1567 5215 1661 5253 sua
1693 5197 2017 5253 reverentia.

430 5326 451 5349 α
490 5302 558 5355 Et
589 5299 809 5372 quidem
842 5312 964 5353 cum
997 5292 1323 5349 cssetFilius
1346 5290 1464 5355 Dei,
1496 5288 1681 5343 didicit
1705 5304 1769 5341 ex
1791 5286 1875 5339 his
1908 5302 2028 5356 qua:

433 5414 455 5437 α
492 5406 689 5461 passus
730 5396 813 5442 est
860 5383 1243 5445 obedientiam,
1289 5388 1341 5434 et
1384 5384 1789 5433 consummatus
1856 5375 2031 5429 factus

434 5502 455 5527 α
492 5486 573 5533 est
603 5477 854 5531 omnibus
913 5470 1413 5542 obtemperantibus
1470 5466 1572 5520 sibi
1612 5481 1779 5521 causa
1843 5462 2031 5518 salutis

438 5588 461 5617 α
498 5572 738 5631 ωιετηω,
771 5546 1074 5633 appellatus
1105 5575 1137 5613 a
1166 5560 1282 5613 Deo
1312 5555 1573 5629 pontifex,
1602 5556 1757 5625 juxta
1787 5552 2031 5608 ordinem

445 5676 468 5707 ς
505 5651 930 5709 Melchisedech.
968 5650 1050 5705 De
1079 5663 1187 5722 quo
1215 5646 1372 5704 nobis
1401 5644 1627 5719 grandis
1645 5657 1847 5713 sermo,
1881 5648 1935 5697 et
1953 5640 2035 5695 in-

2121 4577 2244 4632 ﬁcia
2267 4582 2467 4639 autem,
2502 4570 2717 4642 quando
2754 4568 3125 4623 immolabatur
3154 4575 3341 4619 taurus
3386 4563 3474 4619 vel
3521 4562 3716 4630 hujus-

2120 4665 2289 4720 modi.
2327 4665 2384 4716 lu
2416 4660 2630 4715 Christo
2674 4666 2855 4712 autem
2902 4672 3093 4727 preces
3115 4663 3166 4709 et
3205 4667 3543 4724 quaecunque
3592 4648 3720 4704 fecit

2122 4770 2295 4825 usque
2324 4751 2387 4805 ad
2421 4750 2615 4803 horam
2633 4746 2906 4818 passionis
2936 4745 3081 4799 dona
3126 4743 3393 4797 dicuntur.
3438 4736 3723 4794 Sacriﬁcia

2123 4851 2301 4896 autem
2333 4838 2548 4911 quando
2579 4837 2820 4907 seipsum
2855 4836 2906 4888 in
2939 4849 3037 4888 ara
3065 4832 3243 4888 crucis
3281 4829 3494 4885 obtulit.
3526 4828 3627 4884 Ubi
3645 4826 3721 4879 ait

2125 4933 2453 5002 assumptus
2493 4944 2566 4983 ex
2599 4925 2935 4991 hominibus,
2968 4922 3043 4976 ibi
3074 4919 3308 4975 ostendit
3355 4916 3718 4986 majoritatcm

2128 5018 2344 5086 Christi,
2372 5016 2460 5087 qui
2494 5032 2559 5071 ex
2603 5013 2866 5068 electione
2905 5011 3003 5065 Dei
3032 5016 3345 5079 assumptus
3401 5006 3503 5071 sit;
3550 5005 3606 5057 in
3638 5003 3723 5056 his

2128 5124 2248 5180 quae
2276 5105 2534 5177 praedicta
2579 5110 2721 5171 sunt,
2776 5099 3200 5163 similitudinem,
3258 5095 3403 5168 quia,
3428 5094 3474 5148 si
3514 5109 3611 5164 per
3655 5090 3725 5144 il-

2128 5197 2240 5251 lum
2272 5190 2584 5265 pontiﬁcem
2621 5188 2937 5243 offerentem
2968 5188 3112 5239 dona
3154 5192 3205 5239 et
3238 5180 3499 5237 sacriﬁcia
3530 5194 3725 5234 conse-

2132 5290 2367 5356 quuntur
2395 5280 2643 5335 homines
2663 5274 3114 5338 misericordiam,
3150 5288 3320 5345 quare
3340 5286 3445 5324 non
3481 5266 3728 5356 similiter

2130 5355 2229 5444 per
2260 5369 2531 5426 Christum
2562 5369 2675 5421 haec
2715 5365 2907 5420 eadem
2939 5362 3251 5417 offerentem
3283 5361 3310 5414 ?
3351 5355 3721 5418 Constituitur,

2134 5462 2373 5532 inquam,
2395 5456 2633 5529 pontifex
2666 5457 2759 5527 qui
2789 5454 2983 5525 possit,
3017 5451 3070 5504 id
3101 5458 3181 5504 est
3213 5446 3303 5519 qui
3326 5447 3380 5500 in
3411 5462 3513 5499 usu
3534 5444 3733 5532 habeat

2134 5531 2425 5607 condolere
2448 5547 2533 5601 his
2564 5547 2659 5618 qui
2680 5546 2963 5615 ignorant,
2985 5540 3040 5595 id
3061 5546 3143 5593 est
3171 5538 3491 5610 ignoranter
3511 5550 3576 5588 ex
3594 5531 3731 5586 sim-

2134 5637 2373 5711 plicitate
2385 5641 2633 5709 peccant,
2665 5636 2721 5689 et
2750 5632 2833 5687 his
2864 5628 2955 5702 qui
2977 5630 3198 5695 errant,
3222 5625 3375 5682 idest
3397 5622 3636 5680 scienter
3658 5619 3735 5676 in-
