3966 6050
246 93 350 145 513

907 83 1286 141 EXPOSITIO
1324 85 1397 139 IN
1433 82 1812 139 EPISTOLAS
1850 82 2075 140 PAULI.
2108 114 2177 126 —
2206 86 2280 141 IN
2318 87 2534 144 EPIST.
2576 88 2671 144 AD
2709 90 2867 144 HEB.

3440 93 3544 147 514

251 213 441 269 cidunt
469 211 524 265 in
554 217 855 282 peccatum.
890 210 1033 265 Talis
1064 209 1207 265 enim
1237 209 1400 264 debet
1428 208 1571 279 elegi
1601 208 1690 279 qui
1722 224 1844 263 om-
1865 211 1920 268 A
1949 225 2057 280 quo
2082 210 2213 264 mihi
2249 211 2387 266 bene
2417 212 2720 282 complacui
2759 213 2982 283 (Matth.
3022 229 3102 282 ιιι,
3138 214 3247 285 17).
3287 234 3309 263 ι
3373 215 3432 268 In
3459 214 3545 270 his

251 302 413 355 nibus
442 299 841 354 inﬁrmitatibus
903 299 1125 353 fratrum
1166 299 1299 354 sciat
1329 298 1583 369 compati,
1620 314 1725 352 non
1758 297 1847 369 qui

252 390 603 461 impatienter
658 388 956 459 prarcipitet
1012 388 1334 443 sententiam
1392 386 1755 441 damnationis
1794 386 1849 440 in

257 479 524 534 subditos.
558 478 618 531 In
645 478 747 532 hoc
771 478 909 531 bene
936 476 1183 532 Christus
1241 476 1451 541 similis,
1486 476 1577 547 qui
1617 483 1850 529 tentatus

256 585 356 639 per
377 567 558 622 omnia
614 566 937 636 compatitur
993 564 1394 620 inﬁrmitatibus
1450 564 1676 620 nostris.
1716 564 1851 619 Dico

255 657 430 727 possit
484 655 794 723 condolcre,
848 663 900 709 et
955 655 1140 725 utique
1169 654 1349 719 debet,
1410 653 1667 725 quoniam
1716 653 1853 708 sicut

259 744 481 809 subditi,
516 744 589 798 ita
612 744 769 798 etiam
802 743 921 813 ipse
978 743 1339 799 circumdatus
1388 751 1467 797 est
1520 741 1850 807 inﬁrmitate,

260 834 317 887 id
343 840 427 888 est
455 840 506 888 et
529 832 824 903 fragilitate
882 833 1090 897 carnis,
1124 840 1176 886 et
1222 832 1420 902 saepius
1464 839 1586 887 actu
1617 830 1850 902 peccati.

259 923 318 975 In
349 923 453 977 hoc
483 929 662 976 autem
691 921 937 976 Christus
981 921 1150 988 major
1193 921 1315 991 quia
1346 929 1552 991 absque
1609 928 1851 989 peccato.

258 1010 328 1064 Et
350 1010 478 1082 quia
504 1010 621 1080 ipse
652 1010 1011 1064 circumdatus
1042 1017 1123 1063 est
1166 1007 1479 1063 inﬁrmitate
1514 1026 1526 1062 :
1556 1012 1857 1080 propterea

260 1098 732 1170 quemadmodum
760 1096 917 1152 offert
944 1114 1045 1169 pro
1063 1099 1266 1169 populo
1298 1096 1632 1152 absolvendo
1663 1112 1695 1150 a
1725 1112 1857 1166 pec-

262 1187 420 1252 catis,
472 1195 524 1241 et
553 1187 927 1241 conservando
977 1186 1044 1240 de
1097 1185 1294 1250 futuro,
1345 1186 1429 1240 ita
1459 1186 1633 1239 etiam
1665 1185 1857 1239 eodem

261 1276 430 1330 modo
476 1275 636 1330 debet
668 1276 743 1343 (et
781 1290 1010 1329 necesse
1043 1274 1146 1345 est)
1176 1275 1376 1344 offerre
1405 1291 1507 1345 pro
1538 1275 1857 1344 semetipso,

264 1364 322 1418 in
350 1381 458 1435 quo
499 1372 580 1418 est
611 1362 893 1418 inﬁrmitas
923 1362 1298 1418 conservando
1328 1363 1396 1416 de
1429 1362 1625 1427 futuro,
1661 1371 1712 1416 et
1759 1378 1860 1433 pro

261 1454 514 1525 peccatis
542 1452 831 1523 praeteritis
863 1451 1129 1507 delendis.
1164 1452 1223 1504 In
1251 1452 1355 1506 hoc
1392 1450 1584 1505 iterum
1615 1450 1862 1505 Christus

263 1542 437 1610 major
467 1542 591 1611 quia
616 1557 725 1596 non
754 1540 963 1612 indiget
993 1548 1045 1594 ut
1077 1538 1262 1594 offerat
1292 1556 1391 1609 pro
1414 1556 1491 1604 se,
1520 1538 1623 1593 nisi
1658 1546 1861 1592 tantum

264 1646 365 1701 pro
396 1629 615 1701 populo.
650 1629 934 1697 Quomodo
981 1628 1070 1684 hic
1102 1627 1339 1698 pontifex
1382 1627 1743 1682 assumendus
1772 1627 1859 1691 sit,

269 1717 571 1790 subjungit,
607 1718 796 1773 dicens
829 1736 841 1771 :
876 1717 974 1773 Hic
998 1716 1239 1787 pontifex
1263 1716 1339 1770 sic
1361 1716 1523 1771 debet
1562 1715 1777 1782 offerre,
1812 1722 1865 1771 et

270 1810 562 1879 quisquam
596 1807 791 1861 horum
834 1805 1148 1876 pontiﬁcum
1180 1823 1293 1861 non
1325 1807 1525 1871 sumit,
1558 1804 1612 1858 id
1643 1812 1726 1859 est
1755 1820 1863 1858 non

271 1913 333 1950 se
391 1896 461 1949 ad
516 1897 837 1950 sumendum
893 1896 1158 1951 honorem
1214 1895 1434 1966 ingerit.
1514 1893 1686 1947 Sumit
1742 1892 1865 1947 dico

271 1985 397 2052 sibi,
430 1985 486 2039 id
519 1993 600 2039 est
632 1993 885 2055 respectu
915 2000 1101 2038 eorum
1134 2000 1254 2054 quae
1282 1999 1380 2037 sua
1427 1990 1569 2036 sunt.
1621 1983 1867 2036 Sumeret

271 2073 396 2142 sibi,
431 2073 476 2128 si
510 2090 607 2143 per
633 2073 943 2143 pecuniam,
980 2072 1025 2125 si
1043 2080 1265 2142 propter
1291 2087 1603 2141 personam,
1636 2070 1681 2124 si
1703 2086 1867 2140 prop-

273 2169 358 2215 ter
388 2178 583 2233 genus,
607 2168 831 2231 propter
862 2160 1181 2214 saecularem
1220 2159 1514 2230 potentiam
1551 2158 1637 2214 vel
1677 2158 1867 2227 hujus-

273 2250 423 2304 modi
452 2250 731 2322 ingeratur
759 2249 814 2303 in
845 2250 1126 2303 honorem.

348 2339 477 2394 Haec
507 2338 652 2393 enim
683 2336 863 2392 omnia
893 2354 957 2392 ex
988 2353 1054 2391 eo
1087 2344 1230 2403 sunt,
1266 2337 1363 2391 sed
1396 2336 1488 2408 qui
1516 2343 1738 2407 propter
1766 2334 1872 2390 vir-

277 2434 442 2494 tutes,
474 2427 809 2498 patientiam,
850 2425 1207 2480 humilitatem
1238 2435 1290 2480 et
1330 2426 1657 2495 hujusmodi,
1693 2440 1871 2478 sume-

278 2525 431 2571 retur
458 2516 525 2570 ad
556 2517 838 2581 honorem,
874 2516 961 2571 hic
990 2531 1099 2569 non
1147 2516 1268 2580 sibi,
1301 2515 1357 2570 id
1388 2524 1471 2570 est
1501 2531 1565 2569 ex
1614 2530 1680 2569 eo
1727 2512 1872 2584 quod

281 2621 438 2660 suum
470 2613 569 2673 est,
605 2606 703 2660 sed
733 2622 799 2659 ex
846 2604 1135 2659 virtutibus
1167 2621 1288 2675 quae
1309 2603 1409 2659 Dei
1462 2611 1603 2667 sunt,
1637 2609 1876 2657 sumeret

282 2697 570 2749 honorem.
600 2695 775 2748 Nemo
807 2693 973 2747 sumit
995 2693 1097 2747 sibi
1116 2695 1400 2761 honorem,
1424 2692 1518 2748 sed
1546 2691 1637 2746 ille
1659 2693 1753 2763 qui
1785 2706 1873 2745 vo-

282 2787 453 2839 catur
480 2799 516 2838 a
544 2785 671 2849 Deo,
712 2782 766 2836 id
816 2790 899 2837 est
959 2781 1051 2853 qui
1093 2782 1277 2837 divina
1325 2781 1604 2837 vocatione
1635 2779 1871 2849 eligitur.

280 2874 406 2926 Non
426 2871 644 2935 dicitur,
676 2878 898 2926 vocatur
919 2887 951 2926 a
983 2871 1119 2936 Deo,
1152 2870 1297 2941 quod
1328 2886 1430 2926 vox
1452 2869 1634 2924 divina
1664 2867 1739 2922 ibi
1787 2884 1877 2922 au-

286 2961 480 3027 diatur,
508 2960 633 3028 sed,
669 2960 714 3013 si
754 2967 979 3030 propter
1017 2959 1243 3013 virtutes
1273 2958 1373 3013 Dei
1402 2958 1472 3012 ab
1506 2958 1589 3011 his
1641 2956 1731 3027 qui
1761 2955 1877 3010 sani

282 3057 406 3103 sunt
426 3048 662 3120 eligitur,
678 3047 823 3103 idem
843 3048 981 3102 valet
1002 3063 1067 3102 ac
1089 3046 1135 3100 si
1159 3048 1306 3102 Deus
1328 3046 1531 3101 diceret
1556 3064 1569 3101 ε
1597 3045 1730 3100 Veni
1753 3045 1879 3116 quia

283 3137 485 3210 dignus
516 3153 574 3191 es
604 3136 855 3207 accipere
894 3135 1286 3207 pontiﬁcatum.
1318 3135 1555 3191 Vocatur
1580 3149 1613 3188 a
1643 3135 1758 3189 Deo
1790 3150 1880 3188 ve-

290 3227 376 3281 lut
407 3227 596 3281 Aaron
626 3241 659 3279 a
687 3226 801 3279 Deo
832 3232 1056 3280 vocatus
1078 3232 1179 3279 est.
1201 3226 1384 3279 Aaron
1405 3231 1583 3277 tamen
1600 3238 1710 3277 non
1730 3238 1879 3276 com-

288 3314 437 3369 muni
467 3314 732 3369 electione
762 3314 967 3369 electus
1006 3321 1108 3381 est,
1151 3313 1276 3384 quia
1332 3312 1450 3366 Filii
1489 3312 1627 3366 Core
1675 3318 1884 3365 contra-

290 3404 564 3459 dixerunt.
620 3402 801 3470 Quare
839 3402 988 3457 illato
1017 3401 1144 3472 igne
1193 3402 1392 3466 alieno,
1424 3398 1793 3455 thuriﬁcantes
1812 3399 1880 3452 ab

288 3491 417 3563 igne
439 3492 745 3561 consumpti
775 3499 917 3559 sunt,
953 3498 1007 3545 et
1053 3491 1267 3545 Dathan
1300 3497 1352 3543 et
1408 3489 1614 3543 Abiron
1657 3504 1758 3558 pro
1790 3503 1883 3542 eo-

293 3581 415 3635 dem
441 3588 865 3649 murmurantes,
887 3596 918 3633 a
947 3587 1094 3634 terra
1114 3578 1356 3648 absorpti
1394 3586 1517 3632 sunt
1545 3578 1735 3648 (Num.
1760 3591 1879 3643 xvx,

290 3669 401 3739 31).
437 3669 546 3724 Sed
564 3670 782 3739 Moyses
812 3685 876 3724 ex
906 3676 1181 3739 praecepto
1201 3667 1319 3733 Dei,
1354 3675 1403 3722 et
1433 3682 1530 3737 per
1558 3665 1883 3722 miraculum

292 3758 589 3828 assumpsit
614 3761 800 3812 Aaron
841 3757 897 3811 in
936 3756 1321 3812 sacerdotium.
1357 3754 1622 3826 Praecepit
1651 3755 1797 3810 enim
1825 3760 1885 3808 ut

292 3847 363 3902 de
393 3862 468 3901 xu
517 3846 763 3900 tribubus
794 3860 877 3899 xu
919 3846 1159 3901 virorum
1198 3860 1279 3899 xu
1310 3844 1479 3914 virgae
1526 3844 1581 3897 in
1628 3844 1884 3898 taberna-

292 3935 417 3991 culo
447 3942 797 4006 ponerentur,
830 3941 886 3988 ut
933 3935 1085 4003 cujus
1114 3934 1266 4006 virga
1320 3932 1613 4000 ﬂoruisset,
1644 3930 1885 4002 pontifex

293 4024 591 4080 secundum
616 4022 959 4078 manifestam
987 4023 1320 4078 voluntatem
1358 4021 1458 4076 Dei
1488 4019 1660 4075 ﬁeret.
1696 4022 1754 4074 In
1778 4020 1888 4075 ele-

293 4112 474 4169 ctione
504 4121 680 4167 autem
711 4115 897 4167 Aaron
926 4111 1161 4166 ostendit
1182 4111 1350 4182 quod,
1381 4109 1427 4164 si
1456 4109 1617 4180 pauci
1661 4109 1766 4163 sint
1795 4107 1889 4179 qui

286 4202 431 4271 juste
461 4201 664 4273 eligant
692 4209 744 4256 et
774 4200 1056 4255 multitudo
1085 4199 1433 4267 contradicat,
1468 4207 1651 4253 tamen
1680 4213 1888 4269 pauco-

1950 299 2129 353 verbis
2162 300 2353 355 Filium
2397 300 2732 356 clariﬁcavit.
2785 301 3100 374 Adjungens
3132 310 3308 356 autem
3341 320 3354 356 :
3393 326 3415 350 «
3449 304 3543 373 Ip-

1950 405 2071 442 sum
2102 389 2283 443 audite
2341 390 2521 460 (ibid).
2564 410 2583 438 »
2637 390 2690 443 in
2720 391 2824 445 hoc
2874 391 3039 445 verbo
3082 390 3390 461 pontiﬁcem
3415 406 3544 446 con-

1951 477 2200 533 secravit.
2234 480 2299 534 Ut
2322 479 2480 533 Pater
2510 479 2821 533 ostenderet
2850 479 3170 552 dignitatem
3198 480 3317 534 Filii
3351 498 3363 535 :
3398 487 3454 535 tu
3485 497 3546 536 es

1952 566 2116 620 Filius
2133 583 2305 621 meus.
2330 568 2405 620 Ita
2416 568 2485 622 de
2503 568 2717 622 Christo
2746 568 2836 632 ait,
2855 569 3309 639 quemadmodum
3322 570 3389 624 de
3415 586 3545 640 pon-

1951 654 2151 709 tiﬁcatu
2174 657 2417 724 ejusdem
2441 657 2605 712 etiam
2636 657 2691 711 in
2708 658 2811 711 alio
2828 657 2949 713 loco
2985 658 3229 726 ejusdem
3250 659 3546 729 Scriptura;

1954 744 2054 798 ait:
2079 746 2155 799 Tu
2172 760 2229 799 es
2246 745 2519 811 sacerdos,
2537 746 2832 800 duraturus
2850 749 2910 801 in
2933 751 3211 802 wternum
3234 748 3546 803 secundum

1955 834 2231 899 ordinem,
2262 833 2313 887 id
2333 842 2416 888 est
2437 834 2736 888 secundum
2758 834 3073 905 dignitatem
3093 835 3296 890 ordinis
3315 836 3547 892 Melchi-

1954 921 2170 977 sedech.
2225 922 2599 976 Sacerdotium
2629 930 2807 977 autem
2840 923 3138 979 Leviticum
3168 940 3276 979 non
3316 924 3372 978 in
3400 932 3550 979 teter-

1956 1026 2104 1072 num,
2141 1010 2236 1065 sed
2265 1010 2319 1063 in
2364 1018 2605 1081 tempore
2655 1011 2986 1066 duraturum.
3020 1013 3147 1068 Ideo
3186 1013 3548 1068 sacerdotium

1958 1098 2156 1153 Christi
2188 1114 2413 1154 necesse
2444 1107 2526 1154 est
2554 1107 2611 1153 ut
2645 1109 2861 1154 maneat
2891 1101 2945 1153 in
2973 1110 3255 1168 aeternum,
3291 1102 3412 1173 quia
3443 1102 3551 1158 sic-

1959 1195 2035 1253 ut,
2070 1185 2177 1240 nisi
2218 1204 2319 1257 per
2347 1204 2490 1254 eum,
2516 1188 2791 1243 beatitudo
2833 1205 2942 1243 non
2964 1198 3141 1259 potest
3187 1190 3393 1257 haberi,
3446 1191 3543 1258 sic,

1960 1275 2063 1330 nisi
2094 1292 2193 1346 per
2222 1293 2345 1330 eum
2379 1276 2579 1342 habita,
2617 1292 2726 1332 non
2757 1285 2933 1347 potest
2949 1278 3198 1333 retineri.
3230 1280 3288 1333 In
3310 1280 3412 1334 hoc
3442 1280 3549 1335 ite-

1960 1381 2077 1419 rum
2108 1365 2327 1435 quodin
2359 1374 2617 1420 aeternum
2648 1365 2897 1435 pralatus
2935 1374 3015 1421 est
3043 1368 3350 1422 sacerdotio
3390 1368 3553 1424 Levi-

1961 1453 2087 1521 tico,
2134 1454 2285 1525 quia,
2321 1454 2451 1507 illud
2496 1454 2549 1507 in
2579 1461 2841 1524 tempore.
2865 1455 2934 1508 Et
2965 1454 3011 1509 si
3040 1455 3427 1511 destruendum
3458 1473 3553 1512 sa-

1891 1542 2267 1626 Bcerdotium
2316 1543 2577 1613 prodesse
2626 1544 2817 1613 potuit,
2874 1544 3043 1599 multo
3081 1544 3258 1617 magis
3287 1554 3553 1602 aeternum

1967 1631 2331 1686 sacerdotium
2375 1632 2570 1686 Christi
2600 1650 2613 1697 ;
2645 1632 2788 1703 quod
2832 1632 2992 1686 etiam
3016 1632 3239 1687 alterius
3261 1642 3343 1688 est
3373 1634 3555 1706 digni-

1966 1720 2110 1783 tatis,
2180 1720 2301 1791 quia
2339 1720 2639 1775 secundum
2700 1720 2946 1775 ordinem
2988 1721 3406 1779 Melchisedech.
3455 1725 3560 1792 Qui

1968 1809 2216 1863 Christus
2243 1816 2299 1862 ut
2331 1809 2461 1863 certi
2488 1809 2604 1862 sitis
2636 1824 2734 1863 vos
2778 1809 2829 1862 in
2868 1825 2933 1864 eo
2968 1819 3358 1866 consecuturos
3389 1812 3557 1868 mise-

1967 1896 2278 1962 ricordiam,
2311 1900 2373 1952 in
2402 1897 2593 1953 diebus
2614 1900 2807 1953 carnis
2822 1915 2958 1964 suae,
2992 1898 3047 1952 id
3085 1907 3164 1954 est
3184 1899 3557 1970 passibilitatis

1969 1993 2021 2039 et
2042 1984 2388 2040 mortalitatis
2417 2002 2547 2041 suae.
2595 1986 2852 2041 Naturale
2884 1985 3027 2040 enim
3058 1995 3138 2041 cst
3168 1988 3345 2042 carnis
3366 1989 3475 2058 pati
3506 1996 3560 2044 et

1969 2074 2126 2129 mori.
2162 2075 2222 2128 In
2253 2075 2357 2143 his,
2388 2075 2629 2146 inquam,
2656 2074 2848 2129 diebus
2869 2076 3072 2131 obtulit
3104 2087 3298 2147 preces
3331 2080 3385 2132 et
3419 2095 3558 2150 sup-

1967 2164 2307 2235 plicationes
2336 2162 2406 2217 ad
2438 2164 2629 2217 Deum.
2654 2164 2849 2217 Preces
2898 2171 3054 2218 vocat
3088 2180 3436 2235 quascunque
3457 2182 3561 2236 po-

1972 2252 2292 2306 stulationes
2321 2260 2444 2306 ante
2473 2250 2744 2322 passionis
2766 2251 3055 2307 articulum
3085 2251 3229 2309 fecit.
3281 2253 3563 2325 Supplica-

1973 2340 2169 2408 tiones,
2213 2340 2341 2396 dicit
2371 2339 2613 2411 quando,
2656 2340 2891 2394 instante
2927 2342 3061 2395 hora
3092 2341 3380 2411 passionis,
3420 2349 3565 2397 tanta

1972 2424 2268 2479 intentione
2298 2425 2472 2480 oravit
2500 2432 2557 2478 ut
2586 2424 2944 2496 sanguineum
2990 2425 3245 2481 sudorem
3276 2426 3561 2481 emitteret.

1975 2514 2201 2579 Obtulit,
2236 2514 2475 2584 inquam,
2509 2513 2578 2567 ad
2608 2530 2751 2580 eum,
2786 2515 2881 2585 qui
2924 2516 3099 2584 possit
3126 2516 3347 2570 salvum
3375 2519 3565 2586 facere

1974 2604 2143 2657 illum
2174 2620 2207 2657 a
2238 2610 2438 2657 morte.
2473 2603 2595 2656 Non
2623 2610 2679 2656 ut
2715 2617 2825 2656 non
2869 2603 3153 2671 moriatur,
3189 2603 3286 2658 sed
3316 2620 3385 2657 ne
3416 2619 3567 2658 mors

1974 2690 2077 2760 ipsi
2114 2690 2205 2745 diu
2234 2690 2561 2745 dominetur.
2614 2690 2905 2745 Intendens
2950 2703 3047 2761 per
3103 2708 3162 2746 se
3216 2691 3508 2746 liberatum
3539 2707 3570 2746 a

1974 2786 2170 2845 morte,
2196 2780 2493 2833 humanum
2526 2794 2701 2850 genus
2731 2778 2798 2831 ab
2832 2779 3021 2833 eadem
3051 2779 3415 2834 liberandum.
3450 2779 3568 2835 Ob-

1980 2868 2115 2933 tulit,
2142 2868 2384 2938 inquam,
2407 2868 2475 2922 ad
2497 2884 2619 2922 eum
2652 2884 2781 2923 cum
2803 2869 3049 2924 clamore
3068 2869 3270 2934 valido,
3293 2885 3402 2923 non
3424 2868 3571 2940 quod

1978 2956 2051 3011 ita
2080 2957 2185 3010 alte
2207 2956 2543 3021 clamaverit,
2577 2956 2673 3011 sed
2729 2972 2853 3011 cum
2886 2956 3066 3011 valido
3094 2957 3353 3025 clamore,
3386 2957 3440 3011 id
3490 2964 3573 3012 est

1979 3062 2099 3101 cum
2130 3044 2363 3099 maxima
2393 3044 2708 3109 intentione,
2743 3049 2798 3100 et
2828 3063 2949 3101 cum
2974 3046 3256 3117 lacrymis.
3290 3046 3432 3100 Alibi
3462 3061 3571 3100 non

1977 3134 2249 3188 invenitur
2279 3133 2469 3187 eadem
2500 3134 2633 3187 hora
2679 3133 3011 3204 lacrymasse
3060 3134 3350 3203 Christum,
3385 3133 3488 3188 nisi
3517 3135 3572 3187 in

1979 3223 2083 3277 hoc
2103 3222 2402 3292 Evangelio
2435 3222 2584 3276 Pauli
2608 3241 2621 3289 ;
2654 3222 2742 3276 cui
2771 3238 2878 3277 non
2901 3223 3081 3276 minus
3100 3230 3183 3277 est
3212 3223 3567 3291 credendum,

1980 3311 2124 3382 quia,
2162 3311 2207 3364 si
2237 3326 2338 3381 pro
2368 3311 2573 3365 Lazaro
2605 3318 2657 3365 et
2684 3325 2786 3381 pro
2815 3311 3180 3366 destructione
3209 3311 3569 3379 Hierusalem,

1981 3399 2293 3454 miserando
2322 3399 2522 3470 ubique
2552 3399 2785 3453 humano
2828 3398 3082 3465 defectui,
3130 3400 3463 3471 lacrymasse
3493 3401 3576 3455 di-

1981 3488 2137 3556 citur,
2198 3488 2367 3542 multo
2424 3487 2599 3559 magis
2655 3488 2985 3559 lacrymasse
3032 3488 3293 3543 dicendus
3339 3496 3439 3554 est,
3492 3496 3569 3555 ut,

1982 3577 2451 3632 consummatione
2481 3576 2805 3632 obedientia;
2833 3593 2964 3643 suae,
3021 3576 3290 3632 defectum
3349 3576 3573 3631 humani

1982 3665 2199 3737 generis
2229 3673 2460 3720 sanaret.
2508 3664 2778 3731 Oﬁ‘erens,
2841 3665 3081 3736 inquam,
3112 3682 3304 3736 preces
3335 3681 3458 3721 cum
3489 3666 3576 3719 la-

1983 3755 2185 3825 crymis
2224 3755 2534 3810 exauditus
2577 3759 2680 3820 est,
2732 3755 3003 3825 completo
3053 3755 3198 3826 quod
3244 3754 3573 3825 postulabat,

1981 3860 2081 3916 pro
2112 3860 2214 3899 sua
2243 3846 2582 3909 reverentia,
2617 3842 2671 3898 id
2691 3851 2774 3898 est
2801 3860 2903 3913 pro
2926 3860 3021 3898 sua
3038 3843 3328 3916 religione.
3354 3844 3454 3899 Vel
3474 3858 3575 3914 pro

1986 3948 2085 3986 sua
2114 3932 2439 3999 reverentia,
2473 3932 2527 3986 id
2559 3940 2642 3987 est
2670 3947 2770 4003 pro
2801 3932 3109 3987 obedientia
3136 3947 3244 4004 qua
3272 3948 3331 3987 se
3362 3931 3579 3987 Patrem

1986 4037 2202 4091 semper
2237 4022 2534 4077 reveritum
2563 4020 2732 4076 fuisse
2762 4020 3027 4091 probavit.
3061 4020 3183 4076 Non
3206 4028 3409 4075 tantum
3446 4036 3579 4091 pre-

1986 4126 2077 4164 ces
2103 4125 2225 4165 cum
2275 4110 2531 4180 lacrymis
2585 4110 2797 4176 obtulit,
2832 4110 2928 4165 sed
2987 4110 3150 4164 etiam
3196 4110 3418 4175 didicit,
3469 4125 3579 4165 non

1988 4198 2317 4270 cognitione,
2353 4199 2450 4254 sed
2480 4214 2581 4269 per
2601 4198 2989 4268 experientiam
3012 4198 3091 4252 rei
3112 4199 3487 4254 obedientiam
3505 4215 3579 4253 ex

288 4306 416 4344 rum
474 4290 741 4345 sententia
791 4289 1049 4345 canonice
1101 4288 1417 4361 eligentium
1474 4287 1754 4359 sequenda
1784 4294 1885 4353 est,
1907 4282 1962 4343 D
1993 4286 2079 4340 his
2108 4303 2229 4357 qua:
2257 4304 2457 4359 passus
2488 4286 2667 4353 est,id
2696 4294 2777 4341 est
2805 4302 2905 4357 per
2934 4292 3189 4353 mortem;
3225 4302 3370 4354 cum,
3403 4286 3459 4342 id
3498 4292 3582 4341 est

292 4378 653 4433 multitudinis
682 4393 836 4433 error
874 4377 1254 4447 reprobandus
1282 4378 1470 4447 (Num.
1514 4391 1654 4441 xvu,
1686 4379 1740 4441 2,
1775 4378 1884 4443 10).

296 4467 543 4521 Pontifex
565 4466 657 4521 ille
679 4466 723 4520 si
744 4475 1001 4537 tanquam
1023 4468 1207 4520 Aaron
1235 4473 1460 4520 vocatus
1482 4465 1569 4531 sit,
1589 4479 1699 4519 non
1720 4479 1779 4517 se
1800 4463 1890 4517 in-

293 4572 501 4628 gerens
516 4555 569 4609 in
581 4555 864 4621 honorem,
888 4554 1196 4611 hominibus
1216 4553 1481 4624 prodesse
1500 4560 1696 4624 potest.
1721 4551 1811 4607 Sic
1839 4557 1894 4606 et

298 4644 543 4699 Christus
596 4644 757 4698 simili
791 4644 860 4698 de
900 4658 1064 4698 causa
1102 4642 1216 4696 suis
1248 4640 1493 4696 auxiliari
1530 4648 1728 4711 potest,
1767 4639 1893 4711 quia

303 4731 563 4787 Christus
593 4749 708 4788 non
725 4733 1080 4801 clariﬁcavit,
1106 4731 1161 4785 id
1178 4738 1260 4785 est
1286 4746 1397 4785 non
1412 4746 1471 4785 se
1492 4729 1893 4801 magnificando

298 4820 536 4892 ingessit
569 4821 639 4875 ad
660 4822 782 4888 hoc,
816 4825 881 4876 ut
910 4822 1073 4889 ﬁeret
1102 4821 1387 4891 pontifex,
1432 4818 1527 4874 sed
1546 4819 1705 4872 Pater
1731 4817 1892 4873 clari-

299 4908 479 4964 ﬁcavit
506 4910 778 4964 Christum
817 4910 912 4981 qui
947 4910 1167 4964 locutus
1188 4908 1259 4963 ad
1279 4924 1428 4973 eum,
1457 4907 1644 4963 dicens
1679 4924 1693 4961 :
1730 4909 1807 4961 Tu
1836 4923 1894 4962 es

301 5000 482 5053 Fiiius
502 5015 661 5054 meus
679 4999 748 5054 3
765 4998 830 5053 ’7
846 4998 916 5053 5
935 5014 1030 5068 ego
1054 4997 1211 5053 hodie
1230 4998 1401 5068 genui
1414 5000 1488 5063 te,
1515 4996 1652 5051 sicut
1673 4995 1727 5050 in
1744 4996 1897 5066 prin-

299 5084 445 5155 cipio
458 5086 713 5157 Epistolis:
729 5086 1096 5157 exposuimus.
1113 5086 1239 5141 Haec
1255 5093 1432 5140 autem
1443 5102 1554 5140 non
1567 5093 1691 5140 sunt
1702 5085 1891 5151 verba,

301 5174 497 5245 quibus
516 5176 673 5230 Pater
691 5191 815 5230 eum
836 5173 1151 5230 clariﬁcavit
1170 5192 1184 5241 ;
1210 5174 1307 5230 sed
1326 5174 1380 5228 in
1415 5174 1609 5245 quibus
1626 5173 1896 5228 Christum

306 5264 614 5318 sacerdotio
658 5264 886 5337 dignum
919 5263 1155 5319 ostendit
1204 5280 1217 5316 :
1261 5263 1476 5333 quando
1520 5270 1733 5329 autem,
1766 5263 1896 5317 dum

304 5350 551 5408 Christus
575 5352 957 5423 baptizaretur,
982 5352 1056 5407 ait
1088 5369 1102 5408 :
1139 5372 1161 5403 «
1197 5351 1297 5408 Hic
1326 5359 1407 5407 est
1435 5351 1599 5407 Filius
1636 5367 1809 5417 meus,
1842 5349 1897 5404 in

1991 4377 2243 4446 quamvis
2273 4380 2418 4431 esset
2446 4376 2626 4430 Filius
2675 4375 2774 4429 Dei
2822 4383 3017 4445 potens
3063 4375 3264 4441 omnia,
3289 4375 3368 4431 sic
3399 4384 3583 4431 tamen

1991 4463 2351 4518 sacerdotium
2382 4480 2539 4518 suum
2569 4463 2792 4533 implere
2822 4462 3008 4518 voluit.
3052 4465 3123 4519 Et
3150 4464 3266 4536 ipse
3314 4482 3583 4522 consum-

1992 4556 2202 4619 matus,
2237 4552 2291 4607 id
2322 4561 2403 4607 est
2433 4560 2693 4608 mortuus.
2718 4552 2817 4607 Vel
2846 4562 3275 4620 consummatus,
3322 4554 3378 4609 id
3417 4562 3501 4609 est
3528 4553 3585 4608 in

1992 4640 2219 4695 dextera
2248 4641 2441 4707 Patris,
2474 4649 2531 4695 ut
2559 4641 2691 4695 nihil
2713 4640 3089 4712 imperfectum
3123 4642 3346 4697 haberet
3372 4640 3584 4721 copsti-

1994 4737 2156 4797 tutus,
2189 4732 2379 4800 factus
2408 4734 2493 4785 est
2532 4745 2707 4785 causa
2727 4731 2932 4785 salutis
2955 4734 3187 4786 (eterna:
3215 4729 3473 4785 omnibus
3496 4731 3588 4786 ob-

1997 4819 2446 4889 temperantibus
2468 4819 2610 4885 sibi,
2656 4834 2767 4873 non
2794 4818 2900 4872 illis
2930 4819 3022 4889 qui
3054 4818 3157 4872 sibi
3190 4825 3419 4873 renuunt
3450 4818 3583 4874 obe-

1994 4905 2131 4960 dire.
2179 4907 2355 4960 Causa
2399 4907 2584 4978 utique
2623 4907 2808 4961 salutis
2855 4906 2995 4961 bene
3052 4914 3233 4978 potest
3289 4923 3431 4973 esse,
3465 4907 3591 4980 quia

1995 4995 2321 5067 appellatus
2344 5004 2423 5050 est
2439 4997 2706 5068 pontifex
2722 5012 2831 5051 non
2849 4995 2917 5050 ab
2939 4995 3268 5063 hominibus,
3286 4996 3383 5051 sed
3404 5013 3439 5051 a
3457 4998 3585 5064 Deo,

1996 5100 2098 5139 nec
2130 5084 2430 5138 secundum
2461 5085 2777 5150 Leviticum,
2812 5085 2907 5140 sed
2941 5086 3126 5155 juxta
3154 5085 3474 5158 dignitatem
3505 5104 3594 5144 or-

1999 5173 2149 5228 dinis
2170 5173 2586 5229 Melchisedech.
2621 5173 2877 5229 Dicturus
2908 5174 2987 5229 eis
3037 5175 3311 5247 quomodo
3342 5174 3592 5231 sacerdo-

1998 5261 2132 5316 tium
2178 5278 2335 5316 suum
2379 5262 2555 5335 legale
2616 5263 2862 5318 destruat
2918 5264 3316 5330 sacerdotium,
3350 5272 3403 5319 et
3460 5277 3596 5334 quo—

1998 5351 2162 5408 modo
2191 5350 2371 5408 omnia
2398 5351 2603 5425 legalis.
2627 5352 2686 5407 in
2716 5367 2781 5408 eo
2823 5351 2987 5409 ﬁnem
3030 5352 3284 5420 habeant,
3321 5350 3595 5423 quomodo
