3948 6060
440 164 544 217 515

972 160 1034 216 S.
1090 159 1445 217 BRUNONIS
1483 152 2133 215 CARTHUSIANORUM
2170 150 2652 207 INSTITUTORIS
2692 150 2843 206 OPP.
2887 152 3085 208 PARS.
3126 153 3195 207 Il.

3633 154 3744 207 516

448 300 586 340 vero
625 301 782 340 suum
839 284 1197 341 sacerdotium
1254 283 1596 355 praecesserit
1649 282 1845 355 legale,
1906 288 1959 335 et
1988 279 2042 334 in
2069 281 2118 341 Α
2152 300 2173 324 α
2212 292 2305 330 sus
2387 274 2772 348 cruciﬁgentes
2846 276 3198 347 sibimetipsis
3263 275 3455 331 Filium
3512 276 3636 344 Dei,
3700 284 3759 331 et

452 382 714 428 arternum
747 374 815 427 sit
844 389 1286 444 permansurum.
1332 372 1570 427 Primum
1602 388 1697 426 eos
1718 369 2043 441 (secundum

450 470 664 532 partem
694 461 895 532 tamen)
926 477 1117 532 aspera
1139 460 1442 516 invectione
1463 460 1803 532 aggreditur,
1823 466 1876 513 et
1905 473 2042 513 con-

447 549 731 605 venienter
760 549 991 620 primum
1022 565 1118 604 eos
1152 548 1393 621 corrigit,
1424 557 1484 602 ut
1515 547 1746 603 correcti
1792 544 2039 601 devotio-

449 655 541 693 res
589 638 695 692 sint
741 639 806 692 ad
866 638 1216 702 audiendum,
1252 645 1304 691 et
1349 637 1638 707 proniores
1685 636 1753 689 ad
1807 634 2041 690 creden-

446 726 591 792 dum,
626 726 815 782 dicens
849 741 861 781 :
895 728 970 781 De
1002 742 1126 798 quo,
1161 725 1213 779 id
1242 733 1325 779 est
1370 726 1644 795 quomodo
1685 723 1930 778 Christus
1973 722 2043 777 sit

442 814 688 885 pontifex
749 816 1052 870 secundum
1109 813 1358 869 ordinem
1406 813 1808 868 Melchisedech
1877 818 2041 866 restat

443 903 603 959 nobis
635 920 815 959 sermo
846 903 1096 974 grandis,
1132 903 1187 956 id
1235 910 1315 957 est
1342 902 1513 955 multa
1544 900 2035 971 comprehenderis,

446 996 504 1046 et
540 992 1080 1064 ininterpretabilis,
1107 990 1160 1045 id
1193 1000 1275 1045 est
1306 990 1396 1061 qui
1424 990 1588 1044 modo
1622 1006 1731 1043 non
1760 988 1932 1059 possit
1965 988 2041 1041 in-

444 1080 741 1151 terpretari,
778 1096 878 1135 nec
918 1096 949 1133 a
980 1096 1086 1149 me,
1118 1078 1244 1151 quia
1277 1094 1386 1133 non
1417 1079 1592 1133 habeo
1632 1092 1906 1149 congruos
1936 1092 2037 1130 au-

442 1170 665 1238 ditores,
699 1185 801 1224 nec
856 1169 1013 1224 vobis
1069 1166 1526 1238 interpretabilis,
1554 1166 1676 1238 quia
1707 1182 1903 1236 capere
1929 1181 2039 1220 non

447 1258 695 1329 potestis.
730 1259 791 1311 In
815 1256 1238 1327 interpretabilis
1267 1255 1393 1311 dico
1422 1256 1493 1311 ad
1522 1255 1841 1319 dicendum,
1880 1254 1935 1307 id
1957 1261 2039 1309 est

441 1346 511 1401 ad
542 1346 922 1416 exponendum
973 1344 1153 1411 vobis,
1188 1345 1455 1417 quoniam
1485 1360 1581 1399 vos
1611 1345 1755 1415 facti
1775 1344 1908 1399 estis
1940 1343 2042 1398 im-

444 1434 670 1491 becilles
701 1436 772 1490 ad
790 1433 1158 1500 audiendum,
1194 1434 1250 1487 id
1280 1440 1362 1487 est
1392 1432 1462 1487 ad
1484 1432 1915 1503 intelligendum.
1942 1431 2039 1486 Vel

443 1539 627 1578 sermo
656 1523 756 1577 iste
800 1522 1026 1592 grandis
1075 1529 1157 1576 est
1204 1529 1258 1576 et
1305 1521 1757 1591 interpretabilis,
1796 1520 2036 1576 3’76

442 1612 566 1683 quia
586 1611 755 1665 multa
784 1617 1128 1666 sacramenta
1158 1610 1247 1666 hic
1276 1610 1640 1675 continentur,
1676 1626 1796 1680 quae
1826 1616 2038 1679 oportet

444 1699 662 1771 exponi.
727 1698 962 1753 Grandis
1017 1698 1140 1753 ideo
1191 1698 1313 1753 dico
1341 1684 1593 1769 quoniam
1624 1714 1722 1752 vos
1753 1697 1879 1752 facti
1905 1696 2037 1752 estis

442 1787 741 1843 imbecilles
765 1788 831 1841 ad
854 1786 1204 1843 audiendum.
1235 1788 1372 1842 Vere
1404 1787 1723 1853 imbecilles,
1749 1803 1885 1841 nam
1906 1802 2034 1841 cum

438 1875 712 1932 deberetis
744 1892 861 1932 esse
903 1876 1162 1948 magistri
1208 1880 1440 1947 propter
1470 1880 1718 1946 tempus,
1764 1874 2035 1945 prolixum

440 1964 587 2037 quod
643 1963 907 2019 habuistis
963 1965 1032 2017 ad
1081 1964 1437 2029 discendum;
1470 1980 1568 2019 vos
1616 1963 1759 2017 enim
1818 1963 1873 2016 in
1917 1963 2035 2032 ipso

434 2052 590 2107 initio
619 2051 1023 2123 praedicationis
1081 2051 1333 2108 conversi
1380 2051 1531 2106 estis.
1585 2052 1737 2115 Cum,
1792 2050 2030 2121 inquam,

436 2139 716 2195 deberetis
748 2156 870 2195 esse
901 2138 1168 2211 magistri,
1202 2155 1345 2194 nunc
1390 2156 1622 2194 rursum
1676 2138 1941 2209 indigetis
1970 2142 2037 2193 ut

438 2244 532 2283 vos
555 2228 871 2284 doceamini
893 2245 1013 2299 qua:
1034 2229 1151 2282 sint
1174 2228 1456 2282 elementa
1475 2228 2033 2282 exordiisermonum

439 2318 556 2372 Dei.
582 2317 641 2369 In
671 2316 1014 2371 sermonibus
1039 2315 1138 2369 Dei
1187 2315 1341 2369 multi
1399 2315 1602 2387 gradus
1639 2314 1984 2383 continentur
2015 2331 2027 2367 :

437 2406 670 2476 primum
719 2404 951 2475 simplex
982 2403 1299 2474 instructio,
1348 2404 1548 2459 dehinc
1601 2402 1780 2458 media
1826 2402 1897 2457 ad
1944 2402 2029 2457 ul—

438 2492 628 2548 timum
658 2492 916 2563 perfecta.
942 2492 1241 2547 Exordium
1270 2500 1449 2547 autem
1495 2500 1672 2558 vocat,
1730 2499 1788 2545 ut
1813 2491 2032 2562 quando

432 2580 625 2653 aliquis
685 2581 911 2637 docetur
962 2581 1188 2636 credere
1237 2580 1685 2647 incarnationem,
1720 2580 2031 2651 passionem

436 2669 658 2737 Christi,
693 2678 746 2724 et
774 2668 1079 2738 hujusmodi
1137 2668 1475 2739 simplicibus
1527 2676 1858 2739 opportuna.
1896 2668 2030 2723 Ele-

433 2767 617 2814 menta
658 2766 840 2812 autem
895 2756 1104 2812 exordii
1152 2766 1321 2824 sunt,
1373 2765 1431 2811 ut
1488 2756 1725 2812 seriatim
1779 2773 2031 2811 enarrare

435 2846 716 2903 materiam
775 2846 1090 2917 passionis,
1148 2845 1235 2901 vel
1280 2845 1485 2916 aliquid
1543 2845 1880 2915 hujusmodi.
1920 2847 2031 2901 Vos

434 2935 599 2992 etiam
629 2934 754 2991 facti
783 2935 915 2989 estis
947 2935 1083 2989 tales
1111 2936 1307 3007 quibus
1335 2951 1471 3007 Opus
1517 2934 1593 2989 sit
1646 2935 1820 3000 lacte,
1855 2933 1911 2987 id
1948 2942 2030 2989 est

428 3024 628 3097 puerili
686 3023 1073 3089 insinuatione,
1112 3030 1163 3077 et
1212 3023 1288 3077 ita
1331 3023 1471 3079 lacte
1508 3023 1655 3094 quod
1701 3039 1815 3078 non
1853 3021 2029 3078 solido

430 3116 567 3183 cibo,
600 3113 652 3167 id
685 3121 766 3168 est
796 3112 1041 3183 perfecta
1092 3110 1360 3167 doctrina.
1420 3113 1558 3167 Vere
1588 3111 1659 3165 ita
1689 3110 1851 3177 lacte,
1886 3111 2031 3182 quod

433 3218 543 3257 non
590 3218 729 3272 opus
760 3202 828 3254 sit
868 3200 1043 3255 solido
1071 3200 1215 3255 cibo.
1249 3201 1391 3255 Nam
1436 3202 1622 3256 omnis
1651 3199 1741 3254 ille
1773 3200 1868 3271 qui
1899 3217 2030 3271 par—

430 3292 606 3362 ticeps
636 3294 721 3345 est
752 3290 936 3356 lactis,
972 3288 1027 3343 id
1066 3296 1148 3344 est
1178 3288 1265 3344 cui
1290 3288 1594 3344 necessaria
1626 3296 1707 3343 est
1736 3287 2028 3341 insinuatio

426 3377 672 3451 puerilis,
709 3377 793 3433 hic
822 3376 943 3431 talis
970 3393 1176 3449 expers
1208 3379 1483 3433 sermonis
1539 3381 1623 3432 est
1662 3377 1929 3447 justitiaa,
1973 3375 2029 3430 id

433 3475 516 3523 est
544 3466 807 3521 doctrina:
828 3466 1117 3535 justorum,
1153 3466 1209 3520 id
1239 3473 1321 3520 est
1341 3464 1710 3536 perfectorum
1735 3482 1749 3530 ;
1781 3464 1905 3519 ideo
1927 3480 2027 3519 ex-

432 3572 578 3627 pers,
614 3556 747 3628 quia
792 3556 1066 3627 parvulus
1106 3559 1189 3609 est
1223 3570 1407 3609 sensu.
1442 3555 1551 3609 Vos
1589 3562 1769 3607 autem
1798 3552 2028 3623 perfecti

432 3644 660 3714 malitia,
694 3642 947 3697 sensibus
977 3657 1107 3697 vero
1163 3642 1335 3712 pueri.
1398 3642 1753 3697 Parvulorum
1802 3649 1884 3696 est
1917 3641 2023 3706 lac,

431 3734 526 3789 sed
560 3734 945 3805 per/actorum
974 3735 1059 3785 est
1080 3730 1291 3785 solidus
1322 3730 1497 3796 cibus,
1523 3730 1577 3784 id
1607 3738 1689 3785 est
1706 3729 1876 3784 solida
1898 3728 2028 3783 doc-

424 3820 608 3886 trina;
638 3818 1021 3891 perfectorum,
1077 3818 1132 3872 id
1165 3826 1246 3872 est
1296 3834 1487 3873 eorum
1545 3817 1637 3888 qui
1666 3818 1869 3871 habent
1910 3832 2029 3871 sen-

424 3926 538 3978 sus,
571 3908 626 3961 id
657 3915 740 3962 est
769 3905 1081 3961 intellectus
1111 3922 1239 3961 suos
1266 3923 1369 3977 pro
1399 3906 1825 3971 consuetudine,
1860 3905 1916 3959 id
1944 3913 2026 3960 est

425 4012 526 4068 pro
555 3995 873 4049 assiduitate
923 3994 1086 4049 studii
1136 3995 1480 4049 exercitatos
1511 3995 1581 4049 ad
1628 3994 2024 4049 discretionem

425 4086 556 4142 boni
586 4088 640 4140 et
662 4084 825 4151 mali,
859 4090 917 4138 ut
947 4082 1151 4138 bonum
1181 4082 1499 4138 discernere
1529 4082 1700 4138 sciant
1720 4098 1753 4137 a
1780 4082 1946 4147 malo,
1972 4089 2024 4137 et

425 4174 591 4230 etiam
621 4173 690 4229 de
722 4172 900 4240 bonis,
936 4188 1057 4244 quae
1101 4171 1278 4244 magis
1336 4171 1443 4226 sint
1473 4171 1613 4227 bona
1669 4188 1791 4243 quae
1820 4170 2019 4237 minus,

425 4263 603 4321 sciunt
632 4263 979 4329 discernere;
1013 4268 1067 4316 et
1094 4261 1163 4317 de
1192 4260 1368 4329 malis,
1404 4260 1677 4316 similiter.

1029 4421 1255 4477 CAPUT
1312 4422 1383 4478 VI
1396 4463 1409 4476 .

498 4564 519 4588 α
560 4539 903 4610 Quapropter
933 4534 1353 4592 intermittentes
1410 4534 1773 4592 inchoationis
1820 4534 2022 4591 Christi

429 4652 451 4678 (ι
487 4644 816 4693 sermonem,
851 4626 920 4681 ad
948 4625 1343 4697 perfectionem
1373 4624 1627 4695 feramur,
1663 4641 1773 4680 non
1801 4641 2022 4680 rursum

429 4742 450 4767 ιι
482 4718 727 4788 jacentes
783 4715 1195 4770 fundamentum
1258 4713 1590 4785 pmnitentiae
1639 4713 1709 4768 ab
1764 4714 2022 4785 Operibus

426 4828 450 4859 «
482 4806 727 4871 mortuis,
762 4812 815 4860 et
861 4803 990 4859 ﬁdei
1042 4804 1112 4858 ad
1149 4804 1345 4871 Deum,
1376 4802 1758 4874 baptismatum
1814 4802 2022 4859 doctri-

429 4916 451 4947 ¢
487 4912 591 4962 nas,
634 4892 998 4964 impositionis
1039 4908 1252 4964 quoque
1312 4909 1588 4959 manuum,
1621 4908 1685 4947 ac
1732 4908 2021 4947 resurrec-

425 4999 448 5029 ι
482 4979 646 5033 tionis
674 4987 1031 5045 mortuorum,
1070 4984 1122 5031 et
1143 4975 1334 5044 judicii
1365 4976 1574 5031 aeterni.
1621 4977 1687 5031 Et
1717 4977 1820 5032 hoc
1848 4976 2020 5032 facie-

425 5093 448 5116 ι
481 5083 621 5135 mus,
656 5066 703 5120 si
731 5066 952 5138 quidem
997 5064 1309 5136 permiserit
1358 5066 1527 5119 Deus.
1566 5064 1907 5135 Impossibile
1935 5072 2021 5120 est

426 5177 449 5207 ι
486 5155 632 5211 enim
654 5169 750 5210 eos
782 5155 874 5225 qui
930 5154 1100 5209 semel
1132 5160 1255 5208 sunt
1301 5152 1606 5219 illuminati,
1665 5162 2020 5223 gustaverunt

425 5265 448 5295 α
483 5243 648 5299 etiam
697 5243 900 5298 donum
944 5242 1201 5307 caeleste,
1263 5248 1315 5296 et
1373 5240 1661 5311 participes
1705 5240 1832 5297 facti
1897 5250 2021 5296 sunt

424 5358 445 5383 α
482 5332 715 5405 Spiritus
773 5330 970 5397 sancti,
1013 5337 1366 5403 gustaverunt
1423 5328 1776 5384 nihilominus
1816 5330 2019 5385 bonum

427 5442 451 5475 ι
483 5421 587 5478 Dei
614 5420 864 5487 verbum,
897 5418 1232 5489 virtutesque
1288 5417 1474 5475 saaculi
1521 5418 1755 5485 venturi,
1792 5426 1845 5474 et
1886 5434 2017 5490 pro-

407 5532 450 5577 ,α
486 5509 626 5583 lapsi
653 5517 796 5579 sunt,
830 5524 1021 5567 rursus
1068 5506 1322 5566 renovari
1349 5508 1420 5565 ad
1453 5506 1845 5581 paenitentiam,
1896 5524 2017 5565 rur-

2151 386 2173 416 ι
2209 364 2448 419 ostentui
2506 365 2788 419 habentes.
2853 365 3018 420 Terra
3049 364 3192 419 enim
3238 381 3385 436 saepe
3439 365 3756 421 venientem

2150 475 2172 501 α
2208 470 2368 524 super
2397 469 2455 508 se
2486 453 2679 508 bibens
2739 453 2970 508 imbrem
3001 462 3055 509 et
3085 454 3405 525 germinans
3434 453 3757 525 [generans]

2149 566 2169 590 «
2203 544 2428 597 herbam
2465 550 2822 613 Opportunam
2880 542 2988 596 illis
3017 560 3046 595 a
3096 542 3292 614 quibus
3323 542 3521 598 colitur
3552 542 3756 613 accipit

2148 654 2169 681 ι
2207 631 2641 686 benedictionem
2680 646 2713 686 a
2740 632 2889 697 Deo;
2925 630 3211 702 proferens
3258 639 3440 685 autem
3472 630 3663 700 spinas
3693 644 3759 685 ac

2149 744 2170 767 α
2206 720 2451 785 tribulos,
2487 720 2724 790 reproba
2752 728 2873 789 est,
2910 728 2963 774 et
3006 720 3319 774 maledictio
3349 720 3618 790 proxima,
3652 734 3757 774 cu—

2148 829 2169 859 «
2199 809 2288 878 jus
2347 808 2747 863 consummatio
2804 808 2859 862 in
2909 808 3366 863 combustionem.
3412 806 3756 861 Conﬁdimus

2147 918 2168 947 ‹
2205 904 2381 951 autem
2410 896 2478 950 de
2508 897 2664 951 vobis
2713 896 3053 951 dilectissimi
3105 896 3331 951 meliora
3374 904 3437 950 et
3483 895 3757 950 viciniora

2145 1009 2167 1032 «
2206 985 2384 1051 saluti,
2420 986 2637 1039 tametsi
2695 985 2767 1038 ita
2794 985 3108 1057 loquimur.
3158 985 3281 1038 Non
3338 984 3485 1038 enim
3515 983 3754 1051 injustus

2145 1098 2165 1120 «
2203 1075 2352 1128 Deus
2382 1081 2439 1127 ut
2486 1073 2838 1129 obliviscatur
2894 1074 3078 1144 operis
3134 1071 3303 1127 vestri
3334 1080 3385 1127 et
3414 1072 3750 1139 dilectionis,

2149 1184 2170 1214 ι
2208 1179 2367 1233 quam
2401 1162 2719 1217 ostendistis
2745 1162 2799 1216 in
2844 1162 3065 1217 nomine
3124 1161 3318 1232 ipsius,
3351 1161 3442 1232 qui
3462 1161 3751 1214 ministra-

2144 1275 2164 1299 ‹‹
2202 1252 2297 1305 stis
2328 1252 2529 1308 sanctis
2560 1260 2612 1306 et
2638 1251 2984 1305 ministratis.
3042 1251 3303 1322 Cupimus
3330 1258 3503 1304 autem
3538 1267 3748 1304 unum-

2143 1364 2165 1388 «
2203 1357 2476 1412 quemque
2509 1348 2748 1395 vestrum
2800 1340 3052 1395 eamdem
3084 1346 3362 1394 ostentare
3418 1338 3749 1394 sollicitudi-

2143 1451 2164 1477 «ι
2202 1445 2345 1494 nem,
2387 1429 2455 1483 ad
2486 1428 2851 1499 expletioncm
2874 1427 2992 1499 spei
3022 1444 3195 1498 usque
3226 1428 3279 1480 in
3329 1426 3513 1495 ﬁnem,
3549 1436 3609 1481 ut
3636 1443 3748 1481 non

2144 1540 2165 1564 α
2204 1534 2405 1590 segnes
2436 1516 2774 1582 efﬁciamini,
2811 1533 2998 1572 verum
3029 1516 3332 1571 imitatores
3382 1531 3576 1570 eorum
3655 1514 3748 1585 qui

2068 1635 2117 1694 Β
2144 1629 2164 1652 α
2201 1604 2306 1660 fide
2336 1614 2388 1660 et
2416 1605 2673 1675 patientia
2706 1604 3535 1675 haereditabuntpromissiones.
3560 1603 3747 1658 Abra-

2145 1718 2165 1742 «
2202 1696 2285 1749 hae
2314 1711 2550 1765 namque
2579 1694 2901 1765 promittens
2946 1695 3112 1761 Deus,
3164 1692 3417 1764 quoniam
3466 1693 3749 1747 neminem

2141 1782 2385 1837 «habuit
2444 1799 2545 1853 per
2594 1799 2753 1853 quem
2816 1782 3027 1851 juraret
3083 1781 3369 1849 majorem,
3395 1780 3599 1849 juravit
3650 1796 3751 1850 per

2143 1892 2164 1921 ι
2202 1870 2590 1941 semetipsum,
2624 1871 2813 1926 dicens
2849 1888 2861 1924 :
2895 1870 3013 1925 Nisi
3044 1864 3377 1924 benedicens
3420 1868 3749 1924 benedicam

2141 1981 2163 2010 α
2200 1969 2270 2025 te,
2334 1967 2386 2013 et
2428 1959 2794 2030 multiplicans
2848 1958 3218 2029 multiplicabo
3264 1966 3335 2012 te.
3371 1958 3440 2011 Et
3486 1957 3570 2012 sic
3618 1956 3747 2011 lon-

2142 2068 2162 2097 α
2200 2048 2491 2120 ganimiter
2538 2048 2740 2111 ferens,
2796 2047 3025 2117 adeptus
3082 2055 3165 2101 est
3235 2044 3743 2116 repromissionem.

2141 2157 2162 2186 ι
2200 2136 2460 2191 Homines
2493 2136 2637 2191 enim
2680 2152 2780 2207 per
2812 2136 3075 2204 majorem
3116 2134 3199 2189 sui
3240 2135 3441 2203 jurant,
3477 2142 3530 2188 et
3560 2134 3745 2188 omnis

2141 2246 2162 2276 ‹
2199 2225 2585 2279 controversia:
2634 2241 2823 2280 eorum
2855 2222 2980 2278 ﬁnis
3011 2224 3079 2278 ad
3136 2222 3627 2286 conﬁrmationem,
3661 2231 3747 2276 est

2141 2336 2162 2360 α
2188 2314 2576 2381 juramentum.
2640 2314 2700 2366 In
2757 2328 2864 2383 quo
2922 2311 3285 2367 abundantius
3341 2310 3533 2367 volens
3592 2311 3744 2365 Deus

2141 2422 2161 2450 ι
2196 2402 2484 2456 ostendere
2512 2400 2921 2472 pollicitationis
2952 2416 3065 2456 suae
3094 2400 3401 2455 haeredibus
3439 2399 3742 2453 immobili-

2140 2510 2161 2540 ι
2196 2497 2357 2544 tatem
2415 2489 2629 2545 consilii
2688 2488 2792 2555 sui,
2874 2488 3197 2559 interposuit
3236 2487 3642 2558 jusjurandum,
3684 2495 3742 2542 ut

2138 2602 2157 2626 α
2196 2595 2296 2649 per
2353 2579 2489 2634 duas
2538 2594 2629 2633 res
2669 2577 2977 2632 immobiles
3026 2577 3222 2648 quibus
3261 2576 3596 2647 impossibile
3654 2584 3739 2630 est

2137 2689 2159 2714 α
2194 2666 2413 2721 mentiri
2440 2668 2614 2723 Deum
2641 2709 2653 2733 ,
2690 2665 3049 2720 fortissimum
3104 2664 3355 2720 solatium
3410 2664 3734 2729 habeamus,

2138 2778 2159 2802 «
2196 2756 2287 2826 qui
2317 2753 2663 2825 confugimus
2721 2754 2790 2808 ad
2840 2754 3133 2809 tenendam
3190 2752 3527 2823 propositam
3556 2768 3733 2822 spem,

2139 2866 2159 2890 α
2197 2858 2362 2915 quam
2392 2844 2531 2899 sicut
2559 2844 2857 2899 anchoram
2905 2843 3170 2896 habemus
3219 2842 3413 2895 animae
3455 2848 3627 2896 tutam
3673 2856 3735 2895 ac

2140 2956 2163 2981 ιι
2198 2931 2431 2999 ﬁrmam,
2465 2940 2517 2988 et
2552 2933 2894 2989 incedentem
2923 2947 3095 3002 usque
3123 2931 3192 2985 ad
3221 2930 3480 2984 interiora
3508 2929 3736 2985 velami-

2136 3043 2158 3072 ι
2193 3021 2294 3085 nis,
2338 3021 2430 3075 ubi
2459 3037 2767 3092 praecursor
2814 3036 2917 3090 pro
2948 3020 3112 3073 nobis
3156 3018 3397 3073 introivit
3422 3019 3601 3083 Iesus,
3638 3033 3734 3073 se-

2138 3133 2159 3158 u
2194 3110 2429 3165 cundum
2476 3110 2725 3165 ordinem
2756 3107 3161 3165 Melchisedech
3201 3105 3443 3177 pontifex
3475 3105 3650 3162 factus
3680 3106 3735 3159 in

2134 3220 2155 3245 ω
2192 3205 2453 3253 aeternum
2467 3240 2480 3253 .
2528 3222 2548 3248 ››

2791 3353 3086 3394 ΕΧΡΟΞῙἸἹΟ
3095 3381 3107 3393 .

2204 3473 2274 3529 3
2291 3473 2357 3529 ’τ
2374 3472 2441 3528 ’τ
2460 3471 2555 3527 Eis
2579 3471 2787 3527 duriter
2807 3472 3121 3542 increpatis,
3142 3472 3339 3526 iterum
3351 3469 3632 3524 blanditur
3651 3469 3738 3524 in-

2130 3562 2370 3618 serendo
2400 3577 2481 3628 se,
2517 3560 2725 3617 dicens.
2754 3561 3123 3632 Quapropter,
3147 3560 3203 3614 id
3232 3567 3334 3626 est,
3358 3560 3484 3630 quia
3504 3566 3734 3629 propter

2127 3660 2343 3722 tempus
2372 3650 2622 3722 magistri
2653 3666 2776 3704 esse
2807 3649 3105 3715 deberetis,
3140 3657 3191 3705 et
3232 3648 3361 3719 quia
3392 3647 3723 3703 exercitatos

2128 3756 2324 3795 sensus
2350 3738 2407 3792 in
2437 3739 2562 3809 lege
2592 3738 2807 3793 Domini
2828 3753 2927 3792 vos
2960 3745 3169 3807 oportet
3202 3737 3422 3801 habere,
3447 3735 3571 3790 ideo
3603 3751 3729 3802 nos,

2123 3829 2577 3884 intermittentes
2619 3843 2937 3883 sermonem
2984 3825 3367 3881 inchoationis
3402 3823 3633 3891 Christi,
3678 3823 3733 3877 id

2126 3924 2208 3971 est
2234 3916 2504 3971 elementa
2537 3915 2760 3981 exordii,
2796 3915 2995 3986 quibus
3031 3913 3228 3984 aliquis
3249 3913 3467 3967 inchoat
3499 3911 3557 3965 in
3586 3927 3730 3983 cog-

2125 4004 2329 4059 nitione
2413 4003 2629 4071 Christi,
2676 4004 2837 4070 hanc,
2890 4001 3145 4073 inquam,
3209 4000 3494 4072 pueritiam
3556 4000 3730 4055 dese-

2123 4100 2328 4158 rentes,
2353 4095 2613 4163 feramur
2632 4092 2704 4146 ad
2743 4093 3184 4164 perfectionem,
3224 4096 3283 4143 ut
3317 4089 3552 4144 sciamus
3582 4104 3729 4159 quo-

2122 4181 2287 4236 modo
2308 4180 2363 4233 in
2384 4179 2650 4250 principio
2671 4187 2783 4234 erat
2801 4180 3059 4247 Verbum,
3085 4186 3138 4233 et
3160 4180 3308 4232 Deus
3329 4185 3442 4233 erat
3464 4177 3728 4246 Verbum,

2122 4278 2229 4326 etc.
2253 4269 2533 4336 Feramur,
2568 4268 2809 4339 inquam,
2832 4269 2900 4323 ad
2919 4267 3329 4339 perfectionem,
3354 4282 3469 4321 non
3489 4282 3729 4321 rursum

2052 4346 2105 4406 D
2117 4359 2400 4431 jacientes
2420 4358 2849 4429 funda-mentun
2859 4357 3213 4428 paenitentia:
3227 4357 3293 4411 ab
3308 4356 3566 4427 operibus
3580 4370 3736 4411 mor-

2128 4449 2262 4510 tuis,
2316 4455 2425 4503 etc.
2486 4445 2666 4517 Opera
2722 4452 2941 4500 mortua
2986 4452 3161 4512 vocat,
3186 4443 3272 4499 vel
3318 4450 3564 4514 peccata,
3598 4460 3726 4513 qua:

2123 4534 2482 4601 mortiﬁcant,
2518 4535 2606 4590 vel
2636 4534 2816 4605 priora
2846 4534 3008 4603 bona,
3039 4540 3262 4604 prOpter
3308 4540 3594 4603 peccatum
3626 4548 3727 4586 su-

2123 4622 2451 4696 perveniens
2480 4621 2823 4679 mortiﬁcata.
2862 4622 3130 4678 Ptenitere
3186 4628 3371 4676 autem
3410 4620 3481 4675 ab
3534 4620 3729 4690 operi-

2123 4713 2224 4768 bus
2245 4711 2478 4767 mortuis
2508 4719 2590 4767 est
2636 4710 3065 4775 fundamentum,
3119 4709 3249 4782 quia
3296 4708 3400 4763 nisi
3446 4707 3534 4763 hic
3583 4707 3727 4779 lapis

2122 4802 2361 4873 primum
2410 4808 2664 4871 ponatur,
2697 4800 2832 4854 nihil
2887 4797 3282 4865 aediﬁcabitur;
3312 4796 3730 4861 fundamentum

2122 4891 2296 4947 etiam
2335 4890 2486 4960 ﬁdei,
2538 4906 2658 4961 quae
2696 4888 2765 4942 sit
2810 4889 2881 4943 ad
2911 4889 3121 4955 Deum,-
3152 4886 3245 4958 qui
3300 4885 3445 4941 enim
3503 4884 3727 4940 aliunde

2122 4978 2318 5050 quaerit
2362 4976 2823 5047 justiﬁcationem,
2856 4976 2943 5032 vel
2973 4992 3083 5031 non
3138 4990 3331 5031 omnes
3380 4981 3561 5044 partes
3594 4970 3725 5028 ﬁdei

2122 5066 2314 5132 credit,
2348 5066 2435 5122 hic
2466 5065 2629 5120 ﬁdem
2660 5082 2772 5120 non
2801 5064 3057 5119 habetad
3072 5064 3247 5119 Deum
3271 5082 3285 5129 ;
3311 5061 3722 5116 fundamentum

2121 5154 2283 5209 etiam
2313 5155 2586 5211 doctrina:
2633 5155 3060 5227 baptismatum.
3102 5151 3389 5205 Pluraliter
3434 5149 3561 5204 ideo
3590 5148 3724 5204 dicit

2122 5241 2527 5313 baptismatum,
2562 5242 2687 5314 quia
2717 5250 2800 5297 est
2831 5241 3132 5312 baptismus
3176 5239 3231 5294 in
3288 5253 3460 5309 aqua;
3517 5237 3723 5292 dicitur

2120 5331 2282 5387 etiam
2302 5332 2605 5403 baptismus
2624 5331 2682 5385 in
2700 5330 2957 5402 lacrymis
2977 5327 3307 5402 poenitentiae
3322 5346 3335 5393 ;
3352 5325 3510 5382 tertio
3530 5326 3720 5393 modo,

2117 5420 2173 5476 in
2231 5418 2495 5476 eﬁ'usione
2531 5420 2812 5493 sanguinis
2863 5435 2961 5491 pro
3002 5417 3245 5473 Christo.
3284 5414 3724 5470 Fundamentum

2119 5510 2295 5567 etiam
2386 5510 2771 5583 impositionis
2841 5522 3162 5575 manuum;
3208 5503 3314 5562 nisi
3383 5502 3530 5561 enim
3594 5501 3720 5574 quis
