3966 6050
257 118 364 173 517

935 114 1316 173 EXPOSITIO
1354 115 1431 171 IN
1466 112 1846 172 EPISTOLAS
1884 107 2115 169 PAULI.
2150 142 2221 153 —
2250 107 2324 168 IN
2360 108 2582 167 EPIST.
2628 108 2723 167 AD
2763 110 2921 167 ΗΕΒ.

3458 114 3561 168 518

264 243 455 299 credat
513 242 659 314 quod
714 258 813 313 per
866 241 1268 313 impositionem
1321 257 1514 296 manus
1544 249 1594 296 et
1638 247 1861 312 peccata
1890 241 1939 299 A
1965 237 2147 293 iterari
2177 253 2285 293 non
2322 244 2519 308 potest,
2553 235 2760 291 scilicet
2776 244 2833 291 ut
2863 235 2983 307 quis
3013 236 3086 291 ibi
3125 245 3438 293 renovetur.
3461 238 3562 295 Re-
3642 234 3643 239 “

263 332 621 397 dimittantur,
654 330 973 400 accipiendo
1004 330 1263 401 Spiritum
1293 339 1558 398 sanctum,
1594 338 1647 385 et
1678 337 1868 386 contra

263 420 450 475 futura
501 420 640 473 mala
692 420 1029 487 reboremur,
1071 420 1159 474 hic
1191 419 1598 474 fundamentum
1628 435 1736 474 non
1767 420 1867 471 ha-

267 508 378 573 bet,
405 508 533 579 quia
561 507 776 561 irritum
801 516 882 562 est
911 508 1172 579 quidquid
1204 506 1601 577 supermdiﬁcat
1625 526 1639 573 ;
1674 506 1870 561 funda-

272 604 512 651 mentum
542 596 702 650 etiam
727 598 1162 652 resurrectionis
1192 600 1568 661 mortuorum,
1603 596 1706 649 nisi
1727 594 1869 649 enim

1969 326 2161 381 novari
2190 326 2332 393 dico,
2364 342 2453 381 eos
2474 327 2568 397 qui
2589 325 2764 380 semel
2780 326 3100 381 illuminati
3122 342 3221 395 per
3243 325 3406 381 ﬁdem
3436 329 3560 398 quia

1969 415 2338 483 crediderunt,
2400 414 2491 485 qui
2534 414 2716 482 etiam,
2776 421 3062 484 postquam
3118 412 3279 469 ﬁdem
3327 415 3565 471 confessi

1970 511 2115 568 sunt,
2161 506 2558 574 gustaverunt,
2608 502 2763 572 quasi
2793 518 3013 557 suavem
3045 511 3261 574 gustum
3294 512 3345 559 et
3361 504 3564 573 jucun-

1970 592 2120 661 dum,
2154 594 2375 647 caeleste
2394 592 2605 647 donum
2628 590 2834 646 scilicet
2857 591 3231 647 remissionem
3254 592 3321 647 de
3341 601 3567 664 peccato

272 684 395 755 quis
438 684 627 739 credat
680 684 1138 739 resurrectionem
1171 684 1369 738 Christi
1401 683 1648 739 effecisse
1679 699 1871 737 resur-
1966 698 2066 751 per
2113 681 2478 750 baptismum;
2542 679 2689 751 quod
2732 680 2933 734 donum
2967 679 3255 735 desursum
3287 690 3394 736 est.
3435 684 3564 739 Haec

270 772 573 827 rectionem
629 779 986 838 mortuorum,
1020 771 1180 826 ﬁdem
1211 772 1463 843 perdidit,
1498 780 1552 827 et
1582 788 1689 826 non
1709 772 1874 825 habet

272 876 439 931 supra
487 861 635 932 quod
680 859 948 925 mdiﬁcet;
1007 860 1420 915 fundamentum
1469 861 1629 915 etiarn
1666 860 1875 931 judicii

272 951 498 1004 ceterni.
560 950 836 1003 Eternum
895 948 1023 1004 dicit
1094 950 1375 1018 judicium,
1437 949 1561 1020 quia
1612 948 1875 1019 quidquid

274 1037 363 1090 isti
421 1037 780 1093 constituetur
835 1037 904 1091 de
964 1037 1120 1092 bonis
1183 1039 1296 1093 sive
1325 1037 1499 1105 malis,
1528 1037 1581 1090 in
1614 1044 1874 1091 internum

273 1126 511 1180 durabit.
574 1124 680 1193 Qui
738 1134 917 1181 autem
976 1125 1212 1180 futurum
1248 1126 1509 1195 judicium
1542 1142 1650 1180 non
1680 1125 1872 1189 credit,

279 1214 693 1269 fundamentum
724 1230 833 1269 non
860 1215 1041 1284 habet,
1076 1215 1202 1286 quia
1232 1214 1467 1269 inﬁdelis
1489 1222 1590 1269 est.

354 1304 482 1358 Hmc
542 1304 726 1357 omnia
786 1311 1074 1373 propterea
1147 1304 1399 1359 dicuntur
1444 1303 1874 1370 fundamentum,

277 1392 405 1462 quia
451 1391 557 1445 nisi
603 1393 720 1447 haec
765 1392 821 1445 in
862 1390 1212 1447 fundamento
1282 1392 1685 1462 prarcesserint,
1717 1406 1878 1445 nemo

277 1480 436 1535 aliter
472 1488 652 1551 potest
683 1480 887 1535 bonum
917 1480 1155 1550 operari.
1200 1481 1327 1535 Haec
1355 1489 1531 1535 autem
1561 1480 1743 1534 omnia
1776 1496 1877 1533 ne-

1971 769 2080 823 duo
2101 770 2247 824 circa
2262 768 2445 823 ﬁdem.
2469 768 2574 836 Qui
2597 768 2757 822 etiam
2779 769 2925 838 facti
2959 773 3095 825 sunt
3116 772 3422 842 participes
3433 772 3564 844 Spi-

1975 860 2122 912 ritus
2152 860 2340 913 sancti
2362 857 2507 928 quod
2538 856 3081 927 generalinguarum,
3117 858 3203 913 vel
3219 868 3407 914 cmtera
3428 861 3569 916 dona

1975 946 2296 1001 habuerunt.
2331 944 2436 1013 Qui
2468 946 2629 999 etiam
2662 945 2828 1015 (quod
2856 946 3030 1013 majus
3061 948 3165 1015 est)
3194 952 3572 1018 gustaverunt

1977 1035 2353 1089 nihilominus
2415 1050 2573 1105 quam
2630 1050 2730 1089 nos
2784 1035 3007 1102 bonum,
3068 1035 3123 1089 id
3171 1044 3255 1090 est
3276 1037 3573 1105 jucundum

1979 1124 2204 1177 verbum
2228 1125 2341 1187 Dei,
2367 1122 2422 1176 id
2450 1130 2531 1176 est
2551 1122 2887 1177 divinitatem
2909 1123 3022 1176 Filii
3044 1124 3440 1180 intellexerunt.
3467 1126 3573 1194 Qui

1979 1211 2135 1265 etiam
2168 1218 2546 1282 gustaverunt,
2580 1210 2635 1264 id
2666 1219 2747 1265 est
2776 1212 3011 1282 quadam
3032 1213 3415 1283 anticipatione
3444 1232 3576 1285 prae-

1979 1300 2285 1354 libaverunt
2314 1302 2554 1355 virtutes
2587 1301 2815 1354 venturi
2843 1302 3055 1366 saeculi,
3088 1302 3143 1355 id
3158 1310 3239 1356 est
3260 1303 3576 1373 impassibi-

1980 1387 2184 1441 litatem
2216 1395 2267 1442 et
2300 1388 2780 1454 immortalitatem,
2816 1404 2909 1443 eos
2940 1389 3031 1460 qui
3062 1391 3217 1444 etiam
3248 1392 3365 1447 haec
3393 1392 3577 1448 omnia

1978 1476 2299 1542 habuerunt,
2333 1480 2391 1531 et
2419 1477 2673 1548 prolapsi
2701 1481 2877 1543 sunt;
2910 1477 3245 1547 impossibile
3302 1488 3355 1533 et
3406 1497 3576 1536 reno-

276 1569 518 1624 cessaria
570 1576 724 1622 erant
770 1568 897 1634 illis,
933 1569 1140 1624 scilicet
1170 1567 1575 1623 fundamentum
1603 1568 1877 1639 poeniten-
1911 1564 2099 1653 Bvari
2154 1581 2341 1619 rursus
2398 1572 2577 1619 motos
2623 1565 2693 1619 ad
2734 1565 3126 1635 paenitentiam,
3162 1574 3213 1621 et
3240 1567 3578 1638 impossibile

279 1656 370 1711 tim
391 1657 460 1711 ab
481 1657 736 1727 operibus
788 1656 1032 1723 mortuis,
1068 1657 1194 1729 quia
1226 1664 1587 1727 peccaverant
1617 1657 1875 1729 graviter,

281 1754 336 1801 et
366 1746 511 1800 bona
564 1761 731 1815 opera
778 1762 900 1816 qua:
928 1746 982 1799 in
1025 1746 1105 1800 eis
1151 1754 1563 1815 praecesserant,
1616 1746 1752 1800 sicut
1786 1761 1882 1798 su-

281 1850 382 1905 pra
413 1834 514 1899 ait,
548 1834 715 1888 multa
748 1850 843 1888 eos
874 1850 1068 1905 passos
1123 1850 1223 1904 pro
1256 1834 1473 1889 Christo
1505 1849 1537 1888 a
1566 1834 1885 1889 contribuli-

282 1923 385 1976 bus
417 1923 545 1987 suis,
584 1923 858 1992 peccando
904 1923 1057 1976 irrita
1105 1922 1366 1992 fecerant.
1424 1924 1620 1977 Iterum
1654 1921 1789 1976 ﬁdes
1816 1922 1884 1975 ad

282 2011 479 2076 Deum,
516 2011 641 2081 quia
670 2010 715 2064 si
746 2011 1113 2081 intelligerent
1142 2011 1414 2081 quomodo
1441 2027 1506 2065 ex
1536 2010 1641 2065 ﬁde
1691 2009 1885 2064 Christi

285 2099 465 2153 omnis
508 2098 820 2167 justiﬁcatio
850 2100 1131 2167 habeatur,
1166 2115 1275 2153 non
1304 2106 1638 2155 recurrerent
1665 2099 1731 2153 ad
1773 2099 1885 2154 cir-

283 2186 698 2253 cumcisionem,
757 2188 907 2258 quasi
955 2188 1058 2241 sibi
1088 2188 1474 2242 necessariam.
1511 2188 1567 2242 Si
1594 2186 1789 2241 iterum
1820 2187 1887 2241 de

287 2275 557 2345 baptismo
588 2276 725 2330 bene
764 2276 907 2331 docti
938 2284 1141 2341 essent,
1194 2277 1466 2348 quomodo
1498 2276 1551 2330 in
1581 2276 1675 2331 illo
1704 2275 1888 2330 omnia

287 2372 517 2434 peccata
572 2364 927 2432 dimittantur,
990 2364 1188 2436 legalia
1219 2363 1610 2419 conﬁterentur
1640 2380 1762 2419 esse
1792 2381 1888 2417 su-

289 2452 519 2523 perflua.
554 2452 611 2507 Si
642 2453 803 2507 etiam
834 2452 1036 2508 scirent
1067 2453 1339 2523 quomodo
1367 2469 1464 2524 per
1491 2453 1887 2523 impositionem

290 2556 488 2595 manus
537 2541 764 2610 Spiritus
815 2549 1038 2597 sanctus
1087 2548 1139 2596 et
1168 2541 1357 2611 priora
1387 2541 1636 2609 dimittat,
1670 2548 1722 2595 et
1752 2556 1889 2596 con-

289 2628 452 2684 fortet
481 2636 674 2684 contra
700 2630 971 2684 venientia
1019 2630 1156 2683 mala
1214 2646 1324 2684 non
1354 2637 1610 2685 curarent
1654 2629 1880 2696 legalia.

289 2717 347 2771 Si
378 2717 573 2771 iterum
603 2718 1064 2776 resurrectionem
1095 2718 1293 2773 Christi
1324 2718 1608 2773 crederent
1651 2733 1775 2772 esse
1804 2716 1889 2771 ef-

286 2804 557 2860 ﬁcientem
606 2821 823 2861 causam
888 2813 1089 2861 nostra;
1146 2805 1565 2862 resurrectionis
1605 2805 1659 2859 in
1690 2806 1887 2878 gloria,

289 2894 421 2948 nihil
470 2900 669 2964 praeter
718 2894 989 2949 Christum
1037 2902 1366 2965 quaererent.
1418 2896 1638 2959 Iterum,
1674 2893 1719 2947 si
1748 2910 1888 2963 pen-

292 2990 475 3037 sarent
523 2983 797 3053 quomodo
827 2983 1069 3037 Christus
1098 2982 1263 3050 judex
1288 2981 1503 3036 futurus
1532 2983 1598 3036 sit
1628 2982 1889 3049 omnium,

292 3086 392 3140 per
412 3068 573 3124 ﬁdem
603 3070 806 3124 Judicis
828 3070 929 3124 soli
958 3070 1234 3125 studerent
1260 3070 1481 3140 placere
1509 3069 1706 3124 Judici.
1760 3069 1896 3137 Quia

294 3158 380 3213 his
409 3159 665 3213 omnibus
691 3158 1025 3230 indigebant,
1058 3166 1349 3228 propterea
1381 3158 1491 3212 ait:
1536 3160 1798 3213 Feramur
1825 3158 1895 3212 ad

296 3246 689 3317 perfectionem
742 3247 1008 3315 jacientes
1066 3246 1227 3315 (sicut
1271 3246 1411 3317 lapis
1458 3246 1512 3299 in
1539 3245 1895 3301 fundamento

291 3334 509 3403 jacitur)
540 3334 951 3389 fundamentum
981 3334 1330 3404 poenitentiae,
1365 3341 1417 3389 et
1447 3334 1750 3405 sequentia,
1784 3334 1896 3389 sic-

297 3430 354 3477 ut
386 3423 627 3493 exposila
661 3430 805 3476 sunt.
846 3423 1116 3478 Jacientes
1165 3422 1289 3478 dico
1318 3438 1428 3477 non
1458 3438 1698 3489 rursum,
1732 3422 1785 3475 id
1817 3429 1901 3476 est

302 3527 414 3566 non
468 3510 660 3566 iterato
715 3511 884 3581 priori
939 3512 1123 3579 modo,
1156 3518 1214 3564 ut
1241 3510 1378 3565 sicut
1406 3510 1557 3580 prius
1580 3510 1812 3579 jecimus
1843 3510 1898 3563 in

300 3598 459 3653 vobis
504 3599 685 3653 omnia
743 3600 879 3665 haec,
942 3607 993 3652 et
1038 3598 1194 3653 vobis
1232 3598 1588 3668 peccantibus
1620 3598 1900 3653 destructa

303 3694 429 3742 sunt
476 3703 691 3741 rursum
739 3687 931 3742 eadem
962 3686 1153 3741 iterata
1190 3686 1549 3741 destruantur.
1586 3688 1654 3741 Ut
1699 3702 1902 3742 secun—

306 3777 435 3831 dum
461 3777 603 3831 hanc
652 3775 975 3831 sententiam
1023 3776 1157 3830 illud
1205 3792 1426 3829 rursum
1474 3791 1739 3846 negemus
1780 3784 1901 3829 tan-

304 3865 611 3920 tummodo.
642 3865 743 3920 Vel
771 3865 816 3918 si
846 3864 916 3919 ad
948 3863 1131 3918 omnia
1161 3872 1395 3934 ponatur
1414 3864 1653 3936 negatio,
1688 3872 1907 3919 senten-

307 3954 376 4008 tia
406 3962 587 4008 manet
614 3954 803 4009 eadem
833 3952 951 4009 sic:
1003 3954 1268 4007 Feramur
1295 3952 1459 4008 modo
1489 3953 1559 4006 ad
1606 3951 1903 4023 perfectio-

305 4058 452 4108 nem,
484 4042 557 4096 ita
587 4050 646 4096 ut
686 4042 855 4096 simus
905 4057 1143 4106 rursum,
1177 4040 1233 4095 id
1264 4048 1348 4096 est
1380 4040 1613 4111 amplius
1638 4041 1906 4110 jacientes

307 4130 716 4185 fundamentum
743 4129 1113 4200 paenitentiae;
1153 4130 1318 4183 modo
1358 4129 1577 4199 quidem
1616 4129 1902 4197 jaciemus,

309 4219 406 4274 sed
436 4219 617 4273 videte
655 4235 722 4274 ne
754 4235 971 4273 rursum
1001 4225 1249 4289 oporteat
1271 4218 1481 4286 jacere.
1515 4218 1603 4273 Sic
1630 4218 1699 4272 ad
1729 4217 1909 4272 omnia

1927 2949 1974 3010 Ο

1984 1660 2067 1707 est
2096 1668 2191 1707 eos
2222 1669 2452 1708 rursum
2475 1669 2597 1707 esse
2614 1654 3003 1721 cruciﬁgentes
3023 1656 3231 1710 Filium
3250 1659 3348 1712 Dei
3358 1657 3581 1713 sibimet

1982 1743 2143 1812 ipsis,
2176 1741 2228 1794 id
2254 1749 2336 1796 est
2352 1741 2407 1794 in
2429 1741 2534 1795 alia
2555 1741 2667 1795 vita
2689 1741 3014 1811 impotentes
3045 1741 3255 1798 efﬁcere
3276 1754 3332 1799 ut
3353 1745 3579 1800 ulterius

1983 1829 2159 1884 valeat
2189 1829 2291 1883 sibi
2321 1829 2600 1885 cruciﬁxio
2619 1829 2833 1898 Christi,
2859 1834 2916 1885 et
2942 1846 3157 1885 rursum
3178 1847 3287 1887 non
3311 1832 3580 1890 habentes

1987 1917 2178 1971 Filium
2211 1917 2311 1972 Dei
2359 1920 2632 1984 ostentui,
2682 1917 2737 1971 id
2784 1926 2867 1972 est
2893 1919 3191 1974 ostensioni
3220 1928 3277 1974 ut
3304 1921 3582 1977 imitentur

1982 2006 2097 2073 ejus
2154 2006 2549 2060 ostensionem.
2617 2005 2787 2073 Quasi
2815 2007 3069 2062 diceret:
3126 2009 3363 2063 Rursum
3404 2010 3581 2081 impo-

1987 2102 2164 2148 tentes
2208 2095 2407 2148 imitari
2446 2095 2635 2149 Filium
2668 2094 2794 2149 Dei.
2835 2095 2933 2149 Vel
2963 2094 3119 2150 aliter
3148 2105 3205 2150 ut
3234 2098 3578 2154 iterationem

1987 2183 2242 2253 baptismi
2272 2199 2540 2255 negemus
2570 2182 2623 2236 in
2656 2184 2761 2238 hoc
2788 2198 2983 2239 versu:
3017 2185 3357 2255 Impossibile
3379 2196 3461 2242 est
3488 2204 3584 2244 eos

1989 2271 2081 2342 qui
2114 2272 2248 2326 tales
2277 2279 2329 2326 et
2377 2272 2515 2326 tales
2563 2272 2800 2338 fuerunt,
2846 2274 3048 2327 nedum
3078 2273 3363 2331 inferiores
3394 2294 3588 2332 rursus

1988 2360 2261 2426 renovari,
2295 2359 2349 2414 id
2381 2368 2463 2415 est
2509 2361 2834 2431 rebaptizari
2881 2369 3059 2417 motos
3088 2363 3157 2417 ad
3188 2364 3579 2433 paenitentiam.

1988 2449 2099 2518 Ipsi
2130 2449 2252 2503 dico
2284 2448 2328 2502 si
2377 2449 2799 2519 rebaptizantur,
2852 2467 3064 2504 rursum
3094 2452 3474 2523 cruciﬁgentes
3506 2455 3585 2509 si-

1990 2537 2293 2607 bimetipsis
2324 2537 2521 2591 Filium
2567 2538 2689 2603 Dei,
2728 2554 2836 2593 non
2876 2539 3023 2610 quod
3055 2539 3108 2593 in
3140 2557 3200 2595 re
3228 2542 3427 2597 iterum
3456 2560 3584 2599 cru-

1991 2624 2232 2695 ciﬁgant,
2294 2625 2391 2679 sed
2451 2626 2505 2679 in
2560 2627 2767 2696 peccati
2823 2627 3069 2697 paritate,
3123 2629 3248 2700 quia
3293 2647 3396 2685 una
3428 2631 3583 2701 ﬁdes,

1989 2730 2156 2768 unum
2184 2713 2471 2783 baptisma,
2507 2722 2559 2769 et
2594 2715 2843 2770 Christus
2901 2732 3231 2772 consecrans
3256 2718 3388 2773 illud
3420 2721 3592 2777 semel

1991 2817 2092 2872 pro
2107 2801 2347 2872 peccatis
2365 2803 2566 2857 nostris
2586 2812 2831 2858 mortuus
2844 2811 2945 2859 est.
2962 2805 3091 2860 Ideo
3104 2806 3355 2862 dicuntur
3372 2826 3590 2866 rursum

1994 2890 2096 2944 sibi
2127 2889 2451 2962 cruciﬁgere
2482 2891 2670 2946 Filium
2702 2892 2803 2947 Dei
2832 2893 3063 2963 paritate
3082 2896 3309 2964 peccati,
3350 2897 3497 2968 quia,
3546 2899 3592 2954 si

1996 2978 2146 3049 prius
2173 2993 2275 3049 per
2304 2978 2633 3049 baptismum
2659 2979 2938 3049 justiﬁcati
2984 2990 3176 3052 postea
3202 2994 3589 3055 peccaverunt,

1996 3067 2230 3137 primum
2275 3066 2545 3137 baptisma
2594 3076 2785 3138 putant
2804 3078 3096 3140 propterea
3126 3070 3207 3126 sic
3234 3071 3441 3128 irritum
3472 3092 3595 3132 esse

1996 3163 2056 3209 ut
2113 3155 2155 3208 si
2214 3157 2588 3224 paenitentiam
2618 3158 2686 3211 de
2719 3158 2896 3213 futuro
2927 3159 2995 3213 ad
3019 3159 3456 3228 justiﬁcationem
3485 3180 3596 3220 non

1998 3242 2193 3298 valeat.
2243 3244 2310 3297 Hi
2350 3245 2483 3300 tales
2513 3246 2708 3300 iterum
2737 3246 2921 3301 volunt
2952 3247 3273 3320 cruciﬁgere
3302 3252 3591 3321 Christum,

1999 3340 2057 3385 ut
2086 3347 2151 3385 ex
2176 3330 2369 3385 iterata
2401 3332 2750 3389 cruciﬁxione
2778 3334 3031 3389 iteratam
3060 3337 3298 3393 habeant
3318 3341 3597 3397 remissio-

2000 3440 2145 3487 nem,
2204 3422 2507 3477 nescientes
2555 3423 2701 3492 quod
2740 3438 2907 3476 unum
2936 3423 3204 3493 baptisma
3233 3434 3285 3480 et
3314 3444 3419 3481 una
3451 3446 3598 3484 mors

2002 3513 2224 3580 Christi,
2251 3513 2323 3566 ita
2353 3518 2476 3581 post
2506 3517 2787 3580 peccatum
2834 3511 2972 3566 sicut
3001 3519 3123 3566 ante
3153 3514 3521 3583 (solummodo
3553 3517 3597 3572 si

2000 3601 2300 3671 pmniteat),
2335 3601 2403 3654 ad
2420 3614 2639 3654 omnem
2654 3596 3093 3667 justiﬁcationem
3124 3600 3372 3657 sufficiat.
3408 3604 3590 3660 Osten-

2001 3690 2077 3743 tui
2107 3690 2161 3743 in
2204 3688 2374 3759 priori
2414 3686 2682 3742 sententia
2727 3702 2830 3757 pro
2857 3688 3153 3743 ostensioni
3185 3689 3438 3747 inusitate
3471 3693 3596 3764 qui-

2004 3779 2129 3833 dem
2160 3777 2395 3848 ponitur,
2430 3776 2528 3831 sed
2549 3775 2682 3830 satis
2711 3776 2851 3831 bene
2883 3784 2965 3830 est
2998 3778 3297 3833 secundum
3325 3780 3597 3852 originem

2007 3867 2156 3921 vocis
2182 3881 2193 3919 :
2227 3866 2294 3920 ab
2324 3864 2575 3932 ostendo,
2607 3864 2884 3920 ostendis.
2921 3864 3026 3919 Ubi
3043 3882 3203 3935 supra
3228 3868 3300 3921 ait
3329 3869 3598 3940 prolapsi:

2004 3955 2136 4009 illud
2166 3971 2287 4025 pro,
2321 3953 2647 4027 gravitatem
2678 3968 2838 4009 casus
2869 3953 3140 4024 designat,
3171 3955 3375 4011 scilicet
3413 3958 3469 4011 in
3490 3960 3604 4015 cri-

2006 4043 2227 4098 minale.
2262 4042 2405 4096 Dixit
2434 4041 2685 4112 superius
2715 4041 2956 4097 feramur
2992 4042 3062 4096 ad
3109 4042 3519 4117 perfectionem,
3554 4056 3607 4103 et

2011 4132 2334 4202 quibusdam
2378 4130 2709 4200 interpositis
2758 4130 3017 4198 adjunxit.
3069 4131 3203 4197 Hoc,
3244 4131 3483 4205 inquam,
3517 4136 3607 4191 fa-

2009 4221 2236 4283 ciemus,
2297 4219 2352 4274 id
2412 4226 2494 4273 est
2538 4218 2609 4272 ad
2657 4218 3048 4288 perfectionem
3080 4218 3334 4290 feremur,
3384 4224 3429 4278 si
3460 4225 3607 4281 Deus

310 4314 542 4377 ponatur
570 4307 806 4378 negatio,
839 4315 1093 4362 manente
1122 4306 1409 4362 sententia.
1443 4307 1636 4361 Moneo
1669 4305 1912 4360 feramur
1940 4306 1993 4365 D
2014 4307 2343 4379 permiserit,
2406 4314 2459 4362 et
2486 4307 2555 4361 de
2594 4306 2787 4361 eodem
2821 4307 3039 4362 subdit:
3083 4308 3225 4365 Vere
3256 4310 3312 4365 id
3344 4311 3607 4369 faciemus

311 4396 383 4450 ad
412 4394 803 4465 perfectionem
850 4400 906 4451 et
943 4396 1131 4466 utique
1180 4395 1281 4450 hoc
1312 4395 1610 4466 faciemus,
1641 4394 1697 4449 id
1727 4403 1810 4449 est
1837 4395 1906 4449 ad

310 4483 703 4554 perfectionem
727 4483 980 4551 feremur,
1004 4486 1053 4539 si
1074 4484 1298 4555 quidem
1316 4485 1463 4539 Deus
1479 4484 1827 4555 per-miserit,
1852 4483 1907 4537 id

314 4579 396 4626 est
425 4571 471 4626 si
501 4572 558 4626 in
584 4571 697 4627 vita
722 4572 824 4627 hac
872 4571 1108 4643 spatium
1154 4571 1490 4627 concesserit
1527 4587 1635 4643 quo
1682 4578 1909 4642 peccata

307 4667 495 4714 nostra
523 4660 736 4731 possint
754 4661 965 4715 redimi.
998 4661 1129 4715 Ideo
1167 4660 1289 4716 dico
1316 4659 1363 4714 si
1405 4661 1554 4715 Deus
1572 4660 1906 4730 promiserit,

312 4749 444 4819 quia
467 4749 805 4820 impossibile
825 4753 909 4804 est
936 4748 990 4803 in
1020 4748 1129 4803 alia
1157 4749 1268 4803 vita
1296 4764 1398 4818 per
1424 4748 1795 4819 paenitentiam
1824 4765 1911 4803 re-

308 4836 543 4901 novari;
579 4837 653 4890 ibi
681 4838 827 4892 enim
856 4837 1010 4893 locus
1039 4836 1341 4907 accipiendi
1371 4836 1516 4907 quod
1546 4836 1745 4891 meruit
1776 4854 1790 4903 ;
1823 4836 1910 4892 hic

311 4921 467 4979 locus
520 4924 760 4981 3'78
806 4925 1071 4980 merendi.
1104 4924 1265 4993 Quod
1292 4925 1362 4978 ita
1383 4924 1477 4978 ait.
1513 4925 1568 4980 Si
1599 4926 1744 4980 Deus
1778 4941 1912 4996 per-

312 5012 544 5078 miserit,
594 5012 718 5069 ideo
763 5013 906 5084 dico,
956 5013 1084 5085 quia
1134 5014 1192 5066 in
1238 5012 1420 5067 futura
1474 5012 1578 5068 vita
1633 5029 1745 5069 non
1791 5029 1915 5085 per-

311 5100 485 5155 mittet
498 5141 511 5153 .

394 5188 740 5258 Impossibile
776 5188 917 5243 enim
976 5197 1059 5244 est
1114 5188 1365 5245 renovari
1404 5205 1504 5260 per
1532 5197 1911 5261 recuperatam

308 5276 574 5346 justitiam
604 5276 818 5348 aliquos
839 5277 894 5330 in
923 5277 1026 5332 alia
1055 5277 1166 5333 vita
1190 5286 1370 5333 motos
1401 5278 1469 5332 ad
1497 5278 1871 5349 paenitentiam
1896 5297 1910 5345 ;

316 5364 465 5437 quod
494 5379 756 5422 renovare
786 5381 970 5421 rursus
1000 5374 1163 5422 esset.
1199 5367 1297 5422 Hic
1335 5366 1480 5423 enim
1510 5366 1635 5423 licet
1664 5367 1811 5439 quod
1839 5365 1915 5421 ibi

2009 4397 2156 4468 quod
2183 4403 2247 4452 ad
2275 4394 2664 4466 perfectionem
2708 4393 2982 4449 feremur:
3034 4404 3087 4451 et
3112 4398 3318 4467 justum
3356 4410 3439 4457 est
3468 4419 3609 4475 quo-

2009 4486 2159 4541 niam
2189 4489 2343 4540 terra
2373 4485 2559 4540 bibens
2588 4484 2844 4539 imbrem.
2877 4484 2979 4539 Per
3006 4492 3209 4541 terram
3240 4488 3489 4547 homines
3517 4507 3610 4548 ac-

2011 4573 2161 4646 cipit,
2222 4573 2313 4645 qui
2364 4581 2423 4628 ut
2477 4571 2711 4628 fructum
2768 4571 2989 4639 faciant,
3058 4577 3383 4634 excoluntur
3440 4581 3611 4637 verbo

2013 4662 2139 4717 Dei.
2240 4656 2243 4661 ί

2086 4752 2234 4817 Haec,
2254 4750 2492 4822 inquam,
2513 4757 2657 4805 terra
2672 4750 2867 4808 bibens
2884 4751 3133 4822 imbrem,
3152 4753 3205 4808 id
3226 4762 3309 4809 est
3324 4771 3446 4811 cum
3465 4772 3614 4828 mag-

2014 4855 2086 4895 no
2114 4839 2396 4894 desiderio
2426 4839 2729 4911 suscipiens
2759 4840 2928 4896 divini
2953 4842 3105 4897 verbi
3125 4843 3448 4910 doctrinam,
3475 4844 3619 4901 sicut

2016 4928 2163 4984 enim
2200 4928 2375 4982 imber
2422 4927 2679 4984 siccatam
2724 4937 2778 4985 et
2802 4929 3107 4986 induratam
3131 4939 3326 4987 terram
3357 4933 3610 5003 inebriat,

2016 5017 2094 5071 sic
2114 5016 2343 5071 verbum
2357 5017 2461 5071 Dei
2478 5032 2575 5073 cor
2585 5018 2893 5073 induratum
2913 5020 3236 5076 mollescere
3253 5022 3401 5092 facit,
3417 5031 3469 5079 et
3486 5039 3619 5081 con-

2016 5112 2306 5175 temperat,
2331 5114 2387 5159 ut
2409 5105 2616 5161 fructus
2636 5105 2813 5162 facere
2834 5108 3023 5178 possit.
3048 5110 3238 5178 Terra,
3262 5110 3503 5185 inquam,
3529 5112 3617 5168 bi-

2018 5194 2155 5249 bens
2176 5194 2404 5249 imbrem
2427 5212 2573 5267 saepe
2602 5198 2943 5251 venientem.
2970 5198 3261 5270 Saepeideo
3274 5201 3397 5267 quia
3417 5218 3519 5258 nec
3530 5218 3620 5257 as-

2017 5282 2197 5349 sidua,
2220 5299 2288 5338 ne
2301 5283 2542 5351 vilescat,
2559 5283 2833 5341 necnimis
2857 5300 3043 5356 parca,
3058 5304 3127 5343 ne
3162 5290 3619 5361 Opportunitatem

2021 5370 2382 5429 fructiﬁcandi
2410 5374 2636 5443 amittat,
2672 5373 2834 5429 debet
2855 5389 2978 5431 esse
3009 5376 3193 5434 divina
3210 5378 3494 5446 doctrina;
3521 5378 3619 5435 sed
