3966 6050
414 94 519 149 519

973 94 1030 150 S.
1072 90 1425 150 BRUNONIS
1462 87 2114 149 CARTHUSIANORUM
2152 87 2644 148 INSTITUTORIS
2704 91 2857 149 OPP.
2899 82 3075 150 PARS
3113 94 3181 149 ΙΙ.

3635 98 3743 154 520

418 233 565 289 saepe
584 226 640 273 ut
657 217 725 273 sit
741 218 1099 291 opportunior
1126 218 1381 289 utrinque
1430 225 1863 288 contemperata.
1904 215 2092 275 Ve-A
2120 229 2286 284 opere
2337 230 2457 270 suo.
2517 215 2864 272 Ministrastis
2922 218 3055 273 olim
3107 226 3160 273 et
3214 218 3392 274 adhuc
3447 218 3502 273 in
3534 219 3731 275 eodem

416 306 659 362 nientem
714 324 884 379 super
912 324 989 375 se,
1039 306 1165 378 quia
1194 314 1247 362 et
1277 323 1306 360 a
1352 307 1469 361 Deo
1500 314 1553 361 et
1582 323 1611 359 a
1644 305 1901 375 praelatis,
1938 304 2029 376 qui

418 396 733 465 superiores
761 405 886 450 sunt
916 396 970 450 in
998 395 1266 461 Ecclesia,
1299 395 1581 451 descendit
1601 394 1868 449 doctrina.
1894 395 2028 448 Ter-

415 500 492 553 ra,
528 484 767 556 inquam,
802 484 883 541 sic
914 485 1106 539 bibens
1135 485 1368 539 imbrem
1389 488 1445 538 et
1468 500 1748 553 generans
1773 483 2021 549 herbam,

416 572 471 626 id
513 580 595 626 est
626 573 859 628 fructum
902 573 1031 628 boni
1080 574 1283 643 operis.
1320 572 1559 627 Herbam
1594 572 1721 627 dico
1750 577 2024 643 opportu-

415 678 555 716 nam
580 661 701 716 illis
725 679 759 716 (ι
786 662 985 733 quibus
1017 662 1243 727 colitur,
1273 661 1327 715 id
1346 668 1427 715 est
1458 660 1909 731 praedicatoribus
1932 661 2026 730 qui

416 765 536 805 eam
569 750 847 806 excolunt.
890 750 1264 821 Opportunam
1298 749 1425 804 ideo
1457 750 1585 820 quia
1626 749 1753 804 facit
1782 765 1891 803 non
1920 749 2022 803 de-

414 854 696 909 generem,
732 840 829 894 sed
878 838 1112 893 fructum
1158 838 1474 903 divinitatis,
1519 837 1575 891 id
1609 846 1691 891 est
1721 838 2021 892 secundum

417 928 563 997 quod
593 927 858 983 docentur
887 927 1121 998 operari,
1156 935 1209 981 et
1237 927 1421 981 vident
1452 926 1506 979 in
1538 926 1853 981 doctoribus
1873 925 2012 980 suis.

412 1015 561 1082 Haec,
595 1016 835 1086 inquam,
870 1024 1014 1070 terra
1045 1014 1123 1070 sic
1154 1031 1427 1086 generans
1446 1017 1656 1086 accipit
1676 1014 2022 1070 benedictio-

411 1121 563 1173 nem,
599 1104 653 1157 id
683 1112 765 1158 est
794 1104 1299 1174 multiplicationem
1353 1104 1619 1158 bonorum
1651 1122 1684 1157 a
1715 1105 1839 1159 Deo.
1873 1103 2022 1157 Bona

410 1199 556 1247 terra
583 1192 780 1263 accipit
810 1192 1265 1248 benedictionem.
1306 1195 1473 1247 Terra
1514 1196 1706 1247 autem
1728 1194 2022 1262 proferens

407 1283 601 1351 spinas
632 1299 697 1337 ac
728 1283 982 1347 tribulos,
1007 1282 1241 1352 reproba
1266 1284 1370 1335 est.
1399 1280 1497 1335 Vel
1520 1280 1565 1333 si
1586 1280 1813 1334 habetur
1844 1281 2018 1346 enim,

404 1368 480 1423 ita
493 1371 757 1443 jungatur
786 1386 898 1425 non
950 1376 1158 1423 mutata
1186 1368 1474 1423 sententia.
1520 1370 1661 1423 Vere
1703 1376 1869 1431 terra,
1903 1384 2007 1440 ge-

403 1474 605 1512 nerans
636 1458 864 1513 herbam
904 1465 1265 1527 opportunam
1312 1456 1509 1527 accipit
1540 1456 2001 1511 benedictionem.

2129 302 2294 357 estis:
2319 306 2580 375 cupimus
2619 310 2814 361 autem
2836 306 2901 361 de
2950 306 3130 362 futuro
3148 324 3601 380 unumquemque
3634 325 3732 363 ve-

2128 395 2332 457 strum,
2370 397 2434 447 ut
2463 410 2566 448 nec
2597 410 2748 449 unus
2780 395 2927 450 desit
2956 396 3023 450 ab
3081 397 3183 451 hoc
3229 412 3391 467 opere
3419 400 3727 463 ostentare,

2126 478 2181 533 id
2212 488 2293 534 est
2322 480 2635 552 frequenter
2656 484 2947 538 ostendere
2978 484 3228 539 eamdem
3286 486 3732 540 sollicitudinem

2128 568 2547 624 administrandi
2568 570 2773 625 sanctis
2786 588 2957 643 usque
2980 574 3041 627 in
3063 573 3237 641 ﬁnem
3254 581 3517 627 vestrum.
3535 572 3733 628 Osten-

2126 662 2243 711 tare
2273 656 2397 712 dico
2427 658 2498 712 ad
2529 659 2892 729 expletiouem
2926 661 3062 730 spei,
3097 661 3150 714 id
3181 668 3262 715 est
3290 660 3346 714 in
3374 661 3556 715 futura
3591 661 3730 716 bea-

2124 744 2351 800 titudine
2409 747 2747 816 compleatur
2794 748 2849 802 in
2893 749 3047 805 vobis
3092 750 3238 821 quod
3268 750 3433 804 modo
3464 751 3719 821 speratis.

2125 833 2206 887 Ita
2234 834 2483 904 cupimus
2516 844 2810 903 ostentare,
2844 842 2909 891 ut
2935 855 3043 894 non
3074 838 3401 908 e/ﬁciamini
3440 855 3634 910 segnes
3671 839 3725 893 in

2123 919 2229 975 hac
2269 921 2657 989 sollicitudine,
2690 924 2784 978 sed
2806 924 2923 978 sitis
2954 926 3277 980 imitatores
3300 942 3513 994 eorum,
3563 926 3617 980 id
3646 934 3729 980 est

2124 1018 2437 1065 sanctorum
2453 1013 2975 1083 quihwreditabunt
2987 1014 3405 1084 promissiones,
3429 1014 3483 1068 id
3506 1022 3585 1068 est
3604 1030 3730 1083 pro.

2122 1098 2323 1153 missas
2353 1099 2715 1155 beatitudines
2741 1117 2752 1154 :
2788 1116 2896 1155 non
2927 1110 3152 1171 pr0pter
3181 1118 3377 1173 genus,
3413 1103 3509 1157 sed
3540 1103 3649 1171 ﬁde
3670 1107 3729 1158 et

2120 1190 2426 1258 patientia,
2472 1188 2526 1242 id
2576 1196 2655 1243 est
2702 1205 2800 1259 per
2828 1187 3010 1258 fidem,
3044 1197 3097 1245 et
3125 1189 3254 1261 quia
3284 1190 3374 1244 diu
3406 1190 3725 1247 sustinendo

2119 1290 2229 1330 non
2260 1275 2478 1331 fuerunt
2500 1276 2723 1350 fatigati.

2196 1363 2336 1431 Quia
2391 1364 2600 1420 sciebat
2658 1365 2864 1420 Paulus
2896 1365 3121 1421 multum
3151 1366 3371 1436 placere
3399 1365 3506 1421 illis
3536 1367 3581 1421 si
3612 1382 3717 1437 pa-

2117 1452 2291 1506 tribus
2347 1468 2537 1507 eorum
2566 1453 2772 1509 diceret
2821 1454 3212 1524 repromissam
3241 1455 3492 1521 salutem,
3526 1456 3617 1522 ait,
3653 1471 3717 1511 ac

404 1547 543 1601 Nam
572 1554 718 1600 terra
744 1544 1032 1615 proferens
1062 1546 1247 1615 spinas
1276 1561 1338 1601 ac
1367 1544 1597 1600 tribulos
1626 1546 1864 1614 reproba
1893 1551 2001 1599 est.
2032 1574 2084 1634 B
2119 1540 2163 1594 si
2192 1540 2419 1611 quilibet
2446 1541 2811 1614 interrogaret
2836 1558 2847 1595 :
2873 1543 3079 1599 Suntne
3101 1544 3258 1600 factae
3278 1544 3673 1615 promissiones
3691 1543 3720 1597 7

409 1633 479 1689 3
496 1634 649 1689 '79
674 1633 985 1701 Proferens,
1021 1642 1171 1689 notat
1192 1641 1302 1689 tam
1328 1634 1471 1689 male
1490 1649 1740 1704 peccare,
1760 1641 1816 1686 ut
1838 1648 2010 1704 pravo

403 1722 654 1793 exemplo
686 1730 996 1793 corrumpat
1042 1722 1198 1777 alios.
1232 1723 1338 1776 Per
1378 1722 1583 1792 spinas,
1617 1730 1842 1791 peccata
1864 1722 2014 1777 acci-

402 1810 482 1882 pit
512 1811 690 1866 minus
723 1811 1062 1884 pungentia;
1095 1827 1191 1881 per
1218 1811 1447 1865 tribulos
1469 1810 1583 1882 (qui
1615 1811 1858 1881 asperius
1877 1827 2013 1881 pun-

405 1902 561 1970 gunt)
623 1900 904 1971 graviora.
968 1901 1155 1969 Terra,
1189 1900 1429 1971 inquam,
1484 1899 1671 1970 spinas
1700 1915 1765 1954 ac
1783 1899 2012 1954 tribulos

403 1988 694 2058 proferens
744 1990 982 2060 reproba
1041 1996 1142 2054 est,
1177 1989 1233 2043 id
1269 1996 1351 2043 est
1379 1988 1598 2043 inimica
1626 1988 1763 2054 Deo,
1791 1992 1849 2042 et
1872 2004 2003 2059 pro-

402 2078 566 2132 xima
595 2078 919 2143 maledicto,
952 2077 1005 2131 id
1037 2085 1120 2131 est
1147 2077 1458 2146 perditioni.
1504 2076 1606 2131 Ubi
1636 2076 1711 2130 ait
1739 2076 2006 2146 proxima,

402 2163 672 2235 significat
700 2181 919 2236 pcenam
951 2166 1171 2235 quidem
1199 2182 1369 2236 prope
1401 2181 1541 2228 esse,
1577 2164 1672 2219 sed
1712 2164 1889 2219 adhuc
1912 2181 2009 2234 per

403 2252 777 2322 paenitentiam
823 2269 987 2323 posse
1032 2253 1286 2308 evadere.
1354 2252 1792 2317 Consummatio,
1824 2252 1879 2305 id
1924 2260 2007 2306 est

403 2339 526 2395 finis
556 2344 719 2413 cujus
758 2342 1007 2411 reprobae
1036 2348 1200 2396 terra;
1231 2341 1330 2395 erit
1355 2342 1419 2395 in
1461 2341 1925 2406 combustionem,
1950 2340 2004 2395 id

396 2436 479 2485 est
508 2429 564 2483 in
593 2438 911 2500 perpetuum
939 2428 1126 2501 ignem
1155 2429 1258 2483 nisi
1305 2428 1579 2499 poeniteat.
1630 2429 1781 2483 Idem
1810 2445 2004 2483 versus

397 2518 661 2589 proximas
691 2519 881 2573 litterae
908 2518 1276 2589 conjungitur,
1310 2534 1419 2572 non
1451 2525 1633 2572 tamen
1662 2516 1740 2571 sic
1770 2516 1991 2572 idonee.

398 2608 540 2663 Vere
572 2607 625 2661 in
657 2607 763 2661 alia
788 2607 899 2662 vita
945 2622 1106 2662 nemo
1136 2613 1317 2677 potest
1354 2605 1603 2661 renovari
1634 2606 1700 2659 ad
1722 2605 1998 2675 poeniten-

398 2695 528 2749 tiam
556 2712 571 2761 ;
623 2710 749 2748 nam
810 2703 972 2759 terra,
1028 2694 1081 2748 id
1132 2702 1213 2748 est
1243 2695 1407 2748 homo
1438 2694 1492 2747 in
1522 2694 1625 2749 hac
1654 2694 1760 2748 vita
1790 2701 1999 2748 tantum

396 2783 532 2847 bibit
560 2782 866 2838 venientem
901 2783 1152 2848 imbrem,
1188 2782 1244 2837 id
1274 2790 1355 2837 est
1381 2790 1559 2853 potest
1590 2782 1687 2837 niti
1712 2783 1781 2836 ad
1803 2798 1996 2837 emen-

396 2872 693 2927 dationem.
754 2872 855 2927 Hic
902 2872 1045 2927 enim
1076 2871 1229 2927 locus
1258 2871 1524 2940 merendi,
1559 2871 1633 2925 ibi
1661 2871 1984 2941 recipiendi.

393 2959 494 3015 Vel
549 2960 851 3015 secundum
906 2960 1070 3015 aliam
1123 2959 1465 3025 sententiam,
1531 2959 1868 3030 impossibile
1911 2967 1995 3014 est

393 3049 668 3115 renovari,
702 3048 757 3103 id
789 3056 871 3103 est
896 3048 1238 3119 rebaptizari.
1298 3049 1434 3102 Nam
1482 3054 1627 3102 terra
1659 3047 1827 3102 semel
1858 3047 1992 3101 bibit

391 3136 644 3203 imbrem,
702 3136 759 3192 id
817 3144 899 3192 est
937 3138 1100 3192 homo
1133 3135 1304 3192 semel
1332 3136 1555 3207 suscipit
1583 3151 1784 3207 aquam
1811 3136 1990 3206 bapti-

393 3226 602 3281 smatis.

463 3313 603 3382 Quia
632 3313 761 3368 satis
791 3313 999 3368 duriter
1018 3329 1113 3368 eos
1134 3312 1453 3384 increpavit,
1486 3312 1676 3368 dicens
1716 3312 1988 3383 superius,

389 3418 515 3459 cum
571 3402 843 3457 deberetis
900 3419 1024 3457 esse
1068 3402 1350 3474 magistri;
1399 3418 1616 3455 rursum
1647 3401 1901 3472 indigetis
1932 3408 1993 3455 ut

388 3490 715 3557 doceamini,
748 3499 854 3547 etc.
889 3491 994 3545 Per
1023 3492 1128 3546 hoc
1160 3490 1355 3546 iterum
1384 3490 1527 3560 quod
1558 3504 1732 3560 prOpe
1764 3489 1897 3543 dixit
1918 3489 1987 3544 de

386 3578 766 3635 benedictione
799 3580 955 3635 bonae
986 3586 1164 3645 terrae,
1213 3577 1382 3633 suasit
1412 3577 1491 3632 eis
1523 3576 1751 3633 fructum
1780 3592 1988 3648 Oppor-

386 3675 576 3723 tunum
633 3668 834 3734 facere,
897 3676 950 3723 et
980 3684 1079 3737 per
1134 3666 1465 3723 contrarium
1520 3665 1801 3733 deterruit,
1843 3680 1990 3721 nunc

386 3756 658 3812 blanditur
702 3757 801 3821 eis,
862 3764 921 3810 ut
969 3755 1105 3811 sicut
1151 3755 1313 3809 minis
1361 3754 1656 3821 concussit,
1718 3754 1793 3807 ita
1822 3753 1987 3808 modo

387 3845 569 3901 foveat
594 3843 997 3913 blandimentis,
1029 3843 1252 3899 dicens:
1294 3843 1535 3897 Tametsi
1566 3844 1650 3897 ita
1681 3843 1986 3914 loquimur,

393 3932 731 4003 increpando
759 3949 858 3989 vos
891 3932 1163 4003 superius,
1196 3939 1397 3995 tamen,
1431 3945 1465 3985 o
1504 3931 1864 3986 dilectissimi
1884 3946 1987 3986 nos

381 4021 719 4091 conﬁdimus
750 4021 817 4076 de
846 4022 992 4077 vobis
1025 4020 1282 4084 meliora,
1316 4034 1480 4089 quam
1528 4018 1981 4086 combustionem,

382 4114 439 4165 et
468 4110 743 4166 viciniora
772 4110 953 4164 saluti
983 4115 1198 4172 vestrae,
1234 4123 1398 4178 quam
1449 4106 1555 4160 sint
1601 4106 1773 4177 spinae
1802 4114 1855 4163 et
1884 4108 1984 4161 tri-

380 4197 512 4254 buli.
548 4198 649 4254 Ubi
678 4198 751 4251 ait
780 4199 846 4253 de
868 4197 1036 4263 vobis,
1071 4194 1339 4268 significat
1371 4194 1531 4250 talem
1581 4203 1830 4250 naturam
1860 4212 1983 4251 esse

2121 1629 2255 1683 Sunt
2286 1630 2471 1700 utique
2496 1649 2509 1697 ;
2544 1647 2671 1685 nam
2726 1631 2978 1687 Abrahae.
3038 1633 3104 1687 Et
3134 1633 3235 1686 tria
3266 1633 3545 1704 subjungit
3573 1632 3716 1704 quod

2118 1725 2169 1772 et
2197 1718 2592 1788 promissiones
2624 1718 2775 1774 factae
2807 1720 2931 1785 sint,
2967 1728 3019 1775 et
3048 1736 3148 1791 per
3169 1720 3549 1789 jusjurandum
3584 1737 3716 1776 con-

2117 1805 2365 1872 ﬁrmatae,
2403 1814 2453 1861 et
2482 1807 2537 1860 in
2568 1808 2842 1861 Abraham
2892 1808 3005 1876 jam
3037 1808 3271 1879 impletae
3310 1810 3500 1865 dicens
3526 1828 3538 1863 :
3570 1812 3716 1865 Deus

2111 1896 2458 1967 promittens
2488 1896 2724 1951 Abrahw
2743 1898 2969 1967 juravit
2988 1914 3089 1968 per
3108 1899 3493 1969 semetipsum,
3514 1906 3566 1952 et
3589 1899 3714 1953 ideo

2112 1999 2213 2053 per
2229 1984 2601 2055 semetipsum,
2625 1986 2883 2056 quoniam
2908 1988 3194 2041 neminem
3230 1986 3424 2041 habuit
3440 1988 3712 2057 majorem

2109 2087 2211 2142 per
2266 2088 2429 2142 quem
2475 2074 2741 2143 juraret;
2779 2081 2833 2127 et
2876 2074 3090 2144 quare?
3130 2073 3259 2129 Ideo
3300 2074 3423 2145 quia
3452 2075 3711 2144 majorem

2109 2174 2218 2213 non
2246 2160 2454 2229 habuit,
2486 2177 2586 2230 per
2615 2178 2675 2215 se
2715 2161 2932 2230 juravit,
2972 2162 3184 2229 subdet,
3218 2162 3313 2217 sed
3346 2162 3511 2218 verba
3537 2163 3711 2232 juris-

2101 2246 2323 2315 jurandi
2369 2249 2647 2318 praemittit
2673 2266 2685 2303 :
2726 2250 2951 2318 juravit,
2968 2250 3209 2321 inquam,
3226 2250 3445 2307 dicens:
3471 2250 3517 2306 Ο
3530 2251 3710 2305 Abra-

2106 2336 2232 2389 ham
2263 2338 2378 2391 nisi
2420 2336 2745 2393 benedicam
2776 2342 2849 2406 te,
2898 2338 2953 2392 id
2975 2346 3058 2392 est
3090 2338 3426 2394 incremento
3455 2340 3707 2394 virtutum

2105 2424 2352 2478 ditavero
2385 2431 2434 2479 te
2464 2424 2519 2478 in
2550 2426 2648 2480 hac
2678 2426 2805 2480 vita.
2840 2426 3161 2481 Benedicam
3184 2426 3326 2493 dico,
3353 2428 3706 2495 benedicens,

2103 2510 2157 2564 id
2189 2518 2269 2565 est
2298 2511 2371 2566 ita
2401 2520 2459 2566 ut
2489 2512 2545 2565 in
2573 2512 2750 2568 officio
2785 2514 3142 2569 benedicendi
3172 2531 3389 2585 semper
3431 2530 3705 2585 maneam,

2101 2603 2157 2655 et
2184 2599 2287 2654 nisi
2343 2602 2734 2672 multiplicabo
2765 2610 2815 2656 te
2845 2602 2899 2656 in
2928 2601 3109 2657 futura
3156 2603 3488 2660 beatitudine
3520 2620 3708 2658 remu-

2099 2688 2345 2743 nerando
2375 2688 2535 2743 fidem
2591 2698 2752 2743 tuam.
2786 2689 3168 2760 Multiplicabo,
3219 2691 3463 2762 inquam,
3494 2693 3707 2747 multi-

2096 2778 2339 2847 plicans,
2372 2777 2427 2831 id
2458 2785 2540 2832 est
2587 2794 2698 2832 non
2728 2778 2887 2847 hujus
2918 2778 3382 2849 multiplicationis
3414 2778 3580 2834 finem
3606 2779 3697 2834 fa-

2096 2864 2248 2919 ciens
2278 2864 2385 2918 nisi
2421 2866 2524 2938 hoc
2582 2864 2784 2931 fecero,
2819 2866 3076 2937 (defectio
3107 2867 3414 2937 locutionis)
3444 2877 3704 2939 sequatur

2028 2928 2075 2989 θ
2096 2933 2462 3023 ᾳυοάοιωρυέ
2489 2928 2899 3010 inconveniens.
2941 2956 3013 3009 Et
3037 2956 3118 3011 sic
3139 2928 3415 3010 Abraham
3437 2928 3704 3012 certiﬁca-

2094 3048 2201 3107 tus,
2236 3042 2513 3097 Abraham
2561 3046 2753 3113 ferens
2806 3044 3225 3114 longanimiter,
3271 3045 3395 3116 quia
3445 3053 3498 3099 et
3524 3045 3619 3099 diu
3650 3052 3706 3099 et

2093 3130 2260 3184 multa
2281 3130 2510 3185 adversa
2541 3132 2810 3194 sustinuit,
2853 3132 3094 3204 adeptus
3139 3137 3224 3187 est
3257 3134 3472 3188 tandem
3502 3150 3699 3205 repro-

2092 3220 2441 3288 missionem,
2500 3220 2553 3273 id
2611 3228 2694 3275 est
2723 3236 2870 3290 saepe
2898 3221 3221 3290 promissam
3272 3222 3690 3277 beatitudinem.

2093 3307 2223 3362 Ideo
2275 3307 2475 3375 juravit
2515 3308 2643 3379 quia
2698 3309 2862 3364 homo
2905 3310 3066 3377 jurat.
3128 3309 3255 3364 Ideo
3311 3326 3408 3380 per
3455 3326 3535 3375 se,
3570 3311 3699 3381 quia

2093 3396 2269 3464 major
2294 3412 2360 3450 eo
2390 3412 2499 3451 non
2520 3404 2603 3451 est
2627 3415 2641 3463 ;
2669 3396 2924 3454 homines
2947 3400 3100 3453 enim
3117 3397 3579 3469 380jurant
3593 3416 3700 3470 per

2091 3486 2365 3546 maiorem
2387 3487 2518 3552 sui;
2547 3485 2671 3539 ideo
2701 3486 2847 3539 Deus
2878 3494 3000 3556 post
3043 3486 3464 3555 promissionem
3488 3487 3701 3556 juravit

2091 3573 2538 3629 condescendens
2558 3574 2939 3629 consuetudini
2974 3574 3273 3638 hominum,
3300 3592 3532 3646 quorum
3562 3592 3697 3631 usus

2090 3668 2174 3715 est
2230 3669 2407 3717 certos
2436 3661 2553 3716 fieri
2584 3678 2683 3732 per
2706 3661 3107 3730 jusjurandum,
3143 3664 3279 3719 sicut
3306 3665 3465 3719 Jesus
3495 3664 3692 3719 diebus

2088 3749 2203 3803 suis
2261 3751 2563 3805 secundum
2611 3766 2817 3805 morem
2847 3750 2989 3805 illius
3033 3751 3294 3824 regionis,
3323 3752 3379 3806 in
3418 3754 3695 3823 parabolis

2088 3846 2141 3893 et
2172 3838 2612 3893 similitudinibus
2661 3839 2985 3910 loquebatur
3015 3839 3139 3906 illis,
3163 3856 3285 3895 cum
3305 3848 3486 3896 tamen
3501 3842 3694 3909 jurare

2088 3925 2189 3980 Dei
2216 3926 2350 3980 nihil
2377 3926 2522 3981 aliud
2552 3927 2641 3992 sit,
2674 3944 2837 3997 quam
2858 3926 3267 3983 immutabiliter
3296 3929 3556 3984 stabilire.
3584 3931 3697 3986 Ho-

2086 4014 2263 4068 mines
2286 4014 2474 4082 jurant
2504 4031 2604 4084 per
2631 4016 2891 4084 majorem
2921 4016 3025 4082 sui,
3077 4021 3133 4071 et
3157 4017 3522 4086 juramentum
3555 4019 3691 4087 ﬁnis

2090 4106 2179 4158 est
2201 4105 2385 4158 omnis
2415 4106 2836 4171 controversia,
2869 4104 2923 4158 id
2972 4112 3055 4159 est
3081 4105 3447 4161 altercationis
3476 4122 3688 4173 eorum,

2087 4189 2276 4244 valens
2334 4190 2402 4244 ad
2460 4190 2926 4247 confirmationem
2985 4193 3206 4248 alterius
3235 4194 3427 4265 partis,
3470 4198 3531 4250 in
3563 4212 3688 4267 quo,

378 4286 435 4341 in
466 4287 566 4353 eis,
599 4303 719 4357 quae
741 4285 809 4340 sit
834 4285 1031 4340 idonea
1062 4283 1410 4340 correctioni.
1442 4283 1667 4339 Meliora
1689 4293 1741 4339 et
1759 4284 1984 4341 vicinio-
2006 4284 2058 4344 D
2089 4278 2297 4334 scilicet
2325 4295 2428 4349 per
2450 4280 2838 4349 juramentum,
2883 4283 3027 4337 Deus
3057 4284 3245 4338 volens
3294 4283 3687 4340 abundantius

377 4388 435 4426 ra
466 4372 583 4425 haec
630 4370 965 4441 comparatio
1010 4384 1119 4424 non
1150 4367 1208 4422 fit
1248 4368 1389 4422 inter
1417 4368 1809 4439 participantia.
1842 4369 1983 4423 Pro-

378 4466 571 4531 pterea
626 4459 695 4513 de
740 4458 895 4514 vobis
950 4456 1276 4513 confidimus
1320 4456 1448 4528 quia
1486 4457 1655 4511 multa
1684 4457 1829 4512 bona
1849 4457 1982 4511 olim

377 4547 586 4619 operati
616 4547 746 4601 estis
773 4566 786 4613 ;
820 4563 940 4619 quae
972 4546 1015 4601 si
1048 4545 1363 4618 (postquam
1421 4545 1799 4617 pmnitueritis)
1832 4546 1978 4600 Deus

376 4652 484 4692 non
508 4635 844 4702 retribueret,
879 4635 1107 4704 injustus
1138 4642 1300 4701 esset,
1336 4635 1436 4689 sed
1474 4636 1620 4690 Deus
1640 4650 1755 4688 non
1779 4639 1863 4689 est
1880 4635 1979 4688 in-

365 4725 559 4796 justus
574 4728 641 4779 ut
662 4724 1027 4780 obliviscatur
1047 4725 1230 4793 operis
1246 4724 1422 4778 vestri
1438 4742 1457 4789 ;
1482 4739 1588 4793 quo
1602 4722 1780 4777 omnia
1798 4729 1979 4777 vestra

374 4813 625 4868 omnibus
653 4812 965 4868 communia
1022 4811 1246 4876 fecistis,
1282 4815 1338 4866 et
1367 4810 1687 4866 dilectionis
1718 4809 1840 4881 quia
1873 4811 1979 4866 hoc
2027 4812 2043 4833 '

373 4916 508 4972 opus
538 4917 649 4957 non
678 4901 909 4968 timoris,
944 4901 1043 4956 sed
1073 4916 1139 4955 ex
1172 4898 1463 4954 dilectione
1493 4897 1781 4969 processit,
1806 4914 1975 4970 quam

372 4990 718 5046 dilectionem
731 4990 1059 5047 ostendistis
1076 4990 1139 5043 in
1157 4989 1390 5043 nomine
1404 4989 1602 5059 ipsius,
1623 4986 1678 5040 id
1696 4986 1859 5041 estad
1875 4987 1977 5041 ho-

371 5095 561 5134 norem
592 5079 713 5133 Dei.
733 5077 931 5149 Operis
959 5076 1128 5132 vestri
1159 5077 1298 5130 bene
1320 5074 1462 5140 dico,
1501 5077 1633 5147 quia
1654 5082 1837 5130 vestra
1858 5076 1973 5130 mi-

369 5168 662 5223 nistrastis
694 5168 931 5235 sanctis,
966 5170 1021 5221 et
1051 5165 1226 5220 adhuc
1254 5164 1445 5218 eadem
1479 5163 1768 5219 dilectione
1793 5164 1972 5218 mini-

368 5259 626 5313 strastis.
690 5256 909 5326 Triplex
940 5254 1143 5308 bonum
1197 5260 1348 5308 notat
1376 5250 1429 5305 in
1460 5251 1559 5317 eis,
1594 5251 1800 5307 scilicet
1832 5268 1972 5322 opus

367 5344 589 5415 bonum,
650 5350 704 5400 et
760 5342 1107 5400 dilectionem
1163 5350 1215 5398 et
1270 5338 1732 5397 honorificentiam
1776 5340 1876 5396 Dei
1913 5340 1971 5395 in

2086 4371 2395 4423 ostendere.
2429 4369 2789 4424 Abundauter
2820 4369 2965 4424 enim
2996 4386 3096 4440 per
3124 4371 3563 4442 promissionem,
3589 4372 3688 4427 sed

2083 4455 2446 4510 abundantius
2474 4456 2710 4512 ostendit
2739 4473 2839 4527 per
2860 4458 3249 4526 juramentum.
3277 4460 3476 4515 Volens
3505 4468 3691 4515 osten-

2081 4543 2211 4598 dere
2230 4544 2709 4610 immobilitatem,
2744 4544 2798 4600 id
2829 4554 2911 4601 est
2934 4546 3420 4603 immutabilitatem
3452 4548 3535 4603 sui
3564 4564 3695 4604 con-

2081 4631 2207 4686 silii.
2267 4632 2565 4687 Consilium
2616 4634 2717 4689 Dei
2747 4634 2846 4688 fuit
2894 4635 3062 4706 (quod
3092 4636 3181 4691 vix
3208 4637 3374 4709 aliqui
3403 4652 3686 4710 cognove-

2079 4720 2227 4791 rant)
2257 4736 2356 4790 per
2386 4718 2549 4776 ﬁdem
2571 4722 2767 4777 Christi
2798 4722 3008 4779 salvare
3036 4724 3304 4780 homines.

2151 4809 2286 4878 Hoc,
2319 4809 2565 4880 inquam,
2598 4811 2882 4866 consilium
2914 4814 3210 4868 ostendens
3258 4813 3537 4870 immobile
3564 4814 3686 4869 has-

2077 4896 2301 4953 redibus
2319 4899 2774 4969 pollicitationis,
2800 4900 2853 4954 id
2867 4908 2949 4955 est
2965 4900 3268 4972 frequentis
3278 4902 3683 4972 promissionis,

2073 4987 2266 5056 posuit
2281 4987 2695 5057 jusjurandum
2722 4989 2878 5044 inter
2906 4988 3321 5059 promissionem
3342 4998 3396 5045 et
3414 4990 3686 5061 impletio-

2075 5088 2200 5127 nem
2231 5074 2489 5128 medium.
2524 5076 2607 5130 Ad
2636 5077 2740 5131 hoc
2764 5077 2962 5147 posuit,
2996 5082 3063 5133 ut
3078 5095 3183 5150 per
3202 5080 3342 5133 duas
3372 5096 3461 5134 res
3484 5081 3683 5135 immo-

2074 5161 2231 5231 biles,
2283 5162 2490 5217 scilicet
2519 5180 2616 5235 per
2670 5165 3088 5235 promissionem
3119 5174 3172 5221 et
3195 5167 3590 5236 jusjurandum,
3626 5168 3684 5223 in

2073 5250 2268 5321 quibus
2284 5252 2626 5324 impossibile
2657 5258 2741 5309 est
2768 5255 3006 5310 mentiri
3034 5256 3232 5322 Deum,
3252 5256 3381 5326 quia
3398 5272 3501 5311 nec
3519 5255 3573 5309 in
3594 5256 3679 5309 a1-

2074 5343 2191 5393 tero
2216 5356 2230 5407 ;
2261 5356 2362 5411 per
2386 5342 2482 5396 has
2509 5341 2649 5397 duas
2678 5358 2768 5399 res
2799 5344 3103 5400 habeamus
3134 5345 3406 5401 solatium
3429 5344 3681 5414 fortissi-
