3948 6060
185 300 287 353 521

858 292 1239 350 EXPOSITIO
1280 293 1353 348 IN
1392 290 1768 349 EPISTOLAS
1808 292 2029 349 PAULI.
2070 323 2139 333 —
2178 294 2252 349 IN
2289 293 2508 350 EPIST.
2550 295 2644 349 AD
2676 294 2833 349 ΗΕΒ.

3386 292 3491 348 522

182 436 365 486 mum,
398 420 452 475 id
481 427 563 475 est
592 420 739 491 quod
769 419 821 472 in
853 419 999 473 omni
1020 419 1343 473 adversitate
1374 418 1544 473 fortes
1572 434 1674 471 nos
1708 417 1787 471 fa-
1814 421 1870 479 Α
1895 441 1915 465 α
1953 420 2180 474 cimatus
2229 428 2328 474 est.
2381 420 2574 475 Adhuc
2623 419 2765 474 enim
2795 419 2847 472 in
2895 417 3093 472 lumbis
3142 416 3310 487 patris
3354 422 3491 483 erat,

186 509 316 574 ciat,
353 508 598 565 volentes
648 509 715 561 ad
746 508 936 563 horam
986 508 1097 578 pati
1126 516 1181 562 ut
1214 508 1267 561 in
1297 515 1559 561 aeternum
1592 523 1792 578 regne-

190 614 336 651 mus.
385 597 767 665 Jusjurandum
811 596 1025 661 dicitur,
1070 596 1225 666 quasi
1270 596 1415 666 quod
1459 597 1548 664 jus
1597 604 1679 649 est
1727 594 1795 648 ad

182 686 527 756 jurandum.
564 683 862 752 Perjurium
911 692 1093 737 autem
1123 700 1231 737 non
1265 684 1665 751 jusjurandum,
1702 682 1797 735 sed

186 777 292 845 jus
323 791 433 829 non
459 773 779 845 jurandum
797 772 1008 826 dicitur.
1045 774 1101 824 In
1132 772 1558 839 hocjuramento
1578 771 1676 824 Dei
1704 786 1798 824 au-

194 862 504 916 ctoritatem
555 845 818 915 habemus
862 860 1097 928 jurandi,
1132 860 1202 913 ita
1251 868 1427 912 tamen
1478 868 1532 912 ut
1571 876 1671 913 nec
1702 875 1797 911 su-

194 951 412 1021 perflue
454 950 721 1018 juremus,
775 948 987 1002 etiamsi
1034 948 1316 1002 veritatem
1357 948 1622 1012 dicamus,
1676 962 1796 1010 nec,

198 1038 297 1092 ubi
329 1054 557 1092 necesse
586 1045 687 1101 est,
713 1036 992 1091 veritatem
1015 1037 1327 1104 juramento
1350 1035 1671 1090 confirmare
1701 1035 1800 1088 de—

202 1142 471 1181 seramus.
497 1125 805 1179 Habeamus
829 1124 1077 1178 solatium
1108 1141 1208 1179 nos
1238 1125 1332 1194 qui
1363 1125 1723 1193 confugimus
1750 1123 1804 1175 in

200 1214 353 1269 omni
384 1213 729 1268 tribulatione
760 1212 830 1267 ad
882 1229 1037 1285 spem
1084 1212 1393 1280 tenendam,
1427 1228 1535 1265 non
1584 1219 1805 1281 propter

200 1304 432 1357 adversa
453 1302 831 1356 deserendam.
857 1300 1020 1370 Spem
1040 1300 1179 1355 duco
1206 1302 1551 1370 prapositam
1562 1300 1675 1367 jam
1698 1316 1801 1352 no-

202 1392 293 1445 bis
323 1390 379 1443 in
436 1390 710 1444 Abraham
758 1396 809 1443 et
853 1388 1147 1458 impletam.
1206 1388 1301 1441 Vel
1349 1387 1703 1458 pr0positam,
1752 1387 1806 1440 id

204 1488 292 1535 est
321 1478 573 1533 omnibus
603 1478 659 1531 in
708 1476 813 1531 fide
845 1476 1191 1546 sperantibus
1238 1476 1496 1529 oblatam.
1546 1476 1638 1530 Ille
1670 1491 1806 1530 con-

206 1566 349 1640 fugit
405 1567 475 1621 ad
535 1582 710 1636 spem,
771 1565 863 1636 qui
912 1564 1311 1618 tribulationem
1360 1564 1564 1633 spernit
1607 1564 1807 1635 gaudio

206 1655 601 1721 beatitudinis,
660 1669 823 1724 quam
882 1652 982 1706 sibi
1055 1652 1287 1705 futuram
1351 1660 1553 1721 sperat.
1633 1652 1809 1718 Quam

213 1761 370 1815 spem
421 1744 683 1799 habemus
713 1743 864 1798 sicut
899 1740 1207 1798 anc/torum
1254 1741 1462 1794 animae
1510 1744 1695 1794 tutam
1743 1757 1809 1795 ac

210 1834 481 1901 ﬁrmam,-
512 1840 567 1885 ut
600 1831 735 1886 sicut
757 1830 993 1883 anchora
1024 1828 1199 1883 navim
1225 1836 1370 1882 tenet
1398 1844 1467 1882 ne
1499 1829 1812 1899 submerga-

210 1932 341 1986 tur;
378 1920 456 1975 sic
512 1936 638 1990 spes
697 1918 930 1972 animam
998 1924 1238 1971 nostram
1290 1916 1453 1971 faciat
1509 1925 1691 1984 tutam,
1744 1932 1812 1970 ne

212 2010 599 2077 submergatur
630 2006 1022 2063 consentiendo
1045 2004 1329 2075 iniquitati,
1356 2015 1407 2059 et
1434 2004 1645 2058 firmam
1669 2004 1811 2075 quod

216 2113 500 2168 nunquam
547 2094 785 2165 refugiat
814 2095 922 2164 pati
970 2093 1159 2146 saltem
1190 2094 1244 2145 in
1272 2093 1495 2147 minimo
1543 2093 1804 2147 titubans.

220 2188 386 2256 Spem
402 2185 561 2239 etiam
576 2184 699 2239 dico
712 2183 1054 2238 incedentem
1076 2198 1246 2253 usque
1268 2183 1327 2235 in
1355 2184 1631 2237 interiora
1668 2183 1815 2235 vela-

215 2274 414 2338 minis,
445 2273 498 2325 id
546 2280 628 2327 est
676 2272 730 2325 in
778 2271 1093 2325 interiorem
1139 2278 1193 2323 et
1242 2270 1472 2324 velatam
1522 2269 1816 2323 beatitudi-

215 2378 366 2430 nem,
404 2376 567 2431 quam
596 2376 757 2415 nemo
789 2358 1081 2413 viventium
1114 2357 1262 2411 vidit.
1298 2358 1562 2413 Interiora
1590 2357 1817 2412 velami-

219 2451 305 2503 nis
337 2449 617 2503 dicebatur
642 2448 795 2502 locus
828 2448 1024 2501 Sancta
1056 2453 1369 2500 sanctorum
1419 2462 1538 2516 quae
1568 2453 1689 2515 post
1720 2462 1818 2499 ve-

217 2539 405 2593 lamen
436 2544 611 2592 erant.
647 2539 785 2590 Ante
834 2535 1082 2589 velamen
1114 2542 1291 2588 autem
1340 2534 1494 2589 locus
1544 2534 1822 2588 dicebatur

221 2628 448 2691 Sancta,
491 2625 543 2678 in
592 2640 701 2695 quo
747 2622 964 2678 stabant
1013 2622 1340 2687 sacerdotes,
1376 2622 1473 2676 sed
1522 2622 1588 2675 ad
1638 2630 1821 2677 sancta

222 2721 537 2769 sanctorum
580 2711 748 2767 semel
795 2712 850 2765 in
893 2726 1035 2764 anno
1090 2710 1496 2781 ingrediebatur
1544 2710 1820 2780 pontifex;

224 2819 351 2874 quae
376 2801 635 2856 interiora
665 2799 948 2854 velaminis
979 2797 1357 2870 significabant
1387 2798 1666 2853 caelestem
1697 2799 1827 2853 bea-

223 2891 533 2955 titudinem,
565 2888 723 2943 nobis
766 2889 823 2942 in
852 2889 953 2942 hac
982 2886 1091 2940 vita
1132 2886 1386 2941 velatam.
1428 2888 1493 2940 Et
1526 2887 1664 2941 sicut
1695 2903 1825 2957 spe-

227 2995 410 3032 ramus
457 2978 586 3032 illuc
632 2977 814 3048 utique
859 2974 1196 3041 incedemus,
1232 2975 1354 3045 quia
1402 2976 1512 3040 ubi,
1548 2974 1601 3029 id
1645 2983 1727 3029 εει
1774 2974 1829 3027 in

228 3083 354 3138 quae
383 3066 641 3120 interiora
670 3066 897 3119 introiit
945 3065 1103 3119 Iesus
1150 3079 1483 3134 przecursor,
1516 3063 1571 3116 id
1603 3072 1683 3117 est
1712 3080 1829 3133 prie

228 3155 391 3210 nobis
430 3170 656 3209 currens
687 3161 743 3207 ut
791 3168 912 3206 eum
947 3167 1260 3223 sequamur,
1307 3168 1503 3206 cursor
1551 3150 1675 3205 ideo
1707 3152 1828 3222 quia
1861 3127 1907 3187 Ο

227 3244 381 3298 nulla
412 3243 568 3313 culpa
597 3257 819 3297 cursum
863 3241 979 3308 ejus
1012 3239 1304 3310 aliquando
1339 3240 1567 3294 reﬂexit.
1603 3240 1825 3305 Introiit,

230 3333 473 3403 inquam,
510 3347 612 3401 pro
643 3330 800 3384 nobis
832 3328 1263 3383 introduccndis.
1299 3329 1403 3382 Pro
1445 3329 1601 3381 nobis
1630 3328 1831 3397 optime

232 3422 381 3489 dico,
414 3420 537 3490 quia
580 3421 770 3489 factus
798 3424 879 3471 est
918 3418 1182 3488 pontifex
1231 3424 1419 3470 noster
1447 3416 1740 3470 duraturus
1768 3418 1832 3471 in

234 3513 539 3574 aeternum,
573 3507 881 3562 secundum
928 3505 1265 3575 dignitatem
1294 3504 1509 3559 ordinis
1548 3504 1833 3559 Melchise-

236 3598 397 3653 dech.

845 3734 1068 3790 CAPUT
1101 3734 1212 3788 VII.

322 3899 343 3927 ι
379 3876 479 3931 Hic
524 3874 667 3929 enim
732 3873 1133 3929 Melchisedech
1185 3890 1274 3929 rex
1336 3873 1533 3939 Salem,
1585 3874 1839 3928 sacerdos

244 3990 267 4013 α
305 3966 407 4020 Dei
438 3964 653 4029 summi,
687 3962 779 4034 qui
806 3962 1043 4016 obviavit
1074 3962 1322 4026 Abrahar,
1347 3978 1603 4034 regresso
1635 3978 1667 4016 a
1692 3963 1840 4017 caede

241 4078 264 4101 «4
306 4069 521 4123 regum,
546 4060 600 4107 et
629 4050 902 4106 benedixit
936 4050 1004 4115 ei,
1031 4050 1115 4103 cui
1146 4059 1198 4105 et
1228 4051 1468 4106 decimas
1490 4050 1730 4105 omnium
1762 4051 1843 4104 di-

244 4166 267 4189 u
306 4141 434 4196 visit
464 4140 757 4205 Abraham,
792 4138 1026 4209 primum
1072 4138 1289 4208 quidem
1322 4139 1412 4209 qui
1454 4139 1843 4209 interpretatur

244 4253 267 4279 α
308 4246 416 4284 rex
428 4230 693 4300 justitix,
720 4226 916 4281 deinde
933 4234 1111 4281 autem
1135 4243 1226 4281 rex
1241 4226 1442 4293 Salem,
1467 4228 1610 4299 quod
1635 4234 1718 4282 est
1738 4243 1844 4282 rex

248 4341 270 4364 α
306 4320 486 4390 pacis,
509 4316 624 4369 sine
654 4326 827 4385 patre,
853 4315 969 4369 sine
1000 4323 1193 4380 matre,
1220 4315 1336 4369 sine
1368 4315 1716 4387 genealogia,
1742 4331 1844 4369 ne-

248 4429 271 4453 u
311 4421 418 4476 que
474 4404 685 4458 initium
734 4404 967 4469 dierum,
1019 4420 1195 4474 neque
1242 4404 1405 4458 ﬁnem
1446 4404 1570 4459 vita)
1617 4405 1842 4469 habens,

1903 530 1923 558 α
1959 509 2173 579 quando
2230 509 2463 563 obviavit
2512 509 2560 563 ei
2607 508 3029 562 Melchisedech.
3079 506 3135 560 Si
3179 521 3309 577 ergo
3360 520 3497 561 con-

1903 620 1923 643 α
1961 598 2244 651 summatio
2295 614 2393 667 per
2441 597 2807 651 sacerdotium
2857 595 3152 650 Leviticum
3202 602 3315 649 erat
3370 594 3497 663 (po-

1904 708 1925 731 «
1960 686 2121 755 pulus
2152 686 2294 738 enim
2340 686 2437 739 sub
2466 686 2583 755 ipso
2628 686 2806 756 legem
2858 684 3090 753 accepit)
3140 682 3270 753 quid
3318 682 3497 737 adhuc

1905 796 1925 819 α
1963 774 2329 828 necessarium
2360 774 2457 827 fuit
2489 774 2785 828 secundum
2818 772 3066 827 ordinem
3098 770 3499 826 Melchisedech

1908 884 1928 906 α
1966 862 2127 914 alium
2178 878 2403 933 surgere
2453 862 2815 928 sacerdotem,
2850 868 2899 914 et
2932 876 3036 913 non
3072 860 3371 914 secundum
3402 874 3497 913 or-

1908 971 1927 997 α
1968 950 2148 1004 dinem
2207 953 2384 1003 Aaron
2436 950 2541 1005 dici
2571 951 2598 1002 ?
2644 949 2931 1003 Translato
2982 948 3123 1002 enim
3170 946 3498 1011 sacerdotio,

1909 1059 1929 1085 α
1969 1055 2193 1092 ιιεεεεεε
2225 1048 2304 1091 εει
2335 1046 2385 1092 ει
2415 1048 2469 1091 ιιι
2502 1039 2638 1108 legis
2670 1038 2951 1091 translatio
2982 1036 3092 1090 fiat.
3127 1038 3186 1089 In
3218 1052 3324 1107 quo
3356 1036 3500 1089 enim

1910 1150 1929 1173 ‹‹
1967 1128 2081 1181 haec
2130 1128 2399 1191 dicuntur,
2452 1127 2518 1180 de
2566 1126 2667 1179 alia
2714 1126 2854 1179 tribu
2903 1134 3001 1190 est,
3055 1125 3123 1179 de
3173 1141 3274 1195 qua
3322 1123 3503 1177 nullus

1910 1238 1930 1260 α
1969 1214 2121 1268 altari
2149 1224 2349 1284 praesto
2382 1213 2494 1267 fuit.
2548 1213 2891 1268 Manifestum
2938 1220 3020 1267 est
3069 1212 3210 1267 enim
3262 1212 3405 1282 quod
3435 1227 3501 1265 ex

1912 1325 1932 1349 α
1966 1304 2104 1356 Juda
2134 1312 2286 1357 ortus
2329 1304 2395 1356 sit
2428 1302 2686 1356 Dominus
2736 1310 2937 1368 noster,
2972 1301 3025 1354 in
3054 1316 3161 1372 qua
3192 1300 3334 1354 tribu
3365 1298 3499 1353 nihil

1912 1412 1933 1439 ι
1970 1391 2037 1445 de
2069 1391 2439 1446 sacerdotibus
2486 1392 2700 1461 Moyses
2746 1390 2954 1444 locutus
3004 1397 3102 1444 est.
3154 1390 3221 1442 Et
3267 1388 3499 1458 amplius

1914 1480 2146 1535 «adhuc
2196 1478 2537 1533 manifestum
2588 1487 2688 1545 est,
2744 1479 2790 1532 si
2849 1479 3143 1533 secundum
3190 1476 3501 1530 similitudi-

1914 1584 2095 1622 «nem
2146 1568 2542 1622 Melchisedech
2594 1576 2852 1639 exsurget
2900 1567 3039 1620 alius
3080 1567 3357 1629 sacerdos,
3409 1562 3501 1634 qui

1916 1680 1935 1703 α
1973 1672 2080 1710 non
2114 1656 2409 1711 secundum
2440 1656 2616 1727 legem
2649 1655 2886 1709 mandati
2932 1654 3165 1707 carnalis
3196 1652 3368 1707 factus
3398 1658 3500 1719 est,

1839 1775 1891 1834 B
1918 1766 1937 1789 α
1976 1744 2071 1798 sed
2103 1745 2399 1798 secundum
2446 1744 2691 1799 virtutem
2724 1742 2847 1797 vita:
2891 1742 3195 1795 insolubilis
3240 1739 3490 1812 [dissolu-

1917 1856 1937 1879 ις
1975 1832 2137 1904 bilis].
2172 1834 2517 1887 Contestalur
2566 1832 2729 1899 enim,
2766 1830 3039 1902 quoniam.
3072 1831 3151 1884 Tu
3204 1845 3263 1883 es
3310 1844 3503 1883 sacer-

1916 1944 1937 1967 α
1975 1922 2075 1975 dos
2105 1922 2158 1974 in
2188 1929 2446 1976 aeternum
2479 1920 2780 1975 secundum
2801 1920 3049 1974 ordinem
3080 1916 3502 1972 Melchisedech.

1919 2030 1941 2059 ‹
1978 2009 2302 2078 Reprobatio
2334 2008 2550 2079 quidem
2584 2007 2640 2061 fit
2668 2007 3025 2077 przecedentis
3055 2005 3310 2069 mandati,
3342 2019 3508 2075 prop-

1920 2120 1940 2143 α
1979 2106 2061 2151 ιει·
2088 2096 2454 2150 infirmitatem
2502 2097 2616 2165 ejus
2666 2104 2718 2149 et
2764 2095 3119 2149 inutilitatem.
3172 2092 3318 2148 Nihil
3362 2091 3509 2146 enim

1921 2208 1941 2233 α
1978 2187 2045 2239 ad
2074 2185 2376 2255 perfectum
2406 2184 2624 2239 adduxit
2653 2184 2759 2238 lex.
2796 2183 3123 2257 Introductio
3154 2197 3282 2236 vero
3313 2178 3510 2234 melio-

1922 2297 1942 2319 α
1982 2275 2055 2328 ris
2088 2274 2223 2344 spei,
2246 2290 2345 2343 per
2367 2290 2522 2345 quam
2555 2272 2926 2343 proximamus
2957 2272 3024 2325 ad
3044 2272 3238 2335 Deum,
3263 2276 3315 2323 et
3344 2284 3513 2340 quan-

1924 2386 1944 2408 «ι
1982 2370 2095 2416 tum
2125 2371 2206 2416 est
2244 2378 2351 2415 non
2398 2362 2514 2416 sine
2554 2361 2926 2429 jurejurando.
2977 2360 3081 2413 Alii
3131 2358 3351 2429 quidem
3396 2355 3514 2411 sine

1928 2474 1947 2497 α
1979 2450 2334 2519 jurejurando
2366 2450 2681 2505 sacerdotes
2713 2449 2837 2503 facti
2870 2456 3028 2514 sunt;
3060 2446 3148 2502 hic
3178 2455 3358 2501 autem
3387 2460 3513 2499 cum

1930 2558 1948 2590 ι
1978 2540 2330 2613 jurejurando
2372 2554 2473 2608 per
2515 2554 2639 2592 eum
2670 2537 2761 2607 qui
2808 2536 2938 2590 dixit
2967 2536 3035 2589 ad
3077 2535 3227 2589 illum
3259 2552 3271 2587 :
3304 2532 3516 2587 Juravit

1927 2648 1949 2677 ι
1986 2627 2248 2682 Dominus
2297 2635 2349 2681 et
2390 2643 2497 2681 non
2549 2624 2829 2697 ptenitebit
2876 2642 3001 2679 eum
3033 2641 3045 2677 :
3080 2632 3135 2678 tu
3164 2639 3223 2677 es
3255 2620 3513 2677 sacerdos

1929 2738 1950 2761 α
1986 2716 2040 2770 in
2070 2724 2347 2770 internum.
2382 2716 2441 2769 In
2473 2723 2677 2769 tantum
2724 2713 2964 2768 melioris
2993 2711 3300 2767 testamenti
3346 2724 3518 2781 spon-

1932 2826 1953 2854 α
1990 2820 2082 2859 sor
2126 2804 2300 2858 factus
2348 2813 2430 2859 est
2457 2804 2633 2858 Jesus.
2685 2804 2754 2857 Et
2783 2802 2871 2855 alii
2903 2802 3121 2872 quidem
3164 2800 3349 2871 plures
3395 2796 3521 2853 facti

1933 2916 1959 2939 «ο
1990 2902 2114 2947 sunt
2145 2894 2479 2958 sacerdotes,
2512 2893 2715 2947 idcirco
2764 2890 2908 2962 quod
2938 2898 3114 2944 morte
3160 2887 3520 2959 prohiberen-

1934 3004 1954 3031 ι
1992 2990 2079 3037 tur
2124 2997 2485 3052 permanere;
2526 2981 2615 3036 hic
2662 2988 2842 3035 autem
2892 2994 2956 3033 eo
3001 2977 3144 3048 quod
3200 2982 3419 3030 maneat
3464 2974 3519 3027 in

1936 3093 1957 3122 α
1992 3079 2272 3136 aeternum,
2305 3070 2696 3139 sempiternum
2742 3069 2901 3123 habet
2950 3065 3329 3121 sacerdotium.
3364 3061 3520 3118 Unde

1934 3184 1954 3207 «ι
1992 3168 2045 3214 et
2078 3160 2289 3214 salvarc
2337 3160 2389 3213 in
2431 3166 2747 3228 perpetuum
2791 3164 2988 3226 potest,
3022 3153 3292 3210 accedens
3338 3150 3521 3222 [acce-

1933 3272 1954 3294 ‹‹
1993 3247 2204 3318 dentes]
2231 3263 2331 3317 per
2379 3246 2727 3316 semetipsum
2757 3246 2825 3298 ad
2860 3246 3054 3311 Deum,
3088 3257 3305 3311 semper
3335 3239 3525 3294 vivens

1936 3360 1956 3383 ‹‹
1994 3337 2061 3390 ad
2092 3335 2545 3405 interpellandum
2592 3350 2689 3403 pro
2718 3332 2894 3388 nobis.
2928 3332 3072 3386 Talis
3120 3331 3262 3385 enim
3295 3327 3527 3384 decebat

1939 3448 1959 3471 α
1996 3432 2053 3478 ιιι
2082 3424 2240 3477 nobis
2270 3431 2415 3477 esset
2442 3422 2701 3493 pontifex,
2737 3429 2973 3485 sanctus,
3007 3420 3290 3483 innocens,
3321 3415 3523 3485 impol—

1940 3534 1963 3564 ¢
1996 3513 2158 3577 lutus,
2219 3519 2542 3583 segregatus
2596 3526 2629 3564 a
2683 3508 3080 3580 peccatoribus,
3140 3514 3193 3560 et
3258 3502 3527 3559 excelsior

1940 3626 1960 3648 α
1996 3601 2149 3657 coelis
2198 3600 2389 3655 factus.
2439 3599 2542 3666 Qui
2599 3614 2708 3652 non
2736 3598 2901 3651 habet
2930 3594 3314 3650 necessitatem
3345 3589 3527 3662 quoti—

1942 3711 1964 3741 α
1999 3690 2106 3755 die,
2158 3687 2614 3759 quemadmodum
2659 3686 3005 3749 sacerdotes,
3066 3682 3213 3753 prius
3263 3695 3366 3751 pro
3413 3676 3527 3731 suis

1945 3802 1964 3824 α
2000 3776 2208 3832 delictis
2240 3776 2445 3831 hostias
2490 3774 2707 3838 offerre,
2750 3773 2945 3828 deinde
2992 3787 3093 3841 pro
3141 3768 3361 3840 populo.
3411 3767 3531 3821 Hoc

1944 3889 1964 3911 α
2000 3866 2143 3920 enim
2191 3864 2316 3920 fecit
2364 3864 2533 3919 semel
2579 3862 2819 3933 seipsum
2873 3859 3173 3915 offerendo.
3230 3858 3338 3911 Lex
3385 3854 3530 3911 enim

1945 3954 2247 4008 «homines
2296 3952 2569 4009 constituit
2630 3951 2960 4015 sacerdotes,
3010 3946 3372 4002 infirmitatem
3430 3944 3532 3998 ha-

1946 4064 1968 4093 ¢
2005 4043 2230 4107 bentes;
2260 4056 2437 4096 sermo
2466 4048 2643 4095 autem
2685 4036 3044 4109 jurisjurandi
3088 4035 3179 4106 qui
3222 4039 3403 4105 potest
3448 4032 3534 4087 le-

1947 4154 1967 4179 ‹‹
2003 4146 2129 4202 gem
2160 4138 2260 4198 est,
2294 4130 2485 4184 Filium
2515 4129 2569 4182 in
2600 4136 2865 4183 azternum
2893 4125 3212 4197 perfectum.
3250 4147 3271 4171 υ
3346 4180 3357 4189 ι

2582 4338 2895 4381 EXPOSITIO.

249 4514 274 4545 ι
310 4492 637 4547 assimilatus
685 4500 867 4545 autem
912 4492 1046 4545 Filio
1096 4492 1213 4557 Dei,
1258 4500 1438 4546 manet
1482 4493 1743 4547 sacerdos
1792 4493 1845 4546 in
1876 4486 1927 4546 D
2019 4490 2305 4559 Quomodo
2326 4489 2633 4559 secundum
2654 4488 2911 4543 ordinem
2930 4476 3541 4547 Melchisedech,multis

249 4604 272 4627 α
312 4588 653 4650 perpetuum.
687 4578 973 4632 Intuemini
1005 4587 1185 4633 autem
1219 4588 1449 4650 quantus
1472 4581 1539 4634 sit
1559 4580 1664 4649 hic,
1689 4579 1773 4635 cui
1796 4587 1849 4634 et

251 4692 273 4715 υ
313 4668 554 4723 decimas
583 4667 730 4721 dedit
756 4668 824 4721 de
855 4667 1142 4737 praecipuis
1175 4668 1455 4722 Abraham
1504 4669 1838 4738 patriarcha.

251 4781 275 4805 ιι
314 4758 380 4811 Ει
412 4755 631 4826 quidem
663 4756 730 4809 de
760 4754 882 4808 filiis
912 4756 1039 4810 Levi
1090 4756 1452 4811 sacerdotium
1496 4757 1845 4827 accipientes,

253 4869 275 4893 α
316 4844 633 4899 mandatum
674 4844 875 4898 habent
920 4843 1159 4899 decimas
1208 4862 1421 4900 sumere
1451 4862 1482 4899 a
1513 4846 1714 4915 populo
1758 4862 1849 4900 se-

256 4957 279 4981 u
316 4932 556 4989 cundum
588 4931 787 5003 legem,
820 4932 875 4986 id
906 4940 987 4987 est
1016 4949 1044 4985 a
1077 4933 1335 4987 fratribus
1376 4934 1507 5003 suis,
1541 4950 1851 5005 quanquam

257 5044 282 5069 ιι
320 5030 373 5076 et
403 5020 506 5090 ipsi
552 5020 800 5075 exierunt
847 5021 915 5074 de
966 5020 1163 5074 lumbis
1195 5022 1444 5077 Abrahae.
1479 5022 1641 5090 Cujus
1669 5030 1850 5077 autem

258 5134 280 5156 ιι
320 5109 606 5181 generatio
676 5124 785 5164 non
852 5108 1238 5164 adnumeratur
1317 5109 1369 5163 in
1450 5110 1561 5178 eis,
1613 5110 1854 5166 decimas

262 5222 283 5246 ιι
324 5196 556 5269 sumpsit
586 5197 654 5250 ab
698 5197 975 5251 Abraham
1006 5205 1059 5251 et
1086 5199 1229 5253 hunc
1280 5199 1369 5269 qui
1397 5199 1631 5253 habebat
1658 5216 1854 5270 repro-

260 5308 283 5333 ι(
318 5283 613 5339 missiones
630 5283 785 5340 3S
805 5284 864 5340 1
888 5284 1181 5340 benedixit.
1199 5286 1326 5340 Sine
1338 5286 1443 5339 ulla
1456 5295 1633 5341 autem
1647 5296 1861 5342 contra-

261 5397 284 5421 α
321 5373 579 5441 dictione,
605 5372 749 5443 quod
779 5374 957 5427 minus
979 5383 1081 5439 est,
1106 5389 1138 5428 a
1159 5374 1383 5429 meliore
1407 5375 1765 5430 benedicitur.
1791 5378 1858 5429 Et

260 5486 284 5509 α
322 5462 413 5517 hic
442 5462 659 5531 quidem
691 5461 987 5517 morientes
1017 5464 1265 5517 homines
1288 5464 1530 5518 decimas
1559 5464 1850 5534 accipiunt,

262 5572 286 5598 α
324 5550 399 5604 ibi
429 5558 611 5605 autem
640 5558 976 5605 contestatur
1004 5552 1131 5623 quia
1176 5552 1324 5607 vivit.
1359 5553 1425 5606 Et
1473 5560 1529 5607 ut
1558 5552 1627 5607 ita
1655 5553 1858 5607 dictum

262 5662 285 5685 α
323 5638 394 5694 sit
422 5654 523 5709 per
550 5638 824 5693 Abraham
855 5646 909 5694 et
936 5640 1084 5707 Levi,
1116 5640 1209 5711 qui
1239 5639 1477 5696 decimas
1518 5640 1728 5713 accepit
1756 5641 1859 5696 de-

483 5736 722 5793 ΡΑπιοι..
753 5736 935 5794 CLIII.

1948 4579 2281 4650 interpositis
2328 4579 2546 4633 tandem
2592 4576 2926 4647 exsequitur,
2960 4574 3147 4628 dicens
3179 4588 3191 4626 :
3223 4572 3369 4625 Bene
3417 4567 3541 4622 dico

1948 4669 2135 4723 Iesum
2181 4666 2494 4738 pontificem
2544 4666 2843 4721 secundum
2890 4662 3204 4735 dignitatem
3252 4654 3543 4712 Melchise-

1950 4757 2107 4811 dech.
2144 4759 2238 4811 llic
2269 4757 2423 4811 enim
2454 4753 2847 4810 Melchisedech
2878 4768 2983 4807 rex
3014 4752 3216 4813 Solem,
3250 4761 3370 4817 qua;
3399 4755 3545 4797 nunc

1953 4844 2310 4910 Hierusalem,
2345 4852 2471 4899 tunc
2500 4843 2780 4898 dicebatur
2811 4840 3031 4904 Salem;
3082 4836 3178 4890 sed
3206 4839 3427 4904 propter
3455 4830 3545 4884 Je-

1954 4934 2170 4987 busaeos
2201 4949 2320 4987 eam
2349 4939 2541 5002 postea
2577 4930 2961 4992 inhabitantes,
2994 4925 3237 4980 additum
3264 4927 3344 4976 est
3374 4920 3549 4974 Hiera

1956 5022 2023 5076 ad
2055 5022 2259 5085 Solem,
2293 5029 2345 5075 et
2374 5019 2568 5075 exinde
2596 5034 2795 5073 nomen
2824 5014 3012 5070 habuit
3035 5010 3406 5067 Hierusalem.
3424 5004 3546 5070 Hic,

1957 5110 2196 5181 inquam,
2229 5126 2324 5164 rex
2358 5108 2556 5176 Salem,
2588 5107 2686 5161 fuit
2714 5105 2969 5161 sacerdos
3001 5102 3099 5156 Dei
3128 5099 3358 5163 summi,
3381 5095 3437 5150 id
3466 5099 3550 5149 est

1957 5214 2065 5254 non
2096 5199 2165 5252 ab
2213 5197 2521 5253 hominibus
2550 5212 2726 5267 neque
2773 5210 2873 5264 per
2902 5189 3199 5256 hominem,
3234 5186 3332 5242 sed
3362 5184 3431 5239 de
3460 5181 3551 5235 di-

1957 5288 2159 5358 gnitate
2216 5303 2315 5342 sua
2356 5284 2637 5341 confidens
2689 5281 2982 5352 assumpsit
3028 5278 3133 5333 sibi
3189 5269 3553 5331 sacerdotium

1958 5376 2084 5441 Dei;
2110 5377 2205 5448 qui
2225 5374 2621 5431 Melchisedech
2644 5374 2857 5428 obviam
2880 5370 3032 5426 venit
3056 5366 3288 5422 Abrahx
3303 5372 3553 5448 regresso

1958 5482 1993 5519 α
2033 5445 2178 5521 crede
2235 5480 2448 5536 regum,
2496 5462 2587 5534 qui
2631 5463 2729 5516 Lot
2774 5468 3030 5529 nepotem
3078 5469 3233 5510 suum
3280 5445 3558 5536 ducebant

1959 5552 2253 5623 captivum,
2288 5534 2339 5607 et
2369 5552 2420 5607 ei
2449 5551 2683 5606 Abraha:
2706 5547 2982 5602 benedixit
3010 5534 3557 5623 Melchisedech-cut

1959 5620 2302 5697 benedicenti
2333 5640 2437 5695 sibi
2467 5642 2746 5697 Abraham
2803 5637 3001 5693 divisit
3032 5633 3275 5689 decimas
3301 5620 3560 5683 omnium

3282 5723 3348 5778 Π
