3966 6050
458 228 561 282 523

991 226 1048 283 S.
1100 227 1453 285 BRUNONIS
1499 227 2147 286 CARTHUSIANORUM
2188 229 2671 287 INSTITUTORIS
2709 228 2867 286 OPP.
2916 229 3092 286 PARS
3141 229 3208 284 ΙΙ.

3642 229 3748 285 324

455 349 749 419 spoliorum
781 350 940 421 (Gen.
976 366 1096 416 xiv,
1130 352 1241 421 20).
1274 352 1371 407 Hic
1399 354 1648 423 primum
1704 352 1928 423 quidem
1960 352 2046 405 di-
2067 352 2124 415 Α
2154 352 2257 407 hoc
2274 351 2416 423 quod
2429 352 2592 422 aliqui
2610 352 2674 408 de
2692 352 2964 415 ﬁliisLevi
2983 352 3325 423 accipientes
3341 350 3741 416 sacerdotium,

455 447 574 493 ctus
604 447 687 494 est
716 439 1140 509 Melchisedech,
1164 441 1258 512 qui
1286 440 1339 494 id
1371 448 1453 495 est
1474 441 1617 511 quod
1649 456 1845 495 nomen
1868 441 2050 495 inter—

454 532 722 599 pretatur
750 543 856 583 rex
873 528 1141 598 justitice.
1176 530 1388 584 Deinde
1418 534 1608 583 autem
1640 530 1816 583 dictus
1839 537 1921 584 est
1944 545 2048 584 rex

458 617 663 683 Salem,
699 617 840 687 quod
869 621 953 672 est
983 617 1395 687 interpretatum
1418 634 1523 671 rex
1547 618 1704 689 pacis
1737 616 2048 672 Hiciterum

455 703 879 771 Melchisedech,
904 706 1024 759 sine
1053 710 1237 777 patre,
1263 708 1384 760 sine
1412 710 1615 771 matre,
1639 722 1747 760 non
1779 706 1923 777 quod
1953 721 2049 776 pa-

455 799 640 846 rentes
679 808 788 847 non
836 792 1100 858 habuerit,
1135 794 1233 847 sed
1282 794 1405 863 quia
1448 793 1727 863 Scriptura
1775 811 1898 849 eum
1945 794 2048 847 ha-

455 878 640 934 buisse
670 879 979 935 nullatenus
1012 881 1159 935 dicit.
1212 880 1330 935 Fuit
1359 881 1521 935 etiam
1551 884 1672 936 sine
1700 882 2044 954 genealogia,

455 982 566 1021 non
595 968 802 1023 habens
832 967 969 1024 ﬁlios
1001 969 1087 1023 vel
1116 968 1273 1035 ﬁlias,
1319 986 1496 1040 neque
1544 971 1780 1024 initium
1828 970 2048 1025 dierum

457 1056 685 1123 habens,
716 1073 893 1129 neque
922 1058 1095 1126 ﬁnem
1124 1058 1273 1123 vitae,
1299 1058 1442 1127 quod
1474 1056 1744 1127 Scriptura
1778 1058 2043 1128 loquatur,

453 1142 707 1199 fortassis
740 1144 884 1199 serio
914 1145 1354 1215 praetermittens.
1389 1144 1487 1199 Hic
1518 1150 1712 1200 autem
1757 1144 2049 1200 Melchise-

453 1231 593 1287 dech
623 1234 997 1288 assimulata:
1026 1233 1078 1286 in
1100 1232 1395 1303 praemissis
1424 1234 1564 1287 Filio
1596 1234 1711 1298 Dei,
1733 1238 1930 1288 manet
1959 1249 2048 1288 sa-

454 1321 663 1390 cerdos,
688 1321 741 1375 id
770 1330 852 1375 est
884 1321 1248 1376 sacerdotium
1281 1322 1394 1389 ejus
1416 1321 1570 1374 durat
1594 1323 1653 1375 in
1681 1325 2042 1393 perpetuum.

453 1406 740 1475 Quomodo
788 1409 1133 1463 assimulatus
1183 1409 1317 1463 Filio
1346 1409 1465 1477 Dei,
1498 1417 1832 1464 revertentes
1882 1426 2045 1464 exse-

451 1513 680 1566 quamur
706 1513 802 1567 per
831 1497 1064 1569 singula.
1113 1497 1510 1552 Melchisedech
1540 1497 1734 1553 dicitur
1764 1514 1855 1553 rex
1881 1497 2045 1565 justi-

450 1585 541 1639 tia:
576 1600 588 1638 :
623 1585 744 1656 quis
777 1594 956 1639 autem
1005 1603 1099 1641 rex
1123 1585 1343 1653 justitia:
1372 1586 1476 1640 nisi
1508 1586 1774 1655 Christus,
1810 1587 1899 1656 qui
1946 1602 2046 1656 per

450 1673 724 1743 procellas
778 1674 983 1743 mundi,
1045 1690 1174 1728 suos
1227 1675 1368 1746 regit
1424 1675 1479 1727 in
1521 1675 1744 1743 justitia.
1804 1673 2045 1729 Christus

450 1761 606 1816 etiam
670 1778 766 1816 rex
824 1762 1024 1828 Salem,
1087 1762 1140 1816 id
1198 1770 1279 1815 est
1324 1762 1522 1832 pacis:
1567 1763 1709 1833 quia,
1757 1770 2044 1834 postquam

449 1865 578 1903 suos
607 1848 659 1902 in
684 1849 887 1918 justitia
922 1850 1077 1915 rexit,
1113 1850 1165 1903 in
1198 1866 1328 1919 pace
1358 1866 1489 1904 vera
1539 1850 1859 1922 angelorum
1890 1850 2044 1905 loca-

448 1944 531 1991 tos
553 1954 745 2010 regere
766 1954 874 1992 non
894 1938 1111 1992 desinit.
1138 1938 1408 1993 Sacerdos
1426 1938 1525 1992 Dei
1547 1939 1739 1991 summi
1767 1956 1779 1992 :
1805 1938 1926 2010 quis
1948 1955 2046 1993 au-

447 2034 553 2080 tem
585 2034 767 2079 tantus
799 2027 1057 2081 sacerdos
1088 2027 1226 2081 sicut
1258 2026 1522 2092 Christus,
1557 2027 1647 2097 qui
1676 2035 1897 2097 propter
1918 2027 2041 2082 ino-

447 2113 778 2169 bedientiam
804 2114 1042 2169 382
1063 2115 1234 2168 Patris
1253 2114 1492 2184 seipsum
1516 2114 1701 2168 obtulit
1723 2114 1777 2168 in
1798 2130 1895 2169 ara
1916 2131 2042 2171 cru-

446 2201 524 2256 cis
558 2200 647 2272 qui
677 2201 890 2256 obviam
920 2202 1067 2256 venit
1098 2202 1330 2257 Abrahae
1361 2218 1664 2274 regressoa
1695 2203 1844 2257 caade
1876 2203 2039 2273 quin-

446 2305 553 2359 que
582 2305 794 2361 regum.
830 2288 1081 2361 Quinque
1113 2307 1295 2362 reges,
1330 2291 1567 2362 quinque
1615 2308 1808 2345 sensus
1839 2306 2039 2361 corpo-

444 2377 522 2431 ris
554 2385 697 2446 sunt,
732 2394 832 2449 per
864 2394 1001 2449 quos
1031 2378 1213 2433 omnia
1244 2378 1369 2433 vitia
1413 2379 1465 2432 in
1496 2379 1714 2434 homine
1744 2380 2037 2435 dominan-

442 2472 547 2529 tur,
580 2473 655 2531 ut,
700 2482 799 2536 per
850 2466 1045 2531 visum,
1080 2466 1365 2536 cupiditas,
1400 2467 1525 2521 dum
1567 2467 1843 2522 desiderat
1891 2468 2037 2538 quod

439 2553 691 2619 vidit;et
735 2553 811 2608 sic
864 2570 964 2624 per
1020 2562 1249 2609 caeteros
1305 2572 1519 2619 sensus,
1574 2556 1722 2624 juxta
1779 2556 1922 2626 quod
1982 2556 2037 2609 in

442 2641 740 2713 Evangelio
770 2642 983 2696 mulieri
1013 2643 1215 2698 dictum
1248 2650 1348 2698 est.
1388 2665 1410 2693 ι
1446 2641 1698 2715 Quinque
1749 2643 1891 2698 viros
1930 2643 2034 2697 ha-

440 2729 809 2800 buisti(Joan.
844 2745 919 2796 IV,
954 2731 1062 2801 18).
1102 2753 1123 2780 ν

507 2818 615 2872 Per
644 2819 917 2873 Abraham
965 2819 1272 2890 quicunque
1302 2818 1476 2875 fidelis
1524 2819 1873 2892 intelligitur;
1907 2819 2033 2874 uni-

439 2906 636 2978 cuique
684 2914 865 2962 autem
915 2905 1060 2961 ﬁdeli
1109 2908 1402 2963 revertenti
1434 2924 1462 2961 a
1493 2909 1642 2963 crede
1689 2908 1945 2975 hostium,
1978 2908 2032 2961 id

438 3002 521 3049 est
576 2994 857 3061 vitiorum,
920 3012 1021 3065 per
1074 2996 1312 3068 quinque
1368 3013 1562 3051 sensus
1613 2996 2025 3060 dominantium,

435 3084 651 3138 obviam
708 3084 855 3140 venit
901 3083 1166 3150 Christus,
1218 3084 1396 3139 dando
1449 3085 1844 3140 incrementum
1902 3054 2100 3139 boniC

438 3171 643 3241 operis.
677 3172 898 3243 Legitur
944 3173 1106 3226 etiam
1136 3172 1210 3226 ibi
1241 3173 1503 3227 obtulisse
1554 3173 1783 3228 Abrahw
1830 3189 2029 3244 panem

434 3267 488 3314 et
517 3260 701 3315 vinum
733 3261 890 3329 (Gen.
912 3275 1028 3326 xvr,
1054 3263 1161 3331 l8),
1198 3260 1342 3331 quod
1374 3261 1461 3317 hic
1490 3277 1596 3316 non
1620 3261 1885 3328 habetur;
1912 3278 2033 3332 qum

434 3347 591 3419 panis
621 3348 825 3403 scilicet
855 3356 907 3403 et
937 3349 1140 3414 vinum,
1174 3366 1374 3419 corpus
1406 3358 1457 3404 et
1479 3350 1802 3423 sanguinem
1833 3350 2031 3405 Christi

436 3434 743 3508 signiﬁcant
774 3453 1007 3508 quorum
1054 3437 1465 3508 participatione
1496 3446 1547 3492 et
1580 3446 1802 3508 peccata
1842 3439 2029 3492 dimit-

435 3533 637 3591 tuntur,
674 3533 725 3580 et
752 3525 1054 3596 suscipiens
1092 3526 1161 3581 de
1193 3525 1372 3581 futuro
1420 3535 1609 3581 contra
1638 3526 1765 3582 vitia
1809 3526 2029 3582 confor-

434 3621 595 3668 tatur.
627 3613 724 3668 Cui
754 3614 953 3683 divisit,
987 3614 1256 3668 Abraham
1290 3615 1466 3683 (Ibid.,
1499 3617 1610 3684 20),
1643 3614 1698 3668 id
1736 3622 1815 3668 est
1850 3613 2025 3669 ﬁdelis

434 3702 675 3757 decimas
717 3702 977 3768 omnium,
1026 3702 1082 3756 id
1129 3710 1213 3757 est
1254 3701 1615 3772 perfectiones
1664 3719 1854 3757 omnes
1904 3719 2025 3773 quae

431 3789 639 3844 habuit.
674 3788 916 3861 Quisque
965 3790 1107 3844 enim
1155 3789 1328 3845 fidelis
1370 3807 1585 3844 omnem
1634 3789 2020 3860 perfectionem

436 3892 591 3932 suam
623 3877 835 3932 Christo
864 3878 1105 3932 attribuit
1134 3894 1231 3948 per
1259 3878 1469 3947 decem,
1494 3878 1585 3949 qui
1615 3894 1875 3933 numerus
1901 3894 2027 3948 per-

434 3964 611 4021 fectus
640 3973 722 4019 est
750 3965 902 4037 (quia
931 3982 1102 4037 usque
1150 3966 1219 4019 ad
1264 3966 1455 4020 decem
1499 3982 1758 4020 numerus
1808 3965 2022 4033 crescit,

432 4069 535 4109 nec
563 4053 704 4108 ultra
732 4055 829 4109 sed
854 4070 887 4109 a
916 4053 1180 4124 principio
1216 4053 1531 4123 recapitulat
1565 4053 1817 4121 dicendo,
1850 4054 2025 4109 unde-

433 4142 560 4209 cim,
592 4142 647 4197 id
687 4150 771 4197 est
814 4158 955 4197 unus
1003 4150 1056 4195 et
1102 4142 1315 4211 decem)
1373 4141 1632 4213 perfectio
1677 4142 2018 4213 designatur.

433 4230 673 4284 Primum
721 4230 937 4301 quidem
970 4230 1145 4285 dictus
1174 4230 1591 4297 Melchisedech,
1626 4230 1717 4303 qui
1755 4231 2027 4301 interpre-

431 4325 577 4372 tatur
604 4335 709 4373 νεα)
729 4318 997 4387 justitia.
1032 4318 1241 4373 Deinde
1289 4334 1384 4373 rex
1416 4319 1597 4374 Salem
1644 4319 1787 4391 quod
1816 4326 1899 4374 est
1930 4336 2026 4373 rex

2152 441 2359 496 habent
2374 440 2711 495 mandatum
2732 458 2953 496 sumere
2975 439 3220 495 decimas
3240 458 3274 495 a
3296 440 3624 511 papulo,nec
3636 438 3743 492 alio

2150 526 2313 579 modo
2329 526 2605 591 auderent,
2631 533 2682 579 et
2702 526 2804 579 hoc
2833 524 3142 580 secundum
3165 525 3359 595 legem,
3384 523 3437 576 in
3471 539 3575 595 qua
3595 522 3742 577 servi

2150 621 2293 667 sunt.
2326 616 2371 667 A
2400 613 2600 683 populo
2646 614 2786 681 dico,
2833 613 2889 667 id
2931 620 3012 667 est
3056 630 3089 668 a
3118 612 3400 683 fratribus
3440 614 3577 678 suis,
3628 610 3741 682 qui,

2149 709 2440 772 propterea
2470 701 2597 772 quia
2644 700 2859 768 fratres,
2890 700 3124 755 libenter
3152 700 3393 755 tribuunt
3422 700 3520 765 eis,
3554 699 3609 753 in
3639 700 3744 755 hoc

2150 790 2297 860 quod
2346 797 2563 843 sumunt
2611 788 2873 858 decimas,
2922 787 3175 843 differunt
3205 804 3238 843 a
3266 787 3505 859 populo;
3554 806 3740 861 quan-

2149 894 2318 949 quam
2333 879 2507 933 etiam
2527 880 2636 949 ipsi
2652 876 2885 932 ﬁliiLevi
2897 878 3149 933 exierint
3171 877 3236 933 de
3259 878 3462 934 lumbis
3481 876 3736 945 Abrahce,

2147 965 2283 1021 sicut
2312 965 2508 1036 reliqui
2539 965 2606 1020 de
2653 966 2875 1036 populo.
2910 965 3029 1019 Filii
3058 965 3187 1021 Levi
3235 972 3454 1020 sumunt
3500 965 3741 1021 decimas

2147 1070 2176 1107 a
2209 1054 2482 1119 fratribus,
2519 1054 2616 1108 sed
2644 1053 3045 1109 Melchisedech
3073 1055 3381 1125 generatio,
3434 1055 3596 1125 cujus
3624 1070 3742 1109 non

2148 1143 2561 1198 adnumeratur
2591 1144 2653 1197 in
2681 1144 2780 1208 eis,
2814 1142 2867 1196 id
2897 1149 2980 1197 est
3009 1142 3062 1196 in
3090 1142 3312 1207 Judaeis,
3345 1142 3450 1208 hic,
3497 1143 3739 1213 inquam,

2149 1230 2377 1301 sumpsit
2406 1231 2643 1287 decimas
2673 1231 2740 1284 ab
2789 1231 3064 1286 Abraham
3093 1238 3145 1286 et
3174 1231 3463 1287 benedixit
3510 1230 3658 1287 hunc
3685 1230 3742 1285 in

2147 1328 2392 1390 tempore
2457 1319 2684 1388 majoris
2746 1318 3020 1390 dignitatis
3068 1334 3197 1387 suae,
3249 1319 3472 1387 scilicet,
3524 1319 3741 1390 quando

2138 1409 2264 1479 jam
2296 1407 2525 1463 habebat
2558 1408 3019 1479 repromissiones
3048 1422 3081 1461 a
3110 1407 3247 1462 Deo.

2216 1495 2373 1551 Nunc
2403 1511 2466 1549 ex
2497 1494 2794 1565 praemissis
2824 1494 3050 1566 colligit,
3082 1496 3356 1550 Abraham
3400 1495 3566 1563 dedit,
3600 1495 3739 1551 Mel-

2146 1583 2437 1638 chisedech
2468 1583 2763 1653 benedixit,
2787 1583 2903 1638 sine
2935 1584 3043 1638 ulla
3074 1583 3514 1639 contradictione.
3542 1584 3737 1639 Nullus

2072 1702 2127 1762 B
2151 1672 2294 1726 enim
2324 1672 2427 1727 hoc
2458 1672 2833 1727 contradicere
2885 1679 3083 1742 potest,
3118 1672 3245 1744 quin
3274 1671 3406 1727 illud
3453 1672 3600 1744 quod
3630 1672 3735 1727 mi-

2146 1777 2249 1814 nus
2296 1768 2379 1814 est
2418 1759 2769 1815 benedicetur
2796 1775 2827 1813 a
2856 1760 3098 1815 meliore.
3150 1760 3327 1814 Etiam
3358 1760 3501 1815 enim
3543 1761 3608 1827 si,
3641 1777 3735 1817 se-

2144 1848 2382 1903 cundum
2430 1848 2598 1913 aliud,
2630 1848 2804 1917 major
2833 1848 2899 1901 sit
2930 1848 3021 1919 qui
3060 1848 3418 1913 benedicitur,
3451 1848 3507 1902 in
3556 1865 3621 1904 eo
3652 1856 3726 1903 ta—

2144 1953 2269 1991 men
2298 1945 2511 1991 constat
2541 1953 2664 1991 esse
2693 1937 2959 1991 minorem
2989 1936 3135 2007 quod
3169 1935 3237 1989 ab
3268 1952 3333 1991 eo
3364 1937 3455 2008 qui
3504 1937 3735 1991 benedi-

2144 2025 2234 2091 cit,
2269 2026 2373 2080 hoc
2403 2025 2546 2096 quod
2576 2041 2687 2079 non
2732 2024 2966 2079 habebat
2995 2024 3087 2096 qui
3119 2024 3470 2090 benedicitur,
3505 2024 3726 2095 accipit.

2142 2114 2257 2169 Hoc
2291 2113 2450 2167 etiam
2484 2113 2645 2168 modo
2675 2111 2955 2167 intuemini
2976 2112 3293 2184 dignitatem
3314 2113 3733 2180 Melchisedech,

2143 2202 2265 2273 quia
2297 2203 2386 2257 hic
2436 2203 2678 2273 quidem,
2709 2201 2761 2254 id
2794 2210 2875 2255 est
2922 2201 2978 2255 in
3006 2201 3310 2256 sacerdotio
3342 2201 3579 2257 Levitico
3609 2218 3733 2257 mo-

2140 2291 2352 2345 rientes
2408 2290 2660 2344 homines
2710 2290 3002 2361 accipiunt
3046 2288 3311 2345 decimas.
3345 2289 3423 2343 Ibi
3467 2298 3647 2344 autem
3677 2289 3732 2344 in

2140 2378 2409 2447 superiori
2441 2377 2560 2432 loco
2609 2376 2899 2447 Scriptura}
2942 2384 3274 2433 contestatur
3318 2378 3552 2448 Moyses,
3587 2378 3732 2449 quod

2138 2466 2539 2522 Melchisedech
2587 2465 2735 2531 vivit,
2770 2466 2899 2519 dum
2930 2465 2997 2519 de
3039 2466 3144 2520 vita
3188 2465 3417 2536 loquens
3449 2465 3517 2521 de
3557 2474 3732 2521 morte

2137 2555 2212 2609 nil
2236 2555 2495 2623 adjunxit.
2533 2556 2647 2609 Hoc
2675 2555 2837 2609 etiam
2885 2553 3049 2609 modo
3080 2554 3363 2608 intuemini
3408 2554 3730 2625 dignitatem

2137 2643 2273 2711 ejus,
2310 2643 2434 2715 quia
2465 2643 2592 2698 Levi
2614 2642 2705 2714 qui
2735 2642 2976 2697 decimas
2997 2641 3209 2711 accipit,
3230 2641 3347 2713 ipse
3378 2642 3538 2696 etiam
3568 2642 3730 2699 Levi-

2136 2731 2275 2786 ticus
2305 2731 2442 2786 ordo
2474 2731 2786 2786 decimatus
2834 2734 2936 2796 est,
2971 2731 3025 2784 id
3055 2737 3138 2785 est
3187 2730 3426 2785 decimas
3466 2730 3633 2785 dedit.
3663 2732 3732 2786 Et

2134 2820 2239 2874 hoc
2261 2820 2404 2885 dico,
2430 2823 2495 2875 ut
2518 2820 2601 2875 ita
2631 2819 2847 2875 dictum
2876 2821 2952 2874 sit
2978 2819 3225 2874 decimas
3243 2818 3460 2874 dedisse
3480 2819 3609 2874 Levi
3626 2836 3731 2891 per

2130 2906 2432 2975 Abraham,
2462 2907 2518 2961 id
2548 2915 2630 2962 est
2675 2923 2777 2977 per
2824 2906 3160 2962 materialem
3206 2922 3447 2962 causam.
3499 2906 3728 2976 Quando

2132 2996 2277 3050 enim
2307 2996 2580 3050 Abraham
2628 2995 2869 3051 decimas
2915 2995 3082 3064 dedit,
3116 2995 3293 3051 adhuc
3339 3012 3530 3051 omnes
3575 3004 3730 3051 erant

2134 3083 2187 3137 in
2218 3083 2414 3139 lumbis
2443 3084 2693 3139 Abrahae.
2746 3083 2905 3152 Quod
2955 3082 3157 3154 optime
3204 3084 3357 3155 sequi
3403 3084 3633 3139 videtur.
3669 3084 3727 3139 Si

2133 3172 2274 3227 enim
2306 3188 2497 3227 omnes
2532 3172 2588 3226 in
2635 3172 2807 3226 Adam
2857 3171 3221 3242 peccavimus,
3255 3171 3381 3244 quia
3424 3160 3726 3228 in'lumbis

2134 3262 2269 3330 ejus,
2304 3261 2522 3332 quando
2568 3260 2833 3331 peccavit,
2867 3275 3105 3328 eramus,
3140 3276 3308 3331 quare
3337 3260 3465 3316 Levi
3507 3261 3727 3317 dedisse

2132 3350 2370 3405 decimas
2415 3366 2525 3405 non
2571 3350 2798 3415 dicatur,
2835 3349 2927 3420 qui
2957 3350 3011 3403 in
3057 3349 3254 3403 lumbis
3304 3349 3534 3403 Abrahae
3581 3357 3720 3416 erat,

2132 3438 2405 3492 Abraham
2435 3438 2598 3492 dante
2627 3438 2869 3493 decimas
2890 3438 2918 3492 ?
2946 3438 3015 3491 Et
3044 3453 3170 3491 vere
3197 3437 3327 3493 Levi
3355 3436 3595 3492 decimas
3628 3438 3726 3492 de-

2131 3525 2207 3579 dit
2235 3543 2334 3596 per
2365 3527 2644 3581 Abraham
2674 3526 2911 3591 dantem,
2945 3526 3071 3597 quia
3110 3525 3292 3581 adhuc
3339 3527 3464 3582 Levi
3508 3528 3725 3581 eratin

2133 3615 2335 3669 lumbis
2360 3616 2545 3685 patris
2575 3615 2663 3669 sui
2692 3615 2943 3683 Abrahae,
2969 3614 3184 3684 quando
3205 3613 3604 3669 Melchisedech
3625 3615 3726 3670 ob.

2130 3702 2274 3757 viam
2304 3702 2449 3757 venit
2477 3702 2528 3756 ei
2555 3702 2788 3757 Abrahze
2837 3702 2985 3755 danti
3024 3702 3125 3756 sibi
3171 3702 3432 3757 decimas.
3467 3702 3521 3756 Si
3574 3703 3720 3758 enim

2129 3797 2257 3845 tunc
2278 3790 2539 3860 temporis
2556 3791 2624 3845 3
2637 3790 2791 3846 83
2813 3799 2956 3845 esset
2973 3791 3143 3854 Isaac,
3170 3806 3279 3845 non
3300 3791 3568 3847 diceretur
3589 3791 3720 3847 Levi

2129 3886 2257 3933 tunc
2287 3878 2341 3931 in
2371 3878 2566 3932 lumbis
2596 3878 2829 3934 Abrahae
2853 3878 3040 3946 fuisse,
3075 3879 3173 3933 sed
3201 3878 3255 3932 in
3283 3879 3479 3933 lumbis
3519 3880 3712 3936 Isaac:

2129 3966 2224 4020 sed
2256 3966 2380 4037 quia
2409 3967 2587 4022 adhuc
2633 3975 2748 4021 erat
2794 3967 2849 4021 in
2896 3967 3094 4021 lumbis
3136 3967 3368 4022 Abrahze
3412 3983 3512 4038 per
3542 3969 3717 4036 Isaac,

2128 4054 2376 4109 similiter
2400 4063 2451 4109 et
2480 4055 2627 4110 Levi.
2679 4055 2807 4110 Levi
2852 4055 3051 4111 dicitur
3097 4055 3395 4110 decimatas
3424 4056 3479 4110 in
3517 4055 3721 4111 lumbis

2126 4143 2379 4209 Abrahae,
2413 4151 2463 4199 et
2504 4158 2613 4198 non
2659 4143 2925 4209 Christus,
2958 4143 3085 4199 licet
3132 4143 3273 4198 ﬁlius
3316 4144 3383 4199 sit
3431 4144 3667 4200 Abrahm
3702 4162 3718 4200 :

2125 4231 2252 4302 quia
2284 4232 2530 4286 Christus
2558 4247 2668 4286 non
2718 4231 3015 4287 secundum
3046 4232 3542 4303 concupiscentiam
3588 4248 3721 4288 car-

2123 4319 2208 4373 nis
2238 4320 2307 4374 de
2334 4319 2532 4374 lumbis
2560 4320 2797 4375 Abraha:
2824 4328 2981 4374 natus
3011 4334 3023 4374 :
3058 4320 3187 4376 Levi
3203 4328 3380 4375 autem
3410 4336 3510 4391 per
3537 4318 3719 4391 legem

431 4404 619 4475 pacis;
652 4405 725 4459 ita
770 4405 1017 4459 Christus
1066 4406 1216 4477 prius
1259 4406 1397 4479 regit
1445 4422 1572 4461 suos
1599 4406 1655 4461 in
1678 4407 1882 4475 justitia
1912 4407 2018 4462 hu-
2050 4408 2102 4468 D
2123 4408 2507 4474 membrorum,
2528 4425 2646 4479 quae
2676 4416 2758 4463 est
2787 4408 3227 4480 concupiscentia
3257 4409 3459 4477 carnis,
3479 4408 3548 4465 de
3578 4409 3720 4464 lum-

424 4492 517 4561 jus
543 4491 706 4559 vitaz;
739 4493 793 4546 in
824 4492 928 4547 alia
952 4494 1060 4548 vita
1103 4494 1243 4565 regit
1272 4510 1367 4550 eos
1396 4494 1450 4548 in
1482 4510 1638 4565 pace.
1691 4495 1818 4550 Sine
1866 4503 2022 4565 patre

428 4580 675 4635 Christus
732 4581 1032 4636 secundum
1078 4597 1313 4648 carnem,
1350 4582 1466 4637 sine
1510 4591 1675 4636 matre
1722 4583 2020 4638 secundum

425 4668 702 4736 deitatem,
737 4668 853 4723 sine
883 4669 1221 4741 genealogia,
1256 4670 1377 4741 quia
1406 4668 1546 4725 ﬁlios
1576 4670 1757 4726 carnis
1786 4686 1893 4726 non
1922 4672 2020 4726 ha-

421 4756 556 4823 buit,
590 4773 699 4814 non
725 4757 934 4812 habens
962 4757 1168 4812 initium
1202 4758 1431 4823 dierum,
1464 4774 1565 4813 nec
1612 4757 1775 4813 ﬁnem
1818 4774 2018 4815 secun-

420 4844 550 4899 dum
580 4845 930 4912 divinitatem,
966 4854 1263 4901 coaeternus
1309 4846 1473 4899 Patri.
1506 4846 1609 4900 Per
1650 4846 2019 4916 praecedentia

419 4933 552 4987 satis
610 4934 992 4989 commendata
1038 4942 1120 4988 est
1160 4933 1396 5005 dignitas
1446 4933 1865 5002 Melchisedech,
1918 4936 2017 4991 sed

415 5035 561 5076 nunc
591 5022 753 5077 etiam
775 5022 844 5077 ad
872 5030 1223 5094 augmentum
1246 5021 1525 5091 dignitatis
1554 5023 1799 5091 ejusdem
1829 5026 2017 5079 intue-

417 5109 595 5173 mini,
630 5114 877 5180 quantus
918 5112 993 5165 sit
1026 5110 1115 5165 hic
1147 5109 1575 5175 Melchisedech,
1612 5112 1706 5165 cui
1735 5112 2014 5167 Abraham

412 5198 768 5268 patriarcha,
792 5197 846 5251 id
876 5205 956 5252 est
986 5198 1239 5267 princeps
1268 5205 1477 5273 patrum
1510 5206 1837 5266 nostrorum,
1860 5201 2013 5256 Isaac

415 5292 469 5340 et
497 5284 684 5351 Jacob,
722 5284 877 5341 dedit
902 5285 1163 5351 decimas,
1201 5285 1356 5357 quasi
1386 5302 1576 5342 servus
1599 5288 2012 5359 ejusquetribu-

412 5373 596 5441 tarius,
632 5381 685 5429 et
714 5373 782 5429 de
828 5374 1130 5446 praecipuis
1180 5390 1301 5444 quae
1329 5374 1582 5429 habebat.
1616 5376 1684 5430 Et
1712 5376 1818 5431 hoc
1846 5376 2011 5431 etiam

411 5459 519 5517 alio
548 5461 712 5519 modo
742 5461 1040 5533 intuemini,
1072 5470 1305 5535 quantus
1334 5462 1403 5517 sit
1432 5462 1835 5521 Melchisedech
1868 5479 1880 5519 :
1912 5480 2012 5536 per

2122 4497 2205 4551 bis
2235 4497 2470 4551 Abrahae
2500 4505 2657 4551 natus
2689 4504 2792 4551 est.

2191 4584 2440 4640 Ostendit
2468 4584 2734 4655 superius,
2770 4584 3112 4640 sacerdotem
3160 4600 3283 4641 esse
3318 4583 3591 4641 Christum
3620 4602 3716 4642 se-

2117 4672 2352 4728 cundum
2382 4672 2629 4728 ordinem
2650 4672 3069 4743 Melchisedech,
3107 4672 3544 4745 suﬁicienterque
3586 4690 3715 4746 pro-

2117 4760 2261 4815 bavit
2287 4761 2393 4816 hoc
2428 4760 2806 4829 sacerdotium,
2832 4768 2884 4816 et
2906 4768 3152 4832 tempore
3185 4770 3237 4817 et
3258 4761 3426 4817 multa
3445 4762 3713 4835 dignitate

2116 4848 2466 4904 excellentius
2498 4865 2619 4904 esse
2649 4849 2949 4905 sacerdotio
2964 4849 3281 4922 Levizquod
3304 4850 3499 4906 iterum
3527 4851 3713 4906 multis

2114 4937 2290 4991 modis
2320 4936 2610 5007 depressit.
2640 4938 2797 4993 Nunc
2826 4945 3004 4992 autem
3035 4937 3412 4994 commendato
3442 4939 3711 4995 sacerdo-

2113 5024 2186 5079 tio
2215 5020 2433 5090 Christi,
2468 5024 2663 5079 transit
2706 5032 2765 5079 ut
2811 5025 3060 5081 ostendat
3090 5026 3363 5097 quomodo
3393 5043 3493 5098 per
3523 5042 3711 5083 sacer-

2113 5111 2320 5167 dotium
2351 5112 2569 5180 Christi,
2602 5112 2897 5169 Leviticum
2943 5114 3254 5169 destruatur
3294 5115 3659 5171 sacerdotium
3694 5129 3707 5170 :

2113 5217 2221 5271 quo
2249 5201 2547 5267 destructo,
2580 5217 2647 5256 ex
2676 5202 3001 5257 necessitate
3047 5203 3239 5274 probat
3270 5203 3422 5275 sequi
3452 5204 3708 5261 destruc-

2110 5289 2312 5345 tionem
2358 5290 2519 5363 legis.
2568 5290 2767 5345 Littera
2816 5291 2895 5346 sic
2931 5290 3176 5363 jungitur
3207 5309 3221 5347 :
3252 5290 3707 5364 Quandoquidem

2111 5377 2359 5433 Christus
2416 5378 2586 5433 factus
2644 5386 2728 5433 est
2783 5379 3039 5434 sacerdos
3105 5380 3406 5437 secundum
3458 5381 3707 5437 ordinem

2109 5465 2528 5533 Melchisedech,
2554 5474 2607 5522 et
2632 5466 2735 5522 hoc
2753 5466 3121 5524 sacerdotium
3137 5467 3452 5526 omnimodo
3469 5484 3708 5541 praeesse
