3966 6050
168 263 275 319 525

165 384 408 441 Levitico
465 385 596 440 satis
666 385 957 456 probatum
1012 395 1140 442 est:

754 262 1133 321 EXPOSITIO
1191 265 1267 321 IN
1322 263 1706 321 EPISTOLAS
1760 264 1987 322 PAULI.
2042 295 2111 307 —
2168 266 2242 321 IN
2282 266 2501 322 EPIST.
2560 264 2656 321 AD
2718 266 2874 322 ΗΕΒ.

3370 270 3474 325 526

1218 388 1388 460 Ergo,
1446 395 1506 442 tu
1552 388 1764 459 legalis,
1792 392 1847 451 Α
1873 391 2248 460 manifestum
2277 395 2360 446 est
2390 392 2659 462 amplius,
2692 390 2747 445 id
2779 398 2861 446 est
2891 390 3141 461 ampliori
3173 396 3225 445 et
3255 389 3478 447 firmiori

161 474 439 544 responde
469 473 599 527 mihi
629 474 698 529 de
729 475 831 530 hoc
862 476 1005 546 quod
1034 475 1274 546 sequitur
1306 478 1401 532 :Si
1428 493 1532 549 per
1569 494 1765 533 sacer-
1867 479 2097 547 ratione,
2132 479 2261 550 quia
2289 480 2467 550 magis
2500 480 2640 535 valet
2671 479 2918 550 probatio
2950 479 3017 534 de
3049 479 3155 534 ritu
3204 496 3365 551 quam
3410 479 3477 535 de

167 563 385 618 dotium
408 563 718 617 Leviticum
738 567 863 617 erat
884 566 1314 631 consummatio,
1338 565 1393 619 id
1415 573 1515 631 est,
1535 566 1770 620 habeba-

165 658 256 705 tur
282 650 525 721 perfecta
547 650 875 720 justiﬁcatio.
910 653 979 706 Et
1010 654 1149 708 bene
1191 653 1314 709 dico
1360 669 1457 723 per
1506 655 1768 710 sacerdo-

168 738 304 793 tium
342 740 546 794 debere
586 737 704 793 ﬁeri
739 740 1301 797 consummationem:
1344 743 1475 814 quia
1527 743 1770 814 populus

170 830 395 899 accepit
415 829 591 898 legem
609 828 937 883 existentem
953 830 1053 884 sub
1077 832 1193 901 ipso
1216 830 1545 886 sacerdotio.
1572 832 1632 884 In
1657 846 1771 885 ma-

166 932 244 970 nu
275 916 417 970 enim
446 916 748 972 sacerdotis
779 916 866 971 lex
896 926 1030 983 erat,
1063 925 1115 971 et
1141 917 1228 972 lex
1258 918 1470 989 impleri
1518 934 1629 973 non
1673 934 1773 990 po-

166 994 321 1070 terat,
354 1020 460 1061 nec
488 1005 677 1060 saltem
707 1005 987 1060 minimum
1034 1006 1269 1077 operari,
1320 1007 1424 1061 nisi
1471 1006 1773 1062 ministerio

170 1093 493 1149 sacerdotis.
528 1094 605 1159 Si,
637 1093 881 1165 inquam,
924 1095 1321 1151 consummatio
1368 1103 1483 1149 erat
1528 1112 1627 1165 per
1666 1096 1773 1149 Le-

169 1180 401 1237 viticum
445 1181 834 1249 sacerdotium,
887 1182 1020 1254 quid
1063 1182 1245 1239 adhuc
1286 1191 1571 1255 postquam
1616 1190 1774 1238 vetus

169 1270 539 1324 sacerdotium
559 1277 982 1336 consummaret,
1022 1272 1408 1327 necessarium
1448 1273 1565 1342 fuit
1604 1271 1713 1326 dici
1743 1286 1776 1325 a

168 1359 441 1428 prepheta
467 1358 639 1414 David
668 1374 896 1429 surgere
924 1359 1261 1414 sacerdotem
1291 1360 1457 1413 alium
1501 1375 1533 1413 a
1572 1359 1775 1415 Leviti-

169 1447 271 1512 cis,
298 1455 351 1501 et
367 1447 668 1502 secundum
688 1448 909 1501 tribum.
934 1447 1170 1519 Surgere
1190 1448 1503 1504 secundum
1524 1449 1777 1518 dignita-

172 1539 290 1590 tem
310 1535 527 1591 ordinis
547 1534 967 1591 Melchisedech.
996 1537 1062 1589 Et
1092 1551 1159 1589 ne
1189 1535 1281 1591 ille
1310 1536 1537 1601 diceret,
1590 1536 1777 1607 utique

170 1631 365 1695 surgat
405 1623 703 1678 secundum
740 1625 886 1679 hunc
929 1623 1177 1678 ordinem
1223 1624 1296 1677 ita
1344 1632 1403 1678 ut
1450 1624 1777 1679 commistim

172 1720 355 1766 teneat
383 1712 631 1766 ordinem
659 1714 861 1767 Aaron.
895 1712 979 1766 Ad
1005 1712 1111 1767 hoc
1139 1712 1213 1766 ait
1242 1713 1312 1766 ita
1344 1712 1450 1768 dici
1480 1713 1778 1768 secundum

174 1801 426 1855 ordinem
448 1800 869 1865 Melchisedech,
900 1808 960 1854 ut
998 1816 1108 1855 non
1137 1800 1203 1854 sit
1245 1801 1299 1854 in
1347 1800 1531 1871 aliquo
1576 1818 1777 1856 secun-

173 1889 306 1943 dum
334 1888 582 1943 ordinem
608 1890 807 1943 Aaron.
841 1888 1078 1959 Surgere
1106 1888 1232 1943 ideo
1263 1888 1337 1942 ait
1378 1890 1507 1959 quia
1555 1889 1778 1945 Levitici

173 1978 489 2033 sacerdotes
518 1977 765 2048 depressi
796 1984 949 2032 erant
978 1977 1306 2047 impotentes
1336 1985 1605 2044 excutere,
1639 1978 1780 2033 vela

170 2082 253 2132 se,
286 2066 373 2121 vel
400 2083 431 2120 a
456 2066 658 2137 populo
681 2066 875 2138 jugum
904 2066 1114 2136 peccati
1145 2082 1243 2136 per
1262 2072 1462 2137 legem.
1482 2066 1579 2121 Hic
1596 2073 1779 2120 autem

173 2155 425 2209 Christus
480 2155 733 2220 surrexit,
796 2171 895 2225 per
954 2156 1108 2223 cujus
1167 2155 1532 2209 sacerdotium
1589 2153 1779 2209 ﬁdeles

174 2244 512 2299 excutientes
554 2244 746 2315 jugum
792 2243 998 2313 peccati
1047 2244 1117 2297 ad
1160 2243 1548 2298 beatitudinem
1591 2258 1780 2297 exsur-

171 2340 332 2404 gunt.
375 2331 543 2399 Quasi
574 2331 779 2387 diceret
811 2346 823 2384 :
859 2331 915 2385 Si
944 2346 1042 2401 per
1068 2331 1363 2386 Leviticum
1396 2330 1778 2397 sacerdotium,

174 2428 325 2476 esset
353 2420 769 2485 consummatio,
802 2418 1003 2473 frustra
1050 2428 1299 2492 surgeret
1329 2419 1475 2473 aliud
1516 2420 1781 2475 sacerdo-

172 2508 310 2563 tium
341 2509 641 2564 secundum
672 2508 1073 2563 Melchisedech
1124 2509 1194 2561 ad
1242 2508 1732 2563 consummandam
1768 2522 1779 2560 :

174 2598 276 2652 sed
326 2598 558 2652 surrexit
614 2597 759 2652 aliud
816 2596 1200 2663 sacerdotium,
1263 2596 1562 2651 Leviticum
1619 2595 1786 2667 igitur

171 2702 287 2741 non
315 2686 728 2742 consummabat
762 2700 774 2740 :
807 2686 1074 2741 habemus
1116 2684 1550 2755 assumptionem
1596 2692 1785 2739 trans-

169 2775 287 2830 lato
316 2774 646 2840 sacerdotio,
679 2782 761 2830 etc
773 2814 787 2829 .

247 2863 448 2918 Littera
494 2871 677 2918 tamen
722 2862 801 2917 sic
825 2862 1098 2933 jungitur.
1138 2860 1307 2929 Quasi
1337 2861 1546 2916 diceret
1591 2860 1789 2931 aliquis

174 2952 357 3020 Quare
386 2951 524 3007 dicis
560 2951 743 3023 legem
790 2951 890 3005 sub
939 2950 1267 3017 sacerdotio,
1320 2958 1372 3004 et
1422 2949 1788 3005 sacerdotium

1870 568 2032 621 tribu.
2067 567 2407 622 Manifestum
2438 576 2538 635 est,
2571 567 2809 639 inquam,
2852 568 3167 623 translatum
3212 569 3475 624 sacerdo-

1869 655 2003 710 tium
2033 672 2175 721 esse,
2208 657 2256 711 si
2278 658 2381 711 hoc
2411 664 2493 711 est
2523 657 2669 727 quod
2698 657 3007 712 secundum
3042 658 3481 713 similitudinem

1872 752 1925 799 et
1953 745 2114 798 ritum
2148 744 2537 799 Melchisedech
2568 750 2838 816 exsurgat
2861 746 3117 800 sacerdos
3138 747 3308 812 alius,
3342 745 3479 802 sicut

1870 834 2186 903 praedictum
2220 840 2302 887 est
2336 848 2347 886 :
2382 834 2476 905 qui
2508 833 2643 887 alius
2664 849 2781 888 non
2802 838 2887 889 est
2905 837 3098 904 factus
3115 835 3378 890 sacerdos
3400 852 3481 892 se-

1874 922 2123 977 cundum
2142 923 2318 992 legem
2340 921 2602 977 mandati
2633 923 2902 989 carnalis,
2928 921 2984 976 id
3015 930 3096 977 est
3126 940 3247 994 quae
3276 923 3364 979 lex
3389 940 3482 978 so-

1872 1010 2151 1065 lummodo
2191 1010 2489 1065 mandabat
2550 1017 2600 1065 et
2643 1010 2985 1080 promittebat
3033 1012 3313 1067 carnalia:
3384 1013 3480 1069 sed

1876 1098 2046 1153 factus
2079 1106 2161 1153 est
2181 1098 2442 1153 sacerdos
2466 1099 2779 1155 secundum
2797 1100 3088 1169 virtutem,
3113 1100 3167 1154 id
3190 1108 3273 1155 est
3311 1101 3485 1156 deita-

1876 1194 1985 1242 tem
2015 1204 2136 1258 quae
2167 1194 2285 1241 erat
2314 1186 2369 1240 in
2400 1202 2484 1242 eo.

1948 1276 2211 1331 Virtutem
2242 1276 2365 1331 dico
2394 1278 2524 1330 vita:
2569 1276 2907 1341 insolubilis,
2958 1276 3014 1331 id
3044 1284 3127 1331 est
3169 1294 3269 1348 per
3317 1293 3480 1348 quam

1878 1365 2043 1419 dabat
2086 1364 2432 1419 credentibus
2463 1364 2517 1417 in
2568 1380 2625 1418 se
2669 1364 2833 1418 vitam
2880 1365 3243 1431 insolubilem,
3294 1366 3349 1420 id
3397 1373 3480 1421 est

1878 1461 2153 1508 aeternam.
2188 1452 2288 1507 Vel
2317 1452 2393 1507 ita
2426 1470 2438 1506 :
2472 1453 2595 1507 Non
2625 1460 2708 1506 est
2740 1454 3036 1507 secundum
3084 1454 3267 1525 legem
3314 1471 3477 1510 man-

1880 1542 1989 1597 dati
2015 1540 2270 1607 carnalis,
2302 1541 2358 1595 id
2388 1548 2470 1596 est
2501 1541 2799 1596 secundum
2829 1542 3101 1597 carnalem
3147 1542 3480 1598 intellectum

1877 1631 2036 1703 legis,
2070 1630 2167 1684 sed
2199 1630 2495 1684 secundum
2525 1629 2777 1684 virtutem
2824 1630 2995 1700 ipsius
3043 1631 3204 1703 legis,
3256 1631 3477 1701 spirita-

1806 1720 2005 1811 Blem,
2041 1718 2265 1786 scilicet,
2300 1718 2651 1773 intellectum.
2686 1718 2947 1772 Virtutem
2989 1718 3113 1773 dico
3154 1719 3276 1776 vitae
3325 1720 3479 1774 inso-

1878 1807 2080 1873 lubilis,
2116 1808 2241 1877 quia
2272 1806 2527 1876 spiritalis
2557 1806 2798 1876 operatio
2828 1806 2967 1877 legis
3005 1808 3172 1862 vitam
3218 1808 3484 1878 promittit

1878 1906 2150 1961 aeternam,
2202 1894 2340 1950 sicut
2397 1893 2682 1949 inﬁrmitas
2750 1894 2917 1949 vitam
2984 1896 3277 1951 carnalem.
3344 1897 3479 1952 Dico

1880 1985 2196 2039 translatum
2225 1990 2307 2037 est
2336 1983 2722 2048 sacerdotium,
2769 1983 2814 2036 si
2857 1983 3089 2038 surrexit
3130 1984 3269 2038 alius
3298 2000 3481 2040 sacer-

1881 2073 2019 2139 dos;
2052 2072 2150 2127 sed
2180 2072 2438 2127 sacerdos
2472 2072 2611 2126 alius
2642 2072 2876 2126 surrexit
2906 2078 2957 2125 et
2987 2073 3092 2127 hoc
3122 2073 3191 2126 ab
3239 2074 3483 2128 auctori-

1882 2164 1991 2211 tate
2019 2157 2231 2226 probat,
2282 2156 2471 2211 dicens
2505 2173 2517 2209 :
2552 2157 2691 2210 Vere
2748 2156 2975 2211 surrexit
3030 2156 3167 2211 alius
3201 2159 3481 2225 sacerdos,

1882 2246 2013 2317 quia
2034 2244 2206 2300 David
2231 2248 2606 2308 contestatur,
2630 2243 2688 2298 id
2718 2251 2801 2299 est
2830 2260 3044 2299 mecum
3076 2244 3163 2300 vel
3191 2261 3313 2300 cum
3343 2246 3482 2301 mul-

1884 2334 1951 2387 tis
1982 2333 2103 2387 aliis
2141 2332 2438 2401 Scripturis
2466 2339 2713 2386 testatur.
2754 2333 3029 2399 Quoniam
3052 2337 3133 2397 tu,
3168 2333 3400 2399 Christe,
3430 2350 3487 2389 es

1883 2422 2143 2477 sacerdos
2164 2422 2227 2475 in
2249 2425 2529 2475 aeternum
2552 2421 2864 2475 secundum
2899 2421 3157 2476 ordinem
3196 2422 3489 2478 Melchise-

1884 2510 2040 2565 dech.
2075 2510 2210 2564 Cum
2239 2508 2464 2564 dederet
2493 2508 2698 2576 dicere,
2733 2508 2975 2563 Christus
3005 2516 3087 2563 est
3134 2510 3391 2565 sacerdos
3434 2518 3491 2565 ut

1884 2597 2118 2653 ﬁdeliter
2145 2604 2371 2667 poneret
2400 2596 2571 2651 verba
2600 2596 2916 2667 prophetiae,
2949 2597 3021 2651 ait
3057 2612 3069 2650 :
3103 2599 3181 2651 Tu
3213 2614 3272 2652 es
3304 2613 3491 2654 sacer-

1892 2687 2013 2741 dos.
2039 2686 2457 2755 Causam'quare
2478 2691 2632 2739 vetus
2654 2685 3021 2740 sacerdotium
3043 2685 3112 2739 sit
3132 2686 3489 2754 destructum,

1888 2783 1941 2831 et
1971 2790 2168 2829 novum
2197 2774 2476 2828 inductum
2507 2773 2789 2845 subjungit
2819 2790 2886 2827 ne
2915 2773 3264 2828 adversarius
3313 2789 3491 2845 oppo-

1888 2870 2061 2917 neret.
2098 2861 2279 2929 Quare
2311 2861 2447 2916 dicis
2476 2862 2651 2915 Deum
2682 2861 2901 2916 dedisse
2933 2861 3082 2916 aliud
3130 2863 3492 2918 sacerdotium

1889 2952 1957 3005 ad
1989 2950 2429 3021 reprobationem
2459 2950 2680 3010 veteris,
2713 2949 2803 3020 qui
2834 2957 2989 3005 vetus
3018 2950 3206 3022 utique
3237 2953 3495 3007 sacerdo-

176 3057 305 3097 esse
335 3041 691 3104 destructum,
726 3048 987 3112 surgente
1016 3040 1124 3094 alio
1154 3039 1441 3095 sacerdote
1470 3038 1499 3092 ?
1529 3037 1671 3106 Quid
1694 3054 1792 3109 per
1831 3105 1866 3112 _
1890 3040 2026 3094 tium
2056 3038 2285 3093 instituit
2315 3039 2343 3093 ‘I
2372 3038 2455 3092 Ad
2485 3038 2589 3092 hoc
2618 3038 2958 3108 respondens
2996 3038 3067 3092 ait
3102 3056 3115 3092 :
3164 3040 3494 3111 Reprobatio

172 3131 284 3185 hoc
314 3128 551 3183 intendis
576 3129 603 3182 ?
633 3129 761 3183 Ideo
792 3105 977 3199 utique
1008 3128 1132 3184 dico
1161 3128 1341 3198 legem
1392 3127 1494 3181 sub
1541 3105 1713 3197 ipso,—
1737 3133 1787 3181 et
1822 3105 1868 3165 θ
1889 3128 2113 3200 quidem
2158 3127 2533 3199 praecedentis
2567 3105 2829 3182 mandati
2875 3128 2941 3195 ﬁt
2988 3134 3040 3181 et
3105 3105 3307 3183 veteris
3354 3129 3495 3201 legis

172 3218 359 3290 ipsum
389 3216 683 3272 Leviticum
713 3216 1080 3272 sacerdotium
1107 3232 1230 3271 esse
1260 3216 1621 3280 destructum,
1652 3215 1786 3286 quia

176 3308 464 3363 translato
479 3305 812 3373 sacerdotio,
828 3321 1053 3361 necesse
1076 3309 1161 3360 est
1182 3308 1248 3359 ut
1262 3304 1365 3371 ﬁat
1389 3305 1696 3358 translatio
1717 3303 1789 3357 le-

173 3397 265 3467 gis
282 3396 401 3463 ejus
428 3393 739 3459 sacerdotii,
774 3410 896 3448 cum
924 3394 1012 3449 lex
1042 3393 1111 3447 sit
1141 3393 1195 3446 in
1244 3407 1408 3447 manu
1459 3390 1783 3447 sacerdotis.

174 3483 624 3539 Destructionem
652 3489 835 3537 autem
872 3482 1012 3552 legis
1058 3482 1291 3552 probare
1350 3480 1591 3545 intendo,
1656 3479 1787 3533 dum

177 3570 550 3628 sacerdotium
584 3570 700 3639 ejus
744 3571 983 3625 destruo.
1018 3571 1156 3625 Vere
1213 3569 1350 3624 alius
1408 3567 1637 3623 surrexit
1694 3583 1786 3621 sa-

175 3660 399 3726 cerdos,
433 3668 487 3715 et
531 3674 662 3714 vere
709 3658 1071 3714 sacerdotium
1118 3665 1200 3713 est
1241 3656 1579 3722 translatum,
1640 3656 1787 3727 quod

173 3745 330 3801 idem
359 3752 441 3799 est
474 3758 487 3797 :
520 3759 646 3797 nam
675 3742 816 3797 alius
846 3742 1150 3797 secundum
1180 3742 1380 3795 tribum
1410 3748 1460 3796 et
1488 3740 1786 3795 secundum

172 3835 363 3889 ritum.
396 3831 495 3888 Vel
528 3831 656 3902 quia
686 3831 1009 3885 translatum
1055 3838 1158 3899 est,
1209 3830 1337 3900 quia
1385 3837 1439 3884 et
1484 3829 1787 3885 secundum

178 3922 385 3975 tribum
415 3928 469 3975 et
497 3919 795 3974 secundum
827 3919 1009 3973 ritum.
1063 3918 1373 3973 Secundum
1421 3917 1621 3971 tribum
1663 3932 1786 3971 esse

176 4010 506 4065 translatum
534 4010 684 4081 prius
712 4008 969 4073 ostendit,
1005 4008 1194 4063 dicens
1231 4024 1243 4060 :
1276 4008 1417 4061 Vere
1473 4006 1786 4060 translatum

181 4106 286 4163 est,
310 4098 398 4154 vel
418 4114 549 4154 vere
572 4098 836 4155 sacerdos
858 4096 995 4150 alius
1012 4103 1096 4150 est
1119 4114 1132 4161 ;
1158 4110 1285 4148 nam
1307 4093 1553 4149 Christus
1575 4096 1637 4149 in
1658 4111 1782 4166 quo,

176 4186 236 4241 id
269 4194 351 4241 est
379 4186 435 4241 in
466 4187 619 4255 cujus
652 4184 1093 4241 consideratione
1113 4183 1389 4238 dicuntur
1404 4183 1520 4237 haec
1544 4182 1649 4248 ;de
1668 4182 1787 4237 alia

183 4276 339 4330 tribu
355 4279 455 4339 est,
482 4282 658 4329 etnon
680 4274 750 4329 de
766 4273 911 4328 tribu
939 4272 1087 4337 Levi,
1125 4272 1192 4327 de
1232 4287 1339 4342 qua
1360 4270 1463 4324 alia
1480 4269 1622 4323 tribu
1654 4270 1787 4324 nul-

183 4365 275 4419 lus
295 4366 413 4432 fuit
428 4366 653 4434 praesto,
675 4362 730 4417 id
753 4370 835 4417 est
856 4360 1239 4432 praestabiliter
1254 4359 1452 4414 altari.
1476 4358 1546 4411 Et
1567 4372 1697 4412 vere
1718 4356 1787 4411 de

1884 3220 2118 3286 propter
2147 3214 2550 3281 inﬁrmitatem
2569 3216 2709 3283 eius,
2735 3214 2790 3268 id
2808 3223 2889 3268 est
2910 3214 3037 3285 quia
3059 3215 3216 3270 etiam
3251 3225 3496 3287 tempore

1890 3319 1997 3374 quo
2026 3302 2316 3358 tenebatur
2344 3301 2559 3356 inﬁrma
2590 3309 2705 3356 erat
2737 3319 2750 3355 :
2784 3302 2911 3373 quia
2940 3311 2990 3357 et
3023 3304 3067 3357 si
3098 3304 3339 3375 aliquam
3386 3322 3497 3361 non

1888 3400 2072 3445 tamen
2117 3390 2419 3462 perfectam
2469 3390 2632 3444 dabat
2673 3389 3158 3458 justificationem:
3210 3394 3499 3463 reprobata

1887 3487 2112 3551 propter
2140 3480 2522 3534 inutilitatem
2550 3481 2671 3549 ejus
2704 3497 2722 3532 :
2751 3478 2877 3549 quia
2902 3483 3018 3544 jam
3048 3495 3155 3534 non
3190 3481 3366 3535 solum
3415 3489 3499 3536 est

1887 3567 2107 3622 inﬁrma
2138 3568 2183 3621 si
2212 3575 2444 3632 tenetur,
2480 3566 2577 3621 sed
2609 3566 2767 3621 etiam
2820 3566 3098 3622 damnosa.
3153 3569 3295 3622 Vere
3342 3568 3497 3622 inﬁr-

1890 3656 2131 3711 mitatem
2163 3656 2370 3709 habuit.
2402 3656 2669 3725 Tempore
2700 3654 2842 3710 enim
2876 3671 2982 3725 quo
3040 3655 3327 3710 tenebatur
3377 3658 3492 3723 lex,

1886 3744 2036 3799 nihil
2065 3744 2309 3799 adduxit
2329 3744 2401 3798 ad
2412 3746 2749 3815 perfectum,
2776 3743 2830 3797 id
2852 3752 2933 3797 est
2954 3742 3086 3797 nihil
3103 3744 3378 3799 adducere
3405 3760 3498 3799 va-

1886 3833 1983 3887 luit
2011 3834 2078 3887 ad
2108 3832 2524 3903 perfectionem,
2558 3832 2681 3903 quia
2712 3840 2765 3886 et
2796 3832 2840 3885 si
2871 3831 3035 3902 aliqui
3081 3833 3183 3886 sub
3234 3848 3297 3887 ea
3340 3832 3496 3888 fuere

1886 3920 2135 3991 perfecti,
2167 3936 2277 3975 non
2305 3936 2402 3991 per
2431 3935 2571 3987 eam,
2607 3919 2704 3974 sed
2735 3936 2833 3990 per
2864 3918 3025 3975 ﬁdem
3059 3920 3291 3975 venturi.
3338 3922 3399 3975 In
3430 3936 3496 3976 eo

1888 4008 2035 4080 quod
2062 4009 2149 4063 lex
2179 4009 2375 4064 dicitur
2420 4008 2758 4079 praecedens,
2824 4007 3157 4079 signiﬁcatur
3195 4008 3341 4063 aliud
3393 4009 3497 4065 de-

1887 4098 2021 4153 bere
2042 4098 2306 4168 consequi
2346 4097 2415 4151 ad
2438 4096 2819 4169 corrigendam
2841 4096 2979 4166 legis
2999 4096 3492 4166 imperfectionem.

1888 4186 2218 4256 Reprobatio
2250 4184 2469 4256 quidem
2500 4184 2861 4255 praecedentis
2909 4184 3167 4251 mandati,
3224 4186 3494 4241 introdu-

1887 4276 2003 4329 ctio
2034 4290 2158 4330 vero
2187 4274 2254 4342 ﬁt
2285 4274 2551 4328 melioris.
2579 4274 2647 4328 Ut
2668 4272 2846 4344 magis
2870 4272 3232 4337 commendet,
3274 4288 3384 4327 non
3420 4273 3496 4328 ait

1888 4361 2129 4416 mandati
2184 4361 2282 4416 sed
2336 4361 2455 4433 spei
2503 4380 2521 4415 :
2578 4360 2704 4431 quia
2758 4360 2862 4415 hoc
2921 4376 3120 4415 novum
3179 4360 3495 4415 mandatum

182 4451 293 4506 alia
313 4452 489 4506 tribu:
515 4453 649 4523 quia
686 4451 1063 4520 manifest-um
1103 4452 1185 4504 est
1218 4448 1361 4520 quod
1389 4447 1658 4502 Dominus
1688 4461 1788 4501 ηο-
1807 4453 1860 4513 D
1891 4449 2087 4505 Christi
2118 4448 2223 4503 tale
2254 4456 2353 4514 est,
2390 4449 2446 4502 in
2476 4463 2581 4518 quo
2612 4447 2875 4502 habeatur
2903 4463 3051 4518 spes,
3105 4464 3215 4503 non
3254 4449 3494 4504 carnalis

180 4544 305 4596 ster
325 4539 571 4595 Christus
590 4544 747 4596 ortus
768 4540 846 4595 sit
868 4555 942 4594 ea:
982 4536 1149 4603 Juda,
1191 4538 1254 4591 in
1270 4552 1379 4609 qua
1407 4535 1550 4590 tribu
1584 4535 1788 4606 Moyses
1889 4538 1987 4593 sed
2016 4536 2205 4609 gloriae
2233 4536 2469 4593 caelestis
2506 4551 2517 4589 :
2548 4551 2651 4608 per
2666 4552 2835 4608 quam
2858 4552 3012 4606 spem
3034 4551 3143 4590 non
3170 4537 3345 4591 solum
3366 4553 3494 4608 pro-

181 4628 339 4685 nihil
370 4630 592 4687 locutus
621 4632 705 4684 est
736 4628 801 4683 de
832 4628 1235 4691 sacerdotibus,
1266 4633 1324 4679 ut
1348 4623 1571 4696 quilibet
1598 4623 1667 4678 de
1696 4622 1790 4676 illa
1888 4623 2233 4698 pinquamus,
2269 4625 2366 4680 sed
2396 4624 2560 4679 etiam
2604 4625 3001 4695 proximamus
3034 4623 3107 4679 ad
3139 4626 3335 4679 Deum.
3388 4626 3496 4681 Le-

180 4717 328 4772 tribu
359 4717 583 4773 deberet
612 4716 871 4773 sacerdos
904 4714 1043 4770 ﬁeri.
1076 4712 1382 4769 Translatio
1409 4720 1589 4768 autem
1611 4726 1793 4767 sacer—
1890 4730 2019 4787 gem
2046 4714 2215 4769 fuisse
2244 4712 2533 4779 inﬁrmam,
2567 4712 2881 4767 mandatum
2909 4720 3089 4768 autem
3120 4712 3317 4767 Christi
3356 4727 3493 4767 cau-

180 4805 320 4861 dotii
348 4806 649 4862 secundum
676 4805 875 4860 tribum
897 4804 1009 4872 jam
1038 4809 1397 4874 praecesserat
1424 4801 1480 4855 in
1516 4800 1788 4868 Samuele,
1890 4818 2007 4857 sam
2036 4818 2159 4857 esse
2190 4818 2292 4873 qua
2322 4801 2687 4871 proximemus
2716 4801 2785 4856 ad
2818 4802 3013 4866 Deum,
3063 4800 3291 4855 multum
3313 4808 3395 4855 est
3420 4800 3492 4856 ad

182 4894 495 4964 reprobatis
523 4894 647 4948 filiis
700 4894 841 4956 Heli,
876 4892 969 4963 qui
1018 4890 1314 4947 secundum
1344 4889 1543 4943 lineam
1572 4886 1791 4960 generis

183 4982 437 5038 haeredes
466 4990 615 5037 erant
642 4980 933 5037 sacerdotii
966 4995 978 5033 :
1011 4996 1132 5051 qua
1152 4976 1536 5051 transmutatio
1579 4973 1792 5047 signiﬁ-

184 5070 346 5127 cabat
376 5085 561 5125 veram
588 5070 733 5142 (quae
762 5069 936 5123 futura
976 5074 1094 5123 erat
1138 5067 1197 5121 in
1235 5065 1469 5135 Christo)
1516 5073 1793 5119 transmu-

186 5158 449 5213 tationem
479 5155 957 5231 [translationem].
1008 5156 1208 5211 Probat
1251 5155 1447 5209 iterum
1495 5153 1795 5209 secundum

186 5248 354 5303 ritum
379 5247 825 5301 translatumesse
856 5244 1220 5301 sacerdotium
1250 5243 1395 5314 quod
1424 5257 1534 5297 non
1564 5240 1797 5311 amplius

186 5336 367 5392 visum
390 5335 565 5391 fuerat
588 5354 601 5401 ;
628 5334 753 5406 quia
780 5332 1022 5390 384
1039 5333 1165 5389 licet
1194 5331 1371 5386 tribus
1390 5330 1792 5400 reprobaretur,

184 5425 324 5479 ritus
356 5432 537 5478 tamen
565 5439 675 5478 non
702 5430 827 5477 sunt
856 5422 1069 5477 mutati.
1101 5420 1255 5477 Unde
1284 5419 1356 5473 ait
1386 5434 1397 5473 :
1449 5416 1675 5473 Probavi
1705 5432 1797 5471 se-

184 5512 428 5570 cundum
458 5512 658 5567 tribum
683 5509 973 5568 transferri
1004 5507 1394 5567 sacerdotium.
1430 5506 1622 5564 Adhuc
1640 5504 1798 5561 etiam

1893 4891 2109 4946 laudem
2138 4890 2263 4944 novi
2294 4889 2618 4945 sacerdotis.
2658 4889 2725 4943 Et
2756 4896 3019 4959 quantum
3050 4889 3155 4944 hoc
3189 4888 3380 4943 iterum
3413 4897 3498 4944 est

1895 4980 1963 5035 ad
1993 4978 2518 5036 commendationem
2546 4978 2681 5046 ejus,
2716 4978 2861 5048 quod
2881 4994 2991 5033 non
3008 4978 3125 5033 sine
3140 4978 3494 5046 jurejurando

1893 5069 2051 5123 Jesus
2081 5068 2257 5122 factus
2280 5074 2361 5121 est
2392 5066 2652 5122 sacerdos
2682 5081 2695 5120 :
2728 5067 2842 5122 Alii
2872 5067 3112 5138 quidem,
3145 5065 3199 5121 id
3229 5076 3311 5121 est
3340 5067 3499 5123 Leui-

1896 5157 1986 5212 tici
2016 5157 2159 5226 facti
2188 5159 2327 5210 sunt
2347 5155 2661 5211 sacerdotes
2682 5156 2805 5210 sine
2816 5156 3214 5227 jurejurando,
3239 5162 3497 5228 tanquam

1896 5244 2028 5299 illud
2060 5243 2205 5315 quod
2234 5244 2458 5299 deberet
2510 5244 2703 5297 mutari
2727 5261 2739 5297 :
2760 5244 2849 5299 hic
2872 5247 3067 5299 autem
3099 5246 3229 5298 Jesu
3258 5262 3391 5299 cum
3410 5247 3508 5315 ju-

1897 5332 2220 5404 rejurando,
2256 5332 2430 5388 factus
2461 5339 2542 5386 est
2571 5332 2831 5388 sacerdos
2858 5348 2959 5404 per
2987 5348 3134 5399 eum,
3168 5332 3223 5386 id
3271 5340 3351 5387 est
3401 5348 3503 5401 per

1900 5422 2074 5476 Deum
2105 5422 2340 5487 Patrem,
2366 5422 2462 5493 qui
2492 5420 2644 5475 dixit
2662 5420 2733 5475 ad
2762 5422 2929 5476 illum
2949 5422 3137 5475 Jesum
3174 5435 3185 5473 :
3227 5421 3303 5474 Tu
3332 5435 3389 5474 es
3415 5436 3508 5475 sa-

1900 5510 2092 5568 cerdos
2121 5511 2186 5565 in
2214 5514 2515 5567 aeternum.
2548 5508 2615 5564 Et
2639 5509 2783 5580 quod
2801 5508 3161 5565 sacerdotium
3190 5514 3343 5561 tuum
3364 5507 3505 5562 sitin
