3966 6050
455 236 558 292 627

959 237 1016 291 5.
1049 233 1406 291 BRUNONIS
1463 231 2106 290 CARTHUSIANORUM
2163 229 2646 287 INSTITUTORIS
2702 229 2856 286 OPP.
2914 229 3090 286 PARS
3141 230 3215 284 II.

3642 233 3744 286 528

453 367 719 414 aeternum
753 374 764 412 :
789 361 1010 431 juravit
1027 361 1296 415 Dominus
1317 365 1372 415 et
1401 345 1468 414 de
1489 360 1594 414 hoc
1623 376 1736 413 non
1757 357 2050 430 paenitebit
2071 357 2124 416 A
2152 371 2258 410 non
2287 356 2574 410 habentem
2607 354 2990 420 infirmitatem,
3025 354 3122 409 sed
3153 353 3472 420 duraturum
3501 353 3564 408 in
3583 357 3749 408 ceter-

458 465 606 514 eum,
640 448 695 502 id
725 456 804 503 est
834 464 944 504 non
989 448 1291 502 immutabit
1339 456 1486 502 tuum
1535 447 1917 503 sacerdotium.
1963 447 2051 500 Ait

455 536 675 607 quidem
706 536 899 603 David,
933 539 1104 591 Deum
1137 538 1240 592 hoc
1263 538 1502 606 jurasse,
1535 537 1632 591 sed
1653 536 1762 602 ubi,
1784 535 1870 590 vel
1893 550 2054 606 quan-

457 625 548 690 do,
583 624 666 680 vel
697 625 892 696 quibus
918 626 1098 680 verbis
1128 626 1230 679 llOC
1255 625 1514 694 juraverit
1547 641 1652 679 non
1684 624 1773 678 ait.
1811 624 2052 694 lnquan-

456 721 567 766 tum
597 730 717 767 cum
743 714 1100 782 jurejurando
1156 715 1334 777 Jesus,
1368 713 1445 766 illi
1477 721 1656 767 autem
1690 713 1805 766 sine
1840 713 2054 780 jureju-

459 801 652 867 rando,
707 811 758 856 et
807 802 1122 873 inquantum
1170 818 1269 871 per
1323 803 1510 856 Jesum
1570 801 1943 871 proximamus
1986 799 2056 854 ad

459 891 650 957 Deum,
685 898 736 945 et
767 907 864 960 per
902 891 1079 962 legem
1114 906 1273 944 nemo
1311 890 1686 944 adducebatur
1727 890 1798 943 ad
1836 887 2055 958 perfec—

460 987 591 1045 tum,
619 981 916 1034 intantum
938 979 1096 1032 Jesus
1119 982 1307 1047 factus
1330 983 1412 1033 est
1433 995 1684 1050 sponsor,
1728 977 1782 1030 id
1827 986 1908 1031 est
1958 976 2056 1029 tir-

461 1075 701 1121 matoret
723 1075 966 1122 assertor
989 1067 1316 1122 testamenti
1339 1068 1607 1129 melioris,
1628 1066 1679 1119 id
1703 1073 1784 1119 est
1806 1064 2056 1128 meliora,

462 1155 586 1225 quia
599 1163 822 1223 interna,
839 1155 1216 1226 promittentis.
1236 1155 1380 1209 Sicut
1397 1153 1679 1224 promissis
1697 1153 1776 1208 sic
1787 1153 1945 1206 etiam
1958 1153 2061 1207 hac

461 1242 724 1316 dignitate
747 1261 865 1314 qua:
885 1243 1173 1314 sequitur:
1221 1237 1380 1296 Jesus
1427 1242 1694 1296 Leviticos
1751 1241 2062 1295 sacerdotes

463 1332 746 1403 pramellit,
781 1332 907 1402 quia
928 1333 1029 1386 alii
1058 1331 1298 1402 quidem,
1333 1330 1382 1383 id
1417 1339 1497 1383 est
1541 1329 1758 1384 Levitici
1802 1329 2063 1384 sacerdo-

467 1426 550 1475 tes
568 1421 711 1491 facti
733 1426 868 1474 sunt
894 1421 1108 1489 plures.
1135 1419 1344 1473 Idcirco
1366 1418 1547 1488 plures
1570 1419 1710 1490 quod
1731 1432 2064 1489 permanere

467 1507 520 1561 in
535 1508 644 1562 vita
651 1508 1012 1578 prohiberent
1020 1523 1088 1560 ur
1109 1510 1289 1562 morte
1312 1507 1743 1576 superveniente.
1761 1507 1856 1560 llic
1874 1510 2065 1560 autem

468 1596 711 1650 Christus
744 1595 905 1650 habet
933 1596 1342 1666 sempiternum
1383 1595 1784 1660 sacerdotium,
1818 1611 1878 1650 eo
1927 1592 2068 1665 quod

473 1688 702 1740 maneat
737 1685 795 1738 in
828 1688 1130 1738 aeternum.
1170 1683 1320 1739 Unde
1349 1683 1470 1753 quia
1491 1683 1789 1737 manensin
1808 1690 2066 1737 internum

472 1773 864 1844 sempiternum
896 1771 1056 1825 habet
1083 1771 1467 1836 sacerdotium,
1499 1773 1718 1826 salvare
1757 1771 1918 1826 etiam
1966 1787 2067 1841 po-

480 1866 590 1918 test
615 1863 677 1916 in
712 1865 1072 1933 perpetuum,
1120 1858 1356 1914 385
1411 1876 1530 1914 cum
1573 1867 1782 1914 constet
1815 1857 2071 1913 mortales

471 1949 611 2022 legis
641 1950 958 2004 sacerdotes
991 1957 1235 2018 tempore
1265 1947 1552 2003 sacerdotii
1575 1948 1655 2001 sui
1689 1947 1931 2018 potuisse
1968 1945 2072 1999 ali-

472 2053 608 2110 quas
640 2037 968 2092 salvationes
997 2035 1269 2092 conferre.

546 2125 781 2180 Ostenso
812 2125 1104 2195 quomodo,
1139 2141 1238 2194 per
1267 2124 1631 2178 sacerdotium
1655 2123 1872 2191 Christi,
1921 2129 2076 2176 vetus

475 2213 856 2277 sacerdotium,
891 2219 942 2264 et
972 2211 1058 2265 lex
1107 2212 1428 2277 destruatur,
1488 2220 1540 2265 et
1600 2212 1717 2281 ipso
1777 2208 2076 2265 sacerdotio

477 2300 675 2358 Christi
707 2299 836 2354 satis
881 2300 1282 2364 commendato,
1335 2300 1678 2355 commendat
1721 2299 1884 2354 etiam
1936 2312 2077 2351 nunc

477 2398 655 2446 actum
687 2396 738 2443 et
769 2387 1152 2442 exhibitionem
1184 2387 1536 2442 sacerdotalis
1566 2387 1725 2442 otlicii
1755 2388 1808 2441 in
1841 2388 2076 2460 Christo,

477 2477 837 2548 deprimendo
866 2493 964 2546 per
990 2476 1317 2531 contrarium
1346 2477 1718 2546 operationem
1751 2479 1954 2532 veteris
1984 2495 2078 2535 sa-

479 2566 722 2630 cerdotii,
756 2566 943 2620 dicens
978 2581 990 2620 :
1024 2566 1202 2620 Potest
1231 2566 1390 2618 Jesus
1413 2565 1625 2621 salvare
1647 2566 1701 2618 in
1731 2574 2074 2636 perpetuum,

481 2655 618 2726 ipse,
641 2653 784 2718 dico,
809 2653 1077 2709 accedens
1117 2653 1189 2708 ad
1228 2655 1424 2721 Deum,
1468 2669 1574 2708 non
1606 2670 1706 2724 per
1733 2654 1940 2709 alienas
1974 2657 2073 2712 ho-

484 2742 616 2796 stias
638 2741 968 2806 animalium,
993 2741 1089 2796 sed
1113 2757 1212 2810 per
1227 2743 1614 2812 semetipsum,
1644 2742 1874 2796 hostiam
1901 2743 2082 2799 vivam

484 2831 538 2884 in
559 2845 655 2884 ara
685 2829 861 2884 crucis
890 2828 1151 2883 oblatum.
1175 2829 1356 2894 Jesus,
1381 2829 1524 2894 dico,
1551 2846 1774 2900 semper
1804 2832 1992 2886 vivens
2010 2833 2082 2888 ad

485 2916 973 2989 interpellandum
997 2916 1213 2969 Patrem
1233 2933 1335 2987 pro
1358 2916 1535 2984 nobis,
1571 2917 1695 2987 quia
1723 2933 1850 2973 caro
1881 2919 1997 2986 ejus
2013 2920 2084 2974 ad

486 3007 591 3061 hoc
621 3020 838 3074 semper
865 3003 919 3057 in
949 3003 1100 3058 coelis
1148 3003 1294 3069 vivit,
1348 3011 1404 3058 ut
1463 3005 1939 3074 repraesentatione
1989 3024 2084 3062 sua

482 3093 688 3165 jugiter
715 3069 893 3163 pulset
923 3092 1136 3145 Patrem
1167 3107 1268 3162 pro
1299 3091 1473 3146 nobis.
1517 3069 1652 3147 Dico
1691 3094 1963 3148 accedens
1987 3112 2089 3165 per
2109 3069 2152 3130 Ο

491 3181 885 3252 semetipsum;
919 3180 1144 3235 decebat
1180 3181 1333 3234 enim
1361 3188 1414 3235 et
1444 3181 1818 3236 necessarium
1866 3191 1982 3237 erat
2020 3189 2085 3239 ut

493 3270 646 3335 talis,
670 3276 721 3322 et
753 3284 848 3338 per
881 3267 1231 3337 semetipsum
1252 3267 1540 3333 accedens,
1560 3273 1707 3324 esset
1726 3270 1886 3325 nobis
1904 3272 2090 3342 ponti-

491 3358 611 3426 fex,
646 3359 877 3411 sanctus
899 3355 953 3408 in
976 3371 1033 3410 se
1056 3356 1406 3425 possessione
1428 3356 1702 3423 virtutum,
1728 3359 2001 3414 innocens
2023 3359 2091 3413 ad

495 3444 824 3515 proximum,
860 3451 929 3510 et,
983 3460 1105 3498 cum
1163 3452 1380 3500 sanctus
1413 3444 1595 3498 habitu
1626 3446 1915 3513 bonorum,
1978 3449 2090 3502 im-

493 3533 748 3604 pollutus
777 3531 940 3586 etiam
971 3531 1213 3586 absentia
1245 3532 1524 3586 vitiorum.
1563 3533 1679 3588 Nec
1707 3534 1870 3588 modo
1897 3535 2092 3605 impol-

495 3619 640 3674 lutus
670 3628 727 3674 ut
773 3619 1066 3691 aliquando
1125 3619 1287 3674 fuerit
1340 3620 1595 3690 pollutus,
1654 3621 1749 3674 sed
1803 3622 1951 3676 omni
2007 3623 2095 3677 die

499 3712 821 3781 segregatus
869 3725 903 3762 a
952 3709 1356 3779 peccatoribus,
1389 3707 1443 3761 id
1475 3715 1555 3762 est
1585 3723 1802 3778 agrege
1834 3718 2094 3779 peccato-

500 3813 619 3850 rum
649 3803 996 3868 segregatus,
1019 3800 1210 3865 [act-us
1234 3795 1390 3849 etiam
1414 3797 1698 3850 excelsior
1727 3798 1902 3865 cretis,
1927 3798 1979 3852 id
2015 3807 2098 3854 est

500 3883 647 3938 omni
669 3881 878 3937 caelesti
899 3891 1165 3936 creatura.
1211 3884 1313 3950 Qui
1334 3881 1573 3952 pontifex
1601 3883 1722 3937 talis
1755 3893 1807 3940 et
1834 3885 1955 3940 talis
1982 3904 2098 3944 non

504 3971 668 4026 habet
689 3971 1088 4024 necessitatem
1105 3969 1352 4041 quotidie
1381 3971 1581 4040 o/ferre
1599 3988 1700 4042 pro
1726 3989 1803 4036 se,
1829 3975 2099 4044 quemad-

504 4059 730 4114 modum
801 4057 1116 4113 sacerdotes
1176 4057 1398 4114 Levitici
1476 4060 1856 4116 necessitatem
1903 4062 2103 4118 habent

508 4146 705 4202 offerre
726 4146 957 4210 hostias,
981 4145 1134 4215 prius
1156 4145 1551 4202 intercedentes
1572 4164 1675 4218 pro
1706 4150 1824 4204 suis
1855 4149 2101 4217 delictis,

507 4237 707 4291 deinde
728 4251 828 4306 pro
850 4233 1063 4288 delictis
1099 4235 1311 4305 populi.
1346 4235 1467 4288 Non
1517 4235 1592 4289 ait
1641 4237 1903 4307 quotidie,
1949 4240 2104 4310 quasi

504 4323 685 4394 aliquo
701 4322 788 4376 die
811 4337 1037 4377 necesse
1059 4321 1126 4374 sit
1147 4321 1361 4377 Christo
1381 4321 1577 4378 offerre
1608 4340 1705 4394 pro
1725 4341 1804 4391 se,
1826 4326 1922 4380 sed
1945 4334 2002 4380 ut
2018 4343 2104 4382 re-

2149 462 2289 500 num
2310 453 2362 499 et
2388 447 2728 517 perfectum.

2739 532 2964 588 CAPUT
3017 533 3159 586 VIII.

2229 645 2248 668 ιι
2287 621 2584 691 Capitulum
2616 629 2796 675 autem
2829 637 2992 691 super
3020 637 3082 675 ea
3113 636 3234 691 quin
3263 619 3534 675 dicuntur.
3563 619 3751 674 Talem

2160 733 2180 755 α
2217 710 2479 763 habemus
2509 707 2840 779 pontiﬁcem,
2875 709 2966 780 qui
2996 708 3240 764 consedit
3269 708 3325 762 in
3354 709 3575 762 dextera
3605 707 3754 762 sedis

2160 819 2181 847 α
2226 797 2616 868 magnitudinis
2666 797 2719 851 in
2787 796 2960 860 cmlis,
3005 805 3316 852 sanctorum
3373 797 3640 856 minister.
3701 804 3756 850 et

2161 908 2182 934 ι
2229 885 2560 941 tabernaculi
2591 886 2724 950 veri,
2777 886 2923 956 quod
2972 885 3083 938 ﬁxit
3133 887 3300 950 Deus,
3333 893 3386 940 et
3431 900 3540 938 non
3569 885 3753 938 homo.

2163 996 2182 1018 «
2229 974 2420 1028 Omnis
2469 975 2613 1028 enim
2663 973 2902 1044 pontifex
2949 974 3020 1028 ad
3069 974 3352 1028 offerenda
3412 989 3640 1028 munera
3706 980 3761 1027 et

2164 1083 2184 1111 ι
2231 1063 2436 1116 hostias
2466 1063 2824 1118 constituitur.
2859 1062 3012 1117 Unde
3042 1079 3269 1117 necesse
3301 1070 3383 1117 est
3412 1069 3465 1116 et
3485 1063 3628 1118 hunc
3667 1063 3760 1117 ha-

2164 1172 2186 1200 ι
2229 1150 2362 1205 bere
2390 1150 2593 1222 aliquid
2622 1151 2768 1221 quod
2797 1149 3012 1205 offerat.
3053 1151 3110 1205 Si
3141 1167 3276 1224 ergo
3299 1159 3444 1206 esset
3463 1167 3630 1221 super
3657 1159 3760 1207 ter-

2167 1259 2188 1288 ι
2235 1255 2371 1306 ram,
2404 1255 2512 1294 non
2542 1246 2687 1293 esset
2717 1240 2997 1303 sacerdos,
3033 1255 3154 1294 cum
3185 1247 3370 1295 essent
3388 1239 3479 1310 qui
3506 1239 3765 1295 offerrent

2167 1350 2188 1374 «
2235 1327 2531 1382 secundum
2563 1327 2740 1397 legem
2771 1344 3036 1393 munera;
3070 1329 3162 1398 qui
3191 1328 3488 1398 exemplari
3532 1337 3586 1382 et
3633 1345 3760 1382 um-

2169 1438 2190 1460 «
2235 1415 2345 1468 brae
2392 1415 2706 1470 deserviunt
2754 1416 3076 1482 caelestium,
3125 1416 3262 1471 sicut
3308 1432 3630 1486 responsum
3678 1424 3764 1471 est

2171 1525 2192 1553 ι
2234 1503 2426 1572 Moysi,
2487 1519 2610 1558 cum
2659 1513 3061 1558 consummaret
3108 1505 3534 1560 tabernaculum.
3604 1505 3762 1570 Vide,

2173 1615 2193 1638 ιι
2237 1591 2428 1662 inquit,
2475 1591 2658 1646 omnia
2706 1592 2870 1648 facito
2917 1593 3214 1648 secundum
3264 1593 3556 1664 exemplar,
3619 1593 3768 1664 quod

2098 1717 2149 1774 Β
2174 1702 2193 1725 «
2241 1679 2335 1733 tibi
2364 1688 2642 1734 ostensum
2677 1689 2756 1734 est
2787 1681 2841 1734 in
2886 1689 3094 1736 monte.
3133 1681 3290 1737 Nunc
3337 1691 3520 1736 autem
3568 1682 3765 1737 melius

2176 1790 2197 1817 ι
2243 1768 2458 1822 sortitus
2487 1776 2570 1822 est
2602 1768 2982 1834 ministerium,
3018 1779 3218 1840 quanto
3261 1779 3317 1824 ut
3363 1770 3605 1826 melioris
3651 1779 3759 1825 tes-

2177 1880 2196 1903 ιι
2242 1857 2464 1910 tamenti
2495 1856 2758 1911 mediator
2786 1865 2888 1922 est,
2923 1858 3066 1928 quod
3106 1858 3161 1911 in
3211 1859 3528 1913 melioribus
3571 1874 3771 1929 repro-

2179 1968 2199 1991 ιι
2245 1945 2594 2000 missionibus
2645 1946 2915 2001 sancitum
2973 1954 3074 2000 est.
3134 1948 3273 2000 Nam
3332 1947 3378 2000 si
3429 1948 3561 2002 illud
3617 1947 3770 2018 prius

2180 2053 2201 2082 ι
2247 2033 2402 2102 culpa
2428 2042 2694 2100 vacasset,
2727 2050 2836 2088 non
2865 2035 3050 2105 utique
3079 2035 3306 2090 secundi
3336 2035 3486 2090 locus
3535 2035 3776 2106 inquire-

2181 2144 2202 2167 α
2249 2129 2413 2175 retur.
2449 2122 2774 2191 Vituperans
2803 2123 2947 2176 enim
2994 2139 3089 2177 eos
3136 2123 3283 2178 dicit.
3337 2125 3477 2179 Ecce
3513 2124 3630 2178 dies
3672 2140 3774 2179 ve-

2184 2231 2204 2259 ι
2249 2209 2418 2274 niunt,
2453 2209 2581 2263 dicit
2612 2211 2895 2279 Dominus,
2929 2219 2982 2265 et
3023 2212 3415 2266 consummabo
3465 2228 3630 2282 super
3668 2212 3774 2268 do-

2183 2319 2204 2347 ι
2247 2313 2396 2352 mum
2428 2297 2591 2352 Israel
2619 2307 2670 2352 et
2711 2315 2878 2368 super
2924 2299 3144 2354 domum
3200 2301 3337 2355 Juda
3394 2309 3774 2356 testamentum

2185 2408 2205 2431 «
2249 2402 2493 2440 novum:
2544 2401 2652 2441 non
2703 2388 3000 2442 secundum
3048 2396 3430 2443 testamentum
3479 2389 3623 2461 quod
3673 2389 3779 2445 feci

2185 2497 2206 2520 ιι
2251 2474 2496 2544 patribus
2547 2491 2736 2529 eorum
2783 2477 2838 2529 in
2889 2476 2976 2532 die
3024 2493 3132 2547 qua
3179 2478 3514 2548 apprehendi
3559 2494 3780 2532 manum

2186 2585 2208 2613 ι
2251 2562 2487 2627 illorum,
2519 2572 2574 2617 ut
2605 2564 2896 2619 educerem
2925 2565 3049 2620 illos
3078 2567 3146 2620 de
3176 2574 3320 2620 terra
3348 2566 3584 2638 Egypti,
3636 2581 3778 2638 quo-

2188 2672 2210 2701 ι
2253 2651 2398 2706 niam
2430 2651 2532 2722 ipsi
2561 2668 2669 2706 non
2700 2662 3120 2722 permanserunt
3150 2654 3205 2708 in
3262 2662 3580 2710 testamento
3633 2671 3779 2722 meo,

2187 2761 2209 2786 ιι
2259 2747 2309 2794 et
2330 2755 2434 2811 ego
2467 2741 2684 2812 neglexi
2707 2757 2822 2807 eos,
2855 2743 2985 2798 dicit
3015 2743 3287 2797 dominus.
3348 2743 3486 2811 Quia
3539 2745 3645 2799 hoc
3702 2751 3784 2799 est

2189 2836 2628 2884 «testamentum
2655 2831 2799 2900 quod
2847 2831 3135 2902 disponam
3189 2832 3373 2886 domui
3432 2832 3604 2887 Israel
3659 2839 3784 2903 post

2189 2939 2210 2964 ει
2255 2917 2374 2972 dies
2403 2917 2546 2982 illos,
2579 2918 2711 2974 dicit
2773 2919 3033 2974 Dominus

2190 3028 2211 3052 α
2256 3022 2405 3060 meas
2431 3005 2487 3059 in
2533 3015 2771 3062 mentem
2806 3023 3033 3075 eorum;
3082 3017 3135 3064 et
3171 3009 3227 3063 in
3273 3010 3443 3064 corda
3471 3025 3658 3065 eorum
3689 3027 3782 3064 su-

3071 2938 3085 2976 :
3136 2921 3330 2976 Dando
3385 2920 3571 2994 [dabo]
3631 2921 3785 2992 leges

2199 3115 2218 3145 ι
2253 3095 2591 3164 perscribam
2623 3111 2738 3162 eas,
2771 3104 2823 3151 et
2866 3113 2962 3151 ero
2993 3097 3072 3151 eis
3100 3097 3154 3150 in
3185 3099 3379 3164 Deum,
3413 3106 3465 3152 et
3493 3098 3597 3169 ipsi
3629 3105 3790 3153 erunt

2193 3204 2214 3232 α
2259 3183 2390 3236 mihi
2435 3182 2491 3236 in
2528 3184 2806 3254 populum.
2852 3185 2920 3238 Et
2967 3201 3079 3240 non
3113 3185 3330 3241 docebit
3395 3186 3789 3258 uniusquisque

2195 3294 2215 3317 «
2260 3271 2567 3341 proximum
2599 3288 2775 3337 suum,
2830 3280 2882 3327 et
2929 3274 3300 3346 unusquisque
3347 3275 3566 3330 fratrem
3609 3292 3787 3341 suum,

2197 3381 2217 3409 ι
2263 3359 2497 3414 dicens:
2533 3360 2820 3432 Cognosce
2849 3361 3160 3428 Dominum,
3204 3363 3333 3434 quia
3377 3379 3568 3418 omnes
3615 3363 3792 3420 scient

2198 3469 2220 3497 ι
2263 3464 2368 3512 me,
2394 3463 2427 3501 a
2456 3449 2668 3503 minore
2690 3448 2955 3520 [minimo]
2977 3466 3148 3520 usque
3169 3451 3240 3506 ad
3273 3451 3534 3520 majorem
3559 3467 3750 3507 eorum
3775 3469 3789 3519 ;

2200 3555 2216 3587 ι
2265 3535 2388 3606 quia
2418 3536 2685 3606 propitius
2715 3553 2807 3592 ero
2838 3537 3206 3609 iniquitatibus
3238 3555 3444 3609 eorum,
3496 3548 3549 3595 et
3595 3556 3794 3612 pecca-

2199 3647 2219 3669 «
2280 3631 2458 3678 torum
2493 3623 2817 3696 [peccatum]
2862 3626 3081 3682 illorum
3123 3628 3234 3696 jam
3281 3645 3392 3683 non
3449 3633 3797 3684 memorabor

2201 3732 2223 3761 α
2268 3711 2774 3785 [commemorabor]
2809 3714 3048 3770 386
3075 3717 3321 3772 Dicendo
3366 3725 3545 3772 autem
3571 3734 3793 3786 novum,

2202 3823 2222 3846 «
2267 3801 2530 3856 veteravit
2549 3801 2720 3870 prius.
2747 3801 2905 3870 Quod
2925 3811 3108 3860 autem
3129 3805 3440 3876 antiquatur
3461 3813 3514 3861 et
3535 3805 3792 3872 senescit,

2203 3911 2224 3935 ιι
2269 3905 2442 3960 prOpe
2473 3889 2748 3944 interitum
2777 3899 2880 3945 est.
2919 3913 2940 3941 ι

2839 3995 3151 4036 EXPOSITIO.

2275 4064 2443 4133 Quasi
2475 4081 2648 4136 pauca
2675 4067 2902 4123 dixisset
2948 4069 3016 4124 de
3062 4071 3166 4126 hoc
3213 4071 3515 4138 sacerdote,
3567 4071 3804 4127 breviter

2202 4154 2578 4224 complectitur
2607 4156 2771 4211 modo
2800 4156 3119 4229 dignitatem
3152 4159 3288 4228 ejus,
3314 4175 3478 4230 super
3505 4160 3611 4216 hoc
3639 4176 3803 4231 quam

2204 4241 2261 4296 in
2283 4243 2583 4312 praemissis
2630 4236 2947 4315 complexus
2989 4247 3076 4300 sit.
3123 4246 3292 4315 Quasi
3338 4247 3586 4303 diceret:
3635 4248 3803 4303 Multa

2206 4330 2422 4401 quidem
2465 4331 2575 4385 dixi
2621 4333 2690 4386 de
2736 4333 2899 4389 laude
2945 4335 3102 4403 hujus
3150 4337 3469 4402 sacerdotis,
3515 4337 3612 4392 sed
3662 4353 3808 4395 nunc

509 4417 725 4465 moveat
752 4427 782 4463 a
809 4409 1024 4464 Christo
1055 4410 1197 4480 quod
1257 4410 1495 4465 attribuit
1551 4411 1655 4466 illis
1713 4414 1953 4484 quotidie
2011 4416 2107 4470 ha-
2139 4421 2190 4481 D
2215 4417 2410 4474 faciam
2430 4421 2772 4491 capitulum,
2805 4421 2858 4475 id
2891 4431 2974 4476 est
3004 4423 3228 4478 brevem
3248 4424 3538 4479 multorum
3559 4425 3808 4495 comple-

514 4497 764 4552 bentibus
795 4497 1172 4553 necessitatem
1203 4497 1467 4554 offerendi
1516 4515 1617 4570 pro
1647 4516 1726 4556 se.
1775 4503 1898 4557 Non
1945 4503 2106 4558 habet

515 4585 758 4640 Christus
787 4585 1168 4640 necessitatem
1199 4586 1360 4642 hanc.
1414 4589 1520 4642 Hoc
1557 4589 1732 4654 enim,
1766 4589 1974 4646 scilicet
2021 4590 2107 4646 of-

518 4673 676 4739 ferre,
709 4674 1050 4743 fecitsemel,
1076 4689 1186 4728 non
1215 4681 1394 4729 tamen
1419 4689 1520 4744 pro
1552 4675 1682 4739 suis,
1729 4677 1826 4731 sed
1869 4694 1967 4748 pro
2014 4679 2110 4734 de-

517 4760 660 4817 lictis
691 4760 914 4832 p0puli;
945 4759 1088 4828 fecit,
1135 4761 1378 4833 inquam,
1427 4764 1707 4834 offerendo
1753 4781 1830 4820 se.
1881 4767 1948 4820 Et
1996 4766 2112 4834 ejus

521 4849 692 4904 semel
720 4849 860 4903 facta
889 4849 1092 4904 oblatio
1135 4848 1406 4906 suﬂiciens
1453 4849 1550 4904 fuit
1611 4852 1861 4906 omnibus
1900 4853 1971 4908 ad
2018 4870 2112 4910 re-

521 4937 837 4992 missionem
867 4936 1130 4991 omnium.
1171 4937 1354 5005 Quare
1385 4953 1492 4992 non
1522 4946 1603 4993 est
1639 4955 1868 4996 necesse
1908 4949 1965 4995 ut
2009 4942 2114 4997 ite-

522 5032 683 5079 rctur.
719 5025 1037 5080 Sacerdotes
1083 5023 1160 5078 illi
1207 5025 1405 5079 habent
1453 5026 1832 5082 necessitatem
1878 5029 2117 5100 quotidie

525 5110 790 5167 oﬂ‘erendi
807 5128 907 5182 pro
928 5129 1009 5182 se,
1023 5113 1154 5184 quia
1178 5114 1272 5168 lea:
1293 5112 1609 5169 sacerdotes
1626 5117 1931 5172 constituit
1949 5117 2120 5174 homi-

528 5215 628 5255 nes
665 5198 930 5256 habentes
969 5201 1368 5268 inﬁrmitatem
1409 5208 1461 5254 et
1498 5200 1802 5273 fragilitatis
1837 5212 2044 5261 natura
2066 5212 2120 5260 et

527 5287 765 5361 peccati.
795 5289 902 5343 Lex
925 5288 1058 5342 tales
1080 5288 1350 5344 constituit
1365 5289 1696 5356 sacerdotes,
1721 5291 1816 5346 sed
1837 5309 2019 5348 sermo
2029 5295 2124 5365 ju-

529 5378 850 5450 risjurandi
866 5380 961 5449 qui
974 5381 1099 5448 post
1114 5379 1286 5448 legem
1299 5377 1477 5432 datam
1495 5393 1596 5448 per
1611 5379 1785 5434 David
1803 5380 1980 5436 dictus
2010 5387 2118 5450 est,

533 5466 806 5524 constituit
837 5465 1174 5522 sacerdotem
1204 5481 1312 5522 non
1343 5465 1638 5537 hominem,
1671 5468 1769 5525 sed
1798 5470 2006 5532 Filium
2023 5471 2122 5536 Dei

2209 4505 2450 4561 xionem.
2485 4509 2811 4578 Capitulum
2831 4509 2972 4576 dico,
3005 4527 3174 4583 super
3202 4527 3288 4578 ea,
3312 4512 3368 4566 id
3385 4521 3467 4567 est
3483 4513 3732 4583 superius
3753 4520 3812 4569 et

2211 4595 2428 4666 dignius
2483 4596 2552 4650 ad
2597 4596 2813 4669 laudem
2863 4599 3060 4653 Christi
3127 4599 3411 4656 continens
3449 4601 3668 4673 quidem
3741 4617 3813 4657 ea

2211 4683 2397 4737 omnia
2423 4700 2544 4755 quae
2573 4685 2846 4742 dicuntur
2873 4686 2928 4741 in
2957 4688 3283 4758 praemissis;
3313 4691 3437 4758 hoc,
3462 4691 3703 4762 inquam,
3727 4699 3816 4745 est

2211 4771 2522 4842 capitulum.
2553 4775 2668 4828 Nos
2685 4775 2952 4831 habemus
2983 4778 3155 4832 talem
3185 4779 3511 4850 pontiﬁcem
3538 4779 3635 4851 qui
3663 4779 3814 4848 jam-

2214 4859 2304 4915 diu
2332 4869 2452 4927 est;
2487 4862 2632 4933 quod
2662 4864 2915 4919 consedit
2943 4881 3066 4920 cum
3097 4867 3254 4921 Patre
3292 4867 3582 4938 quiescens
3630 4875 3683 4923 et
3723 4867 3816 4936 ju-

2215 4947 2422 5004 dicans.
2456 4950 2712 5006 Consedit
2738 4952 2862 5008 dico
2890 4954 2953 5008 in
2981 4953 3242 5021 dextera,
3293 4955 3346 5009 id
3394 4963 3475 5010 est
3519 4955 3573 5010 in
3622 4970 3817 5026 sequa-

2216 5035 2361 5091 litate
2389 5037 2535 5092 sedis
2568 5039 3008 5110 magnitudinis,
3067 5041 3122 5095 id
3179 5050 3262 5096 est
3314 5042 3557 5098 sedentis
3613 5042 3821 5098 divini-

2219 5124 2366 5179 tatis.
2395 5125 2712 5198 Magnitudo
2741 5128 2886 5182 enim
2943 5129 3103 5184 Pater
3155 5129 3350 5186 dicitur
3417 5130 3508 5202 qui
3565 5130 3819 5187 similiter

2220 5212 2418 5267 sedens
2449 5214 2678 5284 quiescit
2709 5223 2762 5271 et
2782 5217 3009 5285 judicat.
3047 5218 3305 5274 Consedit
3351 5218 3475 5275 dico
3518 5220 3582 5274 in
3636 5221 3816 5288 caelis,

2220 5300 2275 5355 id
2307 5309 2390 5355 est
2416 5301 2504 5357 vel
2545 5319 2710 5374 super
2755 5304 2877 5360 illos
2922 5306 3234 5361 materiales
3281 5306 3470 5376 caelos,
3518 5306 3606 5362 vel
3635 5323 3822 5378 super-

2223 5389 2445 5445 thronos
2475 5399 2527 5446 et
2555 5391 2971 5449 dominationes.
3024 5394 3122 5450 Hic
3168 5395 3410 5465 pontifex
3455 5395 3578 5450 dico
3615 5395 3689 5450 ibi
3722 5397 3826 5451 mi-

2222 5478 2405 5536 nister
2423 5485 2774 5540 sanctorum.
2808 5483 2871 5539 In
2897 5482 3051 5540 oculis
3093 5482 3238 5540 enim
3276 5483 3543 5540 ministrat
3585 5484 3825 5556 gloriam
