3966 6050
200 175 307 230 529

843 175 1224 233 EXPOSITIO
1263 179 1336 234 IN
1373 179 1749 236 EPISTOLAS
1789 181 2018 237 PAULI.
2065 214 2134 224 —
2175 186 2249 241 IN
2284 187 2501 244 EPIST.
2542 190 2638 245 AD
2676 191 2832 246 ΗΕΒ.

3397 198 3501 253 530

197 311 305 366 per
334 295 534 352 Sancta
566 304 873 354 sanctorum
907 300 1292 374 signiﬁcatam,
1343 303 1589 359 minister
1618 313 1668 360 et
1690 305 1805 374 jam
1826 307 1880 366 Α
1909 322 2018 362 non
2039 323 2161 364 cum
2179 309 2458 381 inciperet,
2485 313 2718 370 sedcum
2734 322 3151 373 consummaret
3166 319 3501 376 tabernacu-

198 384 406 440 ibidem
437 388 555 442 veri
577 388 951 456 tabernaculi,
975 390 1031 444 id
1054 397 1136 445 est
1155 392 1416 459 veritatis,
1442 409 1604 464 quam
1626 394 1802 449 taber-

198 474 458 529 naculum
509 482 663 530 vetus
709 476 1118 549 praeﬁgurabat,
1184 480 1390 536 scilicet
1433 482 1702 550 justitiam
1748 483 1802 537 in

199 562 460 634 praesenti
489 563 759 631 Ecclesia,
793 566 1026 638 gloriam
1075 568 1129 622 in
1175 568 1371 623 futura.
1422 569 1572 636 Quod
1620 587 1803 626 verum

201 651 615 707 tabernaculum
656 655 793 722 ﬁxit
828 656 1100 712 Dominus
1145 657 1202 711 in
1248 665 1512 712 aeternum
1541 674 1802 729 perman-

197 755 427 806 surum;
476 739 606 794 illud
655 758 785 796 vero
828 743 1116 799 umbratile
1182 745 1320 817 legis
1368 747 1801 813 tabernaculum,

196 843 312 882 non
340 825 534 898 ﬁxum,
567 829 665 884 sed
696 838 814 884 erat
851 832 1114 901 portabile
1169 833 1237 888 de
1297 833 1416 889 loco
1471 835 1540 889 ad
1597 835 1800 891 locum.

201 915 423 971 Diceret
470 917 736 972 Iudaeus:
788 920 856 972 Et
903 920 1084 992 legale
1132 921 1351 992 quidem
1398 923 1804 978 tabernaculum

198 1002 320 1057 ﬁxit
367 1005 632 1059 Dominus
679 1023 776 1076 per
817 1007 1126 1062 ministrum
1191 1012 1439 1080 Moysen.
1493 1011 1685 1082 Utique
1733 1012 1807 1066 ait

197 1091 423 1160 Paulus,
458 1093 556 1147 sed
585 1095 688 1149 hoc
719 1093 831 1149 ﬁxit
863 1096 1143 1162 Dominus,
1179 1097 1252 1152 ita
1281 1099 1426 1170 quod
1455 1116 1565 1154 non
1593 1099 1690 1154 fuit
1718 1100 1806 1157 hic

194 1195 324 1236 cum
356 1196 420 1236 eo
450 1182 604 1250 cujus
633 1183 941 1238 ministerio
978 1183 1210 1256 ﬁgeret;
1245 1187 1342 1241 sed
1369 1187 1649 1258 propriam
1677 1205 1805 1259 per-

199 1284 396 1324 sonam
426 1267 559 1324 ﬁxit.
603 1273 741 1326 Vere
772 1272 1018 1327 Christus
1048 1273 1292 1330 minister
1320 1283 1431 1340 est;
1466 1291 1593 1330 nam
1622 1279 1805 1331 omnis

195 1360 472 1429 pontifex
502 1360 887 1416 constituitur
918 1361 987 1415 ad
1027 1362 1464 1432 ministrandum,
1500 1364 1705 1420 scilicet
1733 1365 1805 1420 ad

195 1446 490 1518 o/ferenda
518 1464 759 1503 munera
789 1452 844 1504 et
875 1450 1104 1506 hostias.
1135 1452 1283 1509 Unde
1322 1451 1444 1523 quia
1475 1453 1650 1507 omnis
1678 1468 1808 1523 pon-

197 1533 330 1589 tifex
357 1535 703 1590 constituitur
732 1536 800 1590 ad
841 1535 1203 1606 offerendum,
1247 1556 1472 1597 necesse
1519 1546 1604 1596 est
1656 1541 1805 1598 hunc

196 1623 376 1678 etiam
403 1623 716 1693 pontiﬁcem
749 1625 1020 1680 Christum
1051 1626 1250 1683 habere
1269 1629 1486 1700 aliquid
1506 1629 1648 1701 quod
1667 1630 1804 1700 olfe-

195 1714 312 1773 rat,
346 1719 398 1765 et
427 1726 547 1766 cum
579 1728 805 1767 necesse
835 1714 902 1767 sit
931 1731 1052 1768 eum
1103 1715 1304 1770 habere
1333 1717 1534 1787 aliquid
1565 1717 1633 1771 ad
1666 1717 1804 1773 oﬁ‘e—

199 1799 457 1866 rendum,
491 1808 581 1854 aut
611 1800 741 1855 illud
777 1801 880 1856 erit
939 1819 1105 1874 super
1137 1811 1358 1873 terram,
1415 1814 1500 1858 aut
1557 1805 1800 1870 cmleste,

201 1888 304 1942 sed
335 1903 444 1942 non
476 1905 642 1958 super
672 1897 894 1944 terram.
952 1892 1014 1946 Si
1057 1891 1200 1945 enim
1230 1909 1398 1964 super
1429 1898 1663 1959 terram,
1690 1895 1804 1962 jam

202 1993 321 2032 non
352 1981 497 2031 esset
529 1978 807 2043 sacerdos,
841 1978 1040 2033 nedum
1088 1980 1353 2049 pontifex.
1401 1981 1549 2053 Ergo
1582 1982 1803 2036 caeleste

199 2065 303 2120 erit
333 2065 478 2136 quod
510 2063 748 2120 offerret.
783 2067 960 2137 Super
988 2075 1180 2122 terram
1211 2085 1332 2124 esse
1379 2069 1508 2123 dicit
1540 2069 1804 2140 quidquid

198 2153 254 2206 in
287 2153 597 2208 carnalibus
620 2163 672 2208 et
700 2171 799 2224 pro
829 2155 1139 2210 carnalibus
1180 2155 1416 2212 offerret.
1448 2157 1502 2212 Si
1533 2166 1676 2212 esset
1706 2175 1802 2212 su-

199 2258 304 2312 per
335 2250 535 2296 terram
558 2243 700 2314 quod
731 2244 889 2297 Jesus
906 2242 1146 2311 offerret,
1172 2261 1279 2299 non
1305 2247 1479 2300 solum
1505 2263 1650 2318 nego
1680 2263 1802 2302 cum

203 2329 536 2400 pontificem,
571 2332 669 2386 sed
698 2348 800 2388 nec
828 2340 971 2387 esset
1021 2333 1313 2399 sacerdos;
1346 2333 1541 2390 frustra
1574 2335 1719 2389 enim
1749 2335 1803 2389 in

203 2417 514 2473 carnalibus
546 2420 802 2475 sacerdos
835 2427 1003 2486 esset,
1037 2438 1166 2477 cum
1215 2426 1402 2477 essent
1433 2423 1583 2476 multi
1613 2439 1802 2478 sacer-

203 2507 362 2562 dotes
375 2509 468 2579 qui
481 2508 751 2578 oﬂerrent
763 2525 1001 2565 munera
1013 2511 1323 2566 secundum
1343 2512 1534 2581 legem,
1553 2510 1606 2564 id
1620 2519 1701 2565 est
1713 2528 1799 2564 su-

201 2611 302 2666 per
323 2603 538 2651 terram.
556 2596 772 2651 Diceret
792 2597 884 2651 ille
907 2612 918 2650 :
940 2598 1087 2651 Multi
1110 2598 1327 2668 quidem
1348 2607 1472 2652 sunt
1489 2597 1799 2665 offerentes,

203 2684 303 2738 sed
335 2684 459 2755 quia
489 2700 648 2739 nemo
679 2685 756 2740 sic
786 2685 950 2756 digne
980 2686 1150 2756 possit
1180 2685 1399 2752 offerre,
1453 2687 1655 2741 bonum
1687 2697 1805 2743 erat

200 2780 260 2826 ut
289 2772 446 2827 Iesus
477 2772 698 2828 offerret
746 2774 1044 2829 secundum
1093 2774 1296 2847 legem,
1329 2783 1384 2829 et
1413 2776 1512 2830 hoc
1540 2784 1799 2842 removet,

199 2861 393 2917 dicens
425 2879 438 2915 :
475 2861 610 2916 Cum
640 2870 823 2917 essent
855 2863 945 2934 qui
985 2864 1285 2918 secundum
1313 2863 1493 2935 legem
1524 2862 1799 2934 offerrent,

199 2958 255 3004 et
285 2951 381 3021 qui
410 2951 733 3006 deserviunt
757 2952 1093 3023 exemplari.
1123 2952 1418 3023 Exemplar
1447 2952 1643 3007 dicitur
1672 2953 1803 3008 illud

1907 396 2044 450 lum.
2071 395 2346 464 Quasdam
2378 400 2521 454 enim
2549 401 2756 472 ﬁguras
2783 419 2884 473 per
2921 420 2980 458 se
3011 405 3254 460 invenire
3284 406 3455 476 potuit
3489 421 3500 461 :

1906 483 2004 537 sed
2033 499 2158 539 cum
2188 501 2378 541 omnes
2410 504 2509 558 per
2539 505 2598 544 se
2644 506 2754 545 non
2804 500 2990 561 posset
3019 492 3281 560 invenire,
3312 510 3499 549 rever-

1906 588 2000 626 sus
2029 580 2110 626 est
2139 573 2209 627 ad
2238 575 2410 630 Deum
2437 619 2450 642 ,
2482 584 2539 630 ut
2570 577 2706 632 sicut
2733 579 2802 634 de
2833 580 3072 646 veritate,
3108 581 3187 637 sic
3215 581 3284 636 de
3315 581 3506 654 ﬁguris

1908 660 2253 717 edoceretur.
2289 663 2386 718 Cui
2415 665 2682 720 Dominus
2703 666 2872 739 inquit
2905 686 2918 723 :
2967 670 3109 735 Vide,
3144 671 3378 740 Moyses,
3412 674 3507 740 fa-

1906 748 2017 803 cito
2034 752 2245 816 omnia,
2268 750 2322 804 id
2345 760 2424 806 est
2439 751 2638 826 ﬁguras
2651 769 2840 810 omnes
2862 757 3172 812 secundum
3187 759 3502 829 exemplar,

1903 835 1956 890 id
1987 845 2068 890 est
2087 839 2388 894 secundum
2419 841 2718 907 veritatem,
2745 844 2888 915 quod
2907 845 3185 915 exemplar
3209 850 3502 902 ostensum

1906 930 1990 979 est
2023 927 2121 981 tibi
2143 928 2204 982 in
2228 933 2419 984 monte
2451 949 2469 985 :
2497 929 2571 983 illi
2600 931 2802 986 habent
2831 933 3193 988 ministerium
3223 935 3501 990 deservire

1907 1013 2201 1083 exemplari
2234 1024 2284 1070 et
2313 1017 2546 1083 umbraz;
2571 1021 2664 1074 sed
2682 1021 2841 1076 Iesus
2861 1023 3101 1076 sortitus
3130 1026 3215 1077 est
3240 1023 3501 1079 ministe-

1908 1103 2059 1155 rium
2088 1103 2294 1158 melius
2325 1105 2491 1174 :quia
2538 1115 2590 1161 et
2636 1107 2691 1160 in
2738 1108 3072 1178 spiritalibus
3125 1110 3415 1176 ministrat,
3453 1118 3506 1166 et

1907 1187 2168 1258 spiritalia
2195 1191 2301 1245 dat.
2339 1191 2572 1248 Sortitus
2617 1195 2740 1250 dico
2790 1212 2932 1251 nunc
2979 1205 3267 1270 postquam
3316 1206 3505 1253 osten-

1907 1293 2026 1330 sum
2058 1286 2137 1332 est
2187 1295 2310 1333 eum
2361 1297 2470 1334 non
2519 1281 2734 1346 offerre,
2781 1285 2926 1354 quod
2973 1284 3040 1338 sit
3071 1301 3235 1355 super
3280 1293 3500 1340 terram.

1907 1364 2262 1420 Miuisterium
2291 1367 2413 1423 dico
2444 1376 2588 1424 tanto
2619 1370 2811 1424 melius
2843 1376 3055 1442 quanto
3088 1381 3140 1427 et
3197 1373 3313 1442 ipse
3343 1373 3503 1428 Jesus

1907 1453 2063 1507 dator
2091 1458 2174 1509 est
2217 1458 2552 1512 testamenti
2590 1458 2863 1524 melioris,
2898 1459 2952 1513 id
2981 1467 3065 1514 est
3104 1460 3346 1528 meliora,
3380 1461 3504 1532 quia

1907 1549 2104 1595 aeterna
2135 1544 2515 1613 promittentis.
2549 1547 2609 1600 Et
2631 1562 2740 1600 non
2769 1547 2843 1601 ait
2871 1547 3045 1614 dator,
3081 1548 3178 1602 sed
3203 1548 3501 1614 mediator,

1827 1666 1878 1725 B
1910 1630 2167 1700 quoniam
2229 1632 2442 1687 medius
2484 1633 2624 1688 inter
2667 1636 2842 1689 Deum
2891 1643 2942 1690 et
2987 1635 3263 1691 hominem
3310 1653 3341 1691 a
3389 1638 3505 1693 Deo

1907 1718 2121 1788 accipit,
2175 1721 2320 1790 quod
2383 1721 2590 1775 homini
2657 1723 2856 1777 tribuit.
2923 1723 3080 1791 Quod
3125 1733 3504 1780 testamentum

1906 1807 2211 1872 sancitum,
2269 1807 2321 1861 id
2372 1817 2455 1863 est
2493 1809 2895 1878 conﬁrmatum,
2946 1820 3028 1867 est
3087 1813 3402 1867 duraturum
3448 1813 3504 1868 in

1905 1901 2188 1949 aeternum.
2243 1896 2517 1951 Sancitum
2575 1897 2697 1954 dico
2749 1899 3293 1970 repromissionibus,
3334 1901 3388 1954 id
3419 1909 3503 1956 est

1906 1982 2090 2037 multis
2118 1999 2183 2039 ac
2215 1984 2448 2039 diversis
2495 1985 2992 2056 pollicitationibus.
3041 1989 3500 2058 Repromissioni-

1907 2071 2008 2124 bus
2038 2071 2163 2127 dico
2209 2075 2536 2129 melioribus
2585 2073 2723 2130 sicut
2768 2092 2914 2145 saepe
2952 2075 3156 2131 dictum
3205 2084 3306 2131 est.
3354 2077 3498 2132 Dixit

1904 2158 1978 2213 ibi
2013 2177 2026 2213 :
2059 2159 2302 2214 Christus
2333 2170 2412 2216 est
2443 2162 2601 2217 dator
2650 2163 2892 2218 melioris
2937 2164 3262 2230 testamenti,
3313 2166 3498 2222 ethoc

1902 2248 2097 2317 probat
2126 2248 2313 2304 dicens
2345 2268 2359 2303 :
2391 2251 2530 2305 Vera
2550 2258 2932 2306 testamentum
2963 2251 3163 2306 Christi
3192 2253 3385 2307 melius
3418 2261 3502 2309 est

1905 2343 2228 2392 testamento
2272 2338 2463 2408 priori.
2511 2340 2653 2394 Nam
2708 2339 2838 2393 illud
2903 2340 3055 2409 prius
3116 2348 3499 2396 testamentum

1905 2440 2013 2478 non
2043 2426 2256 2480 vocavit
2285 2441 2316 2480 a
2347 2427 2535 2497 culpa,
2569 2428 2768 2482 Christi
2798 2436 2975 2482 autem
3002 2437 3383 2483 testamentum
3411 2447 3500 2484 va—

1905 2518 1987 2565 cat
2019 2527 2050 2564 a
2081 2511 2258 2581 culpa.
2297 2512 2358 2566 Si
2386 2513 2537 2566 enim
2558 2513 2704 2567 illud
2723 2513 2881 2584 prius
2904 2520 3279 2567 testamentum
3312 2530 3500 2569 vacas-

1903 2603 1988 2654 set
2034 2615 2066 2654 a
2095 2599 2276 2670 culpa,
2307 2615 2419 2654 non
2463 2600 2686 2654 daretur
2732 2601 3028 2655 secundum
3079 2608 3496 2667 testamentum;

1905 2688 2001 2742 sed
2052 2688 2174 2759 quia
2233 2688 2531 2743 secundum
2593 2689 2771 2742 datum
2829 2697 2930 2755 est,
2979 2698 3207 2759 apparet
3263 2689 3497 2759 primum

1907 2776 2072 2831 fuisse
2102 2776 2500 2847 imperfectum,
2534 2785 2585 2832 et
2636 2777 2934 2832 secundum
2981 2777 3303 2846 perfectum.
3353 2779 3493 2832 Fru-

1905 2872 2018 2919 stra
2075 2866 2220 2919 enim
2273 2865 2421 2936 prius
2494 2874 2871 2920 testamentum
2948 2866 3337 2931 destrueretur,
3396 2866 3501 2921 nisi

1905 2961 2050 3007 esset
2077 2953 2474 3024 imperfectum.
2508 2955 2573 3008 Et
2607 2953 2807 3009 frustra
2856 2954 3150 3008 secundum
3181 2954 3404 3008 daretur
3432 2956 3500 3010 ad

200 3039 274 3092 ad
306 3039 460 3108 cujus
503 3021 934 3094 similitudinem
956 3037 1013 3092 ﬁt
1061 3021 1314 3110 aliquid:
1334 3041 1655 3112 Exemplum
1703 3058 1802 3095 au-
1826 3021 1872 3080 θ
1907 3021 2298 3097 correctionem
2326 3042 2525 3112 prioris
2556 3041 2875 3112 imperfecti,
2910 3041 2956 3095 si
3002 3057 3111 3096 non
3141 3050 3285 3096 esset
3312 3042 3498 3112 perfe-

201 3135 317 3182 tem
347 3127 662 3194 similitudo,
697 3144 818 3198 quas
847 3128 913 3181 ab
962 3128 1258 3198 exemplari
1301 3124 1527 3198 eapitui
1573 3127 1804 3196 Quando

200 3216 353 3270 Deus
401 3216 626 3286 Moysen
674 3215 889 3272 vocavit
927 3216 979 3269 in
1030 3224 1288 3281 montem,
1324 3217 1396 3270 ibi
1445 3217 1707 3272 revelavit
1755 3217 1804 3272 ei

201 3320 423 3361 omnem
451 3306 595 3376 (qua:
623 3304 896 3375 implenda
925 3307 1064 3372 erat)
1101 3305 1168 3358 de
1197 3305 1344 3360 cultu
1367 3305 1465 3358 Dei
1495 3305 1799 3360 veritatem.

200 3393 314 3448 Sed
341 3394 489 3448 Deus
519 3409 640 3448 eum
672 3394 857 3464 Moyse
889 3393 1200 3466 intelligens
1224 3393 1485 3464 populum
1507 3393 1656 3447 illum
1685 3409 1804 3449 car-

198 3483 380 3537 nalem
403 3498 512 3536 non
543 3481 722 3536 statim
753 3497 916 3552 posse
954 3498 1149 3552 capere
1186 3481 1469 3551 spiritalia,
1496 3482 1628 3536 dixit
1648 3484 1804 3552 Moy-

201 3571 271 3638 si,
308 3579 383 3636 ut,
417 3571 555 3626 sicut
585 3570 868 3625 veritatem
891 3587 1048 3641 quam
1083 3570 1154 3624 ibi
1176 3571 1409 3635 videbat,
1437 3569 1637 3625 faceret
1668 3569 1807 3642 figu-

199 3675 290 3714 ras
320 3659 395 3714 illi
417 3659 618 3730 populo
639 3659 863 3724 carnali,
887 3659 941 3712 in
966 3659 1161 3730 quibus
1178 3658 1398 3729 puerilis
1427 3657 1658 3729 populus
1690 3667 1806 3712 tan-

201 3749 298 3803 diu
329 3749 678 3816 enutriretur,
703 3749 879 3803 donec
899 3747 967 3802 de
987 3746 1213 3817 pueritia
1244 3746 1543 3819 ﬁgurarum
1577 3747 1805 3801 transire

201 3845 392 3908 posset
421 3837 491 3891 ad
522 3836 882 3890 maturitatem
913 3836 1143 3900 virtutis,
1179 3843 1231 3890 et
1259 3835 1361 3890 hoc
1411 3836 1574 3889 modo
1605 3835 1806 3891 veritas

198 3926 358 3998 prius
387 3934 609 3980 ostensa
640 3924 917 3994 exemplar
949 3923 1044 3978 fuit
1078 3923 1376 3995 ﬁgurarum
1419 3923 1703 3992 factarum,
1737 3923 1806 3977 ad

205 4014 616 4068 similitudinem
643 4013 796 4084 prius
827 4020 1062 4068 ostensze
1101 4012 1370 4066 veritatis.

279 4105 494 4159 lterum'
539 4102 648 4156 alio
700 4112 949 4172 respectu
990 4100 1179 4173 ﬁgurat
1229 4101 1484 4156 dicuntur
1528 4099 1808 4170 exemplar

203 4193 467 4262 veritatis,
501 4192 798 4247 secundum
829 4189 1194 4261 impletionem
1238 4189 1414 4254 illius,
1451 4189 1521 4243 ad
1551 4188 1805 4242 similitu-

204 4282 392 4336 dinem
421 4280 716 4352 ﬁgurarum
748 4278 1192 4349 przecedentium,
1247 4285 1299 4332 et
1329 4278 1630 4333 secundum
1662 4278 1808 4331 hunc

1904 3138 2066 3184 ctum.
2099 3130 2256 3198 Quod
2287 3131 2356 3184 ita
2386 3131 2456 3184 ait
2491 3149 2504 3184 :
2539 3131 2595 3185 Si
2639 3131 2766 3184 illud
2799 3131 2950 3200 prius
2986 3137 3369 3185 testamentum
3399 3146 3499 3185 va—

1905 3227 2081 3272 casset
2110 3234 2142 3271 a
2177 3218 2348 3288 culpa,
2383 3235 2491 3273 non
2522 3218 2596 3272 ait
2625 3219 2670 3272 si
2693 3218 2940 3272 homines
2963 3218 3062 3272 sub
3093 3217 3185 3272 illo
3216 3225 3501 3272 vacassent

1903 3323 1932 3359 a
1965 3306 2138 3376 culpa,
2191 3307 2290 3361 sed
2329 3306 2458 3360 illud
2489 3307 2665 3376 ipsum
2715 3315 3095 3361 testamentum
3132 3314 3400 3372 vacasset,
3445 3305 3498 3359 id

1905 3403 1987 3449 est
2016 3410 2248 3450 vacuum
2277 3383 2423 3449 esset
2453 3410 2484 3448 a
2514 3395 2707 3464 culpa;
2744 3394 2798 3447 in
2831 3395 2936 3450 hoc
2965 3394 3106 3449 enim
3129 3394 3245 3464 ipsa
3274 3394 3361 3448 lex
3390 3411 3501 3448 non

1905 3499 2027 3538 esse
2054 3500 2220 3538 vacua
2271 3483 2553 3537 videbatur
2581 3499 2611 3535 a
2641 3482 2818 3551 culpa,
2867 3499 3025 3552 quam
3057 3481 3407 3552 praecipiebat
3449 3489 3501 3536 et

1909 3572 2136 3643 gratiam
2169 3571 2486 3639 adjutricem
2516 3586 2678 3642 quam
2713 3569 3042 3625 ministraret
3072 3585 3178 3625 non
3219 3569 3454 3624 habebat
3489 3584 3500 3622 :

1906 3660 1983 3715 sic
2013 3676 2203 3714 omnes
2230 3659 2438 3730 legales
2468 3658 2673 3714 faciens
2721 3658 3041 3728 culpabiles.

1978 3749 2052 3813 Si,
2115 3748 2354 3819 inquam,
2409 3747 2541 3801 illud
2587 3747 2738 3817 prius
2768 3754 3018 3801 vacasset
3048 3761 3081 3800 a
3127 3744 3285 3816 culpa
3334 3744 3500 3814 (idem

1904 3853 2005 3907 pro
2029 3844 2178 3891 certo
2218 3835 2340 3891 dico
2372 3834 2549 3905 vobis)
2584 3851 2698 3889 non.
2721 3837 3108 3906 inquireretur
3137 3835 3308 3899 locus,
3342 3832 3396 3886 id
3425 3839 3507 3886 est

1904 3924 2276 3994 opportunitas
2305 3924 2539 3979 secundi
2568 3922 2876 3977 testamenti
2908 3921 3091 3975 dandi.
3126 3921 3498 3992 Inquireretur

1905 4013 2028 4067 ideo
2059 4013 2133 4066 ait
2162 4013 2286 4083 quia
2317 4013 2462 4066 Deus
2483 4011 2714 4081 primum
2746 4027 2847 4082 per
2873 4012 3009 4075 Noe,
3044 4009 3242 4063 deinde
3272 4025 3373 4079 per
3399 4023 3502 4078 pa-

1907 4101 2191 4167 triarchas,
2224 4109 2414 4170 postea
2443 4117 2542 4170 per
2591 4101 2770 4172 legem
2819 4107 2871 4154 et
2912 4099 3202 4170 prophetas
3235 4117 3248 4163 ;
3283 4097 3339 4150 in
3379 4097 3505 4168 lege

1906 4188 2162 4260 paulatim
2193 4188 2513 4243 instruendo
2543 4188 2818 4242 carnalem
2867 4187 3158 4241 ruditatem
3205 4184 3504 4252 hominum,

1907 4277 2207 4349 inquirebat
2237 4277 2435 4341 locum,
2473 4291 2600 4346 quo,
2634 4275 2741 4329 illis
2770 4275 2837 4328 ad
2879 4273 3268 4344 perfectionem
3299 4274 3505 4327 instru—

203 4370 431 4425 modum
461 4369 665 4440 ﬁguras
696 4368 784 4424 hic
813 4374 971 4423 vocat
1015 4365 1315 4436 exemplar.
1356 4366 1417 4418 In
1451 4365 1804 4436 sequentibus
1835 4374 1885 4433 D
1907 4365 2025 4432 etis,
2058 4372 2362 4435 opportune
2393 4364 2545 4417 daret
2595 4362 2840 4432 spiritale
2872 4369 3269 4416 testamentum.
3305 4360 3381 4425 Si,
3416 4360 3505 4414 in-

203 4466 388 4513 autem
433 4457 715 4513 veritatem
764 4455 913 4527 prius
959 4455 1012 4509 in
1059 4462 1242 4509 monte
1272 4453 1442 4524 Moysi
1488 4453 1804 4519 revelatam,

203 4547 486 4618 exemplar
515 4554 668 4601 vocat
697 4552 950 4615 respectu
981 4542 1281 4615 ﬁgurarum
1301 4542 1368 4595 ad
1401 4541 1806 4595 similitudinem

203 4644 443 4692 ostensa:
495 4634 709 4688 virtutis
752 4631 1000 4705 [veritati]
1048 4631 1408 4685 inventarum.
1464 4629 1803 4696 Deserviunt,

202 4725 446 4797 inquam,
481 4723 798 4793 exemplari,
834 4721 888 4776 id
918 4728 1000 4775 est
1051 4718 1261 4790 ﬁguris,
1295 4726 1348 4772 et
1377 4717 1500 4789 quia
1532 4717 1810 4787 exemplar

206 4813 536 4886 quandoque
565 4820 648 4866 est
674 4810 894 4876 veritas,
928 4825 1040 4863 non
1068 4807 1262 4880 ﬁgura,
1295 4807 1444 4861 addit
1472 4815 1525 4860 et
1574 4807 1804 4872 umbra),

207 4902 338 4975 quia
385 4902 490 4956 illa:
536 4899 747 4973 ﬁguras,
799 4897 1079 4968 exemplar
1124 4903 1292 4960 erant,
1345 4911 1454 4950 non
1502 4893 1804 4960 veritatem,

209 4992 307 5046 sed
347 4991 593 5044 umbram
641 4989 905 5042 habentes
954 4985 1220 5051 veritatis,
1270 5000 1366 5054 per
1395 4983 1674 5038 Christum
1721 4981 1807 5037 le-

207 5080 350 5136 viter
379 5078 776 5149 depellendam.
811 5076 947 5130 Cum
977 5081 1177 5139 essent,
1214 5073 1455 5144 inquam,
1490 5073 1583 5142 qui
1612 5071 1807 5125 deser-

206 5170 364 5225 viunt
425 5167 630 5222 umbrae
689 5165 1036 5228 ccelestium,
1096 5162 1168 5216 ita
1216 5161 1537 5231 complendo
1604 5158 1803 5229 omnia,

207 5260 360 5316 sicut
387 5275 422 5312 a
452 5257 566 5312 Deo
597 5270 926 5327 responsum
965 5255 1048 5307 est
1078 5251 1260 5323 Moysi,
1293 5257 1492 5304 etcum
1524 5247 1600 5301 illi
1623 5262 1806 5301 sacer-

207 5349 367 5403 dotes
401 5344 635 5422 38_'7
673 5344 812 5398 bene
848 5342 1027 5414 legem
1067 5339 1357 5410 implerent
1391 5355 1403 5392 :
1437 5336 1634 5390 frustra
1649 5335 1807 5390 Jesus

208 5448 316 5503 hoc
345 5441 714 5501 sacerdotium
757 5445 1078 5496 assumeret.
1128 5438 1472 5509 Responsum
1522 5441 1604 5490 est
1635 5429 1808 5505 Moysi

1909 4469 2092 4524 quam,
2128 4452 2277 4523 prius
2308 4458 2688 4506 testamentum
2732 4457 2977 4505 vacasset
3002 4465 3034 4504 a
3071 4449 3250 4519 culpa,
3283 4465 3391 4503 non
3422 4448 3503 4502 in-

1909 4541 2213 4612 quireretur
2240 4541 2393 4596 locus
2449 4538 2674 4595 secundi
2717 4537 3045 4593 testamenti.
3100 4537 3206 4592 Sed
3236 4537 3387 4592 locus
3419 4552 3509 4590 se-

1910 4629 2071 4684 cundi
2117 4629 2423 4701 inquiritur,
2475 4637 2527 4683 et
2589 4629 2693 4683 hoc
2740 4627 2933 4698 probat
2988 4641 3088 4696 per
3136 4624 3505 4680 testimonium

1906 4718 2154 4772 Ieremia:
2207 4717 2482 4773 dicentis:
2537 4717 2675 4771 Vere
2723 4714 3034 4786 inquiritur.
3084 4715 3225 4769 Nam
3276 4711 3504 4783 Spiritus

1909 4815 2126 4861 sanctus
2157 4809 2486 4878 vituperans
2517 4820 2606 4860 eos
2636 4803 2863 4874 legales,
2907 4803 3047 4858 dicit
3066 4817 3163 4871 per
3189 4799 3500 4856 Jeremiam.

1907 4897 2045 4951 Ecce
2075 4896 2312 4950 veniunt
2337 4892 2597 4964 paulatim
2626 4889 3043 4962 propinquando
3086 4888 3263 4958 magis
3291 4903 3354 4942 ac
3381 4903 3503 4941 ma-

1907 4983 1992 5053 gis
2021 4982 2158 5036 dies.
2190 4983 2424 5052 Tempus
2454 4979 2654 5036 Christi
2701 4979 2818 5034 dies
2869 4985 3046 5043 vocat,
3081 4976 3208 5047 quia
3253 4974 3505 5030 veniente

1909 5070 2141 5135 Christo,
2177 5070 2412 5124 tenebrae
2456 5069 2629 5139 pulsae
2683 5075 2826 5122 sunt.
2860 5067 2928 5120 Et
2958 5065 3129 5119 illuxit
3157 5064 3304 5134 dies,
3337 5063 3392 5119 id
3423 5071 3504 5119 est

1907 5158 2142 5216 veritatis
2171 5157 2429 5231 cognitio.
2465 5157 2531 5210 Et
2559 5157 2660 5211 hoc
2691 5156 2836 5227 quod
2867 5154 3084 5210 veniant
3114 5153 3168 5208 hi
3197 5153 3315 5208 dies
3348 5170 3361 5207 :
3394 5167 3503 5207 non

1907 5263 2032 5320 ego,
2068 5247 2167 5302 sed
2196 5247 2469 5301 Dominus
2502 5244 2682 5300 dicit:
2715 5243 2920 5298 credite
2969 5241 3068 5308 illi,
3103 5245 3160 5296 et
3207 5241 3261 5295 in
3310 5239 3504 5294 diebus

1906 5336 2012 5390 illis
2049 5333 2463 5400 consummabo,
2496 5333 2550 5387 id
2572 5341 2654 5387 est
2683 5332 2824 5386 dabo
2849 5335 3253 5387 testamentum
3269 5343 3498 5391 novum,

1907 5425 2054 5497 quod
2099 5425 2203 5481 erit
2241 5438 2624 5481 consummans
2669 5428 2823 5477 vetus
2856 5435 2868 5473 :
2901 5419 3025 5494 quia
3085 5418 3152 5473 ad
3198 5415 3501 5489 perfectum
