3966 6050
439 151 536 204 531

1003 145 1059 200 S.
1094 139 1447 199 BRUNONIS
1484 137 2130 198 CARTHUSIANORUM
2166 132 2646 196 INSTITUTORIS
2685 137 2839 195 OPP.
2880 139 3054 196 PARS
3092 141 3161 196 II.

3630 142 3733 198 532

436 271 763 325 adducens:
819 267 1093 341 quomodo
1150 281 1352 322 novum
1402 264 1531 320 satis
1578 263 1633 317 in
1682 261 2108 334 sequentibusA
2134 260 2343 317 minore
2371 262 2516 316 enim
2544 263 2649 317 hoc
2676 261 3011 333 impossibile
3069 269 3151 317 est
3205 261 3390 319 doceri
3446 263 3731 333 majorem.

440 358 842 413 determinabit.
891 355 1311 423 Consummabo,
1362 353 1602 425 inquam,
1635 351 1765 406 illud
1793 351 1850 405 in
1878 351 2040 406 domo

442 446 613 501 Israel
645 454 697 501 et
726 446 783 500 in
812 446 977 501 domo
1016 445 1172 498 Juda.
1222 443 1306 497 Ad
1350 442 1584 496 litteram
1629 456 1730 510 per
1777 439 1944 494 Israel
1988 445 2043 492 et

440 535 657 602 Judam,
690 534 863 588 Judaei
913 540 1119 588 tantum
1162 530 1549 601 intelliguntur,
1598 528 1699 584 sed
1740 526 2042 583 secundum

440 622 914 694 interpretationes
963 636 1179 687 vocum,
1230 619 1407 673 omnis
1449 617 1640 673 videns
1688 624 1740 672 et
1779 614 2042 671 confitens

442 712 615 766 Deum
644 710 983 782 intelligitur.
1036 708 1205 763 Israel
1252 716 1303 761 et
1338 705 1475 760 Juda
1513 705 1720 771 dividit,
1765 704 1893 775 quia
1919 711 2044 774 post

440 807 669 855 mortem
702 798 1029 865 Salomonis,
1064 797 1156 868 qui
1186 795 1243 850 iu
1288 795 1529 865 utrisque
1576 809 1805 864 regnum
1836 792 2039 861 habuit,

442 889 689 945 Roboam
720 886 861 941 filius
890 887 1004 954 ejus
1034 885 1233 939 tribum
1260 883 1399 937 Juda
1421 890 1471 937 et
1516 882 1795 936 dimidiam
1843 880 2042 935 tribum

445 976 722 1046 Benjamin
752 983 956 1029 tantum
988 973 1191 1039 habuit,
1244 979 1298 1027 et
1328 972 1449 1027 alia:
1481 971 1658 1025 tribus
1687 970 1851 1025 Israel
1879 970 1948 1023 ab
1978 984 2044 1024 eo

444 1066 552 1135 die,
586 1064 908 1120 recedentes
930 1063 999 1117 ab
1021 1077 1086 1117 eo
1107 1061 1455 1116 adhaeserunt
1474 1059 1764 1114 Jeroboam
1796 1058 1898 1129 (III
1915 1060 2041 1128 Reg.

445 1168 546 1218 xu,
602 1153 710 1221 19).
758 1152 875 1206 Hoc
926 1154 1301 1205 testamentum
1331 1162 1531 1202 novum
1576 1146 1712 1201 dabo
1759 1161 1926 1217 super
1952 1145 2046 1200 do-

443 1256 621 1305 mum,
645 1241 699 1294 id
738 1248 818 1294 est
848 1247 906 1293 ut
938 1237 1092 1309 quasi
1135 1237 1203 1290 de
1252 1234 1504 1305 supernis
1543 1234 1768 1290 veniens
1797 1233 2046 1288 domine-

445 1337 532 1383 tur
560 1329 735 1383 Israel
759 1332 815 1382 et
834 1326 991 1397 juda:
1017 1345 1035 1380 :
1067 1332 1119 1379 et
1168 1339 1276 1378 non
1308 1323 1376 1376 sit
1423 1321 1578 1394 quasi
1621 1320 1709 1376 lex
1765 1329 1920 1376 vetus
1951 1335 2049 1375 an-

447 1417 575 1473 cilla
604 1418 659 1471 in
686 1431 849 1470 manu
880 1411 1201 1469 sacerdotis.
1241 1411 1311 1466 Et
1340 1410 1468 1482 quia
1516 1417 1701 1481 posset
1730 1425 1852 1465 esse
1882 1417 2049 1465 testa-

447 1513 692 1559 mentum
721 1519 941 1568 novum,
996 1500 1122 1572 quia
1162 1514 1305 1556 nova
1353 1507 1564 1554 terrena
1607 1499 1949 1569 promitteret
1999 1505 2049 1554 et

450 1592 799 1665 prazciperet,
821 1589 1146 1645 determinat
1171 1589 1274 1643 hoc
1297 1589 1486 1643 dicens
1503 1587 1743 1643 :Novum
1763 1586 1834 1641 ita
1853 1592 1911 1641 ut
1932 1602 2048 1642 non
2067 1616 2120 1678 B

446 1682 517 1736 sit
554 1680 865 1736 secundum
905 1678 1038 1733 illud
1076 1679 1483 1732 testamentum
1510 1674 1749 1731 388
1770 1675 1912 1748 quod
1942 1690 2050 1748 ego

448 1771 560 1842 feci
577 1769 833 1841 patribus
864 1782 1077 1823 eorum.
1109 1765 1180 1819 Et
1208 1764 1336 1835 quia
1359 1764 1681 1836 quibusdam
1702 1763 1968 1835 patribus,
1992 1770 2052 1817 ut

447 1858 745 1923 Abraham,
801 1854 1045 1926 spiritale
1092 1860 1478 1909 testamentum
1528 1852 1751 1919 fecerat,
1794 1852 1919 1907 ideo
1949 1852 2049 1907 de-

448 1945 748 2002 terminans
760 1944 835 1999 ait
855 1942 1002 2013 quod
1015 1940 1117 1997 feci
1131 1943 1195 1997 in
1217 1942 1306 1998 die
1326 1958 1432 2014 qua
1447 1941 1795 2013 apprehendi
1813 1957 2052 1996 manum

448 2036 704 2100 illorum,
736 2037 803 2087 ut
832 2032 1126 2087 educerem
1142 2030 1273 2084 illos
1294 2030 1359 2084 de
1379 2034 1533 2084 terra
1562 2030 1809 2099 ï¬‚igi/pii.
1848 2030 2054 2098 Appre-

450 2122 616 2178 hendi
642 2136 891 2187 manum,
924 2133 991 2173 ea
1020 2116 1373 2171 similitudine
1418 2116 1547 2172 dicit
1577 2130 1685 2187 qua
1714 2114 1911 2186 aliquis
1937 2131 2055 2171 ma-

450 2226 581 2265 num
612 2209 667 2264 in
697 2208 811 2263 luto
835 2206 1084 2277 jacentis,
1120 2212 1173 2260 et
1220 2219 1319 2274 per
1366 2220 1426 2259 se
1463 2220 1696 2274 surgere
1742 2204 2054 2274 impotentis

453 2296 833 2369 apprehendit,
877 2303 932 2350 et
972 2292 1133 2365 erigit
1166 2310 1181 2361 ;
1214 2293 1292 2349 sic
1339 2293 1487 2348 Deus
1517 2308 1611 2348 eos
1640 2310 1740 2364 per
1769 2309 1829 2348 se
1873 2293 2053 2363 impo-

452 2395 629 2444 tentes
697 2383 1075 2457 apprehendit,
1136 2388 1190 2437 et
1253 2382 1322 2436 de
1385 2397 1630 2438 aerumna
1682 2381 2054 2454 Egyptiorum

452 2475 704 2531 extraxit.

526 2562 817 2632 Quomodo
869 2578 963 2618 eos
1020 2559 1405 2633 vituperaverit
1432 2573 1576 2614 nunc
1603 2558 1677 2613 ait
1709 2573 1721 2613 :
1767 2559 1889 2630 Ego
1920 2550 2054 2629 lqui-

453 2654 578 2708 dem
610 2651 943 2723 apprehendi
981 2666 1197 2705 manum
1246 2664 1457 2715 eorum,
1509 2648 1606 2702 sed
1653 2648 1918 2719 quoniam
1946 2648 2057 2719 ipsi

455 2757 573 2797 non
591 2744 1034 2814 permanserunt
1055 2742 1117 2795 in
1139 2740 1483 2794 testamento
1504 2752 1644 2802 meo,
1669 2736 1772 2806 ipsi
1797 2736 2056 2808 neglexe-

457 2838 583 2885 runt
611 2845 719 2898 me,
754 2833 809 2885 et
827 2846 920 2901 ego
941 2828 1173 2900 neglexi
1193 2844 1282 2883 eos
1312 2846 1329 2881 :
1361 2833 1414 2880 et
1431 2825 1475 2878 si
1502 2824 1626 2879 dico
1646 2840 1745 2879 vos
1775 2824 2056 2895 neglectos

457 2935 491 2975 a
520 2921 656 2988 Deo,
692 2934 760 2973 ne
786 2916 1005 2973 molesti
1061 2915 1177 2971 sitis
1205 2914 1371 2981 mihi;
1414 2913 1542 2985 quia
1568 2914 1671 2968 hoc
1702 2913 1842 2969 dicit
1870 2914 2057 2967 Domi-

456 3025 566 3065 nus
594 3027 613 3064 :
634 3009 775 3064 Vere
805 3006 949 3061 dabo
979 3010 1361 3060 testamentum
1390 3017 1609 3071 novum,
1644 3010 1696 3057 et
1724 3017 1832 3056 non
1865 3017 2058 3057 secun-

458 3098 589 3152 dum
617 3096 753 3151 illud
781 3094 924 3167 quod
971 3093 1099 3148 dedi
1146 3092 1390 3163 patribus
1421 3106 1611 3145 eorum
1645 3106 1657 3145 :
1690 3091 1822 3162 quia
1854 3090 1951 3146 hoc
1973 3093 2058 3145 est

460 3188 868 3242 testamentum
894 3182 1035 3255 quod
1054 3197 1161 3253 ego
1174 3182 1491 3253 disponam,
1508 3180 1561 3234 id
1587 3186 1669 3235 est
1689 3178 2060 3233 ordinabiliter

459 3274 604 3328 dabo
634 3272 825 3329 domui
856 3272 1047 3336 Israel,
1077 3270 1133 3323 id
1163 3276 1245 3325 est
1273 3268 1512 3323 omnium
1545 3268 1842 3324 videntium
1861 3268 2055 3333 Deum,

457 3378 559 3416 nec
587 3361 770 3428 modo,
805 3359 909 3414 sed
931 3363 1053 3432 post
1081 3357 1200 3413 dies
1244 3358 1371 3413 illos
1422 3356 1824 3423 determinatos,
1860 3364 1911 3411 et
1956 3357 2062 3412 hoc

459 3449 657 3505 iterum
687 3448 891 3505 credite
925 3466 937 3502 :
972 3447 1094 3519 quia
1122 3446 1200 3501 sic
1241 3447 1382 3501 dicit
1420 3448 1711 3501 Dominus.
1765 3444 2062 3515 Disponam

460 3538 644 3611 utique
675 3537 858 3594 dando
892 3538 1034 3609 leges
1062 3551 1216 3591 meas
1245 3536 1309 3590 in
1337 3538 1577 3600 mentes,
1602 3533 1656 3587 id
1678 3541 1759 3587 est
1788 3533 1843 3587 in
1873 3532 2065 3588 intelli-

462 3628 675 3700 gentias
704 3641 917 3691 eorum,
942 3640 1045 3680 nec
1076 3623 1250 3679 solum
1270 3623 1574 3693 disponam,
1603 3622 1700 3676 sed
1732 3622 1894 3676 etiam
1923 3623 2065 3678 scri-

466 3716 593 3771 bam
623 3732 735 3780 eas,
770 3722 827 3767 ut
857 3715 921 3769 in
950 3721 1157 3768 aeterno
1197 3718 1472 3778 maneant,
1508 3710 1563 3763 in
1592 3711 1781 3777 corda,
1814 3710 1868 3764 id
1899 3718 1979 3765 est
2009 3710 2065 3763 in

465 3803 771 3859 voluntates
802 3818 995 3857 eorum
1028 3820 1045 3856 :
1077 3800 1199 3871 quia
1219 3807 1272 3855 et
1296 3798 1602 3870 intelligent
1624 3805 1676 3852 et
1705 3814 1770 3853 ex
1793 3797 2064 3853 voluntate

464 3891 619 3962 leges
649 3906 798 3944 meas
849 3889 1233 3959 operabuntur.
1281 3886 1528 3943 Scribam
1576 3886 1698 3942 dico
1748 3886 1903 3957 quasi
1933 3886 2066 3941 illud

467 3978 613 4049 quod
643 3993 928 4048 superesse
958 3976 1120 4030 debet
1148 3976 1336 4046 eisque
1366 3974 1650 4040 dominari,
1695 3983 1748 4029 et
1777 3983 2065 4047 postquam

465 4066 521 4121 in
550 4074 730 4122 mente
759 4072 812 4121 et
843 4065 899 4119 in
919 4065 1085 4121 corde
1116 4080 1303 4119 eorum
1349 4062 1502 4134 leges
1533 4079 1684 4118 meas
1717 4063 1947 4134 scriptas
1973 4066 2069 4119 ha-

465 4155 705 4221 bebunt;
731 4170 822 4209 ero
845 4156 925 4210 eis
944 4154 1007 4208 in
1028 4156 1224 4219 Deum,
1250 4152 1374 4223 quia
1394 4153 1605 4208 dicetur
1638 4168 1651 4207 Îµ
1681 4154 1823 4208 Vere
1845 4154 1991 4208 Deus
2011 4154 2067 4208 iu

464 4244 583 4298 istis
610 4242 835 4309 habitat,
879 4241 970 4314 qui
1028 4249 1105 4296 tot
1161 4240 1437 4311 refulgent
1490 4240 1791 4307 miraculis,
1850 4246 1907 4297 et
1959 4243 2068 4313 ipsi

2082 2964 2128 3025 ÎŸ

2141 351 2208 404 Et
2236 365 2331 405 ero
2363 350 2442 405 eis
2469 351 2525 405 in
2542 352 2733 417 Deum,
2759 366 2947 405 omnes
2970 351 3165 406 iterum
3198 351 3371 407 scient
3399 368 3508 418 me,
3541 359 3593 407 et
3618 353 3736 408 haec

2142 439 2325 493 omnia
2354 438 2545 495 faciam
2577 439 2676 503 eis,
2711 441 2844 512 quia
2886 439 3169 512 propitius
3206 456 3299 496 ero
3336 441 3735 513 iniquitatibus

2142 542 2354 595 eorum,
2388 532 2443 583 et
2457 529 2583 600 jam
2603 544 2718 584 non
2737 529 3085 584 memorabor
3100 533 3463 600 peccatorum
3482 530 3735 585 illorum.

2143 615 2459 686 Iniquitates
2507 615 2595 681 ait,
2644 615 2862 686 quando
2910 631 3019 670 non
3063 623 3281 671 servant
3329 616 3636 688 aequitatem
3672 617 3742 671 ad

2141 704 2448 774 proximum
2480 720 2636 759 suum
2666 722 2682 771 ;
2709 712 2951 775 peccata,
3004 704 3220 776 quando
3259 704 3317 759 in
3366 704 3561 776 seipsis
3601 705 3741 761 male

2144 799 2331 864 agunt.
2368 792 2469 848 Vel
2496 800 2553 847 ut
2581 801 2869 864 peccatum
2899 800 2949 847 et
2968 792 3302 864 iniquitatem
3332 793 3479 848 idem
3508 795 3743 864 accipia-

2144 896 2283 947 mus,
2317 880 2389 934 ita
2418 880 2668 948 dicimus,
2700 880 2830 937 dicit
2862 898 2875 934 :
2911 881 3182 951 Propitius
3230 896 3326 936 ero
3373 881 3742 953 iniquitatibus

2146 983 2355 1023 eorum.
2406 970 2475 1024 Et
2513 969 2634 1040 quia
2673 968 2986 1040 propitiatio
3035 969 3141 1024 dici
3185 977 3391 1040 posset,
3441 970 3487 1024 si
3536 971 3746 1041 absque

2144 1056 2346 1111 ultione
2378 1056 2668 1112 dimitteret
2696 1057 2754 1111 in
2795 1056 3066 1127 praesenti,
3114 1057 3236 1112 ideo
3283 1057 3434 1112 addit
3465 1072 3478 1112 :
3514 1059 3588 1113 Ita
3619 1074 3746 1129 pro-

2144 1144 2308 1215 pitius
2338 1160 2436 1200 ero
2467 1144 2613 1216 quod
2636 1145 2752 1213 jam
2775 1145 2917 1199 ultra
2947 1160 3055 1199 non
3107 1146 3459 1201 memorabor
3487 1154 3747 1218 peccato-

2146 1249 2269 1287 rum
2295 1249 2483 1289 eorum
2510 1233 2566 1287 in
2596 1232 2805 1288 futuro.
2844 1233 3059 1287 Habent
3103 1232 3321 1305 quidam
3367 1234 3507 1303 libri,
3542 1250 3746 1305 pecca-

2147 1329 2259 1376 tum
2289 1321 2525 1389 illorum,
2560 1330 2613 1377 et
2659 1322 2957 1378 secundum
3002 1322 3144 1377 hanc
3173 1321 3401 1377 litteram
3432 1322 3750 1395 intelligitur

2147 1409 2433 1482 originale.
2487 1409 2572 1464 Ab
2611 1410 2715 1465 hoc
2763 1409 2886 1465 loco
2933 1409 3121 1481 incipit
3157 1410 3373 1465 Paulus.
3426 1410 3571 1465 Dixit
3609 1426 3747 1482 pro-

2146 1498 2313 1568 pheta
2348 1513 2360 1553 :
2394 1498 2547 1553 Dabo
2596 1504 2976 1553 testamentum
3008 1513 3236 1554 novum.
3273 1500 3517 1555 Dicenda
3555 1504 3749 1556 autem

2149 1602 2376 1653 novum,
2410 1588 2684 1642 veteravit
2697 1587 2861 1658 prius
2874 1593 3257 1643 testamentum
3283 1587 3339 1641 in
3368 1588 3540 1643 activa
3571 1588 3750 1661 signi-

2150 1673 2419 1730 ficatione.
2453 1673 2551 1729 Vel
2572 1674 2855 1742 veteravit,
2886 1674 2942 1729 id
2962 1682 3047 1730 est
3074 1682 3227 1731 vetus
3256 1673 3457 1731 factum
3489 1683 3571 1731 est
3600 1675 3754 1747 prius

2152 1769 2549 1831 testamentum,
2600 1762 2657 1817 in
2703 1762 2943 1834 passiva.
2996 1765 3065 1819 Et
3112 1764 3251 1819 bene
3298 1763 3421 1819 dico
3484 1764 3750 1820 veteravit

2151 1852 2321 1922 prius,
2357 1850 2486 1923 quia
2515 1866 2685 1922 prope
2715 1851 2992 1907 interitum
3021 1859 3105 1907 est
3136 1869 3149 1905 :
3183 1852 3326 1924 quod
3347 1852 3421 1907 ita
3440 1852 3514 1906 ait
3546 1869 3559 1906 :
3597 1852 3752 1920 Quod

2153 1944 2348 1995 autem
2367 1940 2704 2011 antiquatur
2721 1939 2928 1995 sicutin
2946 1939 3213 2008 animatis,
3247 1944 3304 1996 et
3322 1942 3585 2009 senescit,
3610 1940 3752 1996 sicut

2152 2028 2206 2081 in
2239 2028 2507 2096 animatis,
2524 2044 2684 2083 omne
2706 2028 2810 2084 hoc
2830 2032 2915 2084 est
2932 2044 3105 2101 prape
3137 2029 3459 2084 interitum.
3485 2028 3749 2085 Senectus

2154 2116 2300 2171 enim
2329 2124 2381 2172 et
2410 2116 2706 2189 antiquatio
2735 2117 3053 2188 praenuntiae
3082 2125 3205 2172 sunt
3234 2117 3439 2173 mortis.

2760 2312 2988 2369 CAPUT
3032 2313 3128 2368 IX.

2231 2470 2482 2526 Â«Habuit
2529 2470 2747 2544 quidem
2792 2480 2845 2527 et
2874 2472 3023 2544 prius
3066 2472 3477 2543 justificationes
3523 2474 3748 2531 culturas

2161 2583 2182 2610 Î±
2216 2569 2271 2617 et
2300 2567 2543 2616 sanctum
2592 2560 2871 2617 saeculare.
2916 2561 3348 2617 Tabernaculum
3378 2563 3519 2619 enim
3551 2563 3749 2620 factum

2160 2672 2182 2697 Î±
2218 2658 2302 2704 est
2331 2649 2563 2719 primum
2598 2666 2609 2703 :
2644 2649 2699 2703 in
2729 2664 2837 2720 quo
2886 2657 3038 2704 erant
3081 2650 3425 2719 candelabra,
3459 2660 3511 2706 et
3536 2668 3749 2726 mensa,

2161 2759 2183 2785 Â«
2218 2744 2270 2793 et
2334 2736 2633 2807 propositio
2696 2751 2900 2807 panum
2946 2752 3067 2810 qua;
3113 2738 3307 2793 dicitur
3348 2739 3569 2795 Sancta.
3626 2742 3755 2798 Post

2163 2846 2185 2877 Î¹
2219 2824 2583 2881 velamentum
2614 2832 2790 2880 autem
2813 2826 3111 2881 secundum
3140 2827 3572 2898 tabernaculum,
3608 2830 3752 2901 quod

2162 2937 2183 2963 Î±
2220 2914 2416 2970 dicitur
2456 2913 2648 2969 Sancta
2697 2922 3028 2981 sanctorum,
3083 2930 3308 2970 aureum
3338 2916 3544 2973 habens
3574 2919 3752 2973 thuri-

2163 3024 2185 3053 Â«
2220 3001 2509 3081 á½ºÎ·Î¹Î¹Î¹Î¹Î·Î·Î¸á¿
2536 3018 2713 3058 arcam
2735 3003 3045 3058 testamenti
3073 3004 3479 3061 circumtectam
3510 3022 3576 3061 ex
3605 3007 3752 3062 omni

2162 3112 2185 3143 Î¹
2218 3099 2371 3163 parte
2401 3106 2557 3159 auro,
2590 3092 2645 3145 in
2693 3109 2795 3163 qua
2843 3108 2982 3147 urna
3025 3108 3185 3148 aurea
3216 3094 3421 3149 habens
3450 3110 3667 3162 manna,
3702 3103 3755 3151 et

2162 3203 2184 3229 Î±
2221 3181 2381 3252 virga
2419 3182 2598 3236 Aaron
2616 3195 2736 3251 quae
2755 3179 3087 3245 fronduerat,
3108 3189 3161 3236 et
3190 3182 3391 3238 tabulae
3419 3184 3751 3251 testamenti,

2163 3291 2186 3316 Î±
2226 3268 2466 3325 3S9
2516 3285 2788 3340 superque
2841 3285 2960 3324 eam
3022 3279 3179 3325 erant
3221 3271 3513 3326 Cherubim
3569 3272 3756 3344 gloriae

2165 3379 2187 3409 Î¹
2222 3357 2603 3413 obumbrantia
2657 3357 3111 3429 propitiatorum;
3170 3359 3239 3414 de
3289 3360 3481 3428 quibus
3528 3376 3639 3416 non
3676 3369 3758 3417 est

2166 3467 2188 3497 Î¹
2222 3446 2386 3501 modo
2415 3446 2705 3501 dicendum
2735 3462 2835 3517 per
2861 3446 3094 3517 singula.
3127 3446 3223 3500 His
3252 3464 3379 3504 vero
3425 3449 3497 3503 ita
3527 3465 3754 3521 compo-

2167 3556 2188 3582 Î±
2227 3534 2362 3602 sitis,
2398 3535 2448 3588 in
2483 3534 2652 3604 priori
2681 3534 2897 3606 quidem
2928 3535 3280 3591 tabernaculo
3327 3552 3545 3607 semper
3571 3538 3757 3594 introi-

2167 3646 2189 3670 Î±
2224 3623 2355 3677 bant
2420 3623 2738 3678 sacerdotes
2800 3622 3197 3679 sacrificiorum
3260 3624 3435 3679 ofï¬cia
3496 3642 3758 3682 consum-

2168 3733 2189 3759 Â«
2226 3718 2461 3766 mantes.
2527 3712 2586 3765 In
2634 3711 2876 3765 secundo
2933 3720 3114 3766 autem
3147 3713 3319 3768 semel
3350 3713 3404 3767 in
3438 3730 3580 3769 anno
3607 3716 3761 3773 solus

2169 3822 2190 3846 Î±
2226 3798 2486 3869 pontifex,
2538 3814 2647 3853 non
2693 3799 2809 3853 sine
2858 3800 3140 3871 sanguine,
3189 3818 3351 3872 quem
3395 3800 3613 3857 offerret
3661 3821 3760 3874 pro

2171 3911 2193 3935 Î±
2230 3904 2325 3942 sua
2360 3895 2411 3943 et
2440 3888 2626 3959 populi
2656 3887 2999 3958 ignorantia;
3035 3889 3141 3945 hoc
3188 3889 3529 3961 significante
3560 3892 3763 3962 Spiritu

2171 3996 2193 4027 Î±
2230 3984 2417 4032 sancto
2437 3976 2679 4031 nondum
2708 3976 3049 4047 propalatam
3082 3993 3205 4033 esse
3249 3987 3561 4057 sanctorum
3591 3981 3757 4048 viam,

2171 4088 2193 4113 Î±
2228 4065 2404 4121 adhuc
2424 4064 2605 4135 priore
2637 4065 2991 4121 tabernaculo
3047 4066 3278 4122 habente
3343 4075 3568 4123 statum.
3625 4068 3763 4138 Quae

2172 4175 2194 4201 â€¹â€¹
2233 4152 2494 4224 parabola
2523 4162 2603 4208 est
2637 4153 2899 4223 temporis
2929 4153 3196 4220 instantis,
3221 4155 3373 4223 juxta
3430 4172 3593 4227 quam
3630 4174 3761 4212 mu-

2173 4264 2193 4289 Î±
2230 4229 2365 4296 nera
2389 4249 2444 4296 et
2481 4241 2673 4297 hostiae
2703 4240 3025 4308 offeruntur,
3061 4260 3181 4313 quae
3208 4259 3318 4299 non
3359 4253 3587 4314 possunt
3615 4246 3765 4315 juxta

467 4335 638 4388 erunt
666 4331 809 4386 mihi
830 4332 891 4385 in
912 4331 1185 4403 populum
1210 4330 1392 4401 :quod
1423 4329 1634 4386 dicetur
1653 4330 1721 4385 de
1740 4330 1839 4385 eis.
1874 4330 1939 4384 Hi
1969 4346 2063 4385 re-
2086 4322 2136 4382 D
2171 4352 2193 4381 Î¹
2227 4329 2617 4385 conscientiam
2661 4329 2964 4399 perfectum
3011 4329 3195 4386 facere
3242 4333 3574 4389 servientem
3600 4374 3613 4403 ,
3666 4350 3765 4389 so-

469 4434 600 4475 vera
629 4426 753 4473 sunt
782 4418 1016 4489 populus
1046 4417 1164 4473 Dei.
1210 4419 1337 4473 Haec
1362 4434 1491 4489 pars
1538 4419 1836 4489 prophetiae
1866 4418 2065 4488 imple-

467 4516 557 4562 tur
594 4507 652 4561 in
695 4507 800 4561 hoc
840 4506 1081 4572 mundo;
1115 4507 1262 4577 quod
1310 4507 1555 4578 sequitur
1596 4506 1931 4577 implendum
1974 4523 2064 4562 re-

469 4602 575 4650 stat
604 4594 661 4648 in
689 4593 886 4649 futuro.
922 4595 1095 4648 Erunt
1122 4595 1252 4648 mihi
1282 4595 1338 4648 in
1368 4595 1648 4665 populum,
1682 4599 1737 4650 et
1768 4610 1885 4649 non
1914 4594 2069 4651 doce-

471 4684 553 4740 bit
582 4683 963 4756 unusquisque
1003 4686 1337 4754 proximum
1378 4699 1570 4739 suum.
1622 4683 1838 4737 Diceret
1869 4682 2067 4753 aliquis

468 4771 739 4839 fortassis,
772 4771 900 4842 quia
942 4786 1053 4826 non
1092 4771 1303 4825 curabit
1347 4771 1415 4826 de
1463 4787 1549 4837 eo,
1598 4770 1723 4826 ideo
1772 4770 1919 4824 addit
1963 4787 2066 4827 nec

468 4862 849 4932 unusquisque
871 4859 1005 4914 doce
1015 4859 1263 4913 bitetiam
1277 4862 1519 4929 fratrem
1540 4875 1724 4925 suum,
1748 4875 1908 4929 quem
1928 4859 2069 4913 mul-

470 4954 583 5002 tum
613 4948 808 5020 diligit,
842 4948 1035 5004 dicens
1064 4947 1171 5001 ita:
1192 4948 1397 5012 Frater,
1424 4963 1689 5017 cognosce
1711 4948 1905 5002 Deum.
1940 4948 2068 5003 Ideo

468 5037 603 5091 alter
632 5052 741 5091 non
768 5036 985 5092 docebit
1015 5036 1260 5101 alterum,
1296 5038 1561 5107 quoniam
1590 5036 1771 5091 scient
1792 5054 1879 5091 me
1900 5055 1933 5092 a
1954 5040 2068 5093 mi-

469 5140 608 5179 nore
634 5140 807 5196 usque
836 5126 909 5180 ad
938 5126 1213 5197 majorem
1234 5141 1447 5180 eorum.
1481 5125 1592 5179 Hoc
1618 5132 1800 5180 autem
1830 5125 2069 5196 comple-

467 5212 613 5267 bitur
641 5213 697 5267 in
725 5213 813 5267 die
839 5214 1048 5283 judicii,
1083 5214 1298 5284 quando
1329 5212 1490 5267 etiam
1534 5212 1685 5283 impii
1734 5213 2070 5269 conï¬tebun-

466 5309 555 5356 tur
581 5300 853 5356 Christum
902 5302 1095 5355 Filium
1127 5300 1246 5355 Dei.
1288 5301 1489 5355 Notaut
1529 5301 1720 5369 sancti,
1755 5304 1897 5374 quod
1936 5303 2008 5358 ait
2039 5319 2073 5359 a

464 5390 677 5445 minore
707 5404 877 5461 usque
909 5389 978 5443 ad
1008 5389 1289 5458 majorem,
1324 5396 1379 5444 et
1425 5405 1535 5445 non
1591 5407 1621 5445 e
1664 5406 1932 5447 converso
1968 5407 1979 5446 :
2013 5400 2074 5448 ut

473 5477 726 5536 ostendat
754 5492 943 5535 omnes
973 5484 1100 5534 tunc
1144 5478 1385 5550 perfecte
1432 5479 1607 5537 Deum
1637 5495 2010 5554 cognoscere;
2042 5497 2074 5537 a

2168 4440 2189 4469 Î¹
2224 4419 2502 4474 lummodo
2532 4419 2587 4473 in
2616 4419 2750 4474 cibis
2780 4427 2833 4474 et
2860 4418 2914 4473 in
2941 4419 3179 4491 potibus,
3214 4421 3342 4475 etin
3372 4422 3535 4477 variis
3558 4423 3768 4494 baptis-

2167 4530 2190 4555 Â«Î¹
2225 4507 2480 4575 matibus,
2528 4514 2581 4562 et
2604 4508 2825 4576 justitiis
2855 4508 3035 4564 carnis
3064 4525 3237 4581 usque
3266 4510 3335 4565 ad
3381 4518 3597 4581 tempus
3632 4529 3763 4568 cor-

2165 4618 2189 4641 Â«
2225 4595 2479 4649 rectionis
2562 4595 2851 4667 impositis.
2923 4597 3172 4651 Christus
3226 4606 3441 4664 autem,
3502 4600 3769 4658 assistens

2170 4705 2191 4730 Â«Î¹
2225 4682 2473 4755 pontifex
2505 4682 2809 4739 futurorum
2838 4685 3139 4751 bonorum,
3173 4687 3502 4758 peramplius
3535 4696 3589 4743 et
3632 4706 3769 4760 per-

2171 4794 2192 4819 Â«Î¹
2228 4770 2421 4827 fectius
2449 4772 2858 4828 tabernaculum
2888 4790 2998 4828 non
3026 4774 3410 4842 manufactum,
3444 4776 3498 4831 id
3545 4785 3627 4832 est
3655 4794 3769 4834 non

2170 4881 2193 4908 Î¹
2228 4860 2386 4929 hujus
2418 4861 2728 4928 creationis,
2761 4877 2940 4933 neque
2970 4878 3071 4932 per
3113 4863 3436 4935 sanguinem
3495 4864 3771 4921 hircorum

2173 4970 2193 4994 Î±
2230 4947 2549 5019 [taurorum]
2582 4956 2673 5003 aut
2714 4948 3026 5016 vitulorum,
3060 4950 3157 5005 sed
3178 4967 3276 5021 per
3307 4952 3586 5022 proprium
3634 4970 3770 5009 san-

2172 5056 2195 5086 c
2229 5035 2451 5108 guinem
2482 5036 2721 5093 introivit
2751 5039 2918 5093 semel
2938 5038 2995 5092 iu
3049 5046 3256 5106 sancta,
3288 5048 3485 5095 interna
3542 5042 3771 5097 redem-

2174 5146 2195 5170 Î±
2230 5123 2414 5193 ptione
2444 5124 2686 5180 inventa.
2727 5126 2782 5180 Si
2812 5128 2954 5181 enim
2995 5128 3217 5200 sanguis
3246 5128 3521 5183 hircorum
3553 5138 3605 5184 et
3647 5136 3769 5186 tau-

2174 5233 2196 5262 Î¹
2231 5228 2414 5266 rorum
2446 5221 2497 5268 et
2528 5213 2664 5268 cinis
2694 5214 2873 5270 vitula
2920 5232 3178 5285 aspersus
3226 5216 3532 5288 inquinatos
3561 5220 3774 5275 sancti-

2176 5321 2197 5351 Î¹
2231 5300 2353 5355 ticat
2409 5301 2478 5355 ad
2534 5303 2977 5358 emundationem
3061 5304 3263 5371 carnis,
3334 5314 3535 5376 quanto
3591 5308 3773 5381 magis

2177 5412 2198 5435 Î±
2234 5390 2458 5460 sanguis
2490 5390 2711 5458 Christi,
2744 5391 2837 5463 qui
2866 5409 2966 5463 per
3014 5392 3272 5463 Spiritum
3303 5402 3549 5450 sanctum
3575 5404 3775 5451 semet-

2177 5498 2199 5529 â€¹
2234 5477 2415 5549 ipsum
2445 5479 2636 5536 obtulit
2676 5479 3076 5538 immaculatum
3108 5482 3244 5551 Deo,
3283 5484 3598 5540 emundabit
3646 5500 3772 5542 con-
