3966 6050
234 156 341 210 533

799 112 1202 214 ἘΧΡΟΞῙΤῙΟ
1256 156 1333 212 ΙΝ
1386 154 1769 213 EPISTOLAS
1823 156 1847 211 ι

1949 156 2047 213 lLI.
2097 186 2169 199 —
2215 157 2291 214 IN
2342 158 2567 216 EPIST.
2631 161 2726 217 AD
2780 162 2943 217 HEB.

3434 166 3537 220 534

245 301 269 331 ι
306 268 591 336 scientiam
638 286 879 335 nostram
929 280 995 334 ab
1042 279 1304 351 operibus
1350 280 1579 335 mortuis
1609 281 1679 335 ad
1718 296 1837 335 ser-
1856 286 1909 343 Α
1940 281 2362 338 restituebantur
2389 284 2567 353 (Ibid,
2605 286 2721 355 30).
2764 286 2913 353 Quod
2942 286 3345 343 tabernaculum
3368 287 3538 343 conti-

247 389 271 418 ι
308 368 563 424 viendum
592 369 708 423 Deo
738 368 958 424 viventi.
991 370 1060 423 Et
1088 368 1212 423 ideo
1242 369 1369 424 novi
1385 368 1695 423 testamenti
1719 384 1840 423 me-

252 480 274 503 ιι
318 457 497 512 diator
525 466 625 524 est,
657 464 716 511 ut
746 465 923 512 morte
944 456 1310 512 intercedente
1333 457 1389 511 in
1409 456 1841 527 redemptionem

251 566 274 595 α
310 560 500 600 earum
528 545 1034 616 praevaricationum
1067 562 1188 616 qua:
1216 553 1370 600 erant
1399 545 1499 599 sub
1532 545 1708 615 priore
1738 553 1845 599 tes-

252 654 274 683 α
310 642 549 688 tamento
578 633 1061 704 repromissionem
1089 633 1360 704 accipiant
1390 633 1480 705 qui
1513 633 1687 688 vocati
1719 640 1843 686 sunt

251 743 274 772 ι
310 730 531 777 aeternae
576 722 928 777 hereditatis.
970 722 1073 778 Ubi
1120 722 1262 776 enim
1311 729 1692 776 testamentum
1736 728 1837 787 est,

253 831 277 861 α
312 826 468 865 mors
497 825 726 866 necesse
754 817 839 864 est
864 810 1165 866 intercedat
1192 810 1484 865 testatoris.
1518 811 1841 864 Testamen-

256 920 279 949 ι
314 906 427 952 tum
458 898 602 953 enim
642 898 697 952 in
744 898 974 953 mortuis
1018 896 1391 953 conﬁrmatum
1438 905 1538 952 est.
1590 897 1844 968 Alioquin

257 1009 281 1037 «
315 988 559 1042 nondum
602 986 764 1052 valet,
812 986 945 1040 dum
990 986 1120 1042 vivit
1167 986 1259 1057 qui
1298 993 1521 1041 testatus
1552 993 1654 1039 est.
1688 985 1844 1041 Unde

255 1096 279 1122 α
315 1092 416 1129 nec
445 1075 677 1145 primum
707 1074 926 1145 quidem
956 1073 1073 1128 sine
1103 1074 1371 1146 sanguine
1401 1073 1710 1128 dedicatum
1739 1080 1839 1127 est.

252 1186 277 1209 α
314 1164 479 1218 Lecto
507 1162 652 1218 enim
682 1162 831 1217 omni
860 1162 1113 1216 mandato
1144 1161 1283 1234 legis
1314 1176 1346 1215 a
1375 1162 1561 1231 Moyse
1591 1160 1844 1216 universo

254 1275 277 1299 «ι
313 1250 537 1322 populo,
569 1250 850 1320 accipiens
898 1250 1223 1322 sanguinem
1252 1249 1542 1303 vitulorum
1576 1256 1629 1303 et
1657 1248 1845 1304 hirco-

253 1361 277 1390 ι
308 1355 431 1393 rum
458 1355 581 1394 cum
610 1353 755 1409 aqua
786 1346 839 1394 et
867 1338 995 1392 lana
1015 1338 1270 1393 coccinea
1301 1345 1353 1391 et
1373 1338 1633 1407 hySSOpo,
1666 1337 1845 1407 ipsum

251 1449 276 1477 ε
318 1443 533 1499 quoque
576 1426 773 1481 librum
820 1434 874 1482 et
920 1442 1137 1481 omnem
1172 1425 1433 1496 p0pulum
1474 1425 1722 1495 aspersit,
1757 1425 1845 1479 di-

253 1540 277 1563 a
314 1532 446 1572 cens
475 1534 489 1569 :
523 1516 623 1571 Hic
673 1514 897 1587 sanguis
944 1514 1267 1581 testamenti,
1302 1514 1446 1585 quod
1478 1512 1748 1568 mandavit
1778 1513 1846 1567 ad

252 1626 278 1655 ι
314 1620 414 1660 vos
459 1606 625 1659 Deus.
694 1604 867 1657 Etiam
916 1602 1330 1658 tabernaculum
1389 1610 1439 1656 et
1489 1601 1673 1657 omnia
1716 1617 1846 1656 vasa

247 1717 272 1741 α
309 1692 592 1747 ministerii
651 1691 918 1763 sanguine
962 1691 1208 1745 similiter
1256 1690 1509 1760 aspersit.
1562 1691 1627 1743 Et
1666 1689 1845 1744 omnia

251 1804 275 1832 ι
312 1798 452 1852 pene
500 1782 555 1834 in
603 1780 872 1851 sanguine
921 1780 1221 1834 secundum
1264 1779 1446 1850 legem
1494 1778 1839 1842 mundantur,

251 1893 275 1917 κ
312 1877 366 1925 et
394 1870 512 1924 sine
542 1868 822 1941 sanguinis
865 1866 1128 1922 effusione
1167 1883 1276 1921 non
1325 1865 1383 1921 ﬁt
1414 1866 1689 1921 remissio.
1729 1867 1844 1920 Ne-

255 1982 278 2006 α
315 1974 472 2013 cesse
502 1964 584 2012 est
626 1972 758 2029 ergo
806 1955 1137 2026 exemplaria
1174 1955 1392 2027 quidem
1432 1955 1734 2009 caelestium
1761 1954 1845 2009 his

252 2069 276 2094 «ι
312 2046 599 2111 mundari;
641 2045 757 2115 ipsa
804 2052 984 2099 autem
1034 2044 1279 2099 cmlestia
1306 2043 1625 2097 melioribus
1654 2042 1845 2096 hostiis

254 2156 278 2181 α
314 2150 478 2205 quam
506 2134 645 2188 istis.
678 2133 800 2187 Non
832 2132 979 2187 enim
1016 2132 1073 2185 in
1101 2131 1424 2186 manufactis
1457 2130 1657 2186 sanctis
1686 2131 1846 2184 Jesus

254 2246 277 2271 ιι
314 2222 517 2277 introiit
564 2220 899 2291 exemplaria
946 2235 1219 2283 verorum,
1271 2220 1369 2273 sed
1416 2219 1471 2271 in
1518 2218 1697 2289 ipsum
1727 2234 1845 2273 coe-

253 2333 277 2362 «
311 2311 443 2377 lum,
476 2318 534 2365 ut
562 2316 822 2381 appareat
868 2324 1011 2363 nunc
1043 2308 1213 2362 vultui
1244 2308 1345 2363 Dei
1374 2322 1473 2378 pro
1505 2307 1691 2361 nobis.
1730 2307 1846 2361 Ne-

251 2421 275 2450 ι
311 2416 436 2471 que,
470 2406 526 2453 ut
556 2414 700 2468 saepe
739 2396 929 2453 oﬂ‘erat
971 2396 1346 2466 semetipsum,
1383 2394 1846 2466 quemadmodum

256 2512 279 2536 α
313 2486 553 2559 pontifex
601 2486 763 2540 intrat
803 2485 859 2539 in
907 2492 1098 2540 sancta
1145 2500 1243 2555 per
1290 2483 1536 2555 singulos
1588 2498 1763 2537 annos
1792 2482 1847 2535 in

253 2599 277 2627 α
314 2575 579 2648 sanguine
609 2574 808 2629 alieno.
841 2572 1097 2643 Alioquin
1128 2572 1414 2642 oportebat
1445 2587 1567 2626 eum
1599 2570 1850 2641 frequen-

254 2686 277 2716 ι
310 2671 393 2719 ter
430 2663 543 2734 pati
588 2663 655 2716 ab
704 2661 918 2729 origine
948 2660 1156 2714 mundi.
1190 2661 1348 2714 Nunc
1378 2666 1559 2714 autem
1592 2658 1764 2714 semel
1792 2658 1848 2711 in

254 2776 277 2800 α
311 2750 782 2808 consummatione
856 2749 1219 2813 saculorum,
1299 2748 1368 2801 ad
1442 2747 1847 2802 destitutionem

256 2865 279 2889 ιι
315 2837 787 2913 [destructionem]
831 2836 1039 2908 peccati
1079 2852 1180 2907 per
1223 2835 1453 2890 hostiam
1487 2852 1641 2890 suam
1671 2850 1846 2905 appa-

253 2953 277 2979 α
314 2928 439 2984 ruit.
482 2930 550 2983 Et
593 2926 1053 2998 quemadmodum
1098 2931 1354 2978 statutum
1409 2932 1493 2979 est
1536 2923 1848 2978 hominibus

1941 386 2078 424 nens
2107 371 2224 426 haec
2253 373 2469 428 dicitur
2485 373 2724 429 390
2754 375 2983 430 Sancta.
3020 376 3151 429 Erat
3180 382 3361 430 autem
3391 383 3538 430 extra

1942 458 2047 513 hoc
2067 459 2470 515 tabernaculum
2489 462 2656 516 altare
2678 462 2779 517 sub
2797 463 2939 529 dico,
2956 479 3121 533 super
3141 464 3541 535 quodimmola-

1943 547 2141 601 bantur
2171 548 2442 602 animalia.
2482 551 2611 605 Post
2630 550 2994 605 velamentum
3015 560 3191 606 autem
3210 561 3323 607 erat
3339 568 3536 608 secun-

1943 635 2069 688 dum
2096 634 2526 691 tabernaculum.
2558 638 2749 693 Velum
2772 639 2915 693 enim
2935 638 3309 710 interpositum
3340 639 3535 707 fuerat,

1944 724 2088 793 quod
2118 723 2269 793 prius
2300 724 2713 780 tabernaculum
2734 742 2762 780 a
2784 728 3022 782 secundo
3046 728 3352 798 separabat.
3383 728 3540 797 Quod

1944 811 2242 866 secundum
2284 813 2685 868 tabernaculum
2725 814 2921 870 dicitur
2951 816 3143 871 Sancta
3174 821 3530 872 sanctorum.

1946 899 2257 954 Secundum
2307 900 2716 957 tabernaculum
2762 903 2884 958 dico
2934 905 3140 960 habens
3181 904 3539 961 thuribalum

1945 1002 2204 1054 aureum,
2238 994 2289 1041 et
2318 988 2521 1042 habens
2561 1006 2755 1045 arcam
2788 994 3137 1058 testamenti,
3172 991 3226 1045 id
3259 1000 3337 1047 est
3368 993 3542 1048 conti-

1944 1090 2081 1128 nens
2110 1081 2513 1142 testamentum,
2546 1076 2599 1130 in
2631 1078 2855 1133 circuitu
2891 1083 3099 1135 tectam
3129 1096 3286 1136 auro.
3320 1082 3387 1135 Et
3416 1082 3541 1152 quia

1945 1161 2188 1216 exterius
2234 1162 2583 1219 circumtecta
2630 1173 2818 1235 posset
2847 1182 2969 1221 esse
3000 1183 3134 1223 auro
3165 1174 3218 1222 et
3256 1183 3366 1223 non
3394 1169 3538 1223 inte—

1944 1250 2080 1317 rius,
2110 1250 2233 1305 ideo
2262 1251 2409 1305 addit
2438 1259 2633 1306 tectam
2664 1268 2797 1308 auro
2827 1270 2901 1309 ea:
2931 1257 3087 1310 omni
3110 1261 3279 1327 parte
3310 1264 3363 1311 et
3391 1256 3537 1311 intus

1946 1346 1997 1392 et
2027 1346 2179 1393 extra
2209 1357 2222 1405 ;
2254 1340 2316 1393 in
2354 1356 2462 1410 qua
2485 1355 2613 1395 arca
2636 1349 2751 1395 erat
2771 1357 2922 1397 urna
2942 1360 3137 1407 aurea,
3163 1344 3218 1397 id
3241 1352 3323 1399 est
3344 1360 3541 1417 gomor

1946 1426 2013 1481 de
2044 1441 2174 1481 auro
2200 1426 2419 1493 factum,
2457 1428 2666 1483 habens
2694 1446 2930 1497 manna,
2962 1439 3019 1484 ut
3049 1431 3359 1487 memoriter
3388 1441 3540 1488 tene-

1945 1522 2067 1568 rent
2098 1530 2202 1585 quo
2233 1531 2374 1585 pane
2406 1517 2552 1570 Deus
2579 1525 2801 1586 paverat
2838 1533 2933 1572 eos
2962 1518 3015 1572 in
3046 1518 3286 1574 deserto.
3327 1521 3395 1575 Et
3425 1529 3541 1576 erat

1946 1601 2000 1655 in
2031 1602 2220 1657 eadem
2249 1618 2379 1659 arca
2426 1604 2581 1675 virga
2610 1606 2817 1670 Aaron,
2853 1622 2973 1676 quae
3004 1605 3341 1673 fronduerat,
3374 1608 3424 1661 id
3460 1616 3542 1663 est

1944 1706 2046 1760 per
2075 1707 2233 1761 quam
2276 1690 2479 1745 electus
2526 1700 2609 1746 est
2658 1692 2711 1746 in
2755 1695 3113 1761 sacerdotem,
3158 1700 3214 1751 et
3248 1704 3402 1751 erant
3431 1696 3537 1751 ibi-

1944 1778 2069 1832 dem
2100 1779 2303 1833 tabulw
2336 1783 2686 1847 testamenti,
2712 1781 2766 1834 in
2788 1782 2983 1852 quibus
3004 1782 3089 1837 lex
3111 1784 3314 1853 scripta
3341 1783 3456 1850 fuit,
3481 1788 3538 1839 ct

1944 1883 2114 1937 super
2143 1883 2268 1920 eam
2296 1882 2477 1922 arcam
2508 1876 2661 1922 erant
2690 1869 2997 1939 cherubim,
3025 1870 3078 1923 id
3096 1879 3178 1925 est
3201 1871 3310 1925 duo
3330 1872 3535 1944 angeli.

1947 1954 2236 2008 Cherubim
2268 1954 2391 2009 dico
2436 1958 2649 2026 gloriae,
2701 1957 2756 2010 id
2798 1966 2880 2012 est
2909 1958 3147 2029 gloriose
3178 1960 3452 2024 decorata,
3488 1967 3542 2014 et

1946 2042 2035 2095 illa
2065 2042 2353 2096 Cherubim
2385 2044 2945 2101 erantobumbrantia
2964 2048 3421 2118 prapitiatorum.
3447 2049 3547 2101 Ta-

1946 2130 2073 2184 bula
2116 2140 2233 2185 erat
2277 2148 2441 2201 super
2485 2147 2671 2187 arcam
2733 2149 2852 2203 quae
2900 2134 3176 2188 dicebatur
3216 2135 3541 2205 propitiato-

1948 2219 2105 2287 rium,
2138 2235 2203 2273 eo
2256 2220 2398 2291 quod
2445 2219 2586 2275 inter
2635 2221 2743 2275 duo
2784 2222 3066 2276 cherubim
3096 2239 3263 2293 super
3292 2224 3542 2278 eamdem

1946 2306 2189 2361 tabulam
2220 2306 2433 2362 conﬁxa
2464 2323 2734 2377 apparere
2766 2309 2974 2363 solebat
3006 2310 3255 2381 angelus,
3293 2311 3428 2365 dans
3459 2311 3542 2365 di-

1945 2390 2073 2445 vina
2102 2406 2387 2461 responsa.
2434 2392 2501 2445 Et
2532 2391 2585 2445 in
2630 2392 2733 2446 hoc
2777 2393 3017 2446 seCundo
3047 2394 3395 2449 tabernaculo
3427 2402 3543 2450 erat

1946 2479 2110 2533 altare
2142 2479 2380 2545 incensi;
2412 2478 2467 2531 in
2499 2479 2700 2549 templo
2732 2495 2865 2534 vero
2895 2489 3047 2535 erant
3068 2481 3174 2535 duo
3199 2482 3543 2538 tabernacula

1947 2583 2067 2637 quae
2096 2567 2275 2621 velum
2322 2566 2694 2636 interpositum
2738 2567 3034 2624 dividebat.
3085 2569 3217 2623 Erat
3260 2570 3316 2623 in
3363 2571 3542 2641 primo

1948 2653 2293 2709 tabernaculo
2330 2655 2481 2723 juxta
2528 2654 2806 2709 introitum
2854 2672 3062 2723 mensa,
3113 2665 3167 2712 et
3212 2674 3375 2728 super
3421 2674 3543 2714 eam

1948 2742 2236 2797 duodecim
2282 2758 2472 2813 panes,
2542 2750 2593 2798 et
2652 2759 2815 2814 super
2858 2744 3105 2815 singulos
3155 2761 3345 2801 eorum
3394 2748 3538 2802 thus.

1946 2831 2081 2884 Erat
2110 2838 2163 2885 et
2204 2830 2589 2886 candelabrum
2639 2848 2704 2886 ex
2734 2847 2843 2886 una
2874 2848 3108 2904 quaque,
3153 2842 3304 2904 parte
3332 2835 3541 2891 habens

1949 2918 2049 2972 tria
2106 2919 2325 2973 brachia
2384 2921 2565 2975 medio
2627 2920 2794 2990 stipiti
2844 2922 3189 2990 cohzerentia,
3240 2922 3294 2976 in
3343 2923 3541 2993 quibus

254 3040 279 3069 ε
317 2982 523 3073 semeli
552 2982 713 3081 mori,
778 3022 902 3085 post
959 3015 1060 3069 hoc
1105 3020 1287 3068 autem
1329 3012 1630 3081 judicium;
1672 3012 1751 3067 sic
1796 2982 1918 3066 etC
1952 3007 2189 3062 brachiis
2230 3015 2380 3062 erant
2408 2982 2740 3078 sphaerulae-z
2774 3016 2897 3079 post
2925 2982 3225 3079 sphaarulas
3253 2982 3383 3081 lilia‘,
3416 3018 3541 3082 post

255 3129 277 3154 ιε
315 3105 563 3160 Christus
593 3102 765 3158 semel
813 3102 1027 3157 oblatus
1076 3108 1158 3156 est
1205 3100 1275 3155 ad
1306 3101 1600 3154 multorum
1636 3101 1849 3154 exhau-

257 3216 279 3241 ιι
316 3193 509 3248 rienda
544 3198 788 3263 peccata.
840 3189 1092 3244 Secundo
1141 3188 1258 3242 sine
1307 3195 1533 3258 peccato
1570 3187 1852 3258 apparebit

254 3305 277 3330 α
316 3279 759 3352 exspectantibus
788 3295 847 3334 se
877 3278 934 3332 in
964 3276 1191 3331 salutem
1222 3292 1319 3347 per
1349 3274 1510 3330 ﬁdem
1545 3275 1720 3347 [deest
1752 3290 1852 3345 per

259 3392 283 3418 α
321 3368 525 3441 ﬁdem].
564 3392 586 3417 ιθ

892 3450 1205 3491 ΕΧΡΟΞΙἸΊΟ.

330 3545 437 3601 Sed
464 3544 591 3601 licet
617 3543 768 3615 prius
810 3550 1189 3598 testamentum
1237 3540 1304 3594 sit
1332 3554 1507 3609 prope
1537 3537 1846 3600 interitum;

252 3643 438 3690 tamen
470 3634 664 3689 habuit
694 3631 1098 3707 quidem‘etiam
1129 3631 1290 3701 prius
1320 3634 1705 3682 testamentum
1735 3628 1853 3695 ius-

256 3724 601 3791 tiﬁcationes
630 3736 738 3775 non
770 3736 945 3785 veras,
981 3718 1081 3772 sed
1111 3734 1207 3787 pro
1240 3716 1403 3771 modo
1434 3716 1686 3771 cultura:
1715 3730 1846 3779 suae,

253 3812 307 3865 id
341 3818 423 3865 est
452 3810 723 3874 carnales,
774 3808 902 3880 quia
945 3806 1173 3863 carnalis
1205 3812 1322 3859 erat
1351 3804 1547 3869 cultus,
1580 3808 1635 3858 et
1664 3801 1851 3856 habuit

254 3904 521 3956 sanctum
549 3914 657 3953 non
689 3896 947 3967 spiritale,
984 3894 1080 3949 sed
1109 3895 1400 3961 sceculare,
1426 3891 1553 3963 quia
1572 3892 1640 3944 ab
1671 3890 1852 3944 homi-

257 3988 418 4043 nibus
464 3986 682 4057 quidem
729 3985 1019 4055 putabatur
1064 3981 1137 4035 ibi
1176 3979 1454 4045 sanctitas,
1506 3995 1627 4049 quaa
1672 3985 1854 4031 tamen

259 4092 371 4131 non
398 4083 533 4144 erat,
566 4082 617 4129 et
644 4076 749 4129 hoc
778 4072 989 4143 probat.
1017 4072 1157 4124 Vere
1180 4068 1329 4139 prius
1346 4074 1729 4123 testamentum
1756 4066 1855 4119 ha-

260 4165 374 4219 buit
405 4170 671 4228 sanctum,
721 4177 847 4217 nam
878 4158 1289 4214 tabernaculum
1318 4156 1555 4226 primum
1588 4154 1769 4209 habuit
1800 4160 1855 4207 et

259 4252 576 4308 secundum.
600 4250 758 4319 Quod
778 4250 853 4303 ita
872 4250 945 4302 ait
978 4264 989 4302 :
1024 4249 1261 4302 Factum
1281 4245 1635 4315 estprimum
1662 4244 1852 4297 taber-

1951 3110 2046 3149 eas
2076 3095 2342 3165 scyphuli.

2022 3184 2261 3238 Primum
2319 3184 2499 3255 itaque
2559 3184 2967 3241 tabernaculum
3033 3185 3335 3241 Ecclesiam
3399 3186 3542 3244 ﬁde-

1949 3271 2081 3325 lium
2110 3288 2230 3342 quae
2276 3272 2330 3325 in
2376 3272 2578 3327 mundo
2607 3280 2690 3327 est
2737 3273 3028 3344 signiﬁcat,
3085 3274 3139 3328 in
3172 3291 3278 3347 qua
3307 3276 3542 3333 ministri

1950 3359 2212 3414 Ecclesiae
2254 3360 2527 3414 orationes
2570 3376 2780 3431 quaque
2838 3362 2926 3417 die
2974 3361 3209 3417 offerunt
3258 3372 3311 3419 et
3365 3366 3541 3421 sacri-

1950 3445 2091 3501 ﬁcia.
2126 3448 2310 3502 Mensa
2339 3456 2518 3503 autem
2570 3448 2623 3501 in
2670 3449 2872 3518 templo
2909 3450 3057 3517 juxta
3098 3459 3326 3521 portam,
3362 3454 3544 3523 Scrip-

1951 3543 2068 3589 tura
2123 3536 2306 3609 divina
2367 3535 2705 3608 intelligitur,
2777 3554 2898 3607 quze
2959 3553 3060 3607 per
3108 3538 3268 3593 ﬁdem
3326 3540 3542 3595 intran-

1952 3623 2095 3677 tibus
2125 3623 2427 3679 Ecclesiam
2470 3639 2571 3693 pro
2610 3640 2794 3679 eorum
2843 3626 3141 3695 capacitate
3185 3626 3541 3683 ministratur.

1952 3712 2127 3766 Panes
2156 3727 2288 3767 vero
2318 3712 2603 3766 duodecim
2643 3720 2767 3766 sunt
2796 3713 3083 3767 duodecim
3115 3714 3367 3784 apostoli,
3403 3731 3544 3787 quo-

1951 3816 2069 3853 rum
2116 3800 2362 3855 doctrina
2408 3798 2596 3855 ﬁdeles
2644 3800 2699 3854 in
2744 3801 2991 3856 Ecclesia
3033 3800 3373 3857 reﬁciuntur.
3430 3804 3546 3860 Hoc

1951 3896 2128 3942 autem
2155 3888 2298 3959 quod
2332 3889 2753 3959 superveniente
2782 3889 2961 3960 aliqua
2992 3890 3316 3945 necessitate
3347 3892 3543 3963 aliquis

1951 3975 2018 4030 de
2046 3976 2273 4045 panibus
2321 3977 2650 4043 sumebatur,
2692 3984 2747 4031 et
2793 3976 2930 4031 alius
2973 3978 3400 4033 substituebatur
3424 3980 3547 4036 loco

1951 4064 2116 4129 illius,
2147 4064 2354 4120 scilicet
2385 4064 2655 4135 significat
2678 4066 2841 4136 quod,
2866 4066 3046 4137 aliquo
3075 4066 3443 4136 apostolorum
3459 4068 3547 4123 vel

1952 4168 2175 4206 suorum
2220 4168 2596 4207 successorum
2645 4154 2713 4207 de
2762 4154 2966 4208 mundo
3010 4154 3213 4219 ablato,
3266 4154 3405 4209 alius
3451 4155 3542 4226 qui

1952 4242 2068 4309 ejus
2098 4241 2216 4295 vice
2265 4240 2534 4312 fungatur,
2586 4242 2707 4296 loco
2756 4241 2899 4295 illius
2949 4242 3198 4296 substitui
3224 4242 3406 4297 debet.
3440 4242 3545 4311 Qui

258 4342 553 4406 naculum,
574 4342 639 4395 in
668 4355 771 4412 quo
797 4336 975 4408 primo
996 4339 1161 4391 erant
1183 4332 1542 4389 candelabra.
1561 4330 1707 4385 Licet
1729 4330 1852 4400 plu-
1882 4332 1934 4391 D
1955 4344 2121 4399 panes
2169 4344 2359 4383 omnes
2407 4329 2462 4381 in
2509 4329 2742 4383 Sabbato
2798 4330 3156 4384 absumuntur
3190 4348 3202 4383 :
3237 4329 3358 4401 quia
3389 4338 3543 4401 post-

257 4430 443 4485 raliter
470 4428 611 4484 dicat
659 4426 1007 4489 candelabra,
1043 4439 1208 4477 unum
1238 4430 1421 4476 tamen
1450 4427 1564 4475 erat
1593 4418 1853 4475 candela-

259 4520 436 4583 brum,
476 4517 686 4571 habens
733 4513 928 4569 hastile
970 4512 1026 4566 in
1065 4510 1266 4576 medio,
1300 4509 1355 4563 in
1403 4523 1510 4580 quo
1542 4507 1851 4561 inniteban-

262 4614 348 4661 tur
378 4622 473 4661 sex
504 4603 749 4670 brachia,
784 4602 887 4656 tria
915 4617 945 4655 a
976 4600 1194 4654 sinistra
1226 4598 1427 4668 (Exod.
1462 4612 1603 4663 xxv,
1637 4596 1768 4666 32);
1800 4602 1854 4649 et

261 4702 375 4752 erat
405 4695 458 4748 in
492 4693 585 4747 illo
613 4689 962 4747 tabernaculo
992 4705 1192 4743 mensa
1215 4687 1393 4741 statim
1415 4693 1536 4755 post
1554 4684 1850 4750 introitum,

260 4790 318 4840 ct
349 4799 511 4853 super
556 4782 698 4835 hanc
745 4794 989 4833 mensam
1029 4783 1140 4832 erat
1180 4776 1484 4848 propositio
1526 4790 1764 4844 panum,
1798 4772 1853 4825 id

261 4880 344 4927 est
373 4869 661 4926 duodecim
705 4883 876 4938 panes
917 4866 1032 4920 Deo
1075 4880 1175 4935 per
1204 4861 1685 4918 sanctiﬁcationem
1715 4876 1853 4931 pro—

263 4960 442 5031 positi,
493 4958 561 5013 de
606 4956 801 5028 quibus
843 4954 889 5009 si
935 4953 1075 5009 forte
1122 4968 1221 5023 per
1244 4950 1625 5006 necessitatem
1658 4947 1853 5019 aliquis

264 5050 641 5104 absumeretur
669 5044 779 5113 (hic
830 5042 973 5098 enim
1023 5038 1389 5095 sanctiﬁcatus
1420 5037 1577 5108 panis
1607 5044 1723 5091 erat
1752 5052 1853 5091 ne-

264 5135 538 5192 cessarius
566 5133 631 5187 ad
679 5130 967 5200 sacriﬁcia)
1017 5137 1238 5199 paratus
1284 5135 1398 5182 erat
1425 5125 1580 5197 panis
1610 5124 1857 5179 similiter

263 5226 331 5279 de
362 5223 556 5288 simila,
590 5221 682 5293 qui
721 5219 902 5275 statim
946 5218 1067 5273 loco
1115 5214 1378 5285 assumpti
1407 5213 1853 5268 substituebatur.

263 5313 328 5367 Hi
359 5320 540 5366 autem
589 5309 879 5364 duodecim
910 5322 1080 5378 panes
1112 5306 1165 5359 in
1197 5304 1434 5359 Sabbato
1466 5302 1807 5372 ponebantur
1837 5317 1852 5354 :

263 5401 458 5475 quibus
487 5400 543 5455 in
590 5398 840 5473 sequenti
883 5396 1120 5452 Sabbato
1170 5392 1380 5461 ablatis,
1428 5390 1517 5446 alii
1566 5388 1857 5445 duodecim

1955 4432 2117 4488 quam
2159 4416 2226 4470 ad
2258 4433 2400 4471 verre
2431 4416 2622 4487 gloriae
2665 4417 2903 4488 requiem
2934 4417 2986 4471 in
3018 4418 3104 4472 die
3127 4418 3316 4485 judicii
3342 4434 3545 4490 perve-

1952 4505 2150 4570 nietur,
2190 4506 2304 4574 jam
2371 4506 2578 4560 nullum
2646 4506 2888 4576 episcopi
2951 4505 3183 4561 ofﬁcium
3228 4507 3315 4562 vel
3365 4507 3548 4563 eccle-

1956 4594 2185 4649 siasticae
2215 4609 2362 4649 curae
2400 4594 2763 4650 exercebitur.
2814 4595 2879 4648 Hi
2927 4610 3101 4665 panes
3148 4596 3218 4651 de
3246 4596 3425 4650 simila
3456 4595 3546 4649 di-

1954 4691 2148 4738 cuntur
2212 4682 2400 4751 fuisse,
2477 4683 2601 4754 quia
2667 4683 2721 4737 in
2786 4683 3049 4753 apostolis
3104 4684 3238 4737 nihil
3293 4684 3398 4738 nisi
3454 4683 3542 4737 in-

1955 4772 2219 4827 nocentia:
2265 4771 2473 4842 puritas
2513 4780 2563 4826 et
2610 4771 2868 4827 virtutum
2924 4771 3185 4842 perfectio
3216 4770 3333 4837 fuit,
3369 4787 3546 4842 neque

1954 4860 2009 4913 in
2043 4876 2230 4915 eorum
2255 4860 2669 4915 successoribus
2700 4860 2861 4915 debet
2886 4877 3026 4914 esse.
3062 4861 3209 4914 Thus
3239 4867 3417 4914 autem
3448 4876 3547 4913 su-

1954 4948 2307 5018 perpositum,
2341 4949 2492 5017 cujus
2523 4949 2659 5003 odor
2682 4948 2956 5016 jucundus
2983 4955 3083 5017 est,
3118 4947 3397 5002 orationes
3426 4954 3553 5001 sunt

1956 5053 2160 5103 eorum,
2194 5053 2314 5106 quae
2344 5038 2459 5091 Deo
2490 5037 2850 5106 acceptabiles
2885 5043 3026 5101 sunt,
3063 5043 3115 5089 et
3147 5035 3261 5089 suis
3291 5034 3551 5105 subjectis

1950 5124 2203 5193 jucundae
2234 5133 2285 5179 et
2315 5124 2491 5179 utiles.
2541 5125 2743 5179 Hastile
2790 5140 2922 5181 vero
2967 5124 3297 5193 candelabri,
3331 5124 3416 5180 cui
3447 5124 3553 5179 tria

1955 5213 2181 5268 brachia
2223 5230 2287 5267 ex
2331 5213 2553 5268 dextera
2599 5221 2751 5284 parte
2781 5214 3121 5269 inhaerebant
3151 5222 3203 5267 et
3232 5213 3456 5267 totidem
3486 5228 3553 5267 ex

1957 5302 2193 5368 sinistra,
2230 5302 2474 5357 Christus
2506 5311 2608 5368 est,
2642 5302 2727 5357 cui
2758 5302 2911 5373 quasi
2942 5301 3096 5357 ﬁrmo
3125 5302 3295 5372 stipiti
3325 5308 3435 5355 tam
3466 5315 3554 5354 vc-

1956 5390 2089 5446 teris
2110 5390 2368 5450 Ecclesiae
2398 5390 2586 5447 ﬁdeles
2607 5406 2769 5463 quam
2786 5406 2942 5447 novae
2957 5391 3244 5456 inhaerent,
3267 5396 3321 5446 et
3340 5389 3445 5445 hoc
3464 5394 3550 5444 ιο-
