3966 6050
378 60 482 114 335

912 60 967 115 5.
1004 57 1357 115 BRUNONIS
1395 56 2043 116 CARTHUSIANORUM
2096 58 2580 116 INSTITUTORIS
2633 59 2783 115 OPP.
2844 59 3020 115 PARS
3050 59 3126 115 II.

3563 60 3665 113 336

380 190 496 237 tum
524 183 672 254 quod
702 190 827 238 sunt
855 183 941 239 vel
971 182 1185 238 fuerunt
1217 200 1281 238 ex
1312 197 1378 239 eo
1403 183 1626 245 habent.
1659 184 1793 238 Tres
1823 184 1966 238 enim
1998 185 2053 244 A
2072 183 2365 239 mundanis
2396 192 2446 239 et
2476 184 2544 239 de
2586 183 2899 240 caelestibus
2938 183 3062 252 jure
3099 198 3299 237 aureus
3328 180 3495 236 fuisse
3526 179 3665 236 dici-

380 270 515 325 rami
546 272 638 342 qui
668 288 733 326 ex
760 272 980 326 dextera
1009 279 1165 341 parte
1196 280 1339 341 sunt,
1364 280 1476 326 tres
1497 272 1717 327 ordines
1734 271 1975 326 ﬁdelium

381 358 540 427 hujus
567 359 831 414 Ecclesiae
854 361 996 431 (quae
1026 360 1246 432 dignior
1278 368 1359 414 est
1384 375 1547 431 quam
1579 359 1753 431 vetus)
1784 368 1974 414 osten-

384 446 535 513 dunt,
586 448 688 503 hos
732 448 902 501 habes
949 447 1003 501 in
1052 448 1351 519 Evangelio
1391 448 1482 501 ubi
1513 447 1711 503 dicitur
1746 463 1757 501 :
1796 468 1818 497 ι
1854 448 1974 501 Duo

384 541 541 589 erunt
569 534 623 589 in
655 534 796 590 lecto
831 550 842 589 :
878 552 1017 589 unus
1044 544 1367 603 assumatur,
1402 535 1537 589 alter
1559 535 1908 606 relinquetur.
1947 558 1969 581 ››

381 623 501 677 Duo
541 622 598 676 in
641 639 793 694 agro,
834 641 975 678 unus
1017 633 1340 692 assumatur,
1392 624 1528 679 alter
1575 633 1756 678 autem
1804 622 1974 676 relin-

384 717 602 781 quetur.
637 712 757 766 Duo
787 712 841 765 in
871 713 1204 778 molendino,
1237 728 1376 766 unus
1406 720 1726 777 assumetur,
1761 718 1812 766 et
1839 711 1976 764 alter

380 798 720 870 relinquetur
748 802 899 868 (Luc.
934 815 1073 866 xvu,
1116 802 1202 864 34,
1239 804 1348 868 35).
1374 800 1493 854 Duo
1523 800 1579 854 in
1607 800 1769 867 lecto,
1803 798 1974 853 conti-

382 893 595 952 nentes,
633 902 863 957 quorum
894 887 971 941 illi
1016 887 1391 957 relinquentur
1423 888 1513 959 qui
1543 888 1628 943 vel
1659 904 1757 957 pro
1793 887 1974 941 favore

385 973 573 1029 mundi
602 975 954 1041 abstinentes,
1006 976 1091 1029 vel
1140 992 1237 1045 pro
1284 977 1400 1030 Deo
1444 977 1552 1031 hoc
1582 975 1864 1040 facientes,
1897 982 1975 1028 ta-

384 1077 514 1117 men
570 1062 847 1118 deficiunt.
900 1064 979 1117 Illi
1022 1072 1204 1117 autem
1251 1064 1340 1134 qui
1369 1079 1469 1133 pro
1500 1064 1714 1117 Christo
1746 1064 1848 1117 hoc
1886 1062 1971 1116 fa-

383 1151 531 1207 ciunt
571 1159 624 1207 et
673 1159 1045 1221 perseverant,
1079 1152 1131 1204 in
1163 1151 1336 1221 gloria
1367 1158 1749 1214 assumentur;
1782 1150 1889 1204 duo
1918 1149 1974 1203 in

381 1255 534 1311 agro,
568 1247 693 1293 sunt
722 1238 1034 1294 laborantes
1065 1240 1119 1292 in
1148 1239 1396 1293 Ecclesia
1428 1255 1548 1309 quae
1578 1238 1676 1292 Dei
1709 1254 1841 1311 ager
1869 1246 1969 1302 est,

379 1344 608 1399 quorum
639 1327 801 1395 (sicut
847 1328 916 1380 de
965 1327 1081 1380 aliis
1129 1327 1326 1381 dictum
1359 1330 1462 1396 est)
1503 1327 1719 1398 quidam
1748 1327 1817 1380 ad
1847 1327 1971 1397 glo—

382 1416 516 1469 riam
549 1422 916 1483 assumentur,
959 1415 1175 1484 quidam
1204 1416 1271 1468 ad
1300 1432 1517 1485 poenam
1557 1414 1969 1485 relinquentur;

2076 280 2178 326 tur.
2213 274 2272 325 lu
2303 287 2368 326 eo
2398 279 2580 326 autem
2629 272 2772 342 quod
2815 272 2943 343 igne
2993 271 3267 326 charitatis
3312 270 3369 324 in
3398 271 3571 323 Deum
3610 276 3664 323 et

2073 359 2128 412 in
2177 360 2482 429 proximum
2525 361 2718 430 plenus
2760 360 2878 425 fuit,
2925 369 2976 414 et
3020 359 3315 427 jucundum
3360 359 3667 413 orationum

2073 447 2300 502 odorem
2330 464 2430 518 pro
2461 448 2663 503 mundo
2694 449 2809 502 Deo
2840 446 3044 511 effudit,
3077 446 3350 501 thuribulo
3374 448 3496 514 jure
3525 445 3665 499 assi-

2071 536 2294 590 milatur
2322 536 2507 608 ignem
2546 535 2863 605 continenti,
2910 544 2964 590 et
3010 536 3235 590 odorem
3285 534 3455 588 thuris
3482 534 3536 587 in
3567 549 3656 587 su-

2072 625 2291 694 periora
2337 625 2622 679 emittenti.
2674 625 2823 678 Idem
2872 624 3033 695 etiam
3066 632 3147 677 est
3178 638 3307 678 arca
3336 622 3665 688 testamenti,

2074 713 2129 767 id
2168 720 2248 767 est
2278 713 2332 766 in
2362 729 2471 784 qua
2500 712 2879 767 reservabatur
2927 719 3310 766 testamentum
3359 720 3413 765 et
3444 710 3663 777 latebat,

2074 800 2200 871 quia
2230 801 2284 853 in
2312 800 2576 870 sapientia
2608 800 2801 868 Patris,
2846 816 2968 854 cum
3002 815 3108 870 qua
3140 799 3283 853 idem
3312 798 3668 869 personaliter

2074 896 2212 953 erat,
2245 896 2515 958 praecepta
2546 888 2743 943 veteris
2776 888 2914 959 legis
2945 897 2996 941 et
3025 903 3179 942 novae
3210 887 3465 953 latebant,
3489 893 3542 941 et
3553 886 3668 954 jam

2073 993 2139 1031 ex
2168 976 2285 1044 ejus
2316 976 2676 1046 dispositione
2707 976 3015 1045 pendebant
3039 994 3053 1041 ;
3085 976 3176 1046 qui
3200 975 3360 1029 etiam
3382 990 3448 1029 ea
3467 972 3669 1029 claudit

2073 1072 2125 1118 et
2156 1080 2315 1119 nemo
2345 1063 2535 1135 aperit,
2570 1064 2742 1134 aperit
2772 1072 2825 1118 et
2841 1080 3001 1118 nemo
3024 1063 3225 1118 claudit
3261 1064 3449 1135 (Apoc.
3474 1078 3555 1131 III,
3587 1064 3665 1129 7).

2073 1154 2200 1208 Haec
2229 1168 2358 1206 arca
2398 1152 2552 1205 omni
2590 1159 2744 1222 parte
2798 1160 2905 1205 tam
2954 1151 3179 1205 interius
3223 1167 3384 1221 quam
3430 1149 3668 1205 exterius

2073 1256 2204 1295 auro
2237 1247 2375 1295 tecta
2407 1248 2545 1305 erat,
2596 1239 2725 1310 quia
2752 1240 2869 1309 ipse
2900 1248 2950 1294 et
2979 1239 3161 1293 anima
3188 1247 3242 1293 et
3287 1254 3517 1308 corpore
3546 1253 3668 1291 om-

2072 1328 2223 1381 nium
2267 1328 2735 1383 consummatione
2782 1328 3043 1383 virtutum
3079 1327 3287 1395 enituit,
3325 1334 3379 1381 et
3425 1325 3572 1379 nulla
3618 1324 3669 1379 ei

2073 1415 2241 1471 defuit
2282 1416 2512 1483 justitia.
2559 1418 2619 1470 In
2647 1417 2749 1470 hac
2792 1432 2922 1471 arca
2968 1423 3083 1471 erat
3130 1432 3267 1469 urna
3308 1429 3494 1479 aurea,
3548 1413 3670 1485 quia

379 1504 489 1558 duo
520 1503 577 1557 in
604 1502 937 1568 molendino,
973 1503 1525 1572 demonstranthujus
1550 1503 1732 1558 saeculi
1754 1518 1971 1573 posses-
2001 1536 2053 1595 B
2076 1505 2129 1557 in
2161 1520 2393 1574 corpore
2442 1504 2643 1559 Christi
2693 1511 2810 1559 erat
2851 1521 2980 1559 vera
3019 1512 3073 1558 et
3119 1505 3354 1558 humana
3383 1502 3581 1571 anima,
3617 1509 3670 1555 et

379 1607 531 1647 sores
561 1591 617 1644 in
668 1591 998 1646 volubilitate
1038 1591 1425 1645 mundanarum
1457 1608 1639 1645 rerum
1670 1598 1971 1648 manentes.

379 1680 473 1751 qui
500 1679 753 1734 laborant
804 1680 1077 1749 quomodo
1124 1680 1207 1735 vir
1262 1680 1473 1750 placeat
1502 1680 1733 1745 mulieri,
1767 1688 1821 1733 et
1851 1695 1974 1733 mu—

380 1767 482 1823 lier
504 1766 641 1823 viro.
664 1768 864 1822 Horum
896 1768 969 1821 illi
1000 1767 1393 1838 relinquentur,
1419 1769 1562 1839 quod
1592 1767 1761 1837 ipsius
1790 1766 1977 1821 mundi

382 1855 666 1912 delectatio
714 1854 770 1908 in
819 1855 1044 1911 crimina
1091 1864 1143 1910 et
1188 1856 1486 1926 perniciem
1517 1856 1693 1910 trahit.
1733 1853 1965 1910 391

390 1944 475 1998 Illi
502 1959 631 2000 vero
662 1954 1028 2010 assumentur,
1063 1944 1155 2015 qui
1182 1945 1237 1997 in
1258 1944 1483 1999 crimina
1511 1960 1620 1999 non
1639 1943 1902 2009 incidunt,
1923 1949 1976 1997 et

382 2032 451 2087 de
496 2046 807 2087 mammona
853 2031 1150 2102 iniquitatis
1189 2032 1394 2087 amicos
1439 2031 1542 2086 sibi
1587 2032 1789 2086 faciunt
1817 2030 1971 2101 (Luc.

383 2135 502 2187 xvi,
537 2120 613 2190 9).

454 2207 539 2262 Illi
565 2214 743 2262 autem
772 2214 882 2262 tres
918 2208 1072 2274 rami,
1125 2208 1217 2279 qui
1247 2208 1483 2263 sinistrae
1512 2208 1655 2278 parti
1687 2208 1971 2273 inhaerent,

380 2303 496 2352 tres
545 2296 767 2351 ordines
815 2295 1053 2350 fidelium
1092 2297 1191 2350 sub
1241 2297 1409 2352 veteri
1466 2296 1757 2351 ostendunt
1793 2311 1805 2350 :
1840 2312 1976 2366 quos

384 2385 554 2440 habes
595 2401 695 2455 per
725 2385 1027 2453 Danielem,
1075 2402 1173 2456 per
1219 2386 1359 2451 Noe,
1392 2402 1488 2456 per
1514 2385 1635 2440 Job.
1670 2384 1860 2439 Daniel
1891 2392 1976 2439 et-

384 2473 529 2529 enim
546 2473 639 2544 qui
658 2474 967 2539 vixitcaste,
995 2473 1333 2529 continentes
1355 2474 1453 2528 sub
1469 2474 1635 2530 veteri
1650 2473 1773 2545 lege
1794 2480 1977 2528 osten-

382 2561 480 2616 dit.
526 2562 645 2617 Noe
691 2578 820 2617 vero
868 2562 1161 2618 fabricator
1207 2572 1259 2617 et
1309 2562 1503 2617 artifex
1552 2578 1691 2617 arcae
1738 2561 1973 2626 Domini,

384 2650 634 2706 doctores
663 2650 802 2721 legis
834 2650 1206 2721 praesignavit.
1237 2652 1341 2705 Job
1370 2666 1497 2705 vero
1528 2650 1616 2721 qui
1646 2650 1700 2704 in
1722 2650 1976 2722 conjugio

387 2746 441 2795 et
487 2754 668 2794 rerum
705 2738 1055 2809 possessione
1094 2737 1211 2803 fuit,
1258 2739 1597 2793 demonstrat
1639 2738 1762 2792 illos
1801 2738 1893 2809 qui
1924 2738 1979 2791 in

384 2826 654 2899 conjugiis
701 2835 755 2882 et
815 2827 977 2881 rebus
1033 2826 1318 2880 mundanis
1365 2828 1481 2881 Deo
1530 2826 1859 2897 placuerint.
1918 2828 1979 2880 In

384 2915 638 2971 omnibus
682 2921 863 2970 autem
922 2914 1008 2969 his
1056 2914 1224 2969 ramis
1272 2922 1426 2969 erant
1473 2915 1789 2984 sphaerulae,
1851 2912 1974 2985 quia
2011 2890 2055 2952 Ο

386 3004 689 3059 rotunditas
717 3002 1067 3074 perfectionis
1099 3012 1214 3058 erat
1260 3004 1315 3058 in
1354 3003 1631 3069 omnibus,
1667 3011 1720 3057 et
1746 3002 1974 3074 aquali-

387 3102 472 3149 tas
494 3093 737 3163 justitiae.
770 3093 878 3147 Has
908 3100 1089 3147 autem
1119 3092 1418 3163 sphaerulas
1448 3091 1563 3146 lilia
1592 3092 1972 3163 sequebantur,

388 3183 515 3254 quia
560 3187 850 3251 postquam
897 3181 1091 3252 aliquis
1148 3180 1420 3251 perfectus
1476 3188 1557 3234 est
1606 3188 1796 3251 gratus
1842 3181 1977 3235 odor

385 3272 524 3337 Deo,
558 3277 610 3325 et
638 3268 693 3324 in
721 3269 969 3324 Ecclesia
999 3269 1247 3339 exemplo
1277 3270 1541 3324 bonorum
1570 3284 1796 3339 Operum
1821 3268 1978 3323 redo—

381 3358 505 3415 lens
543 3356 791 3414 efﬁcitur.
826 3360 952 3413 Post
971 3357 1083 3412 lilia
1099 3374 1225 3414 vero
1247 3358 1541 3413 succedunt
1560 3357 1825 3428 scyphuli,
1851 3356 1978 3428 quia

385 3462 510 3503 cum
539 3446 736 3518 aliquis
777 3447 1038 3517 probatur
1080 3446 1374 3516 perfectus,
1425 3454 1479 3500 et
1524 3444 1773 3515 exemplo
1820 3445 1977 3500 bona:

384 3535 719 3607 operationis
770 3542 1022 3606 tanquam
1065 3535 1235 3588 lilium
1276 3550 1371 3588 sua
1402 3534 1571 3589 odore
1602 3534 1971 3604 cognoscitur,

384 3632 550 3680 restat
577 3632 635 3678 ut
663 3622 925 3679 efficiatur
952 3622 1296 3692 praedicator,
1331 3630 1381 3676 et
1411 3622 1692 3677 catholicae
1719 3621 1977 3676 doctrinae

385 3712 759 3783 indigentibus
788 3711 1123 3781 propinator.
1159 3710 1262 3777 Qui
1306 3709 1617 3780 operatione
1650 3718 1703 3763 et
1733 3709 1977 3763 doctrina

386 3800 511 3854 talis
556 3798 801 3866 effectus,
858 3806 908 3852 et
953 3798 1191 3867 seipsum
1233 3797 1361 3868 igne
1396 3797 1675 3853 charitatis
1704 3797 1973 3865 accendit,

388 3894 443 3943 et
469 3886 588 3939 aliis
618 3886 801 3939 lumen
849 3885 903 3938 in
948 3885 1190 3939 tenebris
1230 3886 1483 3939 ostendit.
1535 3886 1843 3940 Secundum
1875 3902 1976 3938 au-

387 3983 496 4029 tem
525 3972 933 4041 tabernaculum
981 3988 1013 4026 a
1041 3973 1215 4042 primo
1262 3974 1367 4027 veli
1398 3973 1803 4043 interpositione
1833 3973 1976 4027 divi-

386 4063 633 4128 debatur,
667 4062 723 4115 in
743 4062 885 4134 quod
905 4061 1143 4133 pontifex
1165 4061 1313 4116 solus
1334 4069 1386 4116 et
1413 4062 1581 4117 semel
1610 4062 1665 4115 in
1684 4077 1824 4116 anno
1854 4078 1975 4117 cum

386 4151 653 4224 sanguine
683 4150 1114 4224 ingrediebatur.

2076 1592 2269 1646 eadem
2313 1591 2459 1646 omni
2507 1592 2701 1647 virtute
2749 1599 2803 1647 et
2831 1593 3070 1662 perfecta
3102 1592 3366 1662 sapientia
3395 1590 3574 1661 plena.
3609 1590 3670 1643 In

2076 1697 2215 1735 urna
2279 1688 2398 1735 erat
2458 1696 2662 1735 manna
2716 1680 3111 1744 absconditum,
3174 1678 3303 1750 quia
3372 1678 3427 1731 in
3492 1678 3669 1732 anima

2076 1768 2274 1823 Christi
2317 1776 2399 1823 est
2440 1768 2562 1839 ipsa
2623 1768 2914 1835 divinitas;
2947 1784 3067 1839 quae
3111 1775 3193 1823 est
3234 1767 3392 1838 panis
3440 1774 3493 1822 et
3532 1765 3669 1820 refe-

2075 1856 2182 1912 ctio
2213 1857 2562 1929 angelorum.
2595 1858 2767 1911 Erant
2801 1857 2963 1911 etiam
2992 1857 3048 1911 in
3076 1871 3199 1911 arca
3226 1856 3381 1926 virga
3408 1858 3588 1909 Aaron
3618 1862 3671 1909 et

2078 1946 2273 2000 tabulae
2316 1945 2664 2000 Testamenti.
2722 1945 2887 2017 Virga
2934 1947 3112 1999 Aaron
3152 1960 3341 1999 verum
3388 1943 3666 2016 significa-

2075 2033 2151 2089 vit
2199 2033 2586 2089 sacerdotium.
2642 2033 2863 2088 Tabula:
2910 2032 3237 2087 Testamenti
3284 2032 3451 2087 corda
3479 2047 3667 2086 eorum

2076 2129 2219 2188 sunt,
2270 2121 2325 2175 in
2360 2121 2558 2193 quibus
2601 2120 2743 2192 legis
2791 2129 3070 2192 praecepta
3107 2120 3346 2175 insident
3388 2127 3441 2175 et
3481 2119 3666 2191 quies-

2075 2217 2227 2265 cunt.

2147 2298 2282 2353 Sunt
2311 2297 2494 2368 itaque
2519 2296 2575 2351 in
2602 2312 2732 2353 arca
2759 2296 2917 2368 virga
2946 2299 3127 2353 Aaron
3156 2305 3210 2353 et
3236 2296 3454 2351 Tabula:
3481 2297 3668 2351 Testa-

2076 2385 2262 2453 menti,
2298 2386 2423 2456 quia
2463 2384 2519 2439 iu
2569 2385 2782 2441 Christo
2828 2402 3014 2441 verum
3060 2393 3141 2440 est
3190 2384 3573 2449 sacerdotium,
3616 2391 3669 2438 et

2076 2473 2449 2546 unusquisque
2473 2472 2682 2539 ﬁdelis;
2708 2474 2852 2528 unde
2874 2474 2929 2527 in
2949 2473 3248 2545 Evangelio
3270 2473 3343 2528 ait
3367 2491 3379 2527 :
3407 2492 3430 2522 ι
3457 2472 3666 2526 Manete

2076 2562 2129 2617 in
2160 2579 2265 2628 me,
2299 2570 2350 2617 et
2381 2577 2485 2633 ego
2514 2562 2569 2615 in
2601 2562 2755 2617 vobis
2786 2564 2967 2631 (Joan.
3002 2578 3098 2628 xv,
3122 2562 3198 2631 4).
3238 2586 3258 2610 η
3291 2562 3463 2631 Super
3478 2576 3667 2616 arcam

2076 2659 2193 2706 erat
2238 2650 2420 2704 tabula
2460 2666 2581 2721 quae
2628 2651 2926 2705 vocabatur
2971 2650 3424 2721 propitiatorium,
3474 2650 3529 2702 in
3560 2665 3668 2720 qua

2078 2739 2224 2794 Deus
2252 2754 2525 2809 apparens
2562 2755 2661 2809 per
2703 2738 2958 2809 angelum
3006 2738 3396 2809 prOpitiabatur
3423 2738 3666 2809 peccatis

2077 2843 2284 2881 eorum.
2319 2827 2495 2896 Super
2522 2828 2979 2897 prepitiatorium,
3013 2828 3121 2883 duo
3138 2827 3420 2883 cherubim
3448 2843 3667 2897 semper

2076 2915 2333 2970 inclinato
2392 2916 2539 2970 vultu
2596 2915 2727 2970 illud
2784 2916 3122 2987 aspicientia,
3190 2925 3240 2971 et
3288 2916 3669 2984 conjunctione

2076 3005 2281 3059 alarum
2314 3019 2533 3059 suarum
2565 3004 2801 3075 desuper
2830 3013 3173 3059 extensarum
3189 3004 3321 3059 illud
3337 3005 3665 3059 obumbran-

2075 3094 2169 3147 tia.
2218 3093 2368 3147 Idem
2407 3093 2650 3148 Christus
2696 3094 3127 3164 pr0pitiatorium
3194 3101 3296 3161 est,
3366 3093 3666 3149 secundum

2079 3182 2223 3252 quod
2253 3184 2320 3235 ab
2351 3196 2415 3236 eo
2467 3199 2588 3252 quae
2628 3182 2895 3251 volumus,
2945 3182 3304 3252 postulamus,
3355 3189 3407 3236 et
3437 3198 3534 3236 sua
3563 3181 3665 3235 mi-

2078 3269 2371 3324 sericordia
2400 3270 2602 3323 nostris
2643 3270 2902 3340 peccatis,
2948 3270 3299 3340 propitiatur.
3337 3270 3510 3340 Super
3541 3285 3666 3324 eum

2079 3366 2203 3412 sunt
2250 3359 2358 3412 duo
2403 3359 2701 3427 cherubim,
2754 3359 2882 3429 quia
2928 3358 3090 3413 etiam
3133 3358 3353 3413 altiores
3400 3358 3667 3413 caelorum

2078 3447 2304 3501 virtutes
2334 3447 2383 3500 ei
2431 3447 2745 3513 innituntur,
2797 3456 2849 3502 et
2894 3446 3281 3501 firmanentum
3311 3463 3424 3501 suae
3452 3445 3665 3500 stabili-

2079 3535 2203 3589 tatis
2231 3535 2430 3590 habent
2475 3535 2645 3589 illum.
2696 3536 2899 3590 Eadem
2930 3535 3209 3590 cherubim
3239 3534 3665 3604 propitiatorium

2078 3638 2295 3692 semper
2333 3622 2598 3692 aspiciunt
2631 3639 2642 3676 :
2683 3623 2921 3679 392
2954 3617 3053 3678 se'd
3082 3624 3319 3693 desuper
3374 3622 3666 3688 obdurant,

2079 3712 2203 3780 quia
2231 3710 2483 3765 caelestes
2534 3712 2761 3766 virtutes
2809 3712 3240 3767 misericordiam
3294 3712 3394 3766 Dei
3448 3728 3668 3781 semper

2080 3800 2533 3869 contemplantur,
2595 3801 2712 3869 sed,
2762 3817 2867 3871 quo
2905 3801 3161 3855 intentius
3211 3818 3336 3855 eum
3376 3800 3663 3871 aspiciunt,

2078 3894 2228 3941 tanto
2251 3888 2538 3942 obscurior
2561 3896 2614 3942 et
2632 3889 2806 3959 magis
2828 3889 3047 3960 ignotus
3064 3887 3313 3959 efficitur,
3350 3912 3371 3940 ι
3409 3890 3669 3960 quoniam

2078 3975 2450 4031 misericordia
2472 3977 2685 4031 Domini
2705 3978 2935 4045 abyssus
2956 3977 3125 4032 multa
3146 3979 3321 4047 (Psal.
3344 3992 3527 4042 xxxv,
3542 3980 3619 4047 7).
3641 4002 3663 4025 υ

2080 4063 2139 4116 In
2185 4078 2312 4117 arca
2379 4071 2554 4117 autem
2625 4071 2853 4133 quatuor
2913 4074 3071 4119 erant
3115 4065 3316 4131 annuli,
3368 4066 3423 4118 in
3469 4065 3667 4136 quibus

2080 4160 2262 4205 vectes
2308 4151 2751 4215 immittebantur,
2809 4160 2862 4206 et
2892 4152 2971 4208 sic
3000 4168 3127 4208 arca
3157 4170 3263 4224 quo
3294 4170 3381 4208 res
3411 4154 3670 4223 poscebat

453 4239 885 4295 Tabernaculum
932 4240 1064 4295 illud
1112 4238 1351 4295 caelestis
1398 4238 1645 4293 Ecclesia
1682 4246 1783 4292 est.
1834 4238 1974 4293 Illud
1996 4241 2047 4298 D
2076 4238 2446 4293 deferebatur.
2469 4238 2713 4307 Quatuor
2729 4240 2933 4307 annuli,
2954 4249 3185 4312 quatuor
3202 4250 3323 4296 sunt
3343 4242 3665 4311 Evangelia;

381 4333 563 4382 autem
593 4327 865 4398 obtegitur
895 4328 1035 4395 velo,
1070 4327 1197 4398 quia
1226 4328 1354 4381 dum
1382 4344 1570 4380 sumus
1600 4327 1654 4379 in
1677 4328 1778 4381 hac
1798 4327 1977 4381 adhuc

382 4415 600 4470 mortali
630 4431 793 4471 carne
822 4416 908 4469 vel
937 4415 1202 4479 Ecclesia,
1238 4432 1357 4485 quae
1386 4423 1438 4469 et
1461 4422 1659 4486 quanta
1688 4416 1835 4469 Deus
1864 4416 1976 4468 suis

383 4510 652 4574 praeparet
696 4503 1016 4574 ignorantiae
1045 4504 1284 4558 caecitate
1315 4518 1653 4573 cognoscere
1694 4518 1803 4557 non
1841 4519 1975 4572 pos-

382 4608 591 4646 sumus.
642 4590 887 4645 Pontifex
933 4598 1112 4645 autem
1158 4592 1246 4661 qui
1292 4590 1460 4645 semel
1489 4591 1543 4643 in
1574 4607 1736 4655 anno,
1773 4598 1975 4645 etcum

382 4679 652 4752 sanguine
682 4679 960 4749 introibat,
1002 4680 1247 4734 Christus
1278 4686 1379 4743 est,
1414 4679 1526 4749 qui,
1558 4679 1612 4732 in
1647 4678 1976 4748 perfectione

382 4773 691 4838 temporum
731 4768 903 4823 semel
954 4768 1278 4838 sanguinem
1328 4784 1485 4821 suum
1534 4766 1785 4831 offerens,
1837 4766 1976 4819 viam

384 4855 623 4911 caelestis
650 4856 841 4926 patriae
875 4856 1032 4910 nobis
1063 4855 1311 4911 initiavit.
1339 4855 1499 4923 Quod
1523 4870 1649 4909 vero
1667 4854 1785 4923 ipsa
1803 4853 1976 4908 hostia

382 4959 492 4998 uno
553 4960 769 5015 quoque
842 4960 985 4999 anno
1054 4944 1435 5009 reiterabatur,
1508 4942 1975 5012 imperfectionem

382 5031 553 5103 ipsius
585 5033 776 5087 hostiae
823 5032 1163 5098 ostendebat,
1208 5039 1260 5086 et
1306 5048 1372 5085 ex
1418 5030 1533 5100 ipsa
1567 5046 1660 5084 sua
1690 5030 1975 5085 iteratione

381 5119 548 5176 aliam
581 5121 811 5175 hostiam
856 5137 1019 5191 quam
1068 5119 1249 5175 iterari
1296 5134 1405 5173 non
1444 5126 1738 5189 oporteret,
1775 5134 1975 5188 exspe-

384 5208 518 5266 ctari
540 5209 912 5281 prazcipiebat.
956 5209 1307 5263 Thuribulum
1340 5222 1559 5261 aureum
1594 5207 1839 5262 Christus
1870 5215 1971 5271 est,

384 5297 478 5370 qui
505 5297 562 5354 in
591 5314 657 5356 co
704 5297 849 5371 quod
890 5297 1189 5368 perfectam
1230 5295 1552 5367 sapientiam
1585 5295 1791 5363 habuit,
1825 5303 1879 5351 et
1907 5295 1976 5352 de

2077 4334 2278 4392 vectes,
2312 4327 2484 4382 sancti
2514 4328 2902 4397 predicatores,
2937 4330 3047 4399 qui,
3081 4330 3136 4382 in
3162 4329 3463 4385 doctrinam
3486 4331 3670 4384 Evan-

2076 4414 2204 4485 gelii
2234 4414 2480 4481 immissi,
2514 4424 2566 4469 et
2611 4416 2883 4469 Christum
2926 4424 2975 4471 et
3006 4417 3124 4485 ejus
3174 4416 3337 4488 fidem
3380 4434 3487 4488 quo
3522 4418 3669 4472 Deus

2077 4503 2188 4559 vult
2219 4512 2270 4556 et
2306 4503 2631 4572 praeordinat
2678 4503 2945 4559 deferunt.
2999 4507 3113 4560 Hoc
3159 4486 3357 4571 autem,
3400 4486 3556 4576 quod
3600 4506 3671 4560 de

2074 4591 2238 4663 lignis
2270 4592 2423 4645 setim
2454 4591 2597 4662 (quae
2644 4591 2993 4661 imputribilia
3030 4594 3177 4661 sunt)
3225 4593 3364 4649 facta
3393 4603 3495 4660 est,
3542 4609 3668 4648 cor-

2074 4696 2175 4748 pus
2207 4679 2405 4733 Christi
2448 4687 2568 4749 post
2621 4681 2932 4750 passionem
2980 4682 3282 4736 immortale
3328 4688 3382 4736 et
3408 4682 3667 4752 impassi-

2075 4766 2183 4820 bile
2222 4766 2461 4821 futurum
2491 4768 2860 4839 praesignavit.
2896 4770 3021 4824 Haec
3050 4770 3103 4823 in
3135 4771 3311 4839 primo
3345 4777 3397 4825 et
3426 4770 3667 4825 secundo

2076 4862 2200 4908 sunt
2221 4855 2574 4910 tabernaculo
2590 4856 2678 4923 (de
2697 4857 2893 4927 quibus
2913 4872 3026 4911 non
3046 4862 3128 4913 est
3152 4858 3312 4912 modo
3345 4858 3668 4927 dicendum)

2075 4942 2253 4996 eundo
2271 4958 2371 5013 per
2398 4944 2623 5013 singula
2654 4958 2844 4997 eorum
2876 4944 3297 5015 interpretanda.
3326 4946 3405 4998 De
3437 4945 3668 5017 singulis

2076 5030 2295 5100 quidem
2342 5046 2451 5084 non
2488 5038 2570 5084 est
2601 5031 2950 5098 discendum,
2984 5034 3078 5088 sed
3107 5034 3175 5089 de
3205 5035 3292 5089 his
3324 5035 3409 5088 ita
3440 5050 3665 5105 compo-

2073 5120 2201 5173 sitis
2221 5126 2302 5172 est
2331 5118 2621 5183 dicendum
2650 5121 2771 5185 hoc,
2789 5120 2997 5176 scilicet
3018 5123 3160 5193 quod
3182 5123 3242 5177 in
3262 5124 3423 5193 prius
3445 5123 3667 5194 quidem

2077 5208 2504 5263 tabernaculum
2548 5225 2767 5281 semper
2798 5210 3113 5265 introibant
3156 5212 3473 5266 sacerdotes
3527 5227 3665 5267 con-

2080 5301 2427 5354 summantes
2459 5298 2649 5368 ofﬁcia
2680 5299 3111 5369 sacriﬁciorum,
3136 5298 3189 5353 id
3212 5308 3293 5354 est
3326 5298 3666 5371 perficientes
