3966 6050
245 109 353 163 53³7

923 104 1305 163 EXPOSITIO
1338 105 1414 161 IN
1439 101 1821 161 EPISTOLAS
1870 103 2095 160 PAULI.
2128 134 2198 145 —-
2226 105 2301 161 IN
2332 106 2549 163 EPIST.
2584 106 2678 163 AD
2719 108 2875 164 ΗΕΒ.

3452 108 3555 162 538

251 231 525 288 sacriﬁcia
555 230 857 288 secundum
896 230 1061 286 ritum
1099 230 1260 287 ofﬁcii
1310 230 1396 287 sui
1428 231 1483 286 in
1514 230 1665 302 prius
1706 245 1850 285 sem-
1879 231 1930 290 A
1952 232 2339 297 correctionis,
2373 232 2427 286 id
2457 240 2534 287 est
2566 249 2738 304 usque
2768 233 2836 287 ad
2878 233 3169 297 Christum,
3220 231 3555 304 perfectione

245 335 366 390 per.

324 408 429 465 Sed
448 409 512 463 in
528 408 840 465 secundum
861 409 1294 465 tabernaculum
1318 409 1492 464 semel
1509 410 1572 464 in
1605 424 1756 464 anno
1776 406 1853 461 in-

244 496 443 552 troibat
472 499 624 553 solus
648 498 935 569 ponti/ex,
969 506 1151 554 etnon
1167 499 1289 553 sine
1311 500 1612 567 sanguine,
1637 512 1849 568 quoac-

245 593 426 655 cepto,
459 586 526 640 de
558 585 783 639 animali
845 585 979 640 foris
1027 586 1325 651 immolato,
1374 585 1623 658 tingebat
1670 585 1739 640 de
1786 601 1852 640 eo

246 688 452 728 cornua
480 673 665 728 altaris
692 673 935 740 incensi;
968 691 1130 746 quem
1162 674 1480 747 sanguinem
1538 676 1703 746 oﬁ‘ert
1758 690 1850 728 sa-

243 763 443 817 cerdos
472 779 571 834 pro
600 764 930 833 ignorantia
956 779 1080 828 sua,
1110 768 1166 817 et
1194 778 1296 833 pro
1326 763 1636 834 ignorantia
1649 765 1851 835 populi

246 850 586 915 dimittenda,
608 852 828 922 Spiritu
855 856 1053 907 sancto
1078 852 1437 922 signiﬁcante
1466 868 1564 922 per
1579 852 1683 907 hoc
1705 852 1849 923 quod

240 938 298 992 in
327 939 478 1010 prius
510 955 701 994 omnes
730 940 1041 1005 introibant,
1073 940 1129 993 in
1160 940 1460 995 secundum
1491 940 1672 995 nullus
1700 957 1847 1011 prce-

242 1035 330 1082 ter
360 1028 535 1081 solum
566 1027 892 1098 pontiﬁcem,
926 1031 1074 1084 viam
1096 1034 1426 1085 sanctorum
1456 1030 1711 1084 nondum
1730 1046 1848 1084 esse

238 1118 626 1189 propalatam,
659 1117 714 1170 id
762 1125 843 1171 est
893 1125 1109 1173 sanctos
1136 1134 1246 1172 non
1300 1133 1463 1189 posse
1517 1117 1734 1172 introire
1792 1117 1847 1171 in

242 1204 438 1269 coelos,
473 1221 593 1275 quae
623 1205 706 1259 vir
753 1206 1089 1276 pr0palanda
1139 1215 1249 1260 erat
1297 1206 1375 1259 eis
1404 1205 1459 1258 in
1513 1206 1723 1260 Christo
1780 1222 1846 1260 eo

244 1301 593 1364 resurgente.
644 1294 710 1347 Et
753 1294 928 1349 adhuc
986 1294 1205 1366 quando
1260 1295 1501 1349 nondum
1566 1293 1845 1364 propalata

240 1390 361 1436 erat
387 1381 475 1436 via
520 1389 854 1452 sanctorum,
903 1383 999 1437 sed
1056 1384 1329 1437 Abraham
1352 1390 1403 1437 et
1433 1397 1623 1437 omnes
1673 1383 1846 1437 sancti

241 1469 572 1524 tenebantur
600 1470 655 1524 in
685 1471 946 1535 tenebris,
978 1480 1123 1536 tunc,
1155 1471 1380 1542 inquam
1425 1474 1613 1543 priore
1654 1471 1843 1526 taber-

241 1560 452 1613 naculo
483 1558 722 1614 habente
749 1563 991 1614 statum.
1012 1561 1199 1615 Donec
1217 1560 1359 1614 enim
1392 1560 1480 1615 via
1511 1567 1839 1627 sanctorum,
1864 1587 1915 1647 B

241 1646 461 1701 Christo
507 1646 820 1702 celebrante
874 1664 1077 1703 novum
1121 1650 1354 1715 Pascha,
1412 1648 1686 1719 prOpalata
1724 1648 1840 1715 fuit,

245 1743 405 1791 vetus
440 1735 528 1789 lex
551 1743 749 1790 statum
782 1753 940 1791 suum
976 1753 1039 1790 ex
1071 1738 1187 1791 Deo
1217 1737 1422 1792 habuit.
1488 1738 1619 1804 Quae
1663 1737 1845 1792 omnia

238 1824 311 1878 de
332 1824 480 1878 omni
498 1824 733 1893 prioriet
754 1840 881 1880 vero
931 1826 1282 1880 tabernaculo
1331 1830 1415 1881 est
1440 1826 1708 1897 parabola
1761 1827 1844 1879 in-

237 1913 453 1967 stantis
480 1916 766 1985 temporis,
792 1913 843 1967 id
866 1922 951 1969 est
978 1912 1150 1985 ﬁgura
1180 1914 1462 1984 pertinens
1480 1914 1548 1967 ad
1579 1915 1683 1968 hoc
1712 1920 1843 1967 tem-

234 2017 340 2071 pus
372 2001 519 2072 quod
542 2015 687 2057 nunc
724 2001 905 2068 instat,
954 2004 1083 2073 quia
1135 2002 1393 2074 quidquid
1425 2002 1497 2056 ibi
1556 2001 1839 2072 ﬁguratum

236 2089 357 2155 fuit,
379 2104 522 2143 nunc
551 2089 607 2143 in
637 2090 852 2145 Christo
893 2091 1175 2161 impletum
1224 2098 1324 2145 est.
1385 2092 1443 2144 In
1474 2090 1627 2161 prius
1665 2090 1840 2144 taber-

232 2178 491 2233 naculum
512 2194 727 2249 semper
746 2179 1041 2233 introibant
1058 2180 1369 2235 sacerdotes
1400 2186 1840 2235 consummantes

236 2265 517 2332 sacriﬁcia,
566 2266 693 2338 quia
748 2266 804 2321 in
858 2276 1185 2338 praesentem
1236 2268 1541 2323 Ecclesiam
1599 2268 1837 2340 quotidie

236 2354 526 2409 introimus
620 2365 1062 2412 consummantes
1159 2357 1438 2427 spirituale
1507 2356 1837 2412 sacriﬁcium

235 2443 454 2498 Christi.
488 2444 547 2497 In
589 2445 885 2499 secundum
930 2453 1110 2500 autem
1152 2445 1562 2500 tabernaculum
1593 2444 1835 2515 pontifex

236 2531 409 2586 semel
439 2531 853 2602 ingrediebatur
891 2534 945 2587 in
990 2548 1153 2600 anno,
1214 2534 1341 2605 quia
1380 2533 1627 2589 Christus
1671 2549 1835 2588 verus

233 2620 474 2691 pontifex
506 2621 792 2694 ingressus
820 2630 900 2677 est
928 2623 983 2676 in
1014 2623 1290 2678 cmlestem
1321 2622 1625 2677 Ecclesiam
1642 2623 1829 2692 semel,

231 2725 343 2763 non
370 2710 601 2765 ulterius
632 2727 956 2765 reversurus
985 2728 1014 2766 a
1046 2711 1234 2783 gloria.
1269 2712 1427 2780 Quod
1448 2728 1607 2767 verus
1640 2727 1831 2767 sacer-

232 2798 334 2852 dos
365 2797 595 2869 singulis
634 2800 792 2853 annis
851 2800 1129 2854 introitum
1182 2800 1331 2854 illum
1380 2800 1606 2856 secundi
1662 2801 1833 2855 taber-

226 2886 405 2942 naculi
432 2886 743 2949 reiterabat,
778 2904 965 2943 verum
1004 2888 1318 2959 pontiﬁcem
1363 2889 1637 2943 Christum
1685 2905 1828 2945 non-

230 2975 359 3029 dum
398 2975 648 3030 introisse
680 2976 733 3029 in
764 2992 920 3031 suum
970 2978 1380 3033 tabernaculum
1411 2978 1466 3031 in
1523 2977 1696 3044 caelis,
1732 2979 1831 3033 sed

230 3064 408 3119 adhuc
439 3063 753 3118 intraturum
802 3066 1168 3136 exspectabat.
1202 3066 1417 3138 Legalis
1453 3067 1690 3137 pontifex
1722 3084 1831 3125 non

226 3152 484 3207 introibat
512 3154 628 3207 sine
678 3154 963 3225 sanguine,
1016 3155 1139 3226 quia
1197 3155 1444 3209 Christus
1500 3171 1607 3210 non
1664 3172 1830 3226 pene-

225 3240 389 3295 travit
418 3240 608 3307 cmlos,
634 3242 737 3295 nisi
768 3242 916 3312 prius
960 3243 1227 3315 sanguine
1270 3260 1370 3299 suo
1427 3242 1597 3299 effuso
1643 3245 1698 3298 in
1754 3262 1829 3301 re-

223 3330 594 3400 demptionem
643 3330 882 3385 omnium
930 3351 943 3395 ς
1005 3349 1165 3403 quem
1205 3333 1524 3403 sanguinem
1581 3334 1829 3389 Christus

222 3418 418 3473 obtulit
458 3434 566 3473 non
614 3419 797 3491 utique
853 3437 952 3491 pro
994 3437 1107 3487 sua,
1144 3421 1241 3476 sed
1299 3437 1396 3491 pro
1427 3422 1589 3476 totius
1642 3423 1829 3493 populi

222 3506 457 3562 delenda
498 3507 827 3579 ignorantia.
889 3512 1067 3565 Juxta
1096 3526 1263 3581 quam
1291 3510 1626 3580 parabolam,
1661 3512 1715 3565 id
1748 3520 1829 3565 est

226 3593 461 3667 ﬁguram
489 3596 810 3666 offeruntur
838 3596 894 3652 in
931 3598 1099 3653 veteri
1127 3599 1252 3670 lege
1280 3615 1541 3666 munera,
1562 3599 1616 3653 id
1633 3600 1827 3655 estmi-

223 3699 392 3737 nores
422 3684 745 3739 oblationes.

298 3770 612 3826 Oﬁ'eruntur
658 3774 831 3827 etiam
890 3773 1087 3829 hostiae
1144 3774 1479 3829 animalium.
1522 3776 1610 3831 Sic
1640 3776 1695 3830 in
1726 3778 1826 3833 hac

222 3860 480 3930 praesenti
530 3860 777 3915 Ecclesia
853 3878 1079 3916 munera
1127 3872 1311 3918 nostra
1370 3872 1491 3917 sunt
1550 3865 1826 3921 orationes

220 3948 278 4002 in
308 3948 537 4002 odorem
571 3948 849 4004 suavitatis
908 3952 1040 4017 Deo,
1086 3959 1139 4005 et
1185 3952 1375 4007 hostia}
1434 3961 1557 4006 sunt
1611 3954 1685 4008 illi
1734 3956 1825 4026 qui

220 4051 321 4107 pro
378 4037 591 4091 Christo
640 4046 960 4104 mactantur,
1010 4047 1067 4093 ut
1124 4041 1457 4106 Laurentius,
1518 4042 1677 4096 etiam
1735 4044 1825 4114 qui

222 4124 436 4194 seipsos
467 4133 699 4180 mactant
724 4126 963 4195 jejuniis,
990 4127 1209 4199 vigiliis,
1263 4137 1313 4183 et
1360 4129 1695 4184 multimodis
1750 4131 1826 4186 af-

222 4211 572 4266 flictionibus.
613 4214 742 4280 Qua:
771 4230 997 4269 munera
1038 4223 1089 4269 et
1147 4216 1335 4270 hostire
1377 4217 1431 4270 in
1479 4217 1645 4272 veteri
1700 4219 1823 4290 lege

1954 320 2259 373 testamenti
2335 321 2488 389 cujus
2542 322 2909 394 corrigeretur
2987 321 3325 393 impertectio
3400 328 3554 375 vete-

1954 406 2045 460 ris.
2081 408 2305 462 Munera
2334 416 2384 463 et
2414 410 2604 465 hostia:
2634 411 2840 482 legales
2887 410 3161 465 neminem
3203 417 3430 481 possunt
3470 408 3557 463 fa-

1952 509 2075 549 cere
2104 495 2424 566 perfectum,
2468 498 2566 552 sed
2614 499 2861 553 Christus
2904 499 3108 554 invenit
3154 506 3416 553 aeternam
3465 512 3555 551 re-

1952 583 2343 654 demptionem,
2370 587 2514 657 quod
2546 594 2629 640 est
2664 587 2850 642 dicere
2908 586 3155 641 Christus
3201 586 3326 642 facit
3364 585 3553 656 perfe-

1952 679 2116 726 ctum.
2138 673 2244 727 Sed
2268 690 2367 743 per
2395 675 2525 746 quid
2547 682 2805 730 aeternam
2839 676 3266 747 redemptionem
3290 674 3557 730 invenerit

1949 761 2425 830 praemittitdicens
2460 778 2472 816 :
2511 764 2767 819 Christus
2804 767 3095 824 assistens,
3144 779 3255 819 non
3300 762 3555 818 determi-

1950 856 2042 902 nat
2069 850 2155 903 cui
2192 852 2424 905 assistat.
2458 853 2526 905 Et
2553 868 2850 923 possumus
2906 853 3090 908 dicere
3121 869 3133 908 :
3167 851 3408 907 Christus
3465 868 3553 905 as-

1950 936 2148 991 sistens
2175 938 2318 992 Patri
2348 941 2826 1010 repraesentatione
2866 956 2984 1007 sua,
3036 956 3254 1012 semper
3301 940 3553 1010 interpel-

1948 1025 2067 1079 lans
2087 1040 2187 1096 pro
2218 1028 2394 1081 nobis.
2452 1028 2549 1083 Vel
2597 1030 2845 1083 Christus
2891 1029 3174 1095 assistens,
3236 1045 3337 1099 pro
3394 1027 3552 1083 nobis

1949 1112 2169 1185 erigens
2197 1114 2560 1170 inﬁrmitatem
2590 1125 2833 1172 nostram
2863 1118 2928 1171 ad
2948 1117 3210 1184 caelestia,
3244 1116 3549 1189 porigendo

1948 1201 2103 1256 nobis
2135 1218 2356 1256 manum
2397 1205 2600 1258 auxilii.
2655 1206 2918 1274 Christus,
2984 1206 3222 1276 inquam,
3285 1204 3547 1258 assistens

1944 1293 2213 1361 pontifex
2243 1308 2351 1347 non
2363 1294 2683 1361 carnalium,
2704 1294 2801 1348 sed
2827 1295 3095 1350 bonorum
3117 1297 3466 1365 futurorum,
3493 1292 3546 1346 id

1947 1386 2029 1432 est
2088 1380 2414 1435 caelestium.
2471 1382 2567 1437 Vel
2640 1383 2906 1437 bonorum
2970 1382 3295 1448 futurorum,
3352 1382 3406 1435 id
3464 1388 3548 1436 est

1944 1468 2225 1537 praesentis
2242 1469 2465 1537 justitim
2494 1479 2546 1526 et
2575 1478 2794 1527 aeternae
2828 1471 3175 1526 beatitudinis
3206 1490 3219 1536 ;
3254 1487 3373 1541 qua:
3421 1485 3536 1524 om-

1944 1555 2033 1609 nia
2062 1564 2306 1627 tempore
2341 1558 2483 1630 legis
2526 1558 2697 1614 futura
2752 1569 2925 1614 erant.
2985 1560 3249 1625 Christus,
3299 1559 3543 1630 inquam,

1947 1644 2187 1714 pontifex
2234 1647 2350 1701 talis
2408 1647 2649 1702 introivit
2706 1648 3138 1714 tabernaculum,
3199 1648 3418 1703 nomine
3463 1646 3542 1702 si-

1947 1733 2255 1804 gniﬁcantis
2287 1735 2539 1806 designat
2570 1737 2955 1807 signiﬁcatum.

2022 1823 2469 1879 Tabernaculum
2490 1824 2613 1880 dico
2640 1828 3010 1897 peramplius,
3049 1825 3173 1897 quia
3203 1825 3248 1879 si
3276 1824 3409 1880 illud
3439 1840 3538 1879 ve-

1945 1917 2031 1962 tus
2061 1910 2207 1964 mille
2236 1911 2324 1966 vel
2350 1912 2510 1982 plura
2539 1912 2705 1967 millia
2734 1914 3012 1968 hominum
3055 1913 3324 1983 capiebat,
3366 1912 3538 1967 coele-

1944 2005 2025 2051 ste
2053 1998 2459 2055 tabernaculum
2491 2002 2654 2056 etiam
2680 2002 3015 2072 peramplius
3045 2009 3125 2056 est
3155 2002 3261 2056 late
3320 2000 3539 2071 capiens

1942 2084 2261 2141 inﬁnitatem
2310 2089 2550 2143 omnium
2610 2090 3027 2162 ingredientium
3058 2090 3113 2144 in
3144 2089 3295 2144 illud.
3336 2090 3538 2144 Taber-

1940 2174 2189 2229 naculum
2219 2176 2534 2247 perfectius,
2569 2179 2695 2248 quia
2727 2180 2781 2232 in
2837 2178 2931 2234 illo
2980 2178 3331 2233 tabernaculo
3372 2177 3538 2232 totius

1938 2263 2289 2319 beatitudinis
2319 2267 2579 2336 accipitur
2605 2265 2890 2337 perfectio.
2951 2269 3009 2321 In
3057 2266 3224 2340 legali
3279 2266 3533 2321 taberna-

1939 2351 2059 2407 culo
2088 2352 2291 2425 ubique
2321 2363 2434 2409 erat
2475 2355 2836 2425 imperfectio.
2895 2356 3341 2411 Tabernaculum
3388 2354 3531 2420 dico,

1936 2456 2051 2495 non
2068 2458 2246 2496 manu
2263 2445 2486 2513 factum
2508 2463 2526 2509 ;
2556 2451 2607 2498 et
2637 2460 2705 2498 ne
2727 2443 2950 2515 quilibet
2980 2445 3084 2499 hoc
3115 2459 3371 2515 perverse
3393 2442 3538 2498 acci-

1933 2538 2108 2598 peret,
2142 2538 2339 2601 putans
2367 2548 2475 2587 non
2508 2548 2631 2587 esse
2674 2532 2874 2587 factum
2904 2549 3084 2601 manu,
3113 2532 3168 2587 id
3207 2540 3291 2588 est
3332 2547 3533 2602 opera-

1934 2618 2079 2673 tione
2123 2620 2243 2686 Dei,
2301 2620 2625 2675 determinat
2670 2621 2859 2676 dicens
2897 2637 2909 2675 :
2948 2622 3006 2676 Id
3048 2621 3192 2692 quod
3249 2621 3372 2677 dico
3422 2636 3533 2676 non

1932 2706 2321 2775 manufactum,
2354 2714 2437 2765 est
2461 2710 2645 2764 dicere
2692 2709 2819 2764 illud
2867 2710 3276 2765 tabernaculum
3304 2726 3421 2765 non
3451 2718 3534 2764 est

1933 2795 2122 2867 hujus,
2141 2796 2197 2850 id
2227 2805 2309 2851 est
2338 2798 2589 2853 humanae
2609 2801 2935 2865 creationis,
2970 2799 3107 2855 sicut
3133 2807 3310 2854 vetus.
3338 2800 3399 2852 In
3426 2814 3532 2870 quo

1929 2884 2182 2939 mulieres
2212 2886 2412 2940 nebant
2442 2886 2698 2950 cortinas,
2733 2886 2871 2941 fabri
2920 2887 2976 2942 in
3006 2904 3209 2960 genere
3266 2904 3365 2942 suo
3394 2903 3530 2959 ope-

1933 2972 2208 3041 rebantur,
2244 2981 2302 3028 et
2332 2974 2579 3030 similiter
2606 2976 2791 3030 caeteri
2821 2975 3076 3032 artiﬁces.
3110 2977 3373 3032 Introivit
3409 2976 3532 3047 qui-

1930 3060 2055 3115 dem
2086 3062 2188 3116 hoc
2217 3062 2621 3118 tabernaculum
2654 3081 2832 3135 neque
2852 3081 2956 3136 per
2983 3066 3321 3135 sanguinem
3350 3066 3531 3120 hirco-

1929 3166 2058 3205 rum
2089 3154 2143 3205 et
2164 3152 2472 3206 vitulorum
2501 3152 2755 3217 effusum,
2794 3154 2940 3224 quod
2975 3153 3301 3225 opportebat
3330 3152 3446 3209 ﬁeri
3474 3154 3529 3208 in

1929 3237 2147 3292 introitu
2184 3239 2407 3294 secundi
2440 3240 2807 3307 tabernaculi,
2843 3243 2939 3297 sed
2978 3242 3218 3297 introivit
3253 3259 3355 3314 per
3391 3258 3531 3313 pro—

1923 3328 2118 3397 prium
2152 3330 2487 3398 sanguinem
2509 3327 2738 3382 eﬁusum
2761 3329 2816 3383 in
2838 3331 3059 3385 caeleste
3089 3331 3525 3397 tabernaculum,

1928 3415 2137 3471 scilicet
2163 3415 2217 3469 in
2236 3416 2430 3471 Sancta
2449 3425 2781 3472 sanctorum.
2808 3420 3073 3474 Introivit
3090 3420 3275 3491 utique
3298 3439 3311 3486 ;
3333 3422 3527 3486 semel,

1928 3511 1977 3558 et
2009 3520 2105 3574 per
2128 3504 2450 3577 sanguinem
2472 3507 2640 3560 semel
2672 3506 2922 3562 effusum.
2967 3507 3123 3576 Quod
3155 3508 3300 3562 enim
3358 3508 3526 3563 semel

1927 3592 2151 3647 introire
2165 3601 2217 3648 et
2249 3594 2573 3664 sanguinem
2594 3596 2761 3650 semel
2798 3596 3075 3651 eﬁundere
3106 3597 3254 3663 dicit,
3314 3596 3528 3668 signiﬁ-

1926 3689 2014 3736 cat
2045 3681 2433 3752 perfectionem
2466 3685 2579 3751 ejus
2622 3682 2868 3738 sacriﬁcii
2902 3703 2915 3749 ;
2959 3686 3104 3756 quod
3142 3701 3251 3740 non
3290 3685 3530 3756 Oportuit

1926 3770 2127 3825 iterari.
2143 3771 2302 3839 Quod
2319 3780 2495 3827 autem
2519 3771 2841 3828 sacriﬁcium
2864 3781 3017 3828 vetus
3048 3774 3209 3829 toties
3236 3774 3523 3841 iterabant,

1925 3858 2263 3930 signiﬁcabat
2302 3860 2358 3915 in
2389 3861 2481 3916 illo
2516 3878 2624 3915 non
2653 3878 2774 3916 esse
2802 3879 2904 3918 nec
2936 3864 3115 3919 adhuc
3144 3865 3364 3919 venisse
3394 3880 3527 3935 per-

1924 3946 2233 4003 factionem.
2262 3950 2506 4003 Introivit
2540 3950 2595 4003 in
2625 3951 2828 4006 Sancta
2854 3954 3091 4008 inventa
3119 3954 3523 4025 redemptione.

1923 4037 2046 4090 Non
2067 4037 2395 4094 determinat
2437 4056 2468 4093 a
2499 4056 2605 4111 quo
2633 4040 2849 4096 inventa
2878 4060 2945 4096 an
2976 4059 3054 4107 se,
3092 4058 3162 4097 an
3193 4044 3262 4097 ab
3311 4044 3438 4109 alio,
3475 4051 3526 4097 et

1922 4133 2206 4198 utrumque
2251 4127 2435 4183 dicere
2492 4145 2803 4198 possumus.
2861 4132 3254 4203 Redemptione
3310 4132 3526 4187 inventa

1922 4229 1953 4267 a
1985 4214 2215 4283 Christo,
2253 4217 2374 4286 quia
2405 4216 2493 4272 hic
2522 4217 2760 4286 pontifex
2789 4219 2844 4272 in
2874 4220 3145 4274 sacriﬁcio
3194 4235 3293 4274 suo
3321 4220 3527 4275 invenit

222 4317 340 4355 non
364 4305 602 4372 possunt
633 4304 822 4371 facere
842 4306 1159 4374 perfectum
1191 4307 1528 4360 servientem
1549 4306 1602 4360 in
1630 4306 1735 4361 his.
1756 4308 1821 4361 Et
1843 4300 1893 4359 D
1922 4303 2349 4373 redemptionem
2407 4306 2688 4360 hominum
2717 4322 2746 4359 a
2792 4308 3031 4377 peccatis
3064 4324 3076 4362 :
3112 4308 3165 4362 in
3199 4323 3306 4379 qua
3335 4308 3525 4363 inven-

222 4389 270 4443 si
296 4388 570 4459 perfectus
615 4398 694 4445 est
743 4392 1039 4445 secundum
1085 4394 1479 4463 reputationem
1525 4394 1824 4462 hominum,

221 4493 335 4531 non
353 4485 530 4533 tamen
555 4478 829 4549 perfectus
859 4482 1031 4547 juxta
1060 4483 1466 4537 conscientiam
1512 4500 1683 4552 suam,
1705 4485 1827 4555 quia

221 4581 283 4619 se
314 4581 466 4619 reum
497 4567 720 4622 sceleris
754 4568 971 4634 factum,
1023 4576 1074 4623 et
1116 4586 1221 4625 non
1254 4571 1567 4625 mundatum
1622 4589 1720 4643 per
1756 4573 1827 4628 le-

218 4653 379 4725 galia,
405 4656 735 4709 conscientia
764 4656 1424 4729 sibijugiterinsusurrat.
1482 4661 1597 4716 Nec
1626 4662 1825 4716 mirum

219 4741 268 4795 si
298 4757 403 4795 non
426 4742 745 4812 perfectum,
775 4745 903 4815 quia
926 4746 1255 4801 servientem
1285 4748 1407 4803 dico
1437 4748 1585 4803 illum
1615 4753 1825 4806 solum-

218 4826 381 4881 modo
403 4828 463 4881 in
487 4829 622 4883 cibis
654 4834 710 4883 et
739 4829 800 4882 in
828 4831 1050 4899 potibus
1084 4845 1095 4883 :
1131 4832 1257 4903 quia
1288 4834 1508 4902 c0piose
1534 4835 1825 4889 manducet

220 4921 275 4969 et
304 4921 472 4984 potat,
507 4920 563 4970 et
594 4916 649 4968 in
680 4919 853 4971 variis
884 4917 1340 4989 baptismatibus,
1372 4921 1427 4975 id
1466 4929 1549 4975 est
1600 4923 1825 4977 ablutio-

217 5001 381 5057 nibus
420 5002 572 5059 factis
628 5006 927 5059 secundum
982 5007 1115 5061 ritus
1162 5008 1461 5079 legalium;
1498 5011 1821 5067 servientem

216 5090 379 5146 etiam
408 5093 472 5146 in
490 5094 759 5162 justitiis,
794 5094 887 5148 sed
919 5098 1129 5159 carnis,
1156 5097 1279 5167 quia
1302 5099 1550 5153 carnales
1571 5109 1695 5154 sunt
1716 5101 1822 5157 illa:

204 5179 463 5248 justitim;
494 5195 695 5251 corpus
726 5181 944 5252 quidem
966 5199 998 5236 a
1028 5201 1189 5255 pcnna
1219 5186 1360 5258 legis
1390 5188 1702 5254 liberantes,
1724 5191 1822 5246 sed

213 5266 451 5321 animam
472 5268 525 5321 in
559 5268 787 5325 vinculis
799 5272 1007 5340 peccati
1020 5273 1358 5331 deserentes.
1376 5276 1601 5331 Justitiis
1618 5279 1817 5347 carnis,

223 5354 461 5414 393
488 5356 927 5433 dico,impositis
946 5369 1002 5417 ut
1022 5363 1278 5419 durarent
1297 5381 1469 5438 usque
1496 5366 1567 5421 ad
1598 5370 1822 5440 tempus

1927 4390 2069 4444 tione
2091 4390 2297 4463 legales
2328 4408 2546 4463 semper
2575 4393 2821 4449 defecere
2864 4395 3168 4466 pontiﬁces,
3202 4397 3289 4451 vel
3310 4398 3524 4453 redem-

1926 4479 2109 4550 ptione
2130 4480 2345 4535 inventa
2376 4498 2405 4534 a
2427 4482 2605 4535 nobis.
2638 4484 2752 4537 Nos
2778 4485 2920 4538 enim
2952 4484 3006 4539 in
3036 4485 3251 4541 Christo
3310 4488 3525 4543 redem-

1925 4568 2164 4638 ptionem
2196 4578 2439 4624 nostram
2457 4570 2780 4627 invenimus.
2806 4574 3197 4645 Redemptionc
3218 4575 3341 4632 dico
3361 4581 3524 4632 aeter-

1926 4674 2020 4722 na,
2056 4658 2180 4728 quia
2220 4674 2356 4729 quos
2386 4659 2602 4714 redimit
2667 4669 2899 4716 aeternos
2956 4662 3098 4718 facit.
3141 4664 3337 4718 Probat
3365 4664 3469 4720 hoc
3491 4681 3523 4719 a

1923 4744 2120 4799 minori
2149 4746 2337 4801 dicens
2371 4764 2383 4802 :
2420 4750 2559 4803 Vere
2587 4766 2685 4819 per
2714 4751 3033 4823 sanguinem
3065 4751 3259 4806 Christi
3303 4752 3523 4808 inventa

1924 4842 2003 4887 est
2016 4835 2335 4905 redemptio,
2352 4852 2480 4907 quia
2501 4838 2549 4891 si
2576 4840 2808 4909 sanguis
2826 4840 3113 4895 hircorum
3130 4844 3184 4895 et
3198 4845 3516 4907 taurorum,

1922 4925 1975 4975 et
2001 4921 2046 4975 si
2074 4923 2219 4978 cinis
2250 4926 2448 4979 vitula:
2469 4927 2766 4982 combustae
2781 4945 3040 4999 aspersus
3058 4945 3224 4999 super
3238 4930 3517 5001 p0pulum,
3558 4984 3565 4991 ,

1921 5011 2246 5079 sanctiﬁcat
2260 5013 2605 5084 inquinatos,
2632 5015 2684 5068 id
2716 5023 2797 5070 est
2814 5017 3036 5070 mundat
3055 5017 3382 5088 pollutiones
3398 5035 3521 5091 pec-

1922 5105 2165 5153 catorum
2191 5116 2203 5153 :
2230 5099 2543 5157 Sanctiﬁcat
2580 5103 2704 5158 dico
2743 5104 2929 5158 valens
2958 5106 3030 5161 ad
3064 5109 3518 5164 emendationem

1920 5203 2029 5240 non
2058 5187 2241 5259 utique
2300 5189 2514 5255 animae,
2568 5191 2665 5245 sed
2713 5195 2906 5247 carnis
2953 5202 3179 5263 tantum,
3242 5196 3369 5268 quia
3407 5213 3519 5250 car-

1919 5291 2044 5331 nem
2064 5276 2249 5331 liberat
2290 5293 2502 5349 apoena
2524 5280 2683 5353 legis,
2735 5281 2913 5337 anima
2958 5284 3167 5355 polluta
3226 5293 3515 5351 remanet;

1919 5364 1984 5433 si,
2014 5364 2257 5438 inquam,
2290 5367 2516 5440 sanguis
2536 5368 2752 5425 illorum
2793 5370 3103 5427 animalium
3133 5372 3315 5445 aliquo
3352 5373 3517 5430 modo
