3966 6050
406 140 511 194 539

959 140 1014 196 S.
1054 140 1412 199 BRUNONIS
1449 140 2093 200 GARTHUSIANORUM
2129 141 2617 201 INSTITUTORIS
2655 142 2815 200 OPP.
2861 142 3039 200 PARS
3076 144 3144 199 II.

3610 145 3715 201 5ιο

411 263 713 321 sanctiﬁcat
739 269 951 338 quanto
980 268 1163 337 magis
1189 269 1422 340 sanguis
1455 266 1663 324 Christi
1683 268 2010 324 emundabit
2029 269 2079 330 A
2114 274 2460 336 stamentum,
2495 268 2622 340 quia
2652 269 2971 340 ubicunque
2988 268 3057 338 ﬁt
3095 270 3502 324 testamentum
3518 268 3581 323 in
3603 268 3709 323 hu-

415 356 555 408 nos.’
584 356 681 426 qui
696 354 940 408 Christus
970 355 1158 410 obtulit
1187 371 1297 411 non
1346 356 1580 423 hircum,
1621 372 1731 411 non
1777 364 2011 423 taurum,

415 440 513 495 sed
560 444 927 515 semetipsum
952 444 1059 499 Deo
1091 461 1103 497 :
1129 460 1189 499 se
1222 444 1344 500 dico
1374 447 1829 511 immaculatum,
1872 445 2017 516 quod

416 528 625 583 nullum
674 530 994 586 sacrificium
1046 532 1220 602 potuit
1265 548 1389 587 esse
1417 534 1475 587 in
1515 533 1658 605 lege.
1689 533 2015 589 Immacula-

415 624 531 672 tum
554 618 678 674 dico
706 635 807 691 per
831 621 1107 691 Spiritum
1138 625 1420 685 sanctum,
1444 621 1649 675 unitum
1683 622 1784 676 sibi
1812 622 1866 676 in
1892 629 2016 676 ute-

414 721 479 761 ro
507 706 695 761 matris
725 708 793 762 de
822 723 929 779 quo
969 716 1262 779 conceptus
1297 716 1400 778 est,
1436 708 1608 764 factus
1636 725 1731 780 per
1761 711 1865 765 hoc
1908 710 2012 764 im-

416 795 595 849 munis
623 812 653 849 a
685 805 927 867 peccato.
951 796 1253 852 Velobtulit
1275 813 1334 853 se
1357 798 1725 869 perSpiritum
1748 806 2013 865 sanctum,

419 882 711 939 dictantem
741 884 843 939 sibi
864 894 921 939 ut
950 885 1007 939 in
1035 884 1182 940 omni
1212 886 1469 957 patientia
1500 886 1749 943 obediret
1779 887 1942 942 Patri.

494 970 708 1041 Quanto
739 974 934 1045 magis,
964 974 1201 1045 inquam,
1245 975 1470 1046 sanguis
1499 974 1701 1029 Christi
1747 976 2020 1031 emunda-

419 1060 517 1126 bit,
552 1077 660 1116 non
682 1062 805 1118 dico
836 1078 1076 1129 carnem,
1110 1063 1209 1119 sed
1257 1064 1420 1118 etiam
1467 1066 1877 1120 conscientiam
1924 1081 2019 1119 no-

421 1151 799 1221 stram;quod
830 1168 930 1207 nec
959 1152 1297 1224 relinquetur
1345 1153 1489 1207 unde
1541 1152 1871 1209 conscientia
1917 1152 2018 1207 sibi

418 1237 693 1293 formidet.
744 1240 1071 1295 Emundabit
1109 1241 1294 1311 utique
1344 1243 1410 1296 ab
1465 1242 1721 1313 cperibus
1751 1243 2015 1308 mortuis,

418 1325 474 1381 id
495 1335 577 1381 est
604 1343 638 1381 a
666 1328 905 1398 peccatis
953 1338 1181 1384 mortem
1225 1330 1597 1398 operantibus,
1641 1329 1712 1383 ad
1767 1328 2017 1384 servien-

420 1414 547 1469 dum
579 1416 715 1470 Deo.
749 1418 878 1472 Haec
908 1417 1051 1471 enim
1091 1417 1198 1472 duo
1257 1418 1485 1489 sanguis
1514 1417 1713 1473 Christi
1767 1416 1925 1472 efﬁcit
1963 1418 2017 1471 in

420 1502 599 1568 nobis,
634 1503 758 1574 quia
805 1512 855 1559 et
884 1506 1112 1560 mundat
1169 1521 1202 1561 a
1256 1506 1513 1576 peccatis,
1571 1514 1623 1561 et
1662 1506 1917 1561 virtutem
1962 1506 2021 1559 li-

421 1591 539 1646 beri
572 1591 776 1646 arbitrii
807 1594 1054 1660 restituit,
1093 1600 1157 1650 ut
1176 1596 1292 1649 Deo
1308 1596 1515 1651 servire
1537 1597 1731 1667 possit.
1764 1596 1871 1649 Deo
1896 1595 2019 1650 dico
2046 1631 2097 1690 B

426 1680 639 1735 viventi
657 1680 894 1750 positum
926 1683 995 1737 ad
1034 1699 1273 1752 causam,
1326 1683 1453 1755 quia
1508 1683 1869 1738 servientibus
1918 1683 2021 1737 sibi

420 1767 588 1822 vitam
618 1777 878 1824 aeternam
901 1771 1069 1826 dabit.
1098 1772 1305 1827 Obtulit
1325 1772 1709 1842 semetipsum:
1734 1776 2019 1828 etestme—

423 1857 628 1924 diator,
650 1857 704 1911 id
719 1866 800 1912 est
820 1859 978 1913 dator
991 1861 1125 1916 Novi
1154 1862 1497 1916 Testamenti
1510 1900 1523 1913 .
1559 1860 1628 1915 3
1640 1859 1801 1915 94
1812 1860 2020 1915 Medius

420 1943 559 2000 inter
589 1946 763 2001 Deum
794 1962 824 2001 a
869 1963 977 2019 quo
1025 1948 1237 2018 accipit,
1273 1956 1327 2003 et
1365 1948 1641 2003 hominem
1673 1947 1760 2003 cui
1817 1948 2018 2016 tribuit,

422 2032 546 2089 ideo
576 2034 737 2090 dator
765 2036 1094 2091 Testamenti
1124 2036 1282 2101 Novi,
1308 2041 1373 2091 ut
1412 2040 1593 2091 morte
1623 2039 1745 2108 ejus
1779 2039 2022 2093 interce-

422 2123 613 2193 dente,
643 2123 696 2177 id
727 2132 809 2178 est
849 2125 1243 2180 interveniente
1300 2125 1481 2179 media
1527 2126 1669 2179 inter
1713 2125 2023 2195 dispositio-

420 2226 544 2266 nem
576 2219 628 2266 et
648 2213 1065 2282 completionem
1098 2213 1429 2268 testamenti.
1469 2214 1638 2267 Morte
1670 2213 1793 2268 dico
1833 2229 2026 2269 neces-

422 2299 568 2353 saria
596 2301 659 2355 in
682 2301 1087 2372 redemptione,
1122 2317 1233 2357 non
1251 2302 1372 2357 dico
1395 2302 1677 2373 gentilium
1710 2302 1780 2357 de
1830 2303 2025 2374 quibus

422 2395 654 2455 constat,
672 2389 769 2444 sed
784 2389 838 2444 in
856 2390 1230 2461 redemptione
1248 2406 1445 2446 earum
1464 2392 2020 2463 prwvaricationum,

421 2492 544 2546 qua:
573 2482 739 2533 erant
771 2479 870 2535 sub
896 2480 1079 2551 priori
1099 2479 1317 2552 [veteri]
1344 2483 1716 2536 Testamento.
1751 2480 1859 2535 Lex
1881 2480 2022 2535 enim

424 2564 515 2619 illa
543 2566 693 2636 prior
736 2568 1103 2638 praecipiendo
1161 2568 1637 2639 praevaricationes
1686 2568 1949 2636 addebat,
1994 2584 2025 2622 a

423 2655 621 2730 quibus
643 2656 790 2711 nullo
818 2657 980 2711 modo
1001 2657 1218 2712 solvere
1240 2665 1468 2727 poterat.
1494 2660 1575 2722 Ut,
1596 2658 1837 2728 inquam,
1866 2657 2027 2713 inter-

426 2744 655 2801 cedente
692 2753 862 2799 morte
884 2787 899 2810 ,
942 2747 1234 2818 accipiant
1270 2748 1759 2817 repromissionem
1797 2750 2027 2801 aeterna:

427 2833 794 2898 hwreditatis,
827 2833 880 2887 id
912 2841 995 2887 est
1015 2842 1280 2889 aeternam
1302 2834 1675 2889 haereditatem
1712 2833 2027 2905 frequenter

425 2920 530 2975 sibi
578 2922 946 2993 promissam:
1005 2922 1293 2992 accipiant,
1354 2936 1464 2977 non
1514 2938 1725 2991 omnes,
1775 2922 1873 2977 sed
1929 2924 2024 2994 qui

428 2985 611 3068 vocati
638 3014 775 3066 sunt
803 3026 834 3066 a
863 3011 999 3079 Deo,
1019 2985 1260 3066 electiab
1281 2985 1520 3066 aeterno.
1550 2985 1838 3082 Postquam
1869 2985 2023 3066 Cliri-
2045 2985 2092 3045 Ο

427 3108 543 3156 stus
572 3100 785 3155 Novum
815 3101 1221 3155 Testamentum
1261 3099 1545 3170 disposuit,
1596 3116 1696 3170 pro
1740 3098 2027 3154 conﬁrma-

428 3189 575 3244 tione
604 3188 722 3257 ejus
752 3188 1063 3242 testamenti
1092 3204 1320 3243 necesse
1365 3188 1463 3242 fuit
1518 3203 1643 3242 eum
1694 3189 1834 3242 mori
1867 3203 1878 3241 :
1914 3196 2026 3242 tum

430 3271 555 3343 quia
584 3270 631 3325 si
658 3278 847 3341 captus
876 3288 905 3324 a
934 3271 1134 3325 Judaais
1165 3278 1391 3344 negaret
1419 3270 1566 3343 quod
1595 3279 1755 3326 antea
1792 3271 2022 3338 dixerat,

426 3366 480 3415 et
527 3374 626 3429 pro
668 3359 971 3415 assertione
1030 3375 1218 3415 eorum
1257 3359 1531 3433 refugeret
1587 3360 1726 3431 pati,
1776 3366 2027 3430 putarent

428 3448 679 3519 discipuli
709 3448 979 3503 Christum
1024 3463 1132 3503 non
1179 3448 1515 3504 intellexisse
1559 3465 1688 3504 vera
1726 3464 1849 3503 esse
1905 3465 2028 3519 quae

422 3537 700 3604 docuerat,
733 3537 863 3592 dum
892 3552 959 3594 ea
988 3537 1182 3593 timore
1219 3538 1410 3593 mortis
1464 3545 1711 3610 negaret.
1766 3538 2029 3591 Praeterea

427 3626 565 3682 mori
596 3626 833 3698 oportuit
860 3634 933 3692 ut,
967 3641 1001 3681 a
1027 3634 1199 3681 morte
1232 3642 1526 3697 resurgens
1570 3642 1692 3697 qua:
1723 3641 1781 3679 se
1830 3625 2030 3695 praedi-

429 3723 584 3770 xerat
612 3714 955 3785 impleturum
985 3722 1407 3779 consummaret,
1470 3714 1676 3769 scilicet
1709 3712 2031 3784 redemptio-

430 3818 559 3858 nem
587 3803 777 3857 Israel.
812 3802 987 3857 Vitula
1016 3802 1084 3856 de
1118 3817 1226 3873 qua
1271 3801 1539 3871 superius,
1599 3801 1849 3868 diximus,
1912 3800 2032 3856 rufa

432 3898 564 3957 erat,
597 3897 785 3961 typum
813 3905 1013 3961 gerens
1060 3889 1343 3962 sanguinis
1373 3889 1587 3954 Christi,
1651 3897 1705 3944 et
1730 3897 1842 3944 tota
1882 3884 2031 3945 com-

431 3978 724 4033 burebatur
752 3978 806 4032 in
827 3977 1064 4033 cinerem
1097 3979 1336 4045 redacta,
1378 3985 1435 4031 ut
1460 3986 1606 4032 esset
1652 3978 2031 4033 holocaustum

432 4066 663 4123 Domino
693 4084 706 4121 :
741 4067 893 4136 cujus
923 4065 1059 4121 cinis
1086 4067 1478 4139 aspergebatur
1511 4082 1652 4138 aqua
1686 4084 1698 4121 :
1743 4067 1817 4121 ita
1873 4066 2032 4121 Chri-

434 4164 549 4211 stus
578 4154 761 4211 multis
797 4154 1231 4210 tribulationibus
1285 4155 1519 4221 attritus,
1580 4163 1631 4211 et
1685 4164 1861 4211 morte
1917 4163 2034 4210 tan-

438 4244 562 4300 dem
579 4244 734 4316 quasi
762 4245 817 4298 in
848 4244 1087 4300 cinerem
1117 4244 1364 4301 redactus
1391 4244 1504 4299 fuit.
1541 4244 1689 4300 Cinis
1720 4252 1899 4300 autem
1947 4244 2033 4299 vi-

2114 358 2288 412 manis
2305 358 2539 430 legibus,
2573 374 2796 413 necesse
2818 362 2903 412 est
2932 366 2989 411 ut
3019 356 3359 424 intercedat,
3380 356 3433 410 id
3463 365 3546 411 est
3574 356 3715 411 inter

2115 446 2529 517 dispositionem
2587 446 2897 501 testamenti
2957 454 3007 500 et
3062 445 3477 515 completionem
3532 446 3715 499 media

2115 535 2295 591 veniat
2324 551 2475 591 mors
2508 536 2815 601 testatoris,
2831 534 2882 587 id
2914 541 2991 588 est
3026 540 3408 588 testamentum
3441 532 3709 588 facientis.

2114 624 2243 679 Ideo
2271 639 2498 678 necesse
2528 631 2613 678 est
2644 630 2869 677 mortem
2895 622 3174 676 testatoris
3199 621 3549 685 intervenire,
3581 624 3715 694 quia

2115 727 2276 767 omne
2308 716 2719 767 testamentum
2732 712 3136 780 conﬁrmatum
3155 714 3241 765 est
3260 711 3323 764 in
3341 709 3582 767 mortuis
3602 717 3713 764 tes-

2117 801 2398 868 tatoribus,
2420 800 2473 854 id
2503 808 2586 855 est
2615 816 2717 871 per
2753 807 2985 854 mortem
3016 814 3208 853 eorum
3239 798 3329 869 qui
3388 805 3712 853 testamenta

2115 888 2429 959 disponunt.
2461 890 2743 961 Alioquin,
2788 887 2843 942 id
2911 895 2993 942 est
3029 886 3185 941 aliter
3242 886 3311 940 sit
3367 885 3513 957 quod
3566 901 3718 942 mors

2117 978 2387 1032 testatoris
2418 993 2527 1033 non
2555 976 2896 1041 interveniat,
2934 976 3183 1032 nondum
3214 976 3364 1029 valet
3395 974 3718 1045 dispositum

2118 1073 2528 1130 testamentum,
2565 1066 2722 1134 dum,
2754 1065 2808 1119 id
2835 1072 2918 1119 est
2955 1063 3193 1135 quandiu
3226 1064 3362 1118 vivit
3394 1062 3485 1117 ille
3514 1064 3609 1134 qui
3644 1067 3721 1117 te-

2117 1157 2304 1209 status
2337 1157 2441 1209 est.
2477 1154 2531 1207 Si
2564 1153 2709 1207 enim
2738 1160 2962 1208 testator
2990 1159 3223 1207 mortem
3264 1151 3461 1220 evadit,
3520 1150 3720 1204 iterum

2118 1241 2163 1295 si
2191 1242 2367 1311 placet
2396 1249 2776 1297 testamentum
2806 1240 3056 1295 mutabit.
3102 1239 3250 1297 Unde
3280 1238 3404 1309 quia
3430 1253 3589 1293 omne
3628 1246 3717 1293 te-

2118 1337 2442 1386 stamentum
2473 1330 2743 1401 sanguine
2773 1337 2825 1385 et
2852 1337 3025 1384 morte
3055 1326 3425 1384 confirmatur.
3459 1328 3718 1382 Primum

2118 1419 2342 1491 quidem
2365 1423 2773 1474 testamentum
2805 1433 2922 1473 non
2938 1422 3022 1474 est
3040 1416 3383 1482 dedicatum,
3415 1414 3471 1470 id
3482 1423 3565 1470 est
3580 1430 3717 1471 con-

2118 1506 2387 1561 firmatum
2420 1508 2544 1562 sine
2575 1507 2870 1577 sanguine.
2902 1505 3096 1576 Utique
3127 1520 3238 1559 non
3274 1512 3358 1559 est
3413 1503 3720 1559 dedicatum

2119 1596 2236 1650 sine
2258 1595 2561 1665 sanguine:
2590 1597 2729 1651 lecto
2760 1596 2918 1650 enim
2947 1595 3103 1649 omni
3123 1592 3389 1648 mandato
3424 1592 3721 1662 legis:om-

2119 1682 2174 1737 ni
2204 1683 2327 1738 ideo
2380 1683 2508 1754 quia
2550 1683 2596 1736 si
2641 1682 2887 1754 quaedam
2933 1682 3247 1750 dimitteret,
3298 1679 3575 1735 videretur
3630 1679 3721 1734 di-

2118 1772 2287 1826 missa
2316 1772 2628 1842 reprobare,
2662 1779 2715 1826 et
2745 1768 3117 1825 tantummodo
3166 1769 3309 1824 lecta
3362 1767 3715 1824 conﬁrmare.

2120 1860 2304 1927 Lecto,
2337 1860 2579 1932 inquam,
2614 1858 2763 1914 omni
2792 1858 3051 1913 mandato
3078 1874 3113 1912 a
3143 1860 3336 1930 Moyse,
3374 1857 3519 1912 idem
3577 1857 3721 1911 enim

2121 1951 2338 2021 Moyses
2367 1948 2518 2019 legit,
2539 1948 2798 2003 universo
2815 1945 3017 2018 p0pulo
3035 1946 3306 2001 audiente.
3334 1947 3486 2001 Tunc
3505 1946 3721 2016 Moyses

2122 2046 2413 2109 postquam
2437 2037 2659 2109 legerat,
2679 2037 2968 2108 accipiens
2987 2036 3325 2106 sanguinem
3338 2035 3645 2089 vitulorum
3666 2038 3723 2089 et

2126 2127 2409 2183 hircorum
2438 2142 2567 2181 cum
2597 2142 2742 2196 aqua
2760 2123 2980 2177 mistum
3002 2141 3014 2177 :
3038 2130 3261 2193 accepta
3282 2122 3442 2177 etiam
3462 2123 3723 2178 coccinea

2127 2216 2261 2268 lana
2295 2217 2351 2268 et
2398 2215 2625 2283 hyssopo
2675 2212 2743 2267 de
2793 2212 2988 2283 quibus
3038 2209 3098 2265 fit
3138 2209 3511 2281 aspersoriurn
3535 2212 3719 2280 ipsum

2126 2302 2289 2356 etiam
2313 2301 2540 2367 librum,
2561 2307 2617 2355 et
2638 2316 2862 2356 omnem
2874 2300 3148 2372 populum
3168 2300 3409 2369 aspersit
3432 2297 3719 2369 sanguine,

2127 2390 2319 2445 dicens
2336 2390 2439 2443 ita:
2462 2390 2556 2444 Hic
2586 2390 2820 2460 sanguis
2852 2389 2920 2442 de
2940 2402 3044 2459 quo
3072 2402 3170 2442 vos
3193 2402 3429 2457 aspergo
3450 2394 3533 2441 est
3554 2390 3718 2441 testa-

2124 2480 2327 2543 menti,
2350 2478 2403 2531 id
2433 2485 2514 2532 est
2546 2477 2616 2531 ad
2658 2475 3095 2533 confirmandum
3141 2482 3522 2529 testamentum
3577 2473 3721 2545 quod

2128 2568 2272 2623 Deus
2301 2566 2595 2621 mandavit
2612 2566 2683 2620 ad
2704 2580 2815 2620 vos.
2842 2564 2992 2620 Sicut
3012 2563 3229 2629 librum,
3264 2563 3345 2618 sic
3361 2561 3519 2617 etiam
3540 2562 3724 2619 taber-

2127 2656 2402 2711 naculum
2423 2658 2479 2710 ει
2499 2655 2692 2709 omnia
2720 2669 2854 2708 vasa
2874 2653 3189 2708 ministerii
3217 2650 3468 2705 similiter
3480 2653 3723 2722 aspersit

2128 2745 2197 2798 de
2218 2744 2412 2798 eodem
2442 2744 2742 2812 sanguine.
2776 2744 2847 2797 Et
2875 2743 3069 2796 omnia
3091 2756 3257 2812 pene,
3291 2740 3363 2793 ait
3381 2739 3598 2806 Paulus,
3630 2755 3722 2795 se-

2129 2832 2379 2887 cundum
2408 2838 2650 2885 veterem
2684 2830 2861 2899 legem
2909 2828 3267 2883 mundantur
3305 2829 3367 2883 in
3397 2830 3674 2899 sanguine
3707 2844 3721 2881 :

2129 2921 2197 2974 Et
2212 2918 2470 2990 quidquid
2492 2918 2560 2972 de
2581 2917 2702 2971 aliis
2715 2918 2783 2971 sit
2795 2916 3047 2971 remissio
3054 2918 3275 2989 peccati
3287 2932 3404 2971 non
3418 2917 3496 2971 sit
3507 2916 3562 2970 in
3583 2923 3724 2971 vete-

2123 3008 2165 3062 ri
2187 3008 2310 3078 lege
2339 3008 2462 3062 sine
2484 3006 2753 3077 effusione
2775 3005 3095 3075 sanguinis,
3118 3004 3171 3058 id
3194 3012 3275 3058 est
3303 3003 3508 3058 nullum
3537 3019 3723 3074 pecca-

2124 3106 2234 3151 tum
2258 3095 2647 3161 remittebatur,
2695 3092 2800 3147 nisi
2848 3093 3127 3164 quodlibet
3182 3092 3379 3146 animal
3409 3092 3465 3146 in
3511 3091 3725 3147 sacrifi-

2125 3186 2265 3242 cium
2296 3183 2653 3240 occideretur.
2686 3181 2942 3237 Similiter
2962 3180 3226 3250 Cbristus,
3260 3181 3351 3252 qui
3379 3197 3479 3251 per
3498 3182 3722 3252 Moysen

2127 3271 2464 3344 significatur
2493 3272 2633 3326 lecto
2661 3270 2807 3326 omni
2862 3269 3120 3324 mandato
3151 3284 3305 3325 nova:
3331 3268 3472 3342 legis
3504 3286 3616 3325 suae
3673 3270 3729 3325 in

2126 3378 2301 3427 cmna,
2330 3361 2586 3415 universo
2617 3358 2817 3429 p0pulo
2838 3356 3230 3428 discipulorum
3251 3358 3504 3413 audiente
3536 3376 3549 3413 :
3576 3367 3731 3429 post-

2128 3466 2293 3522 quam
2351 3448 2537 3503 omnia
2592 3448 2745 3520 legit,
2818 3448 2978 3500 Jesus
3052 3445 3328 3517 accipiens
3402 3447 3725 3519 sanguinem

2128 3538 2420 3594 vitulorum
2478 3544 2530 3590 et
2595 3535 2886 3601 hircorum,
2938 3533 2992 3587 id
3045 3541 3125 3589 est
3179 3533 3459 3605 proprium
3505 3535 3723 3607 sangui-

2128 3642 2274 3691 nem,
2310 3625 2401 3696 qui
2433 3624 2684 3679 Christus
2713 3623 2911 3679 dicitur
2958 3622 3157 3676 vitulus
3211 3630 3434 3693 propter
3473 3622 3727 3678 virtutem

2134 3714 2370 3770 395
2407 3711 2587 3767 crucis
2634 3729 2646 3765 :
2689 3712 2842 3780 cujus
2873 3710 3131 3765 cornibus
3187 3710 3383 3781 impios
3429 3711 3726 3767 ventilavit.

2131 3803 2236 3871 Qui
2256 3802 2415 3857 etiam
2437 3800 2681 3855 Christus
2710 3799 2887 3855 dictus
2899 3806 2980 3853 est
3001 3798 3205 3863 hircus,
3230 3806 3450 3870 propter
3475 3799 3725 3854 similitu-

2131 3890 2314 3945 dinem
2344 3889 2526 3945 carnis
2556 3887 2784 3959 peccati,
2818 3894 2870 3942 et
2900 3888 3027 3959 quia
3049 3886 3224 3942 hostia
3251 3902 3352 3957 pro
3365 3894 3589 3957 peccato
3609 3887 3731 3955 fuit,

2132 3979 2259 4033 dum
2288 3985 2514 4048 peccata
2543 3984 2729 4033 nostra
2784 3992 2955 4047 super
3003 3975 3210 4046 lignum
3265 3975 3526 4045 portavit.
3572 3976 3733 4031 Acci-

2130 4068 2307 4139 piens,
2340 4066 2582 4138 inquam,
2615 4064 2859 4119 Christus
2889 4064 3211 4135 sanguinem
3236 4080 3392 4118 suum
3422 4079 3544 4119 cum
3590 4078 3732 4135 aqua

2134 4171 2419 4226 egressum
2447 4154 2516 4209 de
2554 4153 2722 4208 latere
2753 4168 2853 4208 suo
2890 4152 2945 4206 in
3001 4167 3198 4207 cruce:
3229 4168 3328 4222 per
3372 4167 3569 4223 aquam
3612 4167 3732 4207 san-

2135 4244 2379 4299 ctificans
2412 4242 2703 4313 baptisma,
2735 4241 2912 4312 pretio
2942 4240 3221 4311 sanguinis
3260 4239 3537 4294 redimens
3575 4255 3676 4296 nos
3699 4255 3734 4295 a

435 4332 579 4398 tulaa,
622 4333 713 4404 qui
783 4349 947 4403 super
1000 4333 1249 4388 homines
1304 4333 1707 4403 projiciebalur,
1768 4332 2108 4404 significatD
2136 4333 2376 4403 peccatis
2412 4346 2423 4385 :
2458 4330 2734 4401 accipiens
2764 4330 2913 4384 illum
2962 4345 3085 4385 cum
3128 4328 3249 4383 lana
3301 4328 3605 4384 coccinea:
3639 4330 3734 4400 qui

436 4421 753 4476 memoriam
784 4420 1120 4477 contritionis
1150 4421 1368 4488 Christi,
1393 4439 1514 4494 quae
1536 4438 1755 4492 semper
1776 4422 2034 4495 ingeren-

439 4505 506 4560 da
536 4514 618 4560 est
648 4504 976 4561 hominibus.
1013 4505 1120 4572 Sic,
1146 4505 1330 4573 frater,
1366 4514 1483 4561 esto
1514 4522 1722 4562 memor
1762 4506 2035 4561 Christum

439 4610 539 4665 pro
569 4602 621 4649 te
639 4610 862 4665 passum
893 4602 943 4649 et
983 4594 1293 4662 contritum,
1326 4602 1378 4649 et
1418 4595 1699 4665 peccando
1749 4595 1861 4650 noli
1910 4611 2034 4649 eum

438 4698 767 4754 provocare.
806 4682 864 4738 Si
895 4690 1075 4738 autem
1118 4683 1255 4738 cinis
1299 4682 1479 4739 vitula:
1535 4684 1866 4737 emundabat
1922 4699 2039 4739 car-

440 4787 586 4837 nem,
616 4770 782 4844 longe
812 4771 1028 4843 dignius
1076 4772 1212 4828 cinis
1255 4772 1453 4826 Christi
1495 4772 1750 4826 emundat
1776 4771 2030 4827 animam.

510 4860 656 4915 Dixit
709 4861 977 4931 superius,
1045 4860 1314 4915 Christum
1371 4860 1614 4915 datorem
1660 4859 1801 4915 Novi
1858 4861 2039 4915 Testa-

440 4949 607 5004 menti
638 4957 812 5003 morte
831 4949 1201 5004 intercedente
1238 4965 1249 5002 :
1283 4965 1425 5003 nunc
1459 4957 1637 5003 autem
1683 4948 1829 5019 quod
1880 4964 2039 5020 opor-

440 5037 599 5092 tuerit
628 5053 750 5091 eum
783 5038 920 5092 mori
946 5053 1046 5108 pro
1076 5035 1483 5092 confirmatione
1521 5037 1661 5091 Novi
1681 5038 2034 5105 Testamenti,

440 5125 701 5197 approbat
729 5126 1120 5181 consuetudine
1152 5127 1401 5180 humanae
1430 5124 1589 5198 legis.
1622 5125 1789 5194 Quasi
1830 5127 2039 5182 diceret

440 5214 635 5286 aliquis
670 5232 683 5269 :
718 5214 859 5283 Quid
882 5230 1016 5285 opus
1064 5215 1167 5269 fuit
1208 5223 1261 5268 ut
1291 5214 1359 5267 ad
1391 5212 1861 5269 confirmationem
1914 5216 2040 5268 Tes-

440 5303 662 5359 tamenti
692 5304 829 5358 Novi
887 5319 1035 5357 mors
1090 5303 1287 5357 Christi
1341 5302 1746 5357 intercederet?
1788 5302 2040 5373 Oportuit

444 5392 646 5469 utique,
675 5392 747 5447 ait
778 5392 993 5459 Paulus,
1025 5399 1083 5447 ut
1126 5398 1295 5448 morte
1326 5391 1691 5449 intercedente
1737 5391 1894 5450 daret
1939 5392 2041 5450 Tc-

2135 4421 2290 4476 color
2318 4421 2512 4491 igneus
2542 4426 2624 4473 est
2652 4426 2705 4473 et
2733 4434 2855 4473 cum
2885 4419 3145 4489 hyssopo.
3192 4418 3338 4472 Lana
3367 4417 3510 4471 enim
3560 4416 3731 4488 signi-

2136 4508 2597 4565 ficatcharitatem
2628 4506 2843 4573 Christi,
2889 4506 3037 4577 quod
3078 4505 3336 4561 coccinea
3381 4504 3479 4559 fuit
3536 4505 3731 4561 similis

2134 4597 2248 4671 igni
2278 4597 2550 4653 fervorem
2595 4594 2901 4650 dilectionis
2956 4593 3156 4649 Christi
3188 4612 3201 4648 :
3234 4595 3505 4665 hyssopus
3551 4602 3735 4650 autem

2137 4686 2230 4758 qui
2259 4685 2400 4741 valet
2427 4685 2500 4739 ad
2549 4683 2933 4755 depellendum
2965 4690 3235 4737 tumorem
3276 4681 3569 4753 pulmonis,
3626 4684 3735 4738 hu-

2136 4773 2415 4828 militatem
2463 4772 2677 4839 Christi,
2731 4772 2822 4844 qui
2878 4788 2979 4842 per
3026 4770 3292 4826 fervorem
3350 4770 3657 4826 dilectionis
3686 4780 3739 4828 et

2135 4862 2498 4917 humilitatem
2551 4877 2652 4932 pro
2718 4860 3093 4930 redemptione
3166 4866 3351 4913 nostra
3405 4859 3737 4931 sanguinem

2138 4967 2298 5006 suum
2326 4948 2533 5005 effudit.
2568 4950 2753 5019 Ipsum
2800 4948 2964 5003 etiam
3013 4947 3230 5012 librum,
3265 4947 3319 5000 id
3350 4955 3432 5001 est
3473 4947 3736 5020 Evange-

2138 5040 2265 5093 lium
2325 5053 2481 5092 suum
2521 5038 2665 5109 quod
2720 5037 3092 5093 intercedente
3150 5043 3325 5091 morte
3371 5034 3734 5104 confirmavit,

2139 5135 2190 5181 et
2221 5142 2440 5181 omnem
2467 5126 2727 5197 p0pulum
2760 5124 3002 5180 fidelium
3042 5124 3295 5195 aspersit,
3327 5124 3380 5179 id
3413 5132 3495 5179 est
3541 5126 3739 5181 sancti-

2138 5214 2321 5271 ficavit
2350 5214 2617 5287 sanguine
2658 5229 2757 5269 suo
2805 5214 2994 5270 dicens
3040 5231 3052 5267 :
3086 5213 3185 5267 Hic
3215 5221 3296 5267 est
3327 5214 3551 5285 sanguis
3596 5214 3741 5270 Novi

2139 5304 2470 5359 Testamenti
2519 5302 2845 5373 affirmator,
2914 5301 3059 5374 quod
3128 5302 3530 5356 Testamentum
3590 5303 3742 5358 Deus

2141 5393 2417 5449 mandavit
2446 5392 2513 5448 ad
2546 5408 2662 5449 vos.
2710 5392 2809 5449 Hic
2837 5392 3053 5465 Moyses
3087 5389 3317 5446 multum
3345 5389 3575 5447 fideliter
3601 5407 3741 5464 pro-
