  <div class='ocr_page' id='page_1' title='image "/cluster/home/n/w/nwhite01/storage/ocr_20150623/153/hvd.32044054760111/276.png"; bbox 0 0 3966 6050; ppageno 0'>
   <div class='ocr_carea' id='block_1_1' title="bbox 292 184 391 241">
    <p class='ocr_par' dir='ltr' id='par_1_1' title="bbox 292 184 391 241">
     <span class='ocr_line' id='line_1_1' title="bbox 292 184 391 241; baseline 0.04 -4"><span class='ocrx_word' id='word_1_1' title='bbox 292 184 391 241; x_wconf 71' lang='grc' dir='ltr'>ΒΗ</span> 
     </span>
    </p>
   </div>
   <div class='ocr_carea' id='block_1_2' title="bbox 960 174 2937 235">
    <p class='ocr_par' dir='ltr' id='par_1_2' title="bbox 960 174 2937 235">
     <span class='ocr_line' id='line_1_2' title="bbox 960 174 2937 235; baseline 0 -2"><span class='ocrx_word' id='word_1_2' title='bbox 960 175 1339 235; x_wconf 83' lang='lat' dir='ltr'>EXPOSITIO</span> <span class='ocrx_word' id='word_1_3' title='bbox 1379 177 1455 233; x_wconf 89' lang='lat' dir='ltr'>IN</span> <span class='ocrx_word' id='word_1_4' title='bbox 1488 174 1869 233; x_wconf 81' lang='lat' dir='ltr'>EPISTOLAS</span> <span class='ocrx_word' id='word_1_5' title='bbox 1908 175 2139 233; x_wconf 88' lang='lat' dir='ltr'>PAULI.</span> <span class='ocrx_word' id='word_1_6' title='bbox 2179 206 2249 218; x_wconf 94' lang='lat'><strong><em>—</em></strong></span> <span class='ocrx_word' id='word_1_7' title='bbox 2277 175 2353 233; x_wconf 88' lang='lat' dir='ltr'>IN</span> <span class='ocrx_word' id='word_1_8' title='bbox 2389 176 2605 233; x_wconf 86' lang='lat' dir='ltr'>EPIST.</span> <span class='ocrx_word' id='word_1_9' title='bbox 2646 177 2740 233; x_wconf 90' lang='lat' dir='ltr'>AD</span> <span class='ocrx_word' id='word_1_10' title='bbox 2779 176 2937 233; x_wconf 87' lang='lat' dir='ltr'>HEB.</span> 
     </span>
    </p>
   </div>
   <div class='ocr_carea' id='block_1_3' title="bbox 3495 178 3600 234">
    <p class='ocr_par' dir='ltr' id='par_1_3' title="bbox 3495 178 3600 234">
     <span class='ocr_line' id='line_1_3' title="bbox 3495 178 3600 234; baseline 0.01 -1"><span class='ocrx_word' id='word_1_11' title='bbox 3495 178 3600 234; x_wconf 66' lang='lat'>542</span> 
     </span>
    </p>
   </div>
   <div class='ocr_carea' id='block_1_4' title="bbox 298 300 3606 374">
    <p class='ocr_par' dir='ltr' id='par_1_4' title="bbox 298 300 3606 374">
     <span class='ocr_line' id='line_1_4' title="bbox 298 300 3606 374; baseline -0.001 -15"><span class='ocrx_word' id='word_1_12' title='bbox 298 304 471 370; x_wconf 87' lang='lat' dir='ltr'>bavit,</span> <span class='ocrx_word' id='word_1_13' title='bbox 505 302 697 360; x_wconf 91' lang='lat' dir='ltr'>dicens</span> <span class='ocrx_word' id='word_1_14' title='bbox 726 301 921 358; x_wconf 90' lang='lat' dir='ltr'>eadem</span> <span class='ocrx_word' id='word_1_15' title='bbox 974 302 1141 357; x_wconf 85' lang='lat' dir='ltr'>verba</span> <span class='ocrx_word' id='word_1_16' title='bbox 1172 318 1293 374; x_wconf 88' lang='lat' dir='ltr'>qua</span> <span class='ocrx_word' id='word_1_17' title='bbox 1325 301 1593 369; x_wconf 85' lang='lat' dir='ltr'>Christus,</span> <span class='ocrx_word' id='word_1_18' title='bbox 1628 317 1752 357; x_wconf 93' lang='lat' dir='ltr'>cum</span> <span class='ocrx_word' id='word_1_19' title='bbox 1780 308 1903 371; x_wconf 91' lang='lat' dir='ltr'>post</span> <span class='ocrx_word' id='word_1_20' title='bbox 1932 301 1986 362; x_wconf 82' lang='grc' dir='ltr'><strong>Α</strong></span> <span class='ocrx_word' id='word_1_21' title='bbox 2007 300 2164 356; x_wconf 89' lang='lat' dir='ltr'>etiam</span> <span class='ocrx_word' id='word_1_22' title='bbox 2208 316 2319 357; x_wconf 91' lang='lat' dir='ltr'>non</span> <span class='ocrx_word' id='word_1_23' title='bbox 2371 301 2533 357; x_wconf 80' lang='lat' dir='ltr'>debet</span> <span class='ocrx_word' id='word_1_24' title='bbox 2580 302 2748 357; x_wconf 88' lang='lat' dir='ltr'>altera</span> <span class='ocrx_word' id='word_1_25' title='bbox 2794 301 2915 357; x_wconf 85' lang='lat' dir='ltr'>vice</span> <span class='ocrx_word' id='word_1_26' title='bbox 2962 301 3099 357; x_wconf 89' lang='lat' dir='ltr'>mori</span> <span class='ocrx_word' id='word_1_27' title='bbox 3122 316 3135 356; x_wconf 89' lang='lat'><strong>:</strong></span> <span class='ocrx_word' id='word_1_28' title='bbox 3161 300 3288 373; x_wconf 84' lang='lat' dir='ltr'>quia</span> <span class='ocrx_word' id='word_1_29' title='bbox 3308 300 3490 357; x_wconf 88' lang='lat' dir='ltr'>cateri</span> <span class='ocrx_word' id='word_1_30' title='bbox 3514 302 3606 357; x_wconf 83' lang='lat' dir='ltr'>ho-</span> 
     </span>
    </p>
   </div>
   <div class='ocr_carea' id='block_1_5' title="bbox 300 388 1901 461">
    <p class='ocr_par' dir='ltr' id='par_1_5' title="bbox 300 388 1901 461">
     <span class='ocr_line' id='line_1_5' title="bbox 300 388 1901 461; baseline -0.002 -12"><span class='ocrx_word' id='word_1_31' title='bbox 300 408 513 449; x_wconf 76' lang='lat' dir='ltr'>canam</span> <span class='ocrx_word' id='word_1_32' title='bbox 544 391 770 447; x_wconf 90' lang='lat' dir='ltr'>calicem</span> <span class='ocrx_word' id='word_1_33' title='bbox 818 390 901 445; x_wconf 90' lang='lat' dir='ltr'>sui</span> <span class='ocrx_word' id='word_1_34' title='bbox 943 390 1226 461; x_wconf 82' lang='lat' dir='ltr'>sanguinis</span> <span class='ocrx_word' id='word_1_35' title='bbox 1273 390 1494 445; x_wconf 81' lang='lat' dir='ltr'>tradidit</span> <span class='ocrx_word' id='word_1_36' title='bbox 1530 390 1719 445; x_wconf 90' lang='lat' dir='ltr'>dicens</span> <span class='ocrx_word' id='word_1_37' title='bbox 1756 407 1768 443; x_wconf 91' lang='lat'><strong>:</strong></span> <span class='ocrx_word' id='word_1_38' title='bbox 1801 388 1901 445; x_wconf 86' lang='lat' dir='ltr'>Hic</span> 
     </span>
    </p>
   </div>
   <div class='ocr_carea' id='block_1_6' title="bbox 299 476 1902 551">
    <p class='ocr_par' dir='ltr' id='par_1_6' title="bbox 299 476 1902 551">
     <span class='ocr_line' id='line_1_6' title="bbox 299 476 1902 551; baseline -0.003 -15"><span class='ocrx_word' id='word_1_39' title='bbox 299 481 439 537; x_wconf 83' lang='lat' dir='ltr'>calix</span> <span class='ocrx_word' id='word_1_40' title='bbox 465 480 605 536; x_wconf 91' lang='lat' dir='ltr'>Novi</span> <span class='ocrx_word' id='word_1_41' title='bbox 634 478 968 534; x_wconf 87' lang='lat' dir='ltr'>Testameuti</span> <span class='ocrx_word' id='word_1_42' title='bbox 996 487 1080 533; x_wconf 91' lang='lat' dir='ltr'>est</span> <span class='ocrx_word' id='word_1_43' title='bbox 1109 479 1164 532; x_wconf 90' lang='lat' dir='ltr'>in</span> <span class='ocrx_word' id='word_1_44' title='bbox 1184 494 1309 534; x_wconf 91' lang='lat' dir='ltr'>meo</span> <span class='ocrx_word' id='word_1_45' title='bbox 1337 478 1627 551; x_wconf 80' lang='lat' dir='ltr'>sanguine.</span> <span class='ocrx_word' id='word_1_46' title='bbox 1654 476 1902 548; x_wconf 89' lang='lat' dir='ltr'>Aspersit</span> 
     </span>
    </p>
   </div>
   <div class='ocr_carea' id='block_1_7' title="bbox 298 566 1900 639">
    <p class='ocr_par' dir='ltr' id='par_1_7' title="bbox 298 566 1900 639">
     <span class='ocr_line' id='line_1_7' title="bbox 298 566 1900 639; baseline -0.004 -13"><span class='ocrx_word' id='word_1_47' title='bbox 298 571 518 635; x_wconf 89' lang='lat' dir='ltr'>librum,</span> <span class='ocrx_word' id='word_1_48' title='bbox 575 568 811 639; x_wconf 81' lang='lat' dir='ltr'>aspersit</span> <span class='ocrx_word' id='word_1_49' title='bbox 857 567 1022 623; x_wconf 89' lang='lat' dir='ltr'>etiam</span> <span class='ocrx_word' id='word_1_50' title='bbox 1049 567 1460 623; x_wconf 81' lang='lat' dir='ltr'>tabernaculum</span> <span class='ocrx_word' id='word_1_51' title='bbox 1492 566 1740 621; x_wconf 79' lang='lat' dir='ltr'>similiter</span> <span class='ocrx_word' id='word_1_52' title='bbox 1768 582 1900 620; x_wconf 91' lang='lat' dir='ltr'>san-</span> 
     </span>
    </p>
   </div>
   <div class='ocr_carea' id='block_1_8' title="bbox 300 655 1898 731">
    <p class='ocr_par' dir='ltr' id='par_1_8' title="bbox 300 655 1898 731">
     <span class='ocr_line' id='line_1_8' title="bbox 300 655 1898 731; baseline -0.003 -18"><span class='ocrx_word' id='word_1_53' title='bbox 300 658 486 731; x_wconf 91' lang='lat' dir='ltr'>guine.</span> <span class='ocrx_word' id='word_1_54' title='bbox 512 657 720 712; x_wconf 89' lang='lat' dir='ltr'>Eadem</span> <span class='ocrx_word' id='word_1_55' title='bbox 748 655 1015 727; x_wconf 77' lang='lat' dir='ltr'>allegoria</span> <span class='ocrx_word' id='word_1_56' title='bbox 1046 655 1311 726; x_wconf 86' lang='lat' dir='ltr'>accipitur</span> <span class='ocrx_word' id='word_1_57' title='bbox 1339 672 1441 726; x_wconf 91' lang='lat' dir='ltr'>per</span> <span class='ocrx_word' id='word_1_58' title='bbox 1469 655 1898 720; x_wconf 86' lang='lat' dir='ltr'>tabernaculum,</span> 
     </span>
    </p>
   </div>
   <div class='ocr_carea' id='block_1_9' title="bbox 256 742 1898 816">
    <p class='ocr_par' dir='ltr' id='par_1_9' title="bbox 256 742 1898 816">
     <span class='ocr_line' id='line_1_9' title="bbox 256 742 1898 816; baseline -0.002 -15"><span class='ocrx_word' id='word_1_59' title='bbox 256 755 265 761; x_wconf 85' lang='lat'>&#39;</span> <span class='ocrx_word' id='word_1_60' title='bbox 301 746 511 802; x_wconf 88' lang='lat' dir='ltr'>scilicet</span> <span class='ocrx_word' id='word_1_61' title='bbox 538 744 849 801; x_wconf 90' lang='lat' dir='ltr'>Ecclesiam</span> <span class='ocrx_word' id='word_1_62' title='bbox 870 743 1071 799; x_wconf 86' lang='lat' dir='ltr'>Christi</span> <span class='ocrx_word' id='word_1_63' title='bbox 1100 743 1367 816; x_wconf 82' lang='lat' dir='ltr'>sanguine</span> <span class='ocrx_word' id='word_1_64' title='bbox 1396 744 1515 813; x_wconf 85' lang='lat' dir='ltr'>ejus</span> <span class='ocrx_word' id='word_1_65' title='bbox 1544 742 1898 814; x_wconf 85' lang='lat' dir='ltr'>redemptam,</span> 
     </span>
    </p>
   </div>
   <div class='ocr_carea' id='block_1_10' title="bbox 304 831 1898 906">
    <p class='ocr_par' dir='ltr' id='par_1_10' title="bbox 304 831 1898 906">
     <span class='ocr_line' id='line_1_10' title="bbox 304 831 1898 906; baseline -0.002 -17"><span class='ocrx_word' id='word_1_66' title='bbox 304 850 423 906; x_wconf 85' lang='lat' dir='ltr'>qua</span> <span class='ocrx_word' id='word_1_67' title='bbox 508 849 673 904; x_wconf 90' lang='lat' dir='ltr'>supra</span> <span class='ocrx_word' id='word_1_68' title='bbox 734 849 835 904; x_wconf 87' lang='lat' dir='ltr'>per</span> <span class='ocrx_word' id='word_1_69' title='bbox 892 847 1111 887; x_wconf 92' lang='lat' dir='ltr'>omnem</span> <span class='ocrx_word' id='word_1_70' title='bbox 1186 831 1451 903; x_wconf 92' lang='lat' dir='ltr'>populum</span> <span class='ocrx_word' id='word_1_71' title='bbox 1518 832 1898 903; x_wconf 84' lang='lat' dir='ltr'>accipiebatur.</span> 
     </span>
    </p>
   </div>
   <div class='ocr_carea' id='block_1_11' title="bbox 301 920 1901 994">
    <p class='ocr_par' dir='ltr' id='par_1_11' title="bbox 301 920 1901 994">
     <span class='ocr_line' id='line_1_11' title="bbox 301 920 1901 994; baseline -0.003 -16"><span class='ocrx_word' id='word_1_72' title='bbox 301 922 547 994; x_wconf 87' lang='lat' dir='ltr'>Aspersit</span> <span class='ocrx_word' id='word_1_73' title='bbox 594 921 758 977; x_wconf 91' lang='lat' dir='ltr'>etiam</span> <span class='ocrx_word' id='word_1_74' title='bbox 806 920 990 976; x_wconf 86' lang='lat' dir='ltr'>omnia</span> <span class='ocrx_word' id='word_1_75' title='bbox 1028 935 1163 976; x_wconf 90' lang='lat' dir='ltr'>vasa</span> <span class='ocrx_word' id='word_1_76' title='bbox 1209 920 1537 990; x_wconf 90' lang='lat' dir='ltr'>ministerii,</span> <span class='ocrx_word' id='word_1_77' title='bbox 1588 920 1712 992; x_wconf 87' lang='lat' dir='ltr'>quia</span> <span class='ocrx_word' id='word_1_78' title='bbox 1742 920 1901 975; x_wconf 90' lang='lat' dir='ltr'>Chri-</span> 
     </span>
    </p>
   </div>
   <div class='ocr_carea' id='block_1_12' title="bbox 302 1008 1901 1081">
    <p class='ocr_par' dir='ltr' id='par_1_12' title="bbox 302 1008 1901 1081">
     <span class='ocr_line' id='line_1_12' title="bbox 302 1008 1901 1081; baseline -0.002 -16"><span class='ocrx_word' id='word_1_79' title='bbox 302 1019 417 1065; x_wconf 89' lang='lat' dir='ltr'>stus</span> <span class='ocrx_word' id='word_1_80' title='bbox 444 1011 699 1066; x_wconf 88' lang='lat' dir='ltr'>doctores</span> <span class='ocrx_word' id='word_1_81' title='bbox 724 1009 990 1065; x_wconf 89' lang='lat' dir='ltr'>Ecclesia</span> <span class='ocrx_word' id='word_1_82' title='bbox 1035 1008 1092 1063; x_wconf 92' lang='lat' dir='ltr'>in</span> <span class='ocrx_word' id='word_1_83' title='bbox 1134 1009 1330 1081; x_wconf 86' lang='lat' dir='ltr'>quibus</span> <span class='ocrx_word' id='word_1_84' title='bbox 1361 1009 1709 1065; x_wconf 88' lang='lat' dir='ltr'>continentur</span> <span class='ocrx_word' id='word_1_85' title='bbox 1734 1008 1901 1063; x_wconf 89' lang='lat' dir='ltr'>mini-</span> 
     </span>
    </p>
   </div>
   <div class='ocr_carea' id='block_1_13' title="bbox 303 1097 1904 1169">
    <p class='ocr_par' dir='ltr' id='par_1_13' title="bbox 303 1097 1904 1169">
     <span class='ocr_line' id='line_1_13' title="bbox 303 1097 1904 1169; baseline -0.001 -14"><span class='ocrx_word' id='word_1_86' title='bbox 303 1099 468 1155; x_wconf 89' lang='lat' dir='ltr'>steria</span> <span class='ocrx_word' id='word_1_87' title='bbox 498 1114 618 1164; x_wconf 89' lang='lat' dir='ltr'>sua,</span> <span class='ocrx_word' id='word_1_88' title='bbox 653 1106 706 1154; x_wconf 92' lang='lat' dir='ltr'>et</span> <span class='ocrx_word' id='word_1_89' title='bbox 752 1097 1016 1169; x_wconf 85' lang='lat' dir='ltr'>sanguine</span> <span class='ocrx_word' id='word_1_90' title='bbox 1049 1097 1311 1162; x_wconf 89' lang='lat' dir='ltr'>redemit,</span> <span class='ocrx_word' id='word_1_91' title='bbox 1347 1106 1400 1153; x_wconf 92' lang='lat' dir='ltr'>et</span> <span class='ocrx_word' id='word_1_92' title='bbox 1428 1098 1723 1169; x_wconf 85' lang='lat' dir='ltr'>redemptis</span> <span class='ocrx_word' id='word_1_93' title='bbox 1749 1098 1904 1168; x_wconf 85' lang='lat' dir='ltr'>spiri-</span> 
     </span>
    </p>
   </div>
   <div class='ocr_carea' id='block_1_14' title="bbox 300 1186 1899 1258">
    <p class='ocr_par' dir='ltr' id='par_1_14' title="bbox 300 1186 1899 1258">
     <span class='ocr_line' id='line_1_14' title="bbox 300 1186 1899 1258; baseline -0.002 -16"><span class='ocrx_word' id='word_1_94' title='bbox 300 1196 417 1243; x_wconf 90' lang='lat' dir='ltr'>tum</span> <span class='ocrx_word' id='word_1_95' title='bbox 447 1186 727 1258; x_wconf 90' lang='lat' dir='ltr'>sapientia</span> <span class='ocrx_word' id='word_1_96' title='bbox 772 1194 826 1241; x_wconf 90' lang='lat' dir='ltr'>et</span> <span class='ocrx_word' id='word_1_97' title='bbox 880 1186 1120 1243; x_wconf 81' lang='lat' dir='ltr'>scientia</span> <span class='ocrx_word' id='word_1_98' title='bbox 1148 1186 1351 1253; x_wconf 87' lang='lat' dir='ltr'>tribuit,</span> <span class='ocrx_word' id='word_1_99' title='bbox 1384 1193 1437 1242; x_wconf 90' lang='lat' dir='ltr'>et</span> <span class='ocrx_word' id='word_1_100' title='bbox 1470 1186 1648 1242; x_wconf 86' lang='lat' dir='ltr'>omnia</span> <span class='ocrx_word' id='word_1_101' title='bbox 1700 1200 1899 1242; x_wconf 90' lang='lat' dir='ltr'>secun-</span> 
     </span>
    </p>
   </div>
   <div class='ocr_carea' id='block_1_15' title="bbox 299 1274 1899 1348">
    <p class='ocr_par' dir='ltr' id='par_1_15' title="bbox 299 1274 1899 1348">
     <span class='ocr_line' id='line_1_15' title="bbox 299 1274 1899 1348; baseline -0.002 -18"><span class='ocrx_word' id='word_1_102' title='bbox 299 1276 429 1330; x_wconf 89' lang='lat' dir='ltr'>dum</span> <span class='ocrx_word' id='word_1_103' title='bbox 476 1276 657 1348; x_wconf 87' lang='lat' dir='ltr'>legem</span> <span class='ocrx_word' id='word_1_104' title='bbox 717 1274 917 1329; x_wconf 88' lang='lat' dir='ltr'>Christi</span> <span class='ocrx_word' id='word_1_105' title='bbox 948 1274 1277 1329; x_wconf 90' lang='lat' dir='ltr'>mundantur</span> <span class='ocrx_word' id='word_1_106' title='bbox 1324 1274 1379 1328; x_wconf 93' lang='lat' dir='ltr'>in</span> <span class='ocrx_word' id='word_1_107' title='bbox 1441 1274 1706 1345; x_wconf 88' lang='lat' dir='ltr'>sanguine</span> <span class='ocrx_word' id='word_1_108' title='bbox 1763 1274 1899 1342; x_wconf 88' lang='lat' dir='ltr'>ejus.</span> 
     </span>
    </p>
   </div>
   <div class='ocr_carea' id='block_1_16' title="bbox 301 1361 1903 1434">
    <p class='ocr_par' dir='ltr' id='par_1_16' title="bbox 301 1361 1903 1434">
     <span class='ocr_line' id='line_1_16' title="bbox 301 1361 1903 1434; baseline -0.001 -16"><span class='ocrx_word' id='word_1_109' title='bbox 301 1364 439 1418; x_wconf 91' lang='lat' dir='ltr'>Illud</span> <span class='ocrx_word' id='word_1_110' title='bbox 468 1379 608 1434; x_wconf 89' lang='lat' dir='ltr'>pene</span> <span class='ocrx_word' id='word_1_111' title='bbox 637 1362 770 1417; x_wconf 93' lang='lat' dir='ltr'>nihil</span> <span class='ocrx_word' id='word_1_112' title='bbox 797 1363 961 1417; x_wconf 87' lang='lat' dir='ltr'>habet</span> <span class='ocrx_word' id='word_1_113' title='bbox 984 1363 1038 1416; x_wconf 89' lang='lat' dir='ltr'>in</span> <span class='ocrx_word' id='word_1_114' title='bbox 1060 1362 1347 1434; x_wconf 90' lang='lat' dir='ltr'>allegoria.</span> <span class='ocrx_word' id='word_1_115' title='bbox 1381 1364 1449 1417; x_wconf 91' lang='lat' dir='ltr'>Et</span> <span class='ocrx_word' id='word_1_116' title='bbox 1476 1363 1593 1417; x_wconf 89' lang='lat' dir='ltr'>sine</span> <span class='ocrx_word' id='word_1_117' title='bbox 1641 1361 1903 1417; x_wconf 80' lang='lat' dir='ltr'>effusione</span> 
     </span>
    </p>
   </div>
   <div class='ocr_carea' id='block_1_17' title="bbox 302 1450 1899 1525">
    <p class='ocr_par' dir='ltr' id='par_1_17' title="bbox 302 1450 1899 1525">
     <span class='ocr_line' id='line_1_17' title="bbox 302 1450 1899 1525; baseline -0.002 -18"><span class='ocrx_word' id='word_1_118' title='bbox 302 1451 593 1525; x_wconf 87' lang='lat' dir='ltr'>sanguinis</span> <span class='ocrx_word' id='word_1_119' title='bbox 621 1450 824 1505; x_wconf 87' lang='lat' dir='ltr'>Christi</span> <span class='ocrx_word' id='word_1_120' title='bbox 852 1466 964 1505; x_wconf 93' lang='lat' dir='ltr'>non</span> <span class='ocrx_word' id='word_1_121' title='bbox 994 1450 1052 1505; x_wconf 89' lang='lat' dir='ltr'>ﬁt</span> <span class='ocrx_word' id='word_1_122' title='bbox 1081 1451 1333 1507; x_wconf 89' lang='lat' dir='ltr'>remissio</span> <span class='ocrx_word' id='word_1_123' title='bbox 1361 1450 1648 1520; x_wconf 87' lang='lat' dir='ltr'>cujuslibet</span> <span class='ocrx_word' id='word_1_124' title='bbox 1666 1450 1899 1522; x_wconf 89' lang='lat' dir='ltr'>peccati.</span> 
     </span>
    </p>
   </div>
   <div class='ocr_carea' id='block_1_18' title="bbox 300 1539 1903 1612">
    <p class='ocr_par' dir='ltr' id='par_1_18' title="bbox 300 1539 1903 1612">
     <span class='ocr_line' id='line_1_18' title="bbox 300 1539 1903 1612; baseline 0 -17"><span class='ocrx_word' id='word_1_125' title='bbox 300 1542 369 1595; x_wconf 91' lang='lat' dir='ltr'>Et</span> <span class='ocrx_word' id='word_1_126' title='bbox 398 1540 523 1612; x_wconf 88' lang='lat' dir='ltr'>quia</span> <span class='ocrx_word' id='word_1_127' title='bbox 554 1540 737 1595; x_wconf 88' lang='lat' dir='ltr'>omnia</span> <span class='ocrx_word' id='word_1_128' title='bbox 767 1547 980 1610; x_wconf 88' lang='lat' dir='ltr'>Oportet</span> <span class='ocrx_word' id='word_1_129' title='bbox 1007 1539 1257 1595; x_wconf 78' lang='lat' dir='ltr'>mandari</span> <span class='ocrx_word' id='word_1_130' title='bbox 1287 1540 1341 1594; x_wconf 89' lang='lat' dir='ltr'>in</span> <span class='ocrx_word' id='word_1_131' title='bbox 1372 1540 1660 1612; x_wconf 88' lang='lat' dir='ltr'>sanguine,</span> <span class='ocrx_word' id='word_1_132' title='bbox 1694 1547 1746 1596; x_wconf 92' lang='lat' dir='ltr'>et</span> <span class='ocrx_word' id='word_1_133' title='bbox 1784 1540 1903 1595; x_wconf 90' lang='lat' dir='ltr'>sine</span> 
     </span>
    </p>
   </div>
   <div class='ocr_carea' id='block_1_19' title="bbox 301 1627 1454 1699">
    <p class='ocr_par' dir='ltr' id='par_1_19' title="bbox 301 1627 1454 1699">
     <span class='ocr_line' id='line_1_19' title="bbox 301 1627 1454 1699; baseline -0.001 -14"><span class='ocrx_word' id='word_1_134' title='bbox 301 1628 565 1685; x_wconf 76' lang='lat' dir='ltr'>effusione</span> <span class='ocrx_word' id='word_1_135' title='bbox 597 1628 881 1699; x_wconf 90' lang='lat' dir='ltr'>sanguinis</span> <span class='ocrx_word' id='word_1_136' title='bbox 910 1628 1059 1682; x_wconf 91' lang='lat' dir='ltr'>nulla</span> <span class='ocrx_word' id='word_1_137' title='bbox 1096 1627 1154 1682; x_wconf 90' lang='lat' dir='ltr'>ﬁt</span> <span class='ocrx_word' id='word_1_138' title='bbox 1182 1628 1454 1684; x_wconf 90' lang='lat' dir='ltr'>remissio.</span> 
     </span>
    </p>
   </div>
   <div class='ocr_carea' id='block_1_20' title="bbox 375 1718 1899 1790">
    <p class='ocr_par' dir='ltr' id='par_1_20' title="bbox 375 1718 1899 1790">
     <span class='ocr_line' id='line_1_20' title="bbox 375 1718 1899 1790; baseline 0 -17"><span class='ocrx_word' id='word_1_139' title='bbox 375 1719 516 1790; x_wconf 85' lang='lat' dir='ltr'>Ergo</span> <span class='ocrx_word' id='word_1_140' title='bbox 538 1733 765 1773; x_wconf 83' lang='lat' dir='ltr'>necesse</span> <span class='ocrx_word' id='word_1_141' title='bbox 797 1720 881 1772; x_wconf 91' lang='lat' dir='ltr'>est</span> <span class='ocrx_word' id='word_1_142' title='bbox 915 1718 1271 1788; x_wconf 76' lang='lat' dir='ltr'>exemplaria</span> <span class='ocrx_word' id='word_1_143' title='bbox 1315 1718 1537 1789; x_wconf 81' lang='lat' dir='ltr'>quidem</span> <span class='ocrx_word' id='word_1_144' title='bbox 1567 1718 1899 1783; x_wconf 67' lang='lat' dir='ltr'>caelestium,</span> 
     </span>
    </p>
   </div>
   <div class='ocr_carea' id='block_1_21' title="bbox 301 1804 1905 1877">
    <p class='ocr_par' dir='ltr' id='par_1_21' title="bbox 301 1804 1905 1877">
     <span class='ocr_line' id='line_1_21' title="bbox 301 1804 1905 1877; baseline 0 -17"><span class='ocrx_word' id='word_1_145' title='bbox 301 1806 358 1861; x_wconf 88' lang='lat' dir='ltr'>id</span> <span class='ocrx_word' id='word_1_146' title='bbox 389 1813 472 1860; x_wconf 91' lang='lat' dir='ltr'>est</span> <span class='ocrx_word' id='word_1_147' title='bbox 499 1804 701 1876; x_wconf 88' lang='lat' dir='ltr'>legalia</span> <span class='ocrx_word' id='word_1_148' title='bbox 731 1820 854 1877; x_wconf 90' lang='lat' dir='ltr'>qua</span> <span class='ocrx_word' id='word_1_149' title='bbox 882 1812 1006 1859; x_wconf 90' lang='lat' dir='ltr'>sunt</span> <span class='ocrx_word' id='word_1_150' title='bbox 1037 1804 1215 1877; x_wconf 90' lang='lat' dir='ltr'>ﬁgura</span> <span class='ocrx_word' id='word_1_151' title='bbox 1244 1804 1583 1875; x_wconf 86' lang='lat' dir='ltr'>spiritalium,</span> <span class='ocrx_word' id='word_1_152' title='bbox 1633 1805 1905 1860; x_wconf 77' lang='lat' dir='ltr'>mandari</span> 
     </span>
    </p>
   </div>
   <div class='ocr_carea' id='block_1_22' title="bbox 300 1892 1904 1965">
    <p class='ocr_par' dir='ltr' id='par_1_22' title="bbox 300 1892 1904 1965">
     <span class='ocr_line' id='line_1_22' title="bbox 300 1892 1904 1965; baseline -0.001 -17"><span class='ocrx_word' id='word_1_153' title='bbox 300 1894 387 1949; x_wconf 89' lang='lat' dir='ltr'>his</span> <span class='ocrx_word' id='word_1_154' title='bbox 418 1909 585 1965; x_wconf 89' lang='lat' dir='ltr'>supra</span> <span class='ocrx_word' id='word_1_155' title='bbox 614 1893 794 1962; x_wconf 87' lang='lat' dir='ltr'>dictis,</span> <span class='ocrx_word' id='word_1_156' title='bbox 828 1892 1031 1948; x_wconf 91' lang='lat' dir='ltr'>scilicet</span> <span class='ocrx_word' id='word_1_157' title='bbox 1060 1893 1352 1949; x_wconf 88' lang='lat' dir='ltr'>vitulorum</span> <span class='ocrx_word' id='word_1_158' title='bbox 1382 1902 1433 1949; x_wconf 90' lang='lat' dir='ltr'>et</span> <span class='ocrx_word' id='word_1_159' title='bbox 1462 1893 1755 1949; x_wconf 90' lang='lat' dir='ltr'>hircorum.</span> <span class='ocrx_word' id='word_1_160' title='bbox 1794 1895 1904 1948; x_wconf 85' lang='lat' dir='ltr'>Ex-</span> 
     </span>
    </p>
   </div>
   <div class='ocr_carea' id='block_1_23' title="bbox 301 1980 1898 2053">
    <p class='ocr_par' dir='ltr' id='par_1_23' title="bbox 301 1980 1898 2053">
     <span class='ocr_line' id='line_1_23' title="bbox 301 1980 1898 2053; baseline 0 -15"><span class='ocrx_word' id='word_1_161' title='bbox 301 1982 568 2053; x_wconf 91' lang='lat' dir='ltr'>emplaria</span> <span class='ocrx_word' id='word_1_162' title='bbox 596 1998 845 2037; x_wconf 88' lang='lat' dir='ltr'>verorum</span> <span class='ocrx_word' id='word_1_163' title='bbox 877 1997 1105 2037; x_wconf 89' lang='lat' dir='ltr'>necesse</span> <span class='ocrx_word' id='word_1_164' title='bbox 1134 1980 1232 2037; x_wconf 85' lang='lat' dir='ltr'>fuit</span> <span class='ocrx_word' id='word_1_165' title='bbox 1261 1982 1509 2036; x_wconf 89' lang='lat' dir='ltr'>mundari</span> <span class='ocrx_word' id='word_1_166' title='bbox 1558 1984 1644 2037; x_wconf 87' lang='lat' dir='ltr'>his</span> <span class='ocrx_word' id='word_1_167' title='bbox 1680 1984 1898 2049; x_wconf 85' lang='lat' dir='ltr'>hostiis,</span> 
     </span>
    </p>
   </div>
   <div class='ocr_carea' id='block_1_24' title="bbox 304 2070 1904 2142">
    <p class='ocr_par' dir='ltr' id='par_1_24' title="bbox 304 2070 1904 2142">
     <span class='ocr_line' id='line_1_24' title="bbox 304 2070 1904 2142; baseline -0.001 -15"><span class='ocrx_word' id='word_1_168' title='bbox 304 2072 400 2127; x_wconf 88' lang='lat' dir='ltr'>sed</span> <span class='ocrx_word' id='word_1_169' title='bbox 419 2074 544 2142; x_wconf 87' lang='lat' dir='ltr'>ipsa</span> <span class='ocrx_word' id='word_1_170' title='bbox 563 2072 836 2135; x_wconf 64' lang='lat' dir='ltr'>caelestia,</span> <span class='ocrx_word' id='word_1_171' title='bbox 861 2070 1015 2139; x_wconf 92' lang='lat' dir='ltr'>cujus</span> <span class='ocrx_word' id='word_1_172' title='bbox 1032 2071 1149 2126; x_wconf 85' lang='lat' dir='ltr'>hac</span> <span class='ocrx_word' id='word_1_173' title='bbox 1171 2078 1323 2125; x_wconf 91' lang='lat' dir='ltr'>erant</span> <span class='ocrx_word' id='word_1_174' title='bbox 1339 2070 1509 2141; x_wconf 91' lang='lat' dir='ltr'>ﬁgura</span> <span class='ocrx_word' id='word_1_175' title='bbox 1538 2086 1767 2126; x_wconf 89' lang='lat' dir='ltr'>necesse</span> <span class='ocrx_word' id='word_1_176' title='bbox 1806 2070 1904 2126; x_wconf 88' lang='lat' dir='ltr'>fuit</span> 
     </span>
    </p>
   </div>
   <div class='ocr_carea' id='block_1_25' title="bbox 303 2158 1897 2231">
    <p class='ocr_par' dir='ltr' id='par_1_25' title="bbox 303 2158 1897 2231">
     <span class='ocr_line' id='line_1_25' title="bbox 303 2158 1897 2231; baseline -0.001 -16"><span class='ocrx_word' id='word_1_177' title='bbox 303 2160 551 2215; x_wconf 89' lang='lat' dir='ltr'>mundari</span> <span class='ocrx_word' id='word_1_178' title='bbox 587 2160 913 2216; x_wconf 83' lang='lat' dir='ltr'>melioribus</span> <span class='ocrx_word' id='word_1_179' title='bbox 963 2158 1163 2216; x_wconf 85' lang='lat' dir='ltr'>hostiis</span> <span class='ocrx_word' id='word_1_180' title='bbox 1223 2175 1386 2231; x_wconf 91' lang='lat' dir='ltr'>quam</span> <span class='ocrx_word' id='word_1_181' title='bbox 1433 2159 1548 2214; x_wconf 84' lang='lat' dir='ltr'>istis</span> <span class='ocrx_word' id='word_1_182' title='bbox 1608 2159 1897 2231; x_wconf 79' lang='lat' dir='ltr'>pradictis,</span> 
     </span>
    </p>
   </div>
   <div class='ocr_carea' id='block_1_26' title="bbox 302 2247 1901 2318">
    <p class='ocr_par' dir='ltr' id='par_1_26' title="bbox 302 2247 1901 2318">
     <span class='ocr_line' id='line_1_26' title="bbox 302 2247 1901 2318; baseline -0.001 -15"><span class='ocrx_word' id='word_1_183' title='bbox 302 2249 459 2304; x_wconf 87' lang='lat' dir='ltr'>hirco</span> <span class='ocrx_word' id='word_1_184' title='bbox 491 2255 545 2303; x_wconf 90' lang='lat' dir='ltr'>et</span> <span class='ocrx_word' id='word_1_185' title='bbox 573 2247 761 2303; x_wconf 89' lang='lat' dir='ltr'>vitulo.</span> <span class='ocrx_word' id='word_1_186' title='bbox 793 2249 861 2302; x_wconf 90' lang='lat' dir='ltr'>Et</span> <span class='ocrx_word' id='word_1_187' title='bbox 890 2263 1017 2303; x_wconf 88' lang='lat' dir='ltr'>vere</span> <span class='ocrx_word' id='word_1_188' title='bbox 1041 2247 1235 2303; x_wconf 90' lang='lat' dir='ltr'>melior</span> <span class='ocrx_word' id='word_1_189' title='bbox 1262 2248 1439 2302; x_wconf 91' lang='lat' dir='ltr'>hostia</span> <span class='ocrx_word' id='word_1_190' title='bbox 1471 2247 1570 2302; x_wconf 90' lang='lat' dir='ltr'>fuit</span> <span class='ocrx_word' id='word_1_191' title='bbox 1600 2263 1708 2318; x_wconf 89' lang='lat' dir='ltr'>qua</span> <span class='ocrx_word' id='word_1_192' title='bbox 1735 2264 1901 2302; x_wconf 91' lang='lat' dir='ltr'>mun-</span> 
     </span>
    </p>
   </div>
   <div class='ocr_carea' id='block_1_27' title="bbox 303 2336 1902 2401">
    <p class='ocr_par' dir='ltr' id='par_1_27' title="bbox 303 2336 1902 2401">
     <span class='ocr_line' id='line_1_27' title="bbox 303 2336 1902 2401; baseline 0 -9"><span class='ocrx_word' id='word_1_193' title='bbox 303 2337 429 2392; x_wconf 89' lang='lat' dir='ltr'>data</span> <span class='ocrx_word' id='word_1_194' title='bbox 479 2344 599 2391; x_wconf 90' lang='lat' dir='ltr'>sunt</span> <span class='ocrx_word' id='word_1_195' title='bbox 648 2336 896 2391; x_wconf 72' lang='lat' dir='ltr'>coelestia</span> <span class='ocrx_word' id='word_1_196' title='bbox 930 2351 942 2389; x_wconf 93' lang='lat'>:</span> <span class='ocrx_word' id='word_1_197' title='bbox 978 2351 1103 2390; x_wconf 93' lang='lat' dir='ltr'>nam</span> <span class='ocrx_word' id='word_1_198' title='bbox 1125 2337 1305 2401; x_wconf 85' lang='lat' dir='ltr'>Jesus,</span> <span class='ocrx_word' id='word_1_199' title='bbox 1352 2344 1405 2391; x_wconf 92' lang='lat' dir='ltr'>et</span> <span class='ocrx_word' id='word_1_200' title='bbox 1451 2353 1580 2392; x_wconf 89' lang='lat' dir='ltr'>vere</span> <span class='ocrx_word' id='word_1_201' title='bbox 1625 2337 1730 2391; x_wconf 91' lang='lat' dir='ltr'>ista</span> <span class='ocrx_word' id='word_1_202' title='bbox 1776 2344 1902 2392; x_wconf 89' lang='lat' dir='ltr'>sunt</span> 
     </span>
    </p>
   </div>
   <div class='ocr_carea' id='block_1_28' title="bbox 302 2424 1896 2493">
    <p class='ocr_par' dir='ltr' id='par_1_28' title="bbox 302 2424 1896 2493">
     <span class='ocr_line' id='line_1_28' title="bbox 302 2424 1896 2493; baseline -0.001 -11"><span class='ocrx_word' id='word_1_203' title='bbox 302 2425 565 2491; x_wconf 61' lang='lat' dir='ltr'>caelestia,</span> <span class='ocrx_word' id='word_1_204' title='bbox 616 2440 744 2479; x_wconf 91' lang='lat' dir='ltr'>nam</span> <span class='ocrx_word' id='word_1_205' title='bbox 789 2440 900 2479; x_wconf 92' lang='lat' dir='ltr'>non</span> <span class='ocrx_word' id='word_1_206' title='bbox 940 2440 1103 2478; x_wconf 89' lang='lat' dir='ltr'>manu</span> <span class='ocrx_word' id='word_1_207' title='bbox 1148 2424 1309 2493; x_wconf 89' lang='lat' dir='ltr'>facta,</span> <span class='ocrx_word' id='word_1_208' title='bbox 1343 2432 1446 2480; x_wconf 92' lang='lat' dir='ltr'>etc.</span> <span class='ocrx_word' id='word_1_209' title='bbox 1480 2424 1638 2492; x_wconf 89' lang='lat' dir='ltr'>Quod</span> <span class='ocrx_word' id='word_1_210' title='bbox 1675 2426 1749 2480; x_wconf 91' lang='lat' dir='ltr'>ita</span> <span class='ocrx_word' id='word_1_211' title='bbox 1778 2426 1850 2480; x_wconf 91' lang='lat' dir='ltr'>ait</span> <span class='ocrx_word' id='word_1_212' title='bbox 1883 2440 1896 2480; x_wconf 89' lang='lat'>:</span> 
     </span>
    </p>
   </div>
   <div class='ocr_carea' id='block_1_29' title="bbox 299 2514 1895 2585">
    <p class='ocr_par' dir='ltr' id='par_1_29' title="bbox 299 2514 1895 2585">
     <span class='ocr_line' id='line_1_29' title="bbox 299 2514 1895 2585; baseline -0.001 -15"><span class='ocrx_word' id='word_1_213' title='bbox 299 2516 461 2570; x_wconf 76' lang='lat' dir='ltr'>Iesus</span> <span class='ocrx_word' id='word_1_214' title='bbox 480 2514 710 2568; x_wconf 87' lang='lat' dir='ltr'>introiit</span> <span class='ocrx_word' id='word_1_215' title='bbox 727 2528 845 2568; x_wconf 86' lang='lat' dir='ltr'>non</span> <span class='ocrx_word' id='word_1_216' title='bbox 865 2528 1092 2568; x_wconf 89' lang='lat' dir='ltr'>manens</span> <span class='ocrx_word' id='word_1_217' title='bbox 1126 2514 1188 2568; x_wconf 89' lang='lat' dir='ltr'>in</span> <span class='ocrx_word' id='word_1_218' title='bbox 1218 2514 1436 2569; x_wconf 79' lang='lat' dir='ltr'>sanctis</span> <span class='ocrx_word' id='word_1_219' title='bbox 1475 2531 1653 2570; x_wconf 86' lang='lat' dir='ltr'>manu</span> <span class='ocrx_word' id='word_1_220' title='bbox 1702 2515 1895 2585; x_wconf 83' lang='lat' dir='ltr'>factis,</span> 
     </span>
    </p>
   </div>
   <div class='ocr_carea' id='block_1_30' title="bbox 301 2600 1898 2674">
    <p class='ocr_par' dir='ltr' id='par_1_30' title="bbox 301 2600 1898 2674">
     <span class='ocr_line' id='line_1_30' title="bbox 301 2600 1898 2674; baseline 0.001 -17"><span class='ocrx_word' id='word_1_221' title='bbox 301 2618 425 2673; x_wconf 87' lang='lat' dir='ltr'>qua</span> <span class='ocrx_word' id='word_1_222' title='bbox 467 2617 633 2656; x_wconf 90' lang='lat' dir='ltr'>manu</span> <span class='ocrx_word' id='word_1_223' title='bbox 684 2600 827 2657; x_wconf 90' lang='lat' dir='ltr'>facta</span> <span class='ocrx_word' id='word_1_224' title='bbox 873 2610 1066 2657; x_wconf 91' lang='lat' dir='ltr'>sancta</span> <span class='ocrx_word' id='word_1_225' title='bbox 1115 2601 1336 2672; x_wconf 91' lang='lat' dir='ltr'>quidem</span> <span class='ocrx_word' id='word_1_226' title='bbox 1365 2601 1513 2657; x_wconf 89' lang='lat' dir='ltr'>fuere</span> <span class='ocrx_word' id='word_1_227' title='bbox 1544 2605 1898 2674; x_wconf 74' lang='lat' dir='ltr'>exemplaria</span> 
     </span>
    </p>
   </div>
   <div class='ocr_carea' id='block_1_31' title="bbox 298 2690 1900 2762">
    <p class='ocr_par' dir='ltr' id='par_1_31' title="bbox 298 2690 1900 2762">
     <span class='ocr_line' id='line_1_31' title="bbox 298 2690 1900 2762; baseline -0.002 -14"><span class='ocrx_word' id='word_1_228' title='bbox 298 2707 560 2748; x_wconf 87' lang='lat' dir='ltr'>verorum</span> <span class='ocrx_word' id='word_1_229' title='bbox 586 2733 598 2757; x_wconf 96' lang='lat'>,</span> <span class='ocrx_word' id='word_1_230' title='bbox 652 2690 749 2745; x_wconf 91' lang='lat' dir='ltr'>sed</span> <span class='ocrx_word' id='word_1_231' title='bbox 779 2690 984 2745; x_wconf 90' lang='lat' dir='ltr'>introiit</span> <span class='ocrx_word' id='word_1_232' title='bbox 1004 2692 1068 2745; x_wconf 87' lang='lat' dir='ltr'>in</span> <span class='ocrx_word' id='word_1_233' title='bbox 1098 2692 1286 2762; x_wconf 86' lang='lat' dir='ltr'>ipsum</span> <span class='ocrx_word' id='word_1_234' title='bbox 1314 2692 1538 2747; x_wconf 65' lang='lat' dir='ltr'>caelum.</span> <span class='ocrx_word' id='word_1_235' title='bbox 1570 2691 1654 2746; x_wconf 88' lang='lat' dir='ltr'>Ad</span> <span class='ocrx_word' id='word_1_236' title='bbox 1684 2692 1789 2747; x_wconf 94' lang='lat' dir='ltr'>hoc</span> <span class='ocrx_word' id='word_1_237' title='bbox 1817 2692 1900 2746; x_wconf 87' lang='lat' dir='ltr'>in-</span> 
     </span>
    </p>
   </div>
   <div class='ocr_carea' id='block_1_32' title="bbox 300 2779 1899 2850">
    <p class='ocr_par' dir='ltr' id='par_1_32' title="bbox 300 2779 1899 2850">
     <span class='ocr_line' id='line_1_32' title="bbox 300 2779 1899 2850; baseline 0.001 -15"><span class='ocrx_word' id='word_1_238' title='bbox 300 2779 469 2845; x_wconf 89' lang='lat' dir='ltr'>troiit,</span> <span class='ocrx_word' id='word_1_239' title='bbox 489 2784 554 2835; x_wconf 90' lang='lat' dir='ltr'>ut</span> <span class='ocrx_word' id='word_1_240' title='bbox 584 2796 741 2835; x_wconf 87' lang='lat' dir='ltr'>nunc</span> <span class='ocrx_word' id='word_1_241' title='bbox 772 2786 1063 2850; x_wconf 90' lang='lat' dir='ltr'>postquam</span> <span class='ocrx_word' id='word_1_242' title='bbox 1091 2787 1372 2835; x_wconf 89' lang='lat' dir='ltr'>ostensum</span> <span class='ocrx_word' id='word_1_243' title='bbox 1403 2788 1504 2847; x_wconf 91' lang='lat' dir='ltr'>est,</span> <span class='ocrx_word' id='word_1_244' title='bbox 1538 2780 1744 2835; x_wconf 88' lang='lat' dir='ltr'>inutilia</span> <span class='ocrx_word' id='word_1_245' title='bbox 1773 2797 1899 2836; x_wconf 82' lang='lat' dir='ltr'>esse</span> 
     </span>
    </p>
   </div>
   <div class='ocr_carea' id='block_1_33' title="bbox 298 2867 1899 2940">
    <p class='ocr_par' dir='ltr' id='par_1_33' title="bbox 298 2867 1899 2940">
     <span class='ocr_line' id='line_1_33' title="bbox 298 2867 1899 2940; baseline 0.002 -18"><span class='ocrx_word' id='word_1_246' title='bbox 298 2884 464 2923; x_wconf 90' lang='lat' dir='ltr'>manu</span> <span class='ocrx_word' id='word_1_247' title='bbox 488 2867 631 2924; x_wconf 91' lang='lat' dir='ltr'>facta</span> <span class='ocrx_word' id='word_1_248' title='bbox 653 2875 841 2922; x_wconf 89' lang='lat' dir='ltr'>sancta</span> <span class='ocrx_word' id='word_1_249' title='bbox 861 2872 1134 2940; x_wconf 83' lang='lat' dir='ltr'>appareat</span> <span class='ocrx_word' id='word_1_250' title='bbox 1153 2869 1357 2934; x_wconf 85' lang='lat' dir='ltr'>vultui,</span> <span class='ocrx_word' id='word_1_251' title='bbox 1379 2868 1435 2923; x_wconf 91' lang='lat' dir='ltr'>id</span> <span class='ocrx_word' id='word_1_252' title='bbox 1458 2876 1539 2923; x_wconf 89' lang='lat' dir='ltr'>est</span> <span class='ocrx_word' id='word_1_253' title='bbox 1557 2868 1899 2940; x_wconf 90' lang='lat' dir='ltr'>beneplacito</span> 
     </span>
    </p>
   </div>
   <div class='ocr_carea' id='block_1_34' title="bbox 296 2955 1899 3029">
    <p class='ocr_par' dir='ltr' id='par_1_34' title="bbox 296 2955 1899 3029">
     <span class='ocr_line' id='line_1_34' title="bbox 296 2955 1899 3029; baseline 0 -17"><span class='ocrx_word' id='word_1_254' title='bbox 296 2958 400 3013; x_wconf 86' lang='lat' dir='ltr'>Dei</span> <span class='ocrx_word' id='word_1_255' title='bbox 417 2972 517 3029; x_wconf 90' lang='lat' dir='ltr'>pro</span> <span class='ocrx_word' id='word_1_256' title='bbox 538 2958 695 3013; x_wconf 84' lang='lat' dir='ltr'>nobis</span> <span class='ocrx_word' id='word_1_257' title='bbox 716 2955 770 3011; x_wconf 93' lang='lat' dir='ltr'>in</span> <span class='ocrx_word' id='word_1_258' title='bbox 792 2955 1009 3023; x_wconf 80' lang='lat' dir='ltr'>calum,</span> <span class='ocrx_word' id='word_1_259' title='bbox 1037 2972 1220 3012; x_wconf 80' lang='lat' dir='ltr'>secum</span> <span class='ocrx_word' id='word_1_260' title='bbox 1238 2956 1671 3014; x_wconf 87' lang='lat' dir='ltr'>introducendis.</span> <span class='ocrx_word' id='word_1_261' title='bbox 1692 2958 1899 3013; x_wconf 90' lang='lat' dir='ltr'>Introiit</span> 
     </span>
    </p>
   </div>
   <div class='ocr_carea' id='block_1_35' title="bbox 299 3045 1900 3118">
    <p class='ocr_par' dir='ltr' id='par_1_35' title="bbox 299 3045 1900 3118">
     <span class='ocr_line' id='line_1_35' title="bbox 299 3045 1900 3118; baseline 0.001 -19"><span class='ocrx_word' id='word_1_262' title='bbox 299 3045 517 3118; x_wconf 89' lang='lat' dir='ltr'>quidem</span> <span class='ocrx_word' id='word_1_263' title='bbox 545 3045 601 3099; x_wconf 94' lang='lat' dir='ltr'>in</span> <span class='ocrx_word' id='word_1_264' title='bbox 629 3046 864 3111; x_wconf 82' lang='lat' dir='ltr'>coelum,</span> <span class='ocrx_word' id='word_1_265' title='bbox 909 3045 1005 3099; x_wconf 92' lang='lat' dir='ltr'>sed</span> <span class='ocrx_word' id='word_1_266' title='bbox 1039 3061 1215 3117; x_wconf 88' lang='lat' dir='ltr'>neque</span> <span class='ocrx_word' id='word_1_267' title='bbox 1246 3045 1322 3099; x_wconf 91' lang='lat' dir='ltr'>ita</span> <span class='ocrx_word' id='word_1_268' title='bbox 1368 3045 1599 3112; x_wconf 91' lang='lat' dir='ltr'>introiit,</span> <span class='ocrx_word' id='word_1_269' title='bbox 1652 3054 1707 3101; x_wconf 92' lang='lat' dir='ltr'>ut</span> <span class='ocrx_word' id='word_1_270' title='bbox 1755 3063 1900 3117; x_wconf 85' lang='lat' dir='ltr'>sape</span> 
     </span>
    </p>
   </div>
   <div class='ocr_carea' id='block_1_36' title="bbox 297 3132 1901 3207">
    <p class='ocr_par' dir='ltr' id='par_1_36' title="bbox 297 3132 1901 3207">
     <span class='ocr_line' id='line_1_36' title="bbox 297 3132 1901 3207; baseline 0.001 -18"><span class='ocrx_word' id='word_1_271' title='bbox 297 3133 428 3189; x_wconf 91' lang='lat' dir='ltr'>inde</span> <span class='ocrx_word' id='word_1_272' title='bbox 454 3141 739 3191; x_wconf 87' lang='lat' dir='ltr'>revertens</span> <span class='ocrx_word' id='word_1_273' title='bbox 769 3134 969 3189; x_wconf 91' lang='lat' dir='ltr'>iterum</span> <span class='ocrx_word' id='word_1_274' title='bbox 1000 3132 1190 3189; x_wconf 81' lang='lat' dir='ltr'>offerat</span> <span class='ocrx_word' id='word_1_275' title='bbox 1220 3134 1573 3205; x_wconf 90' lang='lat' dir='ltr'>semetipsum</span> <span class='ocrx_word' id='word_1_276' title='bbox 1605 3135 1762 3207; x_wconf 88' lang='lat' dir='ltr'>quasi</span> <span class='ocrx_word' id='word_1_277' title='bbox 1790 3151 1901 3190; x_wconf 92' lang='lat' dir='ltr'>non</span> 
     </span>
    </p>
   </div>
   <div class='ocr_carea' id='block_1_37' title="bbox 299 3221 1899 3293">
    <p class='ocr_par' dir='ltr' id='par_1_37' title="bbox 299 3221 1899 3293">
     <span class='ocr_line' id='line_1_37' title="bbox 299 3221 1899 3293; baseline 0.001 -16"><span class='ocrx_word' id='word_1_278' title='bbox 299 3223 576 3291; x_wconf 90' lang='lat' dir='ltr'>omnibus,</span> <span class='ocrx_word' id='word_1_279' title='bbox 608 3230 660 3277; x_wconf 88' lang='lat' dir='ltr'>et</span> <span class='ocrx_word' id='word_1_280' title='bbox 690 3221 840 3277; x_wconf 84' lang='lat' dir='ltr'>omni</span> <span class='ocrx_word' id='word_1_281' title='bbox 870 3230 1112 3293; x_wconf 87' lang='lat' dir='ltr'>tempore</span> <span class='ocrx_word' id='word_1_282' title='bbox 1140 3222 1369 3278; x_wconf 88' lang='lat' dir='ltr'>sufﬁciat</span> <span class='ocrx_word' id='word_1_283' title='bbox 1392 3222 1719 3279; x_wconf 87' lang='lat' dir='ltr'>sacriﬁcium</span> <span class='ocrx_word' id='word_1_284' title='bbox 1742 3240 1899 3279; x_wconf 89' lang='lat' dir='ltr'>suum</span> 
     </span>
    </p>
   </div>
   <div class='ocr_carea' id='block_1_38' title="bbox 300 3306 1900 3379">
    <p class='ocr_par' dir='ltr' id='par_1_38' title="bbox 300 3306 1900 3379">
     <span class='ocr_line' id='line_1_38' title="bbox 300 3306 1900 3379; baseline 0.001 -18"><span class='ocrx_word' id='word_1_285' title='bbox 300 3307 473 3361; x_wconf 90' lang='lat' dir='ltr'>semel</span> <span class='ocrx_word' id='word_1_286' title='bbox 502 3306 760 3360; x_wconf 88' lang='lat' dir='ltr'>ablatum.</span> <span class='ocrx_word' id='word_1_287' title='bbox 794 3307 915 3361; x_wconf 87' lang='lat' dir='ltr'>Non</span> <span class='ocrx_word' id='word_1_288' title='bbox 946 3310 1013 3361; x_wconf 88' lang='lat' dir='ltr'>ut</span> <span class='ocrx_word' id='word_1_289' title='bbox 1034 3323 1178 3378; x_wconf 76' lang='lat' dir='ltr'>sape</span> <span class='ocrx_word' id='word_1_290' title='bbox 1208 3307 1411 3377; x_wconf 75' lang='lat' dir='ltr'>o/ferat</span> <span class='ocrx_word' id='word_1_291' title='bbox 1434 3306 1900 3379; x_wconf 85' lang='lat' dir='ltr'>quemadmodum</span> 
     </span>
    </p>
   </div>
   <div class='ocr_carea' id='block_1_39' title="bbox 297 3394 1894 3467">
    <p class='ocr_par' dir='ltr' id='par_1_39' title="bbox 297 3394 1894 3467">
     <span class='ocr_line' id='line_1_39' title="bbox 297 3394 1894 3467; baseline 0.001 -18"><span class='ocrx_word' id='word_1_292' title='bbox 297 3397 565 3467; x_wconf 75' lang='lat' dir='ltr'>pontifex</span> <span class='ocrx_word' id='word_1_293' title='bbox 585 3394 781 3467; x_wconf 87' lang='lat' dir='ltr'>legalis</span> <span class='ocrx_word' id='word_1_294' title='bbox 802 3410 901 3465; x_wconf 87' lang='lat' dir='ltr'>per</span> <span class='ocrx_word' id='word_1_295' title='bbox 921 3394 1167 3466; x_wconf 89' lang='lat' dir='ltr'>singulos</span> <span class='ocrx_word' id='word_1_296' title='bbox 1191 3411 1363 3451; x_wconf 91' lang='lat' dir='ltr'>annos</span> <span class='ocrx_word' id='word_1_297' title='bbox 1384 3395 1513 3466; x_wconf 90' lang='lat' dir='ltr'>quia</span> <span class='ocrx_word' id='word_1_298' title='bbox 1538 3412 1644 3451; x_wconf 88' lang='lat' dir='ltr'>non</span> <span class='ocrx_word' id='word_1_299' title='bbox 1679 3395 1894 3465; x_wconf 79' lang='lat' dir='ltr'>sufficit,</span> 
     </span>
    </p>
   </div>
   <div class='ocr_carea' id='block_1_40' title="bbox 301 3482 1895 3541">
    <p class='ocr_par' dir='ltr' id='par_1_40' title="bbox 301 3482 1895 3541">
     <span class='ocr_line' id='line_1_40' title="bbox 301 3482 1895 3541; baseline 0.002 -3"><span class='ocrx_word' id='word_1_300' title='bbox 301 3482 625 3538; x_wconf 90' lang='lat' dir='ltr'>sacriﬁcium</span> <span class='ocrx_word' id='word_1_301' title='bbox 648 3499 803 3537; x_wconf 91' lang='lat' dir='ltr'>suum</span> <span class='ocrx_word' id='word_1_302' title='bbox 822 3483 1027 3538; x_wconf 90' lang='lat' dir='ltr'>iterans</span> <span class='ocrx_word' id='word_1_303' title='bbox 1042 3484 1227 3539; x_wconf 81' lang='lat' dir='ltr'>intrat</span> <span class='ocrx_word' id='word_1_304' title='bbox 1244 3485 1306 3539; x_wconf 88' lang='lat' dir='ltr'>in</span> <span class='ocrx_word' id='word_1_305' title='bbox 1326 3485 1536 3540; x_wconf 89' lang='lat' dir='ltr'>Sancta</span> <span class='ocrx_word' id='word_1_306' title='bbox 1557 3492 1895 3541; x_wconf 89' lang='lat' dir='ltr'>sanctorum:</span> 
     </span>
    </p>
   </div>
   <div class='ocr_carea' id='block_1_41' title="bbox 299 3572 1894 3646">
    <p class='ocr_par' dir='ltr' id='par_1_41' title="bbox 299 3572 1894 3646">
     <span class='ocr_line' id='line_1_41' title="bbox 299 3572 1894 3646; baseline 0.003 -20"><span class='ocrx_word' id='word_1_307' title='bbox 299 3588 412 3627; x_wconf 90' lang='lat' dir='ltr'>non</span> <span class='ocrx_word' id='word_1_308' title='bbox 442 3572 497 3626; x_wconf 91' lang='lat' dir='ltr'>in</span> <span class='ocrx_word' id='word_1_309' title='bbox 524 3588 621 3627; x_wconf 91' lang='lat' dir='ltr'>suo</span> <span class='ocrx_word' id='word_1_310' title='bbox 653 3572 790 3627; x_wconf 91' lang='lat' dir='ltr'>sicut</span> <span class='ocrx_word' id='word_1_311' title='bbox 819 3572 1066 3627; x_wconf 88' lang='lat' dir='ltr'>Christus</span> <span class='ocrx_word' id='word_1_312' title='bbox 1090 3616 1102 3637; x_wconf 92' lang='lat'>,</span> <span class='ocrx_word' id='word_1_313' title='bbox 1155 3573 1253 3627; x_wconf 89' lang='lat' dir='ltr'>sed</span> <span class='ocrx_word' id='word_1_314' title='bbox 1282 3575 1347 3629; x_wconf 90' lang='lat' dir='ltr'>in</span> <span class='ocrx_word' id='word_1_315' title='bbox 1375 3574 1563 3628; x_wconf 88' lang='lat' dir='ltr'>alieno</span> <span class='ocrx_word' id='word_1_316' title='bbox 1595 3576 1894 3646; x_wconf 81' lang='lat' dir='ltr'>sanguine.</span> 
     </span>
    </p>
   </div>
   <div class='ocr_carea' id='block_1_42' title="bbox 302 3660 1889 3734">
    <p class='ocr_par' dir='ltr' id='par_1_42' title="bbox 302 3660 1889 3734">
     <span class='ocr_line' id='line_1_42' title="bbox 302 3660 1889 3734; baseline 0.003 -20"><span class='ocrx_word' id='word_1_317' title='bbox 302 3660 508 3729; x_wconf 88' lang='lat' dir='ltr'>Quare,</span> <span class='ocrx_word' id='word_1_318' title='bbox 543 3660 667 3732; x_wconf 89' lang='lat' dir='ltr'>quia</span> <span class='ocrx_word' id='word_1_319' title='bbox 697 3660 907 3715; x_wconf 89' lang='lat' dir='ltr'>alienus</span> <span class='ocrx_word' id='word_1_320' title='bbox 937 3660 1160 3733; x_wconf 86' lang='lat' dir='ltr'>sanguis</span> <span class='ocrx_word' id='word_1_321' title='bbox 1190 3669 1302 3729; x_wconf 93' lang='lat' dir='ltr'>est,</span> <span class='ocrx_word' id='word_1_322' title='bbox 1332 3661 1623 3730; x_wconf 88' lang='lat' dir='ltr'>justiﬁcare</span> <span class='ocrx_word' id='word_1_323' title='bbox 1650 3678 1761 3717; x_wconf 90' lang='lat' dir='ltr'>non</span> <span class='ocrx_word' id='word_1_324' title='bbox 1792 3680 1889 3734; x_wconf 83' lang='lat' dir='ltr'>po-</span> 
     </span>
    </p>
   </div>
   <div class='ocr_carea' id='block_1_43' title="bbox 299 3748 1896 3825">
    <p class='ocr_par' dir='ltr' id='par_1_43' title="bbox 299 3748 1896 3825">
     <span class='ocr_line' id='line_1_43' title="bbox 299 3748 1896 3825; baseline 0.003 -23"><span class='ocrx_word' id='word_1_325' title='bbox 299 3756 424 3804; x_wconf 90' lang='lat' dir='ltr'>test.</span> <span class='ocrx_word' id='word_1_326' title='bbox 459 3750 519 3803; x_wconf 88' lang='lat' dir='ltr'>In</span> <span class='ocrx_word' id='word_1_327' title='bbox 546 3751 652 3804; x_wconf 91' lang='lat' dir='ltr'>hoc</span> <span class='ocrx_word' id='word_1_328' title='bbox 683 3756 735 3804; x_wconf 90' lang='lat' dir='ltr'>et</span> <span class='ocrx_word' id='word_1_329' title='bbox 765 3748 1089 3805; x_wconf 89' lang='lat' dir='ltr'>sacriﬁcium</span> <span class='ocrx_word' id='word_1_330' title='bbox 1120 3767 1279 3805; x_wconf 92' lang='lat' dir='ltr'>suum</span> <span class='ocrx_word' id='word_1_331' title='bbox 1306 3748 1603 3819; x_wconf 85' lang='lat' dir='ltr'>sufﬁciens,</span> <span class='ocrx_word' id='word_1_332' title='bbox 1639 3760 1691 3807; x_wconf 92' lang='lat' dir='ltr'>et</span> <span class='ocrx_word' id='word_1_333' title='bbox 1716 3752 1896 3825; x_wconf 88' lang='lat' dir='ltr'>legale</span> 
     </span>
    </p>
   </div>
   <div class='ocr_carea' id='block_1_44' title="bbox 301 3836 926 3892">
    <p class='ocr_par' dir='ltr' id='par_1_44' title="bbox 301 3836 926 3892">
     <span class='ocr_line' id='line_1_44' title="bbox 301 3836 926 3892; baseline 0 -1"><span class='ocrx_word' id='word_1_334' title='bbox 301 3836 637 3892; x_wconf 83' lang='lat' dir='ltr'>insufﬁciens</span> <span class='ocrx_word' id='word_1_335' title='bbox 669 3837 926 3892; x_wconf 90' lang='lat' dir='ltr'>ostendit.</span> 
     </span>
    </p>
   </div>
   <div class='ocr_carea' id='block_1_45' title="bbox 369 3924 1895 3996">
    <p class='ocr_par' dir='ltr' id='par_1_45' title="bbox 369 3924 1895 3996">
     <span class='ocr_line' id='line_1_45' title="bbox 369 3924 1895 3996; baseline 0.003 -16"><span class='ocrx_word' id='word_1_336' title='bbox 369 3926 664 3996; x_wconf 78' lang='lat' dir='ltr'>Alioquin,</span> <span class='ocrx_word' id='word_1_337' title='bbox 718 3925 775 3980; x_wconf 92' lang='lat' dir='ltr'>id</span> <span class='ocrx_word' id='word_1_338' title='bbox 804 3932 887 3979; x_wconf 88' lang='lat' dir='ltr'>est</span> <span class='ocrx_word' id='word_1_339' title='bbox 915 3925 961 3979; x_wconf 93' lang='lat' dir='ltr'>si</span> <span class='ocrx_word' id='word_1_340' title='bbox 994 3924 1149 3980; x_wconf 91' lang='lat' dir='ltr'>aliter</span> <span class='ocrx_word' id='word_1_341' title='bbox 1176 3926 1258 3981; x_wconf 90' lang='lat' dir='ltr'>vis</span> <span class='ocrx_word' id='word_1_342' title='bbox 1284 3926 1500 3994; x_wconf 89' lang='lat' dir='ltr'>dicere,</span> <span class='ocrx_word' id='word_1_343' title='bbox 1553 3935 1608 3982; x_wconf 91' lang='lat' dir='ltr'>ut</span> <span class='ocrx_word' id='word_1_344' title='bbox 1648 3929 1895 3985; x_wconf 90' lang='lat' dir='ltr'>Christus</span> 
     </span>
    </p>
   </div>
   <div class='ocr_carea' id='block_1_46' title="bbox 298 4012 1894 4089">
    <p class='ocr_par' dir='ltr' id='par_1_46' title="bbox 298 4012 1894 4089">
     <span class='ocr_line' id='line_1_46' title="bbox 298 4012 1894 4089; baseline 0.003 -20"><span class='ocrx_word' id='word_1_345' title='bbox 298 4028 444 4085; x_wconf 84' lang='lat' dir='ltr'>sape</span> <span class='ocrx_word' id='word_1_346' title='bbox 474 4014 669 4070; x_wconf 85' lang='lat' dir='ltr'>debeat</span> <span class='ocrx_word' id='word_1_347' title='bbox 698 4029 757 4068; x_wconf 92' lang='lat' dir='ltr'>se</span> <span class='ocrx_word' id='word_1_348' title='bbox 785 4012 999 4080; x_wconf 79' lang='lat' dir='ltr'>offerre,</span> <span class='ocrx_word' id='word_1_349' title='bbox 1024 4022 1153 4069; x_wconf 90' lang='lat' dir='ltr'>tunc</span> <span class='ocrx_word' id='word_1_350' title='bbox 1180 4016 1372 4085; x_wconf 90' lang='lat' dir='ltr'>procul</span> <span class='ocrx_word' id='word_1_351' title='bbox 1400 4016 1567 4071; x_wconf 89' lang='lat' dir='ltr'>dubio</span> <span class='ocrx_word' id='word_1_352' title='bbox 1597 4018 1667 4088; x_wconf 89' lang='lat' dir='ltr'>(si</span> <span class='ocrx_word' id='word_1_353' title='bbox 1697 4018 1767 4072; x_wconf 92' lang='lat' dir='ltr'>ita</span> <span class='ocrx_word' id='word_1_354' title='bbox 1790 4019 1894 4089; x_wconf 89' lang='lat' dir='ltr'>est)</span> 
     </span>
    </p>
   </div>
   <div class='ocr_carea' id='block_1_47' title="bbox 298 4103 1895 4178">
    <p class='ocr_par' dir='ltr' id='par_1_47' title="bbox 298 4103 1895 4178">
     <span class='ocr_line' id='line_1_47' title="bbox 298 4103 1895 4178; baseline 0.004 -22"><span class='ocrx_word' id='word_1_355' title='bbox 298 4103 587 4174; x_wconf 86' lang='lat' dir='ltr'>oportebat</span> <span class='ocrx_word' id='word_1_356' title='bbox 605 4118 734 4157; x_wconf 88' lang='lat' dir='ltr'>eum</span> <span class='ocrx_word' id='word_1_357' title='bbox 753 4105 1084 4174; x_wconf 78' lang='lat' dir='ltr'>frequenter</span> <span class='ocrx_word' id='word_1_358' title='bbox 1098 4106 1240 4175; x_wconf 88' lang='lat' dir='ltr'>pati,</span> <span class='ocrx_word' id='word_1_359' title='bbox 1266 4103 1576 4175; x_wconf 91' lang='lat' dir='ltr'>incipiendo</span> <span class='ocrx_word' id='word_1_360' title='bbox 1598 4107 1664 4161; x_wconf 91' lang='lat' dir='ltr'>ab</span> <span class='ocrx_word' id='word_1_361' title='bbox 1680 4108 1895 4178; x_wconf 82' lang='lat' dir='ltr'>origine</span> 
     </span>
    </p>
   </div>
   <div class='ocr_carea' id='block_1_48' title="bbox 299 4190 1896 4264">
    <p class='ocr_par' dir='ltr' id='par_1_48' title="bbox 299 4190 1896 4264">
     <span class='ocr_line' id='line_1_48' title="bbox 299 4190 1896 4264; baseline 0.004 -19"><span class='ocrx_word' id='word_1_362' title='bbox 299 4191 525 4246; x_wconf 88' lang='lat' dir='ltr'>mundi.</span> <span class='ocrx_word' id='word_1_363' title='bbox 547 4190 602 4246; x_wconf 91' lang='lat' dir='ltr'>Si</span> <span class='ocrx_word' id='word_1_364' title='bbox 634 4191 779 4245; x_wconf 89' lang='lat' dir='ltr'>enim</span> <span class='ocrx_word' id='word_1_365' title='bbox 799 4190 908 4245; x_wconf 89' lang='lat' dir='ltr'>illis</span> <span class='ocrx_word' id='word_1_366' title='bbox 939 4198 1143 4245; x_wconf 90' lang='lat' dir='ltr'>tantum</span> <span class='ocrx_word' id='word_1_367' title='bbox 1176 4193 1267 4263; x_wconf 86' lang='lat' dir='ltr'>qui</span> <span class='ocrx_word' id='word_1_368' title='bbox 1296 4193 1350 4247; x_wconf 91' lang='lat' dir='ltr'>in</span> <span class='ocrx_word' id='word_1_369' title='bbox 1372 4202 1617 4264; x_wconf 91' lang='lat' dir='ltr'>tempore</span> <span class='ocrx_word' id='word_1_370' title='bbox 1649 4211 1748 4250; x_wconf 91' lang='lat' dir='ltr'>suo</span> <span class='ocrx_word' id='word_1_371' title='bbox 1778 4195 1896 4251; x_wconf 85' lang='lat' dir='ltr'>fue-</span> 
     </span>
    </p>
   </div>
   <div class='ocr_carea' id='block_1_49' title="bbox 298 4279 1894 4353">
    <p class='ocr_par' dir='ltr' id='par_1_49' title="bbox 298 4279 1894 4353">
     <span class='ocr_line' id='line_1_49' title="bbox 298 4279 1894 4353; baseline 0.004 -20"><span class='ocrx_word' id='word_1_372' title='bbox 298 4287 439 4344; x_wconf 87' lang='lat' dir='ltr'>runt,</span> <span class='ocrx_word' id='word_1_373' title='bbox 474 4280 654 4350; x_wconf 91' lang='lat' dir='ltr'>passio</span> <span class='ocrx_word' id='word_1_374' title='bbox 686 4280 801 4348; x_wconf 88' lang='lat' dir='ltr'>ejus</span> <span class='ocrx_word' id='word_1_375' title='bbox 830 4279 1050 4350; x_wconf 83' lang='lat' dir='ltr'>profuit,</span> <span class='ocrx_word' id='word_1_376' title='bbox 1086 4288 1138 4334; x_wconf 90' lang='lat' dir='ltr'>et</span> <span class='ocrx_word' id='word_1_377' title='bbox 1164 4280 1395 4353; x_wconf 90' lang='lat' dir='ltr'>singulis</span> <span class='ocrx_word' id='word_1_378' title='bbox 1426 4282 1617 4336; x_wconf 89' lang='lat' dir='ltr'>futuris</span> <span class='ocrx_word' id='word_1_379' title='bbox 1647 4284 1894 4339; x_wconf 86' lang='lat' dir='ltr'>atatibus</span> 
     </span>
    </p>
   </div>
   <div class='ocr_carea' id='block_1_50' title="bbox 2003 390 3604 463">
    <p class='ocr_par' dir='ltr' id='par_1_50' title="bbox 2003 390 3604 463">
     <span class='ocr_line' id='line_1_50' title="bbox 2003 390 3604 463; baseline 0.002 -20"><span class='ocrx_word' id='word_1_380' title='bbox 2003 390 2179 445; x_wconf 89' lang='lat' dir='ltr'>mines</span> <span class='ocrx_word' id='word_1_381' title='bbox 2207 390 2376 445; x_wconf 91' lang='lat' dir='ltr'>semel</span> <span class='ocrx_word' id='word_1_382' title='bbox 2405 398 2609 445; x_wconf 87' lang='lat' dir='ltr'>tantum</span> <span class='ocrx_word' id='word_1_383' title='bbox 2659 390 2981 446; x_wconf 91' lang='lat' dir='ltr'>moriuntur.</span> <span class='ocrx_word' id='word_1_384' title='bbox 3034 393 3106 446; x_wconf 86' lang='lat' dir='ltr'>Et</span> <span class='ocrx_word' id='word_1_385' title='bbox 3134 390 3604 463; x_wconf 86' lang='lat' dir='ltr'>quemadmodum</span> 
     </span>
    </p>
   </div>
   <div class='ocr_carea' id='block_1_51' title="bbox 2002 480 3602 551">
    <p class='ocr_par' dir='ltr' id='par_1_51' title="bbox 2002 480 3602 551">
     <span class='ocr_line' id='line_1_51' title="bbox 2002 480 3602 551; baseline 0.001 -18"><span class='ocrx_word' id='word_1_386' title='bbox 2002 482 2289 534; x_wconf 84' lang='lat' dir='ltr'>statutum</span> <span class='ocrx_word' id='word_1_387' title='bbox 2307 484 2392 535; x_wconf 84' lang='lat' dir='ltr'>est</span> <span class='ocrx_word' id='word_1_388' title='bbox 2414 481 2733 536; x_wconf 84' lang='lat' dir='ltr'>hominibus</span> <span class='ocrx_word' id='word_1_389' title='bbox 2754 482 2901 536; x_wconf 82' lang='lat' dir='ltr'>mort</span> <span class='ocrx_word' id='word_1_390' title='bbox 2921 481 3093 535; x_wconf 88' lang='lat' dir='ltr'>semel</span> <span class='ocrx_word' id='word_1_391' title='bbox 3107 499 3125 546; x_wconf 89' lang='lat'><em>;</em></span> <span class='ocrx_word' id='word_1_392' title='bbox 3136 483 3267 551; x_wconf 82' lang='lat' dir='ltr'>post</span> <span class='ocrx_word' id='word_1_393' title='bbox 3287 480 3386 536; x_wconf 85' lang='lat' dir='ltr'>hoc</span> <span class='ocrx_word' id='word_1_394' title='bbox 3408 483 3602 535; x_wconf 87' lang='lat' dir='ltr'>autem</span> 
     </span>
    </p>
   </div>
   <div class='ocr_carea' id='block_1_52' title="bbox 2003 567 3605 637">
    <p class='ocr_par' dir='ltr' id='par_1_52' title="bbox 2003 567 3605 637">
     <span class='ocr_line' id='line_1_52' title="bbox 2003 567 3605 637; baseline 0.001 -16"><span class='ocrx_word' id='word_1_395' title='bbox 2003 568 2148 637; x_wconf 91' lang='lat' dir='ltr'>quod</span> <span class='ocrx_word' id='word_1_396' title='bbox 2183 568 2377 622; x_wconf 90' lang='lat' dir='ltr'>mortui</span> <span class='ocrx_word' id='word_1_397' title='bbox 2409 575 2553 631; x_wconf 87' lang='lat' dir='ltr'>sunt,</span> <span class='ocrx_word' id='word_1_398' title='bbox 2606 576 2774 622; x_wconf 90' lang='lat' dir='ltr'>restat</span> <span class='ocrx_word' id='word_1_399' title='bbox 2816 568 2883 623; x_wconf 90' lang='lat' dir='ltr'>de</span> <span class='ocrx_word' id='word_1_400' title='bbox 2933 568 3041 621; x_wconf 90' lang='lat' dir='ltr'>illis</span> <span class='ocrx_word' id='word_1_401' title='bbox 3072 567 3379 637; x_wconf 84' lang='lat' dir='ltr'>judicium.</span> <span class='ocrx_word' id='word_1_402' title='bbox 3410 568 3500 623; x_wconf 88' lang='lat' dir='ltr'>Sic</span> <span class='ocrx_word' id='word_1_403' title='bbox 3548 572 3605 623; x_wconf 90' lang='lat' dir='ltr'>et</span> 
     </span>
    </p>
   </div>
   <div class='ocr_carea' id='block_1_53' title="bbox 2009 656 3601 727">
    <p class='ocr_par' dir='ltr' id='par_1_53' title="bbox 2009 656 3601 727">
     <span class='ocr_line' id='line_1_53' title="bbox 2009 656 3601 727; baseline 0 -16"><span class='ocrx_word' id='word_1_404' title='bbox 2009 656 2264 711; x_wconf 79' lang='lat' dir='ltr'>Christus</span> <span class='ocrx_word' id='word_1_405' title='bbox 2293 658 2467 712; x_wconf 86' lang='lat' dir='ltr'>semel</span> <span class='ocrx_word' id='word_1_406' title='bbox 2496 656 2716 727; x_wconf 90' lang='lat' dir='ltr'>quidem</span> <span class='ocrx_word' id='word_1_407' title='bbox 2745 657 2968 712; x_wconf 84' lang='lat' dir='ltr'>oblatus</span> <span class='ocrx_word' id='word_1_408' title='bbox 3007 659 3113 711; x_wconf 87' lang='lat' dir='ltr'>Deo</span> <span class='ocrx_word' id='word_1_409' title='bbox 3142 672 3243 726; x_wconf 90' lang='lat' dir='ltr'>per</span> <span class='ocrx_word' id='word_1_410' title='bbox 3273 662 3499 711; x_wconf 89' lang='lat' dir='ltr'>mortem</span> <span class='ocrx_word' id='word_1_411' title='bbox 3529 656 3601 711; x_wconf 91' lang='lat' dir='ltr'>ad</span> 
     </span>
    </p>
   </div>
   <div class='ocr_carea' id='block_1_54' title="bbox 2002 744 3595 817">
    <p class='ocr_par' dir='ltr' id='par_1_54' title="bbox 2002 744 3595 817">
     <span class='ocr_line' id='line_1_54' title="bbox 2002 744 3595 817; baseline 0 -18"><span class='ocrx_word' id='word_1_412' title='bbox 2002 745 2473 811; x_wconf 75' lang='lat' dir='ltr'>exhauriendam,</span> <span class='ocrx_word' id='word_1_413' title='bbox 2495 744 2548 799; x_wconf 90' lang='lat' dir='ltr'>id</span> <span class='ocrx_word' id='word_1_414' title='bbox 2571 752 2653 799; x_wconf 93' lang='lat' dir='ltr'>est</span> <span class='ocrx_word' id='word_1_415' title='bbox 2673 744 2991 801; x_wconf 91' lang='lat' dir='ltr'>evacuanda</span> <span class='ocrx_word' id='word_1_416' title='bbox 3009 748 3245 817; x_wconf 88' lang='lat' dir='ltr'>peccata</span> <span class='ocrx_word' id='word_1_417' title='bbox 3260 746 3595 799; x_wconf 85' lang='lat' dir='ltr'>multorum.</span> 
     </span>
    </p>
   </div>
   <div class='ocr_carea' id='block_1_55' title="bbox 2004 831 3603 904">
    <p class='ocr_par' dir='ltr' id='par_1_55' title="bbox 2004 831 3603 904">
     <span class='ocr_line' id='line_1_55' title="bbox 2004 831 3603 904; baseline 0 -19"><span class='ocrx_word' id='word_1_418' title='bbox 2004 833 2064 886; x_wconf 90' lang='lat' dir='ltr'>In</span> <span class='ocrx_word' id='word_1_419' title='bbox 2094 833 2197 888; x_wconf 92' lang='lat' dir='ltr'>hoc</span> <span class='ocrx_word' id='word_1_420' title='bbox 2226 832 2443 903; x_wconf 90' lang='lat' dir='ltr'>quidem</span> <span class='ocrx_word' id='word_1_421' title='bbox 2490 833 2635 904; x_wconf 92' lang='lat' dir='ltr'>quod</span> <span class='ocrx_word' id='word_1_422' title='bbox 2682 832 2851 888; x_wconf 88' lang='lat' dir='ltr'>semel</span> <span class='ocrx_word' id='word_1_423' title='bbox 2898 840 3144 888; x_wconf 91' lang='lat' dir='ltr'>mortuus</span> <span class='ocrx_word' id='word_1_424' title='bbox 3184 840 3267 887; x_wconf 88' lang='lat' dir='ltr'>est</span> <span class='ocrx_word' id='word_1_425' title='bbox 3296 831 3488 886; x_wconf 88' lang='lat' dir='ltr'>similis</span> <span class='ocrx_word' id='word_1_426' title='bbox 3519 838 3603 887; x_wconf 91' lang='lat' dir='ltr'>est</span> 
     </span>
    </p>
   </div>
   <div class='ocr_carea' id='block_1_56' title="bbox 2003 920 3604 993">
    <p class='ocr_par' dir='ltr' id='par_1_56' title="bbox 2003 920 3604 993">
     <span class='ocr_line' id='line_1_56' title="bbox 2003 920 3604 993; baseline -0.001 -18"><span class='ocrx_word' id='word_1_427' title='bbox 2003 921 2208 976; x_wconf 89' lang='lat' dir='ltr'>homini</span> <span class='ocrx_word' id='word_1_428' title='bbox 2244 938 2257 975; x_wconf 94' lang='lat'>:</span> <span class='ocrx_word' id='word_1_429' title='bbox 2291 922 2388 977; x_wconf 90' lang='lat' dir='ltr'>sed</span> <span class='ocrx_word' id='word_1_430' title='bbox 2420 922 2474 976; x_wconf 92' lang='lat' dir='ltr'>in</span> <span class='ocrx_word' id='word_1_431' title='bbox 2505 922 2610 977; x_wconf 88' lang='lat' dir='ltr'>hoc</span> <span class='ocrx_word' id='word_1_432' title='bbox 2638 922 2783 993; x_wconf 89' lang='lat' dir='ltr'>quod</span> <span class='ocrx_word' id='word_1_433' title='bbox 2812 923 2975 977; x_wconf 89' lang='lat' dir='ltr'>homo</span> <span class='ocrx_word' id='word_1_434' title='bbox 3015 920 3247 976; x_wconf 91' lang='lat' dir='ltr'>moritur</span> <span class='ocrx_word' id='word_1_435' title='bbox 3271 963 3284 987; x_wconf 94' lang='lat'>,</span> <span class='ocrx_word' id='word_1_436' title='bbox 3330 920 3604 989; x_wconf 89' lang='lat' dir='ltr'>judicetur</span> 
     </span>
    </p>
   </div>
   <div class='ocr_carea' id='block_1_57' title="bbox 2004 1008 3603 1078">
    <p class='ocr_par' dir='ltr' id='par_1_57' title="bbox 2004 1008 3603 1078">
     <span class='ocr_line' id='line_1_57' title="bbox 2004 1008 3603 1078; baseline 0.001 -14"><span class='ocrx_word' id='word_1_437' title='bbox 2004 1009 2267 1075; x_wconf 87' lang='lat' dir='ltr'>Christus,</span> <span class='ocrx_word' id='word_1_438' title='bbox 2318 1019 2375 1065; x_wconf 92' lang='lat' dir='ltr'>ut</span> <span class='ocrx_word' id='word_1_439' title='bbox 2418 1010 2622 1078; x_wconf 87' lang='lat' dir='ltr'>judicet</span> <span class='ocrx_word' id='word_1_440' title='bbox 2669 1010 2969 1064; x_wconf 89' lang='lat' dir='ltr'>dissimilis.</span> <span class='ocrx_word' id='word_1_441' title='bbox 3013 1009 3152 1078; x_wconf 88' lang='lat' dir='ltr'>Quia</span> <span class='ocrx_word' id='word_1_442' title='bbox 3200 1009 3275 1065; x_wconf 91' lang='lat' dir='ltr'>ita</span> <span class='ocrx_word' id='word_1_443' title='bbox 3320 1008 3396 1064; x_wconf 90' lang='lat' dir='ltr'>ait</span> <span class='ocrx_word' id='word_1_444' title='bbox 3444 1025 3458 1063; x_wconf 91' lang='lat'><strong>:</strong></span> <span class='ocrx_word' id='word_1_445' title='bbox 3501 1010 3603 1065; x_wconf 87' lang='lat' dir='ltr'>Se-</span> 
     </span>
    </p>
   </div>
   <div class='ocr_carea' id='block_1_58' title="bbox 2003 1096 3606 1169">
    <p class='ocr_par' dir='ltr' id='par_1_58' title="bbox 2003 1096 3606 1169">
     <span class='ocr_line' id='line_1_58' title="bbox 2003 1096 3606 1169; baseline -0.002 -15"><span class='ocrx_word' id='word_1_446' title='bbox 2003 1098 2185 1154; x_wconf 85' lang='lat' dir='ltr'>cundo</span> <span class='ocrx_word' id='word_1_447' title='bbox 2214 1098 2450 1153; x_wconf 90' lang='lat' dir='ltr'>adventu</span> <span class='ocrx_word' id='word_1_448' title='bbox 2480 1098 2707 1155; x_wconf 88' lang='lat' dir='ltr'>veniens</span> <span class='ocrx_word' id='word_1_449' title='bbox 2735 1099 2801 1153; x_wconf 91' lang='lat' dir='ltr'>ad</span> <span class='ocrx_word' id='word_1_450' title='bbox 2825 1098 3090 1167; x_wconf 89' lang='lat' dir='ltr'>judicium</span> <span class='ocrx_word' id='word_1_451' title='bbox 3120 1098 3415 1169; x_wconf 85' lang='lat' dir='ltr'>apparebit</span> <span class='ocrx_word' id='word_1_452' title='bbox 3454 1096 3606 1152; x_wconf 89' lang='lat' dir='ltr'>Chri-</span> 
     </span>
    </p>
   </div>
   <div class='ocr_carea' id='block_1_59' title="bbox 2004 1185 3601 1259">
    <p class='ocr_par' dir='ltr' id='par_1_59' title="bbox 2004 1185 3601 1259">
     <span class='ocr_line' id='line_1_59' title="bbox 2004 1185 3601 1259; baseline 0 -19"><span class='ocrx_word' id='word_1_453' title='bbox 2004 1194 2152 1251; x_wconf 91' lang='lat' dir='ltr'>stus,</span> <span class='ocrx_word' id='word_1_454' title='bbox 2187 1189 2312 1242; x_wconf 84' lang='lat' dir='ltr'>sine</span> <span class='ocrx_word' id='word_1_455' title='bbox 2357 1192 2615 1259; x_wconf 89' lang='lat' dir='ltr'>peccato,</span> <span class='ocrx_word' id='word_1_456' title='bbox 2661 1187 2718 1241; x_wconf 91' lang='lat' dir='ltr'>id</span> <span class='ocrx_word' id='word_1_457' title='bbox 2764 1195 2844 1241; x_wconf 92' lang='lat' dir='ltr'>est</span> <span class='ocrx_word' id='word_1_458' title='bbox 2891 1202 3001 1241; x_wconf 89' lang='lat' dir='ltr'>non</span> <span class='ocrx_word' id='word_1_459' title='bbox 3040 1185 3390 1241; x_wconf 89' lang='lat' dir='ltr'>similitudine</span> <span class='ocrx_word' id='word_1_460' title='bbox 3419 1185 3601 1240; x_wconf 87' lang='lat' dir='ltr'>carnis</span> 
     </span>
    </p>
   </div>
   <div class='ocr_carea' id='block_1_60' title="bbox 2002 1274 3603 1346">
    <p class='ocr_par' dir='ltr' id='par_1_60' title="bbox 2002 1274 3603 1346">
     <span class='ocr_line' id='line_1_60' title="bbox 2002 1274 3603 1346; baseline -0.001 -17"><span class='ocrx_word' id='word_1_461' title='bbox 2002 1276 2232 1345; x_wconf 86' lang='lat' dir='ltr'>peccati,</span> <span class='ocrx_word' id='word_1_462' title='bbox 2269 1276 2367 1329; x_wconf 90' lang='lat' dir='ltr'>sed</span> <span class='ocrx_word' id='word_1_463' title='bbox 2414 1274 2731 1346; x_wconf 85' lang='lat' dir='ltr'>gloriﬁcata</span> <span class='ocrx_word' id='word_1_464' title='bbox 2769 1291 2869 1345; x_wconf 92' lang='lat' dir='ltr'>per</span> <span class='ocrx_word' id='word_1_465' title='bbox 2898 1276 3196 1330; x_wconf 77' lang='lat' dir='ltr'>claritatem</span> <span class='ocrx_word' id='word_1_466' title='bbox 3226 1274 3603 1329; x_wconf 90' lang='lat' dir='ltr'>immortalita-</span> 
     </span>
    </p>
   </div>
   <div class='ocr_carea' id='block_1_61' title="bbox 2003 1363 3596 1434">
    <p class='ocr_par' dir='ltr' id='par_1_61' title="bbox 2003 1363 3596 1434">
     <span class='ocr_line' id='line_1_61' title="bbox 2003 1363 3596 1434; baseline 0.001 -17"><span class='ocrx_word' id='word_1_467' title='bbox 2003 1363 2072 1418; x_wconf 91' lang='lat' dir='ltr'>tis</span> <span class='ocrx_word' id='word_1_468' title='bbox 2118 1372 2171 1419; x_wconf 93' lang='lat' dir='ltr'>et</span> <span class='ocrx_word' id='word_1_469' title='bbox 2217 1363 2688 1434; x_wconf 90' lang='lat' dir='ltr'>impossibilitatis.</span> <span class='ocrx_word' id='word_1_470' title='bbox 2721 1364 2820 1419; x_wconf 87' lang='lat' dir='ltr'>Vel</span> <span class='ocrx_word' id='word_1_471' title='bbox 2850 1363 3128 1434; x_wconf 89' lang='lat' dir='ltr'>apparebit</span> <span class='ocrx_word' id='word_1_472' title='bbox 3175 1363 3293 1418; x_wconf 88' lang='lat' dir='ltr'>sine</span> <span class='ocrx_word' id='word_1_473' title='bbox 3339 1370 3596 1434; x_wconf 88' lang='lat' dir='ltr'>peccato,</span> 
     </span>
    </p>
   </div>
   <div class='ocr_carea' id='block_1_62' title="bbox 2003 1450 3601 1523">
    <p class='ocr_par' dir='ltr' id='par_1_62' title="bbox 2003 1450 3601 1523">
     <span class='ocr_line' id='line_1_62' title="bbox 2003 1450 3601 1523; baseline -0.001 -16"><span class='ocrx_word' id='word_1_474' title='bbox 2003 1453 2059 1507; x_wconf 92' lang='lat' dir='ltr'>id</span> <span class='ocrx_word' id='word_1_475' title='bbox 2088 1461 2168 1507; x_wconf 90' lang='lat' dir='ltr'>est</span> <span class='ocrx_word' id='word_1_476' title='bbox 2210 1468 2318 1508; x_wconf 92' lang='lat' dir='ltr'>non</span> <span class='ocrx_word' id='word_1_477' title='bbox 2350 1452 2579 1507; x_wconf 91' lang='lat' dir='ltr'>veniens</span> <span class='ocrx_word' id='word_1_478' title='bbox 2608 1461 2667 1506; x_wconf 92' lang='lat' dir='ltr'>ut</span> <span class='ocrx_word' id='word_1_479' title='bbox 2707 1451 2845 1507; x_wconf 90' lang='lat' dir='ltr'>sicut</span> <span class='ocrx_word' id='word_1_480' title='bbox 2870 1452 3023 1523; x_wconf 90' lang='lat' dir='ltr'>prius</span> <span class='ocrx_word' id='word_1_481' title='bbox 3053 1452 3249 1507; x_wconf 89' lang='lat' dir='ltr'>iterum</span> <span class='ocrx_word' id='word_1_482' title='bbox 3291 1451 3382 1506; x_wconf 92' lang='lat' dir='ltr'>ﬁat</span> <span class='ocrx_word' id='word_1_483' title='bbox 3420 1450 3601 1507; x_wconf 89' lang='lat' dir='ltr'>hostia</span> 
     </span>
    </p>
   </div>
   <div class='ocr_carea' id='block_1_63' title="bbox 2003 1539 3597 1612">
    <p class='ocr_par' dir='ltr' id='par_1_63' title="bbox 2003 1539 3597 1612">
     <span class='ocr_line' id='line_1_63' title="bbox 2003 1539 3597 1612; baseline -0.002 -17"><span class='ocrx_word' id='word_1_484' title='bbox 2003 1557 2105 1612; x_wconf 89' lang='lat' dir='ltr'>pro</span> <span class='ocrx_word' id='word_1_485' title='bbox 2135 1548 2384 1612; x_wconf 90' lang='lat' dir='ltr'>peccato.</span> <span class='ocrx_word' id='word_1_486' title='bbox 2417 1540 2713 1611; x_wconf 83' lang='lat' dir='ltr'>Apparebit</span> <span class='ocrx_word' id='word_1_487' title='bbox 2741 1541 2927 1612; x_wconf 86' lang='lat' dir='ltr'>utique</span> <span class='ocrx_word' id='word_1_488' title='bbox 2956 1540 3011 1594; x_wconf 93' lang='lat' dir='ltr'>in</span> <span class='ocrx_word' id='word_1_489' title='bbox 3042 1540 3301 1606; x_wconf 90' lang='lat' dir='ltr'>salutem,</span> <span class='ocrx_word' id='word_1_490' title='bbox 3350 1555 3461 1595; x_wconf 91' lang='lat' dir='ltr'>non</span> <span class='ocrx_word' id='word_1_491' title='bbox 3489 1539 3597 1593; x_wconf 81' lang='lat' dir='ltr'>im-</span> 
     </span>
    </p>
   </div>
   <div class='ocr_carea' id='block_1_64' title="bbox 1930 1628 3542 1719">
    <p class='ocr_par' dir='ltr' id='par_1_64' title="bbox 1930 1628 3542 1719">
     <span class='ocr_line' id='line_1_64' title="bbox 1930 1628 3542 1719; baseline -0.001 -35"><span class='ocrx_word' id='word_1_492' title='bbox 1930 1657 1983 1719; x_wconf 80' lang='lat' dir='ltr'>B</span> <span class='ocrx_word' id='word_1_493' title='bbox 2002 1630 2128 1701; x_wconf 91' lang='lat' dir='ltr'>piis,</span> <span class='ocrx_word' id='word_1_494' title='bbox 2158 1630 2253 1684; x_wconf 92' lang='lat' dir='ltr'>sed</span> <span class='ocrx_word' id='word_1_495' title='bbox 2285 1630 2746 1701; x_wconf 75' lang='lat' dir='ltr'>exspectantibus</span> <span class='ocrx_word' id='word_1_496' title='bbox 2776 1645 2834 1685; x_wconf 87' lang='lat' dir='ltr'>se</span> <span class='ocrx_word' id='word_1_497' title='bbox 2879 1632 2942 1685; x_wconf 81' lang='lat' dir='ltr'>in</span> <span class='ocrx_word' id='word_1_498' title='bbox 2975 1630 3215 1701; x_wconf 84' lang='lat' dir='ltr'>justitia</span> <span class='ocrx_word' id='word_1_499' title='bbox 3246 1636 3299 1685; x_wconf 90' lang='lat' dir='ltr'>et</span> <span class='ocrx_word' id='word_1_500' title='bbox 3327 1628 3542 1684; x_wconf 90' lang='lat' dir='ltr'>timore.</span> 
     </span>
    </p>
   </div>
   <div class='ocr_carea' id='block_1_65' title="bbox 2646 1833 2972 1890">
    <p class='ocr_par' dir='ltr' id='par_1_65' title="bbox 2646 1833 2972 1890">
     <span class='ocr_line' id='line_1_65' title="bbox 2646 1833 2972 1890; baseline -0.003 -1"><span class='ocrx_word' id='word_1_501' title='bbox 2646 1833 2871 1890; x_wconf 85' lang='lat' dir='ltr'>CAPUT</span> <span class='ocrx_word' id='word_1_502' title='bbox 2899 1834 2972 1888; x_wconf 89' lang='lat' dir='ltr'>X.</span> 
     </span>
    </p>
   </div>
   <div class='ocr_carea' id='block_1_66' title="bbox 2079 1992 3596 2061">
    <p class='ocr_par' dir='ltr' id='par_1_66' title="bbox 2079 1992 3596 2061">
     <span class='ocr_line' id='line_1_66' title="bbox 2079 1992 3596 2061; baseline 0.003 -18"><span class='ocrx_word' id='word_1_503' title='bbox 2079 2014 2100 2043; x_wconf 77' lang='grc' dir='ltr'>ι</span> <span class='ocrx_word' id='word_1_504' title='bbox 2135 1993 2397 2049; x_wconf 90' lang='lat' dir='ltr'>Umbram</span> <span class='ocrx_word' id='word_1_505' title='bbox 2429 1992 2574 2048; x_wconf 92' lang='lat' dir='ltr'>enim</span> <span class='ocrx_word' id='word_1_506' title='bbox 2604 1992 2813 2048; x_wconf 88' lang='lat' dir='ltr'>habens</span> <span class='ocrx_word' id='word_1_507' title='bbox 2844 1992 2930 2048; x_wconf 88' lang='lat' dir='ltr'>lex</span> <span class='ocrx_word' id='word_1_508' title='bbox 2976 1994 3277 2048; x_wconf 89' lang='lat' dir='ltr'>futurorum</span> <span class='ocrx_word' id='word_1_509' title='bbox 3307 1992 3596 2061; x_wconf 89' lang='lat' dir='ltr'>bonorum,</span> 
     </span>
    </p>
   </div>
   <div class='ocr_carea' id='block_1_67' title="bbox 2007 2080 3598 2155">
    <p class='ocr_par' dir='ltr' id='par_1_67' title="bbox 2007 2080 3598 2155">
     <span class='ocr_line' id='line_1_67' title="bbox 2007 2080 3598 2155; baseline 0.003 -23"><span class='ocrx_word' id='word_1_510' title='bbox 2007 2103 2030 2132; x_wconf 68' lang='grc' dir='ltr'><strong><em>ι</em></strong></span> <span class='ocrx_word' id='word_1_511' title='bbox 2064 2096 2173 2136; x_wconf 91' lang='lat' dir='ltr'>non</span> <span class='ocrx_word' id='word_1_512' title='bbox 2204 2081 2379 2152; x_wconf 90' lang='lat' dir='ltr'>ipsam</span> <span class='ocrx_word' id='word_1_513' title='bbox 2408 2080 2702 2152; x_wconf 88' lang='lat' dir='ltr'>imaginem</span> <span class='ocrx_word' id='word_1_514' title='bbox 2731 2098 2946 2147; x_wconf 89' lang='lat' dir='ltr'>rerum,</span> <span class='ocrx_word' id='word_1_515' title='bbox 3000 2098 3100 2152; x_wconf 91' lang='lat' dir='ltr'>per</span> <span class='ocrx_word' id='word_1_516' title='bbox 3132 2082 3378 2155; x_wconf 88' lang='lat' dir='ltr'>singulos</span> <span class='ocrx_word' id='word_1_517' title='bbox 3424 2097 3598 2138; x_wconf 91' lang='lat' dir='ltr'>annos</span> 
     </span>
    </p>
   </div>
   <div class='ocr_carea' id='block_1_68' title="bbox 2007 2169 3593 2241">
    <p class='ocr_par' dir='ltr' id='par_1_68' title="bbox 2007 2169 3593 2241">
     <span class='ocr_line' id='line_1_68' title="bbox 2007 2169 3593 2241; baseline 0.003 -20"><span class='ocrx_word' id='word_1_518' title='bbox 2007 2191 2029 2221; x_wconf 69' lang='grc' dir='ltr'><strong>ε</strong></span> <span class='ocrx_word' id='word_1_519' title='bbox 2063 2169 2272 2225; x_wconf 91' lang='lat' dir='ltr'>eisdem</span> <span class='ocrx_word' id='word_1_520' title='bbox 2319 2170 2454 2240; x_wconf 88' lang='lat' dir='ltr'>ipsis</span> <span class='ocrx_word' id='word_1_521' title='bbox 2504 2170 2694 2224; x_wconf 90' lang='lat' dir='ltr'>hostiis</span> <span class='ocrx_word' id='word_1_522' title='bbox 2742 2186 2876 2241; x_wconf 90' lang='lat' dir='ltr'>quas</span> <span class='ocrx_word' id='word_1_523' title='bbox 2925 2169 3157 2224; x_wconf 80' lang='lat' dir='ltr'>offerunt</span> <span class='ocrx_word' id='word_1_524' title='bbox 3202 2170 3593 2237; x_wconf 87' lang='lat' dir='ltr'>indesinenter,</span> 
     </span>
    </p>
   </div>
   <div class='ocr_carea' id='block_1_69' title="bbox 2007 2257 3599 2329">
    <p class='ocr_par' dir='ltr' id='par_1_69' title="bbox 2007 2257 3599 2329">
     <span class='ocr_line' id='line_1_69' title="bbox 2007 2257 3599 2329; baseline 0.003 -20"><span class='ocrx_word' id='word_1_525' title='bbox 2007 2279 2029 2308; x_wconf 73' lang='grc' dir='ltr'><strong><em>ι</em></strong></span> <span class='ocrx_word' id='word_1_526' title='bbox 2065 2273 2341 2329; x_wconf 88' lang='lat' dir='ltr'>nunquam</span> <span class='ocrx_word' id='word_1_527' title='bbox 2372 2266 2550 2328; x_wconf 90' lang='lat' dir='ltr'>potest</span> <span class='ocrx_word' id='word_1_528' title='bbox 2580 2258 2903 2313; x_wconf 89' lang='lat' dir='ltr'>accedentes</span> <span class='ocrx_word' id='word_1_529' title='bbox 2918 2258 3192 2329; x_wconf 90' lang='lat' dir='ltr'>perfectos</span> <span class='ocrx_word' id='word_1_530' title='bbox 3213 2257 3410 2314; x_wconf 86' lang='lat' dir='ltr'>facere.</span> <span class='ocrx_word' id='word_1_531' title='bbox 3443 2258 3599 2314; x_wconf 88' lang='lat' dir='ltr'>Alio-</span> 
     </span>
    </p>
   </div>
   <div class='ocr_carea' id='block_1_70' title="bbox 2006 2346 3599 2418">
    <p class='ocr_par' dir='ltr' id='par_1_70' title="bbox 2006 2346 3599 2418">
     <span class='ocr_line' id='line_1_70' title="bbox 2006 2346 3599 2418; baseline 0.003 -20"><span class='ocrx_word' id='word_1_532' title='bbox 2006 2368 2029 2397; x_wconf 73' lang='grc' dir='ltr'><strong><em>ι</em></strong></span> <span class='ocrx_word' id='word_1_533' title='bbox 2060 2347 2190 2418; x_wconf 89' lang='lat' dir='ltr'>quin</span> <span class='ocrx_word' id='word_1_534' title='bbox 2236 2353 2547 2401; x_wconf 91' lang='lat' dir='ltr'>cessassent</span> <span class='ocrx_word' id='word_1_535' title='bbox 2594 2346 2781 2402; x_wconf 77' lang='lat' dir='ltr'>offerri</span> <span class='ocrx_word' id='word_1_536' title='bbox 2807 2390 2819 2412; x_wconf 89' lang='lat'>,</span> <span class='ocrx_word' id='word_1_537' title='bbox 2883 2347 3008 2403; x_wconf 92' lang='lat' dir='ltr'>ideo</span> <span class='ocrx_word' id='word_1_538' title='bbox 3053 2346 3199 2418; x_wconf 91' lang='lat' dir='ltr'>quod</span> <span class='ocrx_word' id='word_1_539' title='bbox 3246 2346 3448 2401; x_wconf 90' lang='lat' dir='ltr'>nullam</span> <span class='ocrx_word' id='word_1_540' title='bbox 3493 2348 3599 2403; x_wconf 91' lang='lat' dir='ltr'>ha-</span> 
     </span>
    </p>
   </div>
   <div class='ocr_carea' id='block_1_71' title="bbox 2005 2434 3599 2507">
    <p class='ocr_par' dir='ltr' id='par_1_71' title="bbox 2005 2434 3599 2507">
     <span class='ocr_line' id='line_1_71' title="bbox 2005 2434 3599 2507; baseline 0.003 -18"><span class='ocrx_word' id='word_1_541' title='bbox 2005 2458 2027 2483; x_wconf 76' lang='grc' dir='ltr'>κ</span> <span class='ocrx_word' id='word_1_542' title='bbox 2065 2435 2257 2490; x_wconf 90' lang='lat' dir='ltr'>berent</span> <span class='ocrx_word' id='word_1_543' title='bbox 2314 2436 2453 2489; x_wconf 90' lang='lat' dir='ltr'>ultra</span> <span class='ocrx_word' id='word_1_544' title='bbox 2500 2434 2891 2491; x_wconf 90' lang='lat' dir='ltr'>conscientiam</span> <span class='ocrx_word' id='word_1_545' title='bbox 2952 2435 3163 2507; x_wconf 91' lang='lat' dir='ltr'>peccati</span> <span class='ocrx_word' id='word_1_546' title='bbox 3210 2436 3445 2491; x_wconf 88' lang='lat' dir='ltr'>cultores</span> <span class='ocrx_word' id='word_1_547' title='bbox 3505 2453 3599 2493; x_wconf 86' lang='lat' dir='ltr'>se-</span> 
     </span>
    </p>
   </div>
   <div class='ocr_carea' id='block_1_72' title="bbox 2007 2523 3594 2597">
    <p class='ocr_par' dir='ltr' id='par_1_72' title="bbox 2007 2523 3594 2597">
     <span class='ocr_line' id='line_1_72' title="bbox 2007 2523 3594 2597; baseline 0.002 -19"><span class='ocrx_word' id='word_1_548' title='bbox 2007 2547 2028 2571; x_wconf 79' lang='lat' dir='ltr'>u</span> <span class='ocrx_word' id='word_1_549' title='bbox 2062 2524 2171 2579; x_wconf 91' lang='lat' dir='ltr'>mel</span> <span class='ocrx_word' id='word_1_550' title='bbox 2199 2524 2462 2578; x_wconf 91' lang='lat' dir='ltr'>mundati.</span> <span class='ocrx_word' id='word_1_551' title='bbox 2515 2524 2625 2579; x_wconf 93' lang='lat' dir='ltr'>Sed</span> <span class='ocrx_word' id='word_1_552' title='bbox 2661 2525 2716 2578; x_wconf 91' lang='lat' dir='ltr'>in</span> <span class='ocrx_word' id='word_1_553' title='bbox 2752 2523 2886 2594; x_wconf 91' lang='lat' dir='ltr'>ipsis</span> <span class='ocrx_word' id='word_1_554' title='bbox 2912 2526 3359 2580; x_wconf 90' lang='lat' dir='ltr'>commemoratio</span> <span class='ocrx_word' id='word_1_555' title='bbox 3388 2541 3594 2597; x_wconf 87' lang='lat' dir='ltr'>pecca-</span> 
     </span>
    </p>
   </div>
   <div class='ocr_carea' id='block_1_73' title="bbox 2005 2612 3596 2684">
    <p class='ocr_par' dir='ltr' id='par_1_73' title="bbox 2005 2612 3596 2684">
     <span class='ocr_line' id='line_1_73' title="bbox 2005 2612 3596 2684; baseline 0.001 -16"><span class='ocrx_word' id='word_1_556' title='bbox 2005 2621 2237 2668; x_wconf 78' lang='lat' dir='ltr'>«torum</span> <span class='ocrx_word' id='word_1_557' title='bbox 2286 2628 2384 2683; x_wconf 93' lang='lat' dir='ltr'>per</span> <span class='ocrx_word' id='word_1_558' title='bbox 2429 2612 2677 2684; x_wconf 91' lang='lat' dir='ltr'>singulos</span> <span class='ocrx_word' id='word_1_559' title='bbox 2708 2628 2882 2668; x_wconf 92' lang='lat' dir='ltr'>annos</span> <span class='ocrx_word' id='word_1_560' title='bbox 2933 2612 3005 2667; x_wconf 89' lang='lat' dir='ltr'>ﬁt.</span> <span class='ocrx_word' id='word_1_561' title='bbox 3059 2613 3399 2684; x_wconf 91' lang='lat' dir='ltr'>Impossibile</span> <span class='ocrx_word' id='word_1_562' title='bbox 3448 2615 3596 2670; x_wconf 91' lang='lat' dir='ltr'>enim</span> 
     </span>
    </p>
   </div>
   <div class='ocr_carea' id='block_1_74' title="bbox 2003 2701 3597 2774">
    <p class='ocr_par' dir='ltr' id='par_1_74' title="bbox 2003 2701 3597 2774">
     <span class='ocr_line' id='line_1_74' title="bbox 2003 2701 3597 2774; baseline 0.003 -19"><span class='ocrx_word' id='word_1_563' title='bbox 2003 2724 2024 2749; x_wconf 86' lang='grc'>‹‹</span> <span class='ocrx_word' id='word_1_564' title='bbox 2060 2709 2141 2756; x_wconf 90' lang='lat' dir='ltr'>est</span> <span class='ocrx_word' id='word_1_565' title='bbox 2189 2701 2452 2772; x_wconf 88' lang='lat' dir='ltr'>sanguine</span> <span class='ocrx_word' id='word_1_566' title='bbox 2500 2709 2778 2757; x_wconf 90' lang='lat' dir='ltr'>taurorum</span> <span class='ocrx_word' id='word_1_567' title='bbox 2809 2708 2863 2755; x_wconf 92' lang='lat' dir='ltr'>et</span> <span class='ocrx_word' id='word_1_568' title='bbox 2910 2701 3185 2756; x_wconf 89' lang='lat' dir='ltr'>hircorum</span> <span class='ocrx_word' id='word_1_569' title='bbox 3231 2701 3432 2757; x_wconf 87' lang='lat' dir='ltr'>auferri</span> <span class='ocrx_word' id='word_1_570' title='bbox 3460 2718 3597 2774; x_wconf 86' lang='lat' dir='ltr'>pec-</span> 
     </span>
    </p>
   </div>
   <div class='ocr_carea' id='block_1_75' title="bbox 2005 2789 3602 2863">
    <p class='ocr_par' dir='ltr' id='par_1_75' title="bbox 2005 2789 3602 2863">
     <span class='ocr_line' id='line_1_75' title="bbox 2005 2789 3602 2863; baseline 0.003 -18"><span class='ocrx_word' id='word_1_571' title='bbox 2005 2812 2027 2836; x_wconf 79' lang='grc' dir='ltr'>ιι</span> <span class='ocrx_word' id='word_1_572' title='bbox 2062 2798 2200 2845; x_wconf 90' lang='lat' dir='ltr'>cata.</span> <span class='ocrx_word' id='word_1_573' title='bbox 2234 2790 2364 2845; x_wconf 92' lang='lat' dir='ltr'>Ideo</span> <span class='ocrx_word' id='word_1_574' title='bbox 2393 2789 2709 2863; x_wconf 89' lang='lat' dir='ltr'>ingrediens</span> <span class='ocrx_word' id='word_1_575' title='bbox 2754 2790 3018 2844; x_wconf 90' lang='lat' dir='ltr'>mundum</span> <span class='ocrx_word' id='word_1_576' title='bbox 3047 2790 3178 2846; x_wconf 90' lang='lat' dir='ltr'>dicit</span> <span class='ocrx_word' id='word_1_577' title='bbox 3212 2806 3224 2844; x_wconf 92' lang='lat'>:</span> <span class='ocrx_word' id='word_1_578' title='bbox 3258 2791 3499 2847; x_wconf 88' lang='lat' dir='ltr'>Hostiam</span> <span class='ocrx_word' id='word_1_579' title='bbox 3548 2800 3602 2849; x_wconf 89' lang='lat' dir='ltr'>et</span> 
     </span>
    </p>
   </div>
   <div class='ocr_carea' id='block_1_76' title="bbox 2004 2878 3594 2952">
    <p class='ocr_par' dir='ltr' id='par_1_76' title="bbox 2004 2878 3594 2952">
     <span class='ocr_line' id='line_1_76' title="bbox 2004 2878 3594 2952; baseline 0.003 -19"><span class='ocrx_word' id='word_1_580' title='bbox 2004 2902 2025 2926; x_wconf 76' lang='grc' dir='ltr'><strong>α</strong></span> <span class='ocrx_word' id='word_1_581' title='bbox 2062 2878 2395 2934; x_wconf 89' lang='lat' dir='ltr'>oblationem</span> <span class='ocrx_word' id='word_1_582' title='bbox 2438 2878 2698 2946; x_wconf 91' lang='lat' dir='ltr'>noluisti,</span> <span class='ocrx_word' id='word_1_583' title='bbox 2732 2895 2932 2950; x_wconf 88' lang='lat' dir='ltr'>corpus</span> <span class='ocrx_word' id='word_1_584' title='bbox 2980 2887 3159 2935; x_wconf 90' lang='lat' dir='ltr'>autem</span> <span class='ocrx_word' id='word_1_585' title='bbox 3217 2882 3415 2952; x_wconf 89' lang='lat' dir='ltr'>aptasti</span> <span class='ocrx_word' id='word_1_586' title='bbox 3442 2882 3594 2938; x_wconf 91' lang='lat' dir='ltr'>mihi.</span> 
     </span>
    </p>
   </div>
   <div class='ocr_carea' id='block_1_77' title="bbox 2005 2968 3596 3040">
    <p class='ocr_par' dir='ltr' id='par_1_77' title="bbox 2005 2968 3596 3040">
     <span class='ocr_line' id='line_1_77' title="bbox 2005 2968 3596 3040; baseline 0.003 -19"><span class='ocrx_word' id='word_1_587' title='bbox 2005 2991 2026 3015; x_wconf 80' lang='grc' dir='ltr'>α</span> <span class='ocrx_word' id='word_1_588' title='bbox 2064 2968 2535 3024; x_wconf 87' lang='lat' dir='ltr'>Holocaustomata</span> <span class='ocrx_word' id='word_1_589' title='bbox 2586 2976 2639 3024; x_wconf 90' lang='lat' dir='ltr'>et</span> <span class='ocrx_word' id='word_1_590' title='bbox 2666 2984 2766 3040; x_wconf 91' lang='lat' dir='ltr'>pro</span> <span class='ocrx_word' id='word_1_591' title='bbox 2804 2976 3029 3040; x_wconf 89' lang='lat' dir='ltr'>peccato</span> <span class='ocrx_word' id='word_1_592' title='bbox 3071 2985 3181 3024; x_wconf 89' lang='lat' dir='ltr'>non</span> <span class='ocrx_word' id='word_1_593' title='bbox 3227 2969 3324 3023; x_wconf 88' lang='lat' dir='ltr'>tibi</span> <span class='ocrx_word' id='word_1_594' title='bbox 3371 2970 3596 3040; x_wconf 90' lang='lat' dir='ltr'>placue-</span> 
     </span>
    </p>
   </div>
   <div class='ocr_carea' id='block_1_78' title="bbox 2005 3057 3598 3129">
    <p class='ocr_par' dir='ltr' id='par_1_78' title="bbox 2005 3057 3598 3129">
     <span class='ocr_line' id='line_1_78' title="bbox 2005 3057 3598 3129; baseline 0.003 -18"><span class='ocrx_word' id='word_1_595' title='bbox 2005 3079 2027 3103; x_wconf 77' lang='grc' dir='ltr'><strong><em>ιι</em></strong></span> <span class='ocrx_word' id='word_1_596' title='bbox 2063 3065 2204 3112; x_wconf 89' lang='lat' dir='ltr'>runt.</span> <span class='ocrx_word' id='word_1_597' title='bbox 2237 3058 2388 3113; x_wconf 93' lang='lat' dir='ltr'>Tunc</span> <span class='ocrx_word' id='word_1_598' title='bbox 2419 3057 2529 3112; x_wconf 87' lang='lat' dir='ltr'>dixi</span> <span class='ocrx_word' id='word_1_599' title='bbox 2576 3074 2589 3112; x_wconf 95' lang='lat'>:</span> <span class='ocrx_word' id='word_1_600' title='bbox 2615 3058 2759 3114; x_wconf 92' lang='lat' dir='ltr'>Ecce</span> <span class='ocrx_word' id='word_1_601' title='bbox 2788 3058 2969 3113; x_wconf 88' lang='lat' dir='ltr'>venio.</span> <span class='ocrx_word' id='word_1_602' title='bbox 2996 3059 3055 3111; x_wconf 91' lang='lat' dir='ltr'>In</span> <span class='ocrx_word' id='word_1_603' title='bbox 3084 3057 3261 3129; x_wconf 90' lang='lat' dir='ltr'>capite</span> <span class='ocrx_word' id='word_1_604' title='bbox 3306 3058 3431 3113; x_wconf 87' lang='lat' dir='ltr'>libri</span> <span class='ocrx_word' id='word_1_605' title='bbox 3462 3059 3598 3115; x_wconf 86' lang='lat' dir='ltr'>scri-</span> 
     </span>
    </p>
   </div>
   <div class='ocr_carea' id='block_1_79' title="bbox 2005 3146 3598 3216">
    <p class='ocr_par' dir='ltr' id='par_1_79' title="bbox 2005 3146 3598 3216">
     <span class='ocr_line' id='line_1_79' title="bbox 2005 3146 3598 3216; baseline 0.002 -17"><span class='ocrx_word' id='word_1_606' title='bbox 2005 3168 2027 3192; x_wconf 80' lang='grc' dir='ltr'>α</span> <span class='ocrx_word' id='word_1_607' title='bbox 2062 3153 2213 3216; x_wconf 89' lang='lat' dir='ltr'>ptum</span> <span class='ocrx_word' id='word_1_608' title='bbox 2270 3153 2351 3201; x_wconf 88' lang='lat' dir='ltr'>est</span> <span class='ocrx_word' id='word_1_609' title='bbox 2407 3147 2476 3201; x_wconf 91' lang='lat' dir='ltr'>de</span> <span class='ocrx_word' id='word_1_610' title='bbox 2506 3162 2593 3201; x_wconf 91' lang='lat' dir='ltr'>me</span> <span class='ocrx_word' id='word_1_611' title='bbox 2624 3164 2637 3201; x_wconf 94' lang='lat'><strong>:</strong></span> <span class='ocrx_word' id='word_1_612' title='bbox 2670 3147 2740 3202; x_wconf 92' lang='lat' dir='ltr'>Ut</span> <span class='ocrx_word' id='word_1_613' title='bbox 2772 3146 3000 3213; x_wconf 89' lang='lat' dir='ltr'>faciam,</span> <span class='ocrx_word' id='word_1_614' title='bbox 3050 3148 3197 3202; x_wconf 92' lang='lat' dir='ltr'>Deus</span> <span class='ocrx_word' id='word_1_615' title='bbox 3219 3190 3231 3214; x_wconf 93' lang='lat'>,</span> <span class='ocrx_word' id='word_1_616' title='bbox 3265 3147 3598 3203; x_wconf 88' lang='lat' dir='ltr'>voluntatem</span> 
     </span>
    </p>
   </div>
   <div class='ocr_carea' id='block_1_80' title="bbox 2005 3235 3597 3307">
    <p class='ocr_par' dir='ltr' id='par_1_80' title="bbox 2005 3235 3597 3307">
     <span class='ocr_line' id='line_1_80' title="bbox 2005 3235 3597 3307; baseline 0.004 -21"><span class='ocrx_word' id='word_1_617' title='bbox 2005 3254 2029 3285; x_wconf 70' lang='grc' dir='ltr'><strong><em>ι</em></strong></span> <span class='ocrx_word' id='word_1_618' title='bbox 2061 3242 2225 3289; x_wconf 88' lang='lat' dir='ltr'>tuam.</span> <span class='ocrx_word' id='word_1_619' title='bbox 2260 3235 2521 3305; x_wconf 91' lang='lat' dir='ltr'>Superius</span> <span class='ocrx_word' id='word_1_620' title='bbox 2551 3235 2758 3302; x_wconf 89' lang='lat' dir='ltr'>dicens,</span> <span class='ocrx_word' id='word_1_621' title='bbox 2794 3237 2921 3307; x_wconf 89' lang='lat' dir='ltr'>quia</span> <span class='ocrx_word' id='word_1_622' title='bbox 2948 3236 3153 3291; x_wconf 90' lang='lat' dir='ltr'>hostias</span> <span class='ocrx_word' id='word_1_623' title='bbox 3198 3244 3247 3291; x_wconf 90' lang='lat' dir='ltr'>et</span> <span class='ocrx_word' id='word_1_624' title='bbox 3293 3236 3597 3293; x_wconf 88' lang='lat' dir='ltr'>oblationes</span> 
     </span>
    </p>
   </div>
   <div class='ocr_carea' id='block_1_81' title="bbox 2004 3323 3597 3395">
    <p class='ocr_par' dir='ltr' id='par_1_81' title="bbox 2004 3323 3597 3395">
     <span class='ocr_line' id='line_1_81' title="bbox 2004 3323 3597 3395; baseline 0.004 -18"><span class='ocrx_word' id='word_1_625' title='bbox 2004 3346 2025 3369; x_wconf 80' lang='grc' dir='ltr'>α</span> <span class='ocrx_word' id='word_1_626' title='bbox 2064 3330 2117 3378; x_wconf 91' lang='lat' dir='ltr'>et</span> <span class='ocrx_word' id='word_1_627' title='bbox 2172 3323 2633 3379; x_wconf 90' lang='lat' dir='ltr'>holocaustomata</span> <span class='ocrx_word' id='word_1_628' title='bbox 2672 3332 2724 3379; x_wconf 91' lang='lat' dir='ltr'>et</span> <span class='ocrx_word' id='word_1_629' title='bbox 2760 3340 2858 3395; x_wconf 93' lang='lat' dir='ltr'>pro</span> <span class='ocrx_word' id='word_1_630' title='bbox 2915 3333 3142 3395; x_wconf 90' lang='lat' dir='ltr'>peccato</span> <span class='ocrx_word' id='word_1_631' title='bbox 3180 3324 3435 3393; x_wconf 89' lang='lat' dir='ltr'>noluisti,</span> <span class='ocrx_word' id='word_1_632' title='bbox 3492 3341 3597 3383; x_wconf 88' lang='lat' dir='ltr'>nec</span> 
     </span>
    </p>
   </div>
   <div class='ocr_carea' id='block_1_82' title="bbox 2004 3412 3593 3485">
    <p class='ocr_par' dir='ltr' id='par_1_82' title="bbox 2004 3412 3593 3485">
     <span class='ocr_line' id='line_1_82' title="bbox 2004 3412 3593 3485; baseline 0.005 -21"><span class='ocrx_word' id='word_1_633' title='bbox 2004 3433 2027 3464; x_wconf 76' lang='grc' dir='ltr'>ι</span> <span class='ocrx_word' id='word_1_634' title='bbox 2062 3412 2260 3483; x_wconf 89' lang='lat' dir='ltr'>placita</span> <span class='ocrx_word' id='word_1_635' title='bbox 2290 3420 2414 3466; x_wconf 91' lang='lat' dir='ltr'>sunt</span> <span class='ocrx_word' id='word_1_636' title='bbox 2460 3412 2557 3467; x_wconf 92' lang='lat' dir='ltr'>tibi</span> <span class='ocrx_word' id='word_1_637' title='bbox 2587 3430 2708 3484; x_wconf 88' lang='lat' dir='ltr'>quae</span> <span class='ocrx_word' id='word_1_638' title='bbox 2739 3414 3035 3468; x_wconf 88' lang='lat' dir='ltr'>secundum</span> <span class='ocrx_word' id='word_1_639' title='bbox 3065 3414 3247 3485; x_wconf 89' lang='lat' dir='ltr'>legem</span> <span class='ocrx_word' id='word_1_640' title='bbox 3274 3414 3593 3472; x_wconf 79' lang='lat' dir='ltr'>offeruntur.</span> 
     </span>
    </p>
   </div>
   <div class='ocr_carea' id='block_1_83' title="bbox 2003 3500 3595 3573">
    <p class='ocr_par' dir='ltr' id='par_1_83' title="bbox 2003 3500 3595 3573">
     <span class='ocr_line' id='line_1_83' title="bbox 2003 3500 3595 3573; baseline 0.007 -24"><span class='ocrx_word' id='word_1_641' title='bbox 2003 3524 2025 3549; x_wconf 73' lang='grc' dir='ltr'>α</span> <span class='ocrx_word' id='word_1_642' title='bbox 2061 3502 2211 3556; x_wconf 94' lang='lat' dir='ltr'>Tunc</span> <span class='ocrx_word' id='word_1_643' title='bbox 2239 3500 2351 3555; x_wconf 87' lang='lat' dir='ltr'>dixi</span> <span class='ocrx_word' id='word_1_644' title='bbox 2385 3516 2396 3554; x_wconf 93' lang='lat'>:</span> <span class='ocrx_word' id='word_1_645' title='bbox 2428 3501 2573 3557; x_wconf 87' lang='lat' dir='ltr'>Ecce</span> <span class='ocrx_word' id='word_1_646' title='bbox 2604 3501 2783 3567; x_wconf 90' lang='lat' dir='ltr'>venio,</span> <span class='ocrx_word' id='word_1_647' title='bbox 2817 3508 2876 3555; x_wconf 90' lang='lat' dir='ltr'>ut</span> <span class='ocrx_word' id='word_1_648' title='bbox 2905 3501 3122 3569; x_wconf 79' lang='lat' dir='ltr'>faciam,</span> <span class='ocrx_word' id='word_1_649' title='bbox 3154 3504 3322 3573; x_wconf 89' lang='lat' dir='ltr'>Deus,</span> <span class='ocrx_word' id='word_1_650' title='bbox 3347 3504 3595 3561; x_wconf 89' lang='lat' dir='ltr'>volunta-</span> 
     </span>
    </p>
   </div>
   <div class='ocr_carea' id='block_1_84' title="bbox 2003 3589 3598 3662">
    <p class='ocr_par' dir='ltr' id='par_1_84' title="bbox 2003 3589 3598 3662">
     <span class='ocr_line' id='line_1_84' title="bbox 2003 3589 3598 3662; baseline 0.003 -18"><span class='ocrx_word' id='word_1_651' title='bbox 2003 3613 2025 3637; x_wconf 81' lang='grc' dir='ltr'>α</span> <span class='ocrx_word' id='word_1_652' title='bbox 2057 3598 2163 3645; x_wconf 91' lang='lat' dir='ltr'>tem</span> <span class='ocrx_word' id='word_1_653' title='bbox 2196 3597 2341 3644; x_wconf 84' lang='lat' dir='ltr'>tuam</span> <span class='ocrx_word' id='word_1_654' title='bbox 2367 3608 2380 3644; x_wconf 75' lang='grc' dir='ltr'>ε</span> <span class='ocrx_word' id='word_1_655' title='bbox 2405 3589 2581 3645; x_wconf 82' lang='lat' dir='ltr'>aufert</span> <span class='ocrx_word' id='word_1_656' title='bbox 2622 3590 2857 3661; x_wconf 90' lang='lat' dir='ltr'>primum</span> <span class='ocrx_word' id='word_1_657' title='bbox 2877 3633 2891 3657; x_wconf 95' lang='lat'>,</span> <span class='ocrx_word' id='word_1_658' title='bbox 2936 3598 2993 3645; x_wconf 93' lang='lat' dir='ltr'>ut</span> <span class='ocrx_word' id='word_1_659' title='bbox 3023 3607 3259 3662; x_wconf 90' lang='lat' dir='ltr'>sequens</span> <span class='ocrx_word' id='word_1_660' title='bbox 3288 3600 3504 3648; x_wconf 76' lang='lat' dir='ltr'>statuat.</span> <span class='ocrx_word' id='word_1_661' title='bbox 3536 3596 3598 3649; x_wconf 93' lang='lat' dir='ltr'>In</span> 
     </span>
    </p>
   </div>
   <div class='ocr_carea' id='block_1_85' title="bbox 2002 3677 3597 3751">
    <p class='ocr_par' dir='ltr' id='par_1_85' title="bbox 2002 3677 3597 3751">
     <span class='ocr_line' id='line_1_85' title="bbox 2002 3677 3597 3751; baseline 0.005 -22"><span class='ocrx_word' id='word_1_662' title='bbox 2002 3698 2025 3729; x_wconf 73' lang='grc' dir='ltr'><strong><em>α</em></strong></span> <span class='ocrx_word' id='word_1_663' title='bbox 2060 3695 2167 3750; x_wconf 92' lang='lat' dir='ltr'>qua</span> <span class='ocrx_word' id='word_1_664' title='bbox 2214 3679 2488 3733; x_wconf 88' lang='lat' dir='ltr'>voluntate</span> <span class='ocrx_word' id='word_1_665' title='bbox 2520 3677 2835 3735; x_wconf 86' lang='lat' dir='ltr'>sanctiﬁcati</span> <span class='ocrx_word' id='word_1_666' title='bbox 2883 3696 3071 3734; x_wconf 92' lang='lat' dir='ltr'>sumus</span> <span class='ocrx_word' id='word_1_667' title='bbox 3122 3697 3223 3751; x_wconf 90' lang='lat' dir='ltr'>per</span> <span class='ocrx_word' id='word_1_668' title='bbox 3266 3681 3597 3737; x_wconf 89' lang='lat' dir='ltr'>oblationem</span> 
     </span>
    </p>
   </div>
   <div class='ocr_carea' id='block_1_86' title="bbox 2002 3767 3598 3841">
    <p class='ocr_par' dir='ltr' id='par_1_86' title="bbox 2002 3767 3598 3841">
     <span class='ocr_line' id='line_1_86' title="bbox 2002 3767 3598 3841; baseline 0.002 -18"><span class='ocrx_word' id='word_1_669' title='bbox 2002 3788 2024 3813; x_wconf 76' lang='grc' dir='ltr'>«ι</span> <span class='ocrx_word' id='word_1_670' title='bbox 2060 3767 2308 3838; x_wconf 86' lang='lat' dir='ltr'>corporis</span> <span class='ocrx_word' id='word_1_671' title='bbox 2337 3768 2466 3821; x_wconf 87' lang='lat' dir='ltr'>Jesu</span> <span class='ocrx_word' id='word_1_672' title='bbox 2500 3768 2699 3822; x_wconf 89' lang='lat' dir='ltr'>Christi</span> <span class='ocrx_word' id='word_1_673' title='bbox 2730 3767 2918 3824; x_wconf 91' lang='lat' dir='ltr'>semel.</span> <span class='ocrx_word' id='word_1_674' title='bbox 2954 3769 3020 3823; x_wconf 89' lang='lat' dir='ltr'>Et</span> <span class='ocrx_word' id='word_1_675' title='bbox 3050 3769 3226 3824; x_wconf 92' lang='lat' dir='ltr'>omnis</span> <span class='ocrx_word' id='word_1_676' title='bbox 3259 3769 3477 3841; x_wconf 89' lang='lat' dir='ltr'>quidem</span> <span class='ocrx_word' id='word_1_677' title='bbox 3508 3787 3598 3826; x_wconf 88' lang='lat' dir='ltr'>sa-</span> 
     </span>
    </p>
   </div>
   <div class='ocr_carea' id='block_1_87' title="bbox 2002 3856 3595 3929">
    <p class='ocr_par' dir='ltr' id='par_1_87' title="bbox 2002 3856 3595 3929">
     <span class='ocr_line' id='line_1_87' title="bbox 2002 3856 3595 3929; baseline 0.006 -23"><span class='ocrx_word' id='word_1_678' title='bbox 2002 3876 2025 3906; x_wconf 81' lang='grc'><strong>«</strong></span> <span class='ocrx_word' id='word_1_679' title='bbox 2060 3856 2257 3912; x_wconf 92' lang='lat' dir='ltr'>cerdos</span> <span class='ocrx_word' id='word_1_680' title='bbox 2283 3864 2481 3926; x_wconf 88' lang='lat' dir='ltr'>prasto</span> <span class='ocrx_word' id='word_1_681' title='bbox 2513 3864 2595 3912; x_wconf 90' lang='lat' dir='ltr'>est</span> <span class='ocrx_word' id='word_1_682' title='bbox 2627 3856 2866 3928; x_wconf 91' lang='lat' dir='ltr'>quotidie</span> <span class='ocrx_word' id='word_1_683' title='bbox 2894 3858 3212 3913; x_wconf 89' lang='lat' dir='ltr'>ministrans</span> <span class='ocrx_word' id='word_1_684' title='bbox 3231 3900 3246 3929; x_wconf 93' lang='lat'>,</span> <span class='ocrx_word' id='word_1_685' title='bbox 3292 3866 3344 3914; x_wconf 91' lang='lat' dir='ltr'>et</span> <span class='ocrx_word' id='word_1_686' title='bbox 3373 3860 3595 3916; x_wconf 90' lang='lat' dir='ltr'>easdem</span> 
     </span>
    </p>
   </div>
   <div class='ocr_carea' id='block_1_88' title="bbox 2000 3944 3594 4020">
    <p class='ocr_par' dir='ltr' id='par_1_88' title="bbox 2000 3944 3594 4020">
     <span class='ocr_line' id='line_1_88' title="bbox 2000 3944 3594 4020; baseline 0.004 -20"><span class='ocrx_word' id='word_1_687' title='bbox 2000 3968 2021 3992; x_wconf 86' lang='lat'><strong><em>«</em></strong></span> <span class='ocrx_word' id='word_1_688' title='bbox 2059 3962 2204 4016; x_wconf 88' lang='lat' dir='ltr'>sape</span> <span class='ocrx_word' id='word_1_689' title='bbox 2236 3944 2472 4001; x_wconf 79' lang='lat' dir='ltr'>offerens</span> <span class='ocrx_word' id='word_1_690' title='bbox 2503 3946 2730 4013; x_wconf 88' lang='lat' dir='ltr'>hostias,</span> <span class='ocrx_word' id='word_1_691' title='bbox 2779 3964 2901 4019; x_wconf 88' lang='lat' dir='ltr'>qua</span> <span class='ocrx_word' id='word_1_692' title='bbox 2929 3964 3204 4020; x_wconf 88' lang='lat' dir='ltr'>nunquam</span> <span class='ocrx_word' id='word_1_693' title='bbox 3236 3958 3464 4019; x_wconf 89' lang='lat' dir='ltr'>possunt</span> <span class='ocrx_word' id='word_1_694' title='bbox 3493 3966 3594 4006; x_wconf 88' lang='lat' dir='ltr'>au-</span> 
     </span>
    </p>
   </div>
   <div class='ocr_carea' id='block_1_89' title="bbox 2000 4033 3596 4108">
    <p class='ocr_par' dir='ltr' id='par_1_89' title="bbox 2000 4033 3596 4108">
     <span class='ocr_line' id='line_1_89' title="bbox 2000 4033 3596 4108; baseline 0.005 -20"><span class='ocrx_word' id='word_1_695' title='bbox 2000 4057 2022 4082; x_wconf 83' lang='lat' dir='ltr'>u</span> <span class='ocrx_word' id='word_1_696' title='bbox 2059 4033 2203 4089; x_wconf 89' lang='lat' dir='ltr'>ferre</span> <span class='ocrx_word' id='word_1_697' title='bbox 2232 4042 2475 4105; x_wconf 90' lang='lat' dir='ltr'>peccata.</span> <span class='ocrx_word' id='word_1_698' title='bbox 2519 4036 2617 4091; x_wconf 85' lang='lat' dir='ltr'>Hic</span> <span class='ocrx_word' id='word_1_699' title='bbox 2645 4044 2824 4091; x_wconf 90' lang='lat' dir='ltr'>autem</span> <span class='ocrx_word' id='word_1_700' title='bbox 2854 4052 3019 4092; x_wconf 91' lang='lat' dir='ltr'>unam</span> <span class='ocrx_word' id='word_1_701' title='bbox 3052 4052 3149 4108; x_wconf 91' lang='lat' dir='ltr'>pro</span> <span class='ocrx_word' id='word_1_702' title='bbox 3188 4040 3425 4108; x_wconf 87' lang='lat' dir='ltr'>peccatis</span> <span class='ocrx_word' id='word_1_703' title='bbox 3455 4038 3596 4096; x_wconf 78' lang='lat' dir='ltr'>oﬂ‘e-</span> 
     </span>
    </p>
   </div>
   <div class='ocr_carea' id='block_1_90' title="bbox 2000 4124 3598 4196">
    <p class='ocr_par' dir='ltr' id='par_1_90' title="bbox 2000 4124 3598 4196">
     <span class='ocr_line' id='line_1_90' title="bbox 2000 4124 3598 4196; baseline 0.005 -19"><span class='ocrx_word' id='word_1_704' title='bbox 2000 4146 2020 4169; x_wconf 87' lang='lat'><strong>«</strong></span> <span class='ocrx_word' id='word_1_705' title='bbox 2058 4139 2187 4178; x_wconf 89' lang='lat' dir='ltr'>rens</span> <span class='ocrx_word' id='word_1_706' title='bbox 2235 4124 2497 4193; x_wconf 88' lang='lat' dir='ltr'>hostiam,</span> <span class='ocrx_word' id='word_1_707' title='bbox 2549 4124 2603 4178; x_wconf 93' lang='lat' dir='ltr'>in</span> <span class='ocrx_word' id='word_1_708' title='bbox 2656 4126 3045 4196; x_wconf 90' lang='lat' dir='ltr'>sempiternum</span> <span class='ocrx_word' id='word_1_709' title='bbox 3076 4126 3230 4181; x_wconf 91' lang='lat' dir='ltr'>sedet</span> <span class='ocrx_word' id='word_1_710' title='bbox 3276 4127 3331 4181; x_wconf 92' lang='lat' dir='ltr'>in</span> <span class='ocrx_word' id='word_1_711' title='bbox 3372 4128 3598 4185; x_wconf 86' lang='lat' dir='ltr'>dextera</span> 
     </span>
    </p>
   </div>
   <div class='ocr_carea' id='block_1_91' title="bbox 2000 4211 3614 4285">
    <p class='ocr_par' dir='ltr' id='par_1_91' title="bbox 2000 4211 3614 4285">
     <span class='ocr_line' id='line_1_91' title="bbox 2000 4211 3614 4285; baseline 0.007 -23"><span class='ocrx_word' id='word_1_712' title='bbox 2000 4232 2023 4262; x_wconf 71' lang='grc' dir='ltr'><strong>α</strong></span> <span class='ocrx_word' id='word_1_713' title='bbox 2056 4211 2157 4266; x_wconf 88' lang='lat' dir='ltr'>Dei</span> <span class='ocrx_word' id='word_1_714' title='bbox 2190 4227 2202 4266; x_wconf 92' lang='lat'><strong>:</strong></span> <span class='ocrx_word' id='word_1_715' title='bbox 2235 4212 2303 4266; x_wconf 92' lang='lat' dir='ltr'>de</span> <span class='ocrx_word' id='word_1_716' title='bbox 2325 4220 2523 4268; x_wconf 87' lang='lat' dir='ltr'>catero</span> <span class='ocrx_word' id='word_1_717' title='bbox 2555 4222 2880 4284; x_wconf 86' lang='lat' dir='ltr'>exspectans</span> <span class='ocrx_word' id='word_1_718' title='bbox 2907 4214 3081 4269; x_wconf 90' lang='lat' dir='ltr'>donec</span> <span class='ocrx_word' id='word_1_719' title='bbox 3102 4223 3375 4285; x_wconf 91' lang='lat' dir='ltr'>ponantur</span> <span class='ocrx_word' id='word_1_720' title='bbox 3394 4216 3614 4274; x_wconf 72' lang='lat' dir='ltr'>inimici«</span> 
     </span>
    </p>
   </div>
   <div class='ocr_carea' id='block_1_92' title="bbox 2001 4300 3595 4372">
    <p class='ocr_par' dir='ltr' id='par_1_92' title="bbox 2001 4300 3595 4372">
     <span class='ocr_line' id='line_1_92' title="bbox 2001 4300 3595 4372; baseline 0.006 -19"><span class='ocrx_word' id='word_1_721' title='bbox 2001 4321 2023 4345; x_wconf 82' lang='grc' dir='ltr'>α</span> <span class='ocrx_word' id='word_1_722' title='bbox 2057 4300 2175 4368; x_wconf 88' lang='lat' dir='ltr'>ejus</span> <span class='ocrx_word' id='word_1_723' title='bbox 2219 4301 2517 4355; x_wconf 91' lang='lat' dir='ltr'>scabellum</span> <span class='ocrx_word' id='word_1_724' title='bbox 2549 4301 2749 4372; x_wconf 91' lang='lat' dir='ltr'>pedum</span> <span class='ocrx_word' id='word_1_725' title='bbox 2798 4303 2935 4370; x_wconf 90' lang='lat' dir='ltr'>ejus.</span> <span class='ocrx_word' id='word_1_726' title='bbox 2984 4303 3105 4358; x_wconf 90' lang='lat' dir='ltr'>Una</span> <span class='ocrx_word' id='word_1_727' title='bbox 3147 4303 3290 4357; x_wconf 90' lang='lat' dir='ltr'>enim</span> <span class='ocrx_word' id='word_1_728' title='bbox 3321 4304 3595 4363; x_wconf 90' lang='lat' dir='ltr'>oblatione</span> 
     </span>
    </p>
   </div>
   <div class='ocr_carea' id='block_1_93' title="bbox 296 4368 3594 4461">
    <p class='ocr_par' dir='ltr' id='par_1_93' title="bbox 296 4368 3594 4461">
     <span class='ocr_line' id='line_1_93' title="bbox 296 4368 3594 4461; baseline 0.003 -22"><span class='ocrx_word' id='word_1_729' title='bbox 296 4376 545 4461; x_wconf 52' lang='grc' dir='ltr'>ορεῖηεξθξ</span> <span class='ocrx_word' id='word_1_730' title='bbox 569 4384 693 4461; x_wconf 43' lang='lat' dir='ltr'>eui“</span> <span class='ocrx_word' id='word_1_731' title='bbox 725 4368 916 4461; x_wconf 53' lang='grc' dir='ltr'>ίῖθιίίξίφ</span> <span class='ocrx_word' id='word_1_732' title='bbox 944 4368 1053 4461; x_wconf 54' lang='lat' dir='ltr'>Pati</span> <span class='ocrx_word' id='word_1_733' title='bbox 1077 4386 1098 4461; x_wconf 64' lang='grc' dir='ltr'><strong><em>ξ</em></strong></span> <span class='ocrx_word' id='word_1_734' title='bbox 1134 4376 1262 4461; x_wconf 38' lang='lat' dir='ltr'>in“?</span> <span class='ocrx_word' id='word_1_735' title='bbox 1290 4370 1478 4461; x_wconf 57' lang='grc' dir='ltr'>υῑξςῐυθ</span> <span class='ocrx_word' id='word_1_736' title='bbox 1518 4386 1746 4461; x_wconf 54' lang='lat'>“993559</span> <span class='ocrx_word' id='word_1_737' title='bbox 1776 4381 1894 4428; x_wconf 67' lang='grc' dir='ltr'>θιάῑ</span> <span class='ocrx_word' id='word_1_738' title='bbox 1914 4378 1966 4436; x_wconf 88' lang='lat' dir='ltr'><strong>D</strong></span> <span class='ocrx_word' id='word_1_739' title='bbox 2002 4408 2024 4439; x_wconf 71' lang='grc' dir='ltr'><strong><em>α</em></strong></span> <span class='ocrx_word' id='word_1_740' title='bbox 2061 4389 2455 4444; x_wconf 87' lang='lat' dir='ltr'>consummavit</span> <span class='ocrx_word' id='word_1_741' title='bbox 2500 4368 2565 4443; x_wconf 45' lang='lat' dir='ltr'>in—</span> <span class='ocrx_word' id='word_1_742' title='bbox 2584 4368 2977 4461; x_wconf 82' lang='lat' dir='ltr'>sempiternum</span> <span class='ocrx_word' id='word_1_743' title='bbox 3009 4392 3394 4449; x_wconf 88' lang='lat' dir='ltr'>sanctiﬁcatos.</span> <span class='ocrx_word' id='word_1_744' title='bbox 3445 4394 3594 4451; x_wconf 92' lang='lat' dir='ltr'>Con-</span> 
     </span>
    </p>
   </div>
   <div class='ocr_carea' id='block_1_94' title="bbox 296 4456 1894 4530">
    <p class='ocr_par' dir='ltr' id='par_1_94' title="bbox 296 4456 1894 4530">
     <span class='ocr_line' id='line_1_94' title="bbox 296 4456 1894 4530; baseline 0.004 -21"><span class='ocrx_word' id='word_1_745' title='bbox 296 4463 356 4509; x_wconf 92' lang='lat' dir='ltr'>ut</span> <span class='ocrx_word' id='word_1_746' title='bbox 384 4456 694 4526; x_wconf 89' lang='lat' dir='ltr'>incipiendo</span> <span class='ocrx_word' id='word_1_747' title='bbox 733 4472 766 4510; x_wconf 92' lang='lat' dir='ltr'>a</span> <span class='ocrx_word' id='word_1_748' title='bbox 804 4456 997 4511; x_wconf 90' lang='lat' dir='ltr'>diebus</span> <span class='ocrx_word' id='word_1_749' title='bbox 1028 4457 1165 4512; x_wconf 86' lang='lat' dir='ltr'>Abel</span> <span class='ocrx_word' id='word_1_750' title='bbox 1194 4457 1424 4530; x_wconf 89' lang='lat' dir='ltr'>singulis</span> <span class='ocrx_word' id='word_1_751' title='bbox 1454 4460 1731 4530; x_wconf 88' lang='lat' dir='ltr'>atatibus,</span> <span class='ocrx_word' id='word_1_752' title='bbox 1777 4462 1894 4516; x_wconf 91' lang='lat' dir='ltr'>sin-</span> 
     </span>
    </p>
   </div>
   <div class='ocr_carea' id='block_1_95' title="bbox 294 4543 1896 4615">
    <p class='ocr_par' dir='ltr' id='par_1_95' title="bbox 294 4543 1896 4615">
     <span class='ocr_line' id='line_1_95' title="bbox 294 4543 1896 4615; baseline 0.005 -17"><span class='ocrx_word' id='word_1_753' title='bbox 294 4543 452 4615; x_wconf 88' lang='lat' dir='ltr'>gulas</span> <span class='ocrx_word' id='word_1_754' title='bbox 481 4560 670 4601; x_wconf 89' lang='lat' dir='ltr'>cruces</span> <span class='ocrx_word' id='word_1_755' title='bbox 696 4552 959 4615; x_wconf 86' lang='lat' dir='ltr'>portaret,</span> <span class='ocrx_word' id='word_1_756' title='bbox 993 4546 1079 4600; x_wconf 89' lang='lat' dir='ltr'>vel</span> <span class='ocrx_word' id='word_1_757' title='bbox 1110 4547 1385 4601; x_wconf 89' lang='lat' dir='ltr'>Abraham</span> <span class='ocrx_word' id='word_1_758' title='bbox 1425 4557 1476 4603; x_wconf 80' lang='lat' dir='ltr'>et</span> <span class='ocrx_word' id='word_1_759' title='bbox 1510 4550 1692 4605; x_wconf 90' lang='lat' dir='ltr'>cateri</span> <span class='ocrx_word' id='word_1_760' title='bbox 1723 4551 1896 4606; x_wconf 89' lang='lat' dir='ltr'>sancti</span> 
     </span>
    </p>
   </div>
   <div class='ocr_carea' id='block_1_96' title="bbox 297 4633 1895 4706">
    <p class='ocr_par' dir='ltr' id='par_1_96' title="bbox 297 4633 1895 4706">
     <span class='ocr_line' id='line_1_96' title="bbox 297 4633 1895 4706; baseline 0.006 -21"><span class='ocrx_word' id='word_1_761' title='bbox 297 4648 406 4686; x_wconf 90' lang='lat' dir='ltr'>non</span> <span class='ocrx_word' id='word_1_762' title='bbox 437 4641 592 4687; x_wconf 90' lang='lat' dir='ltr'>erunt</span> <span class='ocrx_word' id='word_1_763' title='bbox 621 4634 909 4704; x_wconf 89' lang='lat' dir='ltr'>redempti.</span> <span class='ocrx_word' id='word_1_764' title='bbox 930 4633 1017 4689; x_wconf 93' lang='lat' dir='ltr'>Sic</span> <span class='ocrx_word' id='word_1_765' title='bbox 1041 4634 1259 4706; x_wconf 90' lang='lat' dir='ltr'>quidem</span> <span class='ocrx_word' id='word_1_766' title='bbox 1290 4643 1579 4706; x_wconf 89' lang='lat' dir='ltr'>oporteret.</span> <span class='ocrx_word' id='word_1_767' title='bbox 1606 4639 1711 4695; x_wconf 87' lang='lat' dir='ltr'>Sed</span> <span class='ocrx_word' id='word_1_768' title='bbox 1739 4656 1895 4695; x_wconf 86' lang='lat' dir='ltr'>nunc</span> 
     </span>
    </p>
   </div>
   <div class='ocr_carea' id='block_1_97' title="bbox 296 4724 1896 4793">
    <p class='ocr_par' dir='ltr' id='par_1_97' title="bbox 296 4724 1896 4793">
     <span class='ocr_line' id='line_1_97' title="bbox 296 4724 1896 4793; baseline 0.005 -19"><span class='ocrx_word' id='word_1_769' title='bbox 296 4728 587 4793; x_wconf 91' lang='lat' dir='ltr'>postquam</span> <span class='ocrx_word' id='word_1_770' title='bbox 635 4730 913 4777; x_wconf 89' lang='lat' dir='ltr'>ostensum</span> <span class='ocrx_word' id='word_1_771' title='bbox 958 4730 1042 4778; x_wconf 91' lang='lat' dir='ltr'>est</span> <span class='ocrx_word' id='word_1_772' title='bbox 1072 4731 1279 4778; x_wconf 88' lang='lat' dir='ltr'>tantum</span> <span class='ocrx_word' id='word_1_773' title='bbox 1328 4724 1720 4782; x_wconf 84' lang='lat' dir='ltr'>inconveniens</span> <span class='ocrx_word' id='word_1_774' title='bbox 1768 4728 1896 4783; x_wconf 90' lang='lat' dir='ltr'>inde</span> 
     </span>
    </p>
   </div>
   <div class='ocr_carea' id='block_1_98' title="bbox 296 4810 1894 4888">
    <p class='ocr_par' dir='ltr' id='par_1_98' title="bbox 296 4810 1894 4888">
     <span class='ocr_line' id='line_1_98' title="bbox 296 4810 1894 4888; baseline 0.004 -23"><span class='ocrx_word' id='word_1_775' title='bbox 296 4810 577 4882; x_wconf 88' lang='lat' dir='ltr'>consequi,</span> <span class='ocrx_word' id='word_1_776' title='bbox 611 4810 901 4865; x_wconf 87' lang='lat' dir='ltr'>dicendum</span> <span class='ocrx_word' id='word_1_777' title='bbox 935 4819 1017 4866; x_wconf 87' lang='lat' dir='ltr'>est</span> <span class='ocrx_word' id='word_1_778' title='bbox 1047 4812 1190 4883; x_wconf 87' lang='lat' dir='ltr'>quod</span> <span class='ocrx_word' id='word_1_779' title='bbox 1221 4815 1395 4869; x_wconf 84' lang='lat' dir='ltr'>semel</span> <span class='ocrx_word' id='word_1_780' title='bbox 1438 4814 1682 4870; x_wconf 88' lang='lat' dir='ltr'>Christus</span> <span class='ocrx_word' id='word_1_781' title='bbox 1729 4833 1894 4888; x_wconf 91' lang='lat' dir='ltr'>appa-</span> 
     </span>
    </p>
   </div>
   <div class='ocr_carea' id='block_1_99' title="bbox 294 4897 1893 4974">
    <p class='ocr_par' dir='ltr' id='par_1_99' title="bbox 294 4897 1893 4974">
     <span class='ocr_line' id='line_1_99' title="bbox 294 4897 1893 4974; baseline 0.006 -23"><span class='ocrx_word' id='word_1_782' title='bbox 294 4897 401 4952; x_wconf 87' lang='lat' dir='ltr'>ruit</span> <span class='ocrx_word' id='word_1_783' title='bbox 428 4899 492 4952; x_wconf 90' lang='lat' dir='ltr'>in</span> <span class='ocrx_word' id='word_1_784' title='bbox 523 4900 1010 4955; x_wconf 86' lang='lat' dir='ltr'>consummatione</span> <span class='ocrx_word' id='word_1_785' title='bbox 1039 4902 1395 4956; x_wconf 72' lang='lat' dir='ltr'>saculorum.</span> <span class='ocrx_word' id='word_1_786' title='bbox 1430 4903 1665 4974; x_wconf 90' lang='lat' dir='ltr'>Tempus</span> <span class='ocrx_word' id='word_1_787' title='bbox 1696 4905 1893 4961; x_wconf 90' lang='lat' dir='ltr'>Christi</span> 
     </span>
    </p>
   </div>
   <div class='ocr_carea' id='block_1_100' title="bbox 294 4985 1894 5063">
    <p class='ocr_par' dir='ltr' id='par_1_100' title="bbox 294 4985 1894 5063">
     <span class='ocr_line' id='line_1_100' title="bbox 294 4985 1894 5063; baseline 0.005 -23"><span class='ocrx_word' id='word_1_788' title='bbox 294 4985 491 5041; x_wconf 91' lang='lat' dir='ltr'>dicitur</span> <span class='ocrx_word' id='word_1_789' title='bbox 521 4987 921 5042; x_wconf 90' lang='lat' dir='ltr'>consummatio</span> <span class='ocrx_word' id='word_1_790' title='bbox 952 5006 965 5041; x_wconf 91' lang='lat'><strong>:</strong></span> <span class='ocrx_word' id='word_1_791' title='bbox 1000 4988 1125 5059; x_wconf 85' lang='lat' dir='ltr'>quia</span> <span class='ocrx_word' id='word_1_792' title='bbox 1156 4988 1418 5058; x_wconf 76' lang='lat' dir='ltr'>Christus,</span> <span class='ocrx_word' id='word_1_793' title='bbox 1455 4991 1718 5063; x_wconf 89' lang='lat' dir='ltr'>quidquid</span> <span class='ocrx_word' id='word_1_794' title='bbox 1747 5010 1894 5063; x_wconf 83' lang='lat' dir='ltr'>pra-</span> 
     </span>
    </p>
   </div>
   <div class='ocr_carea' id='block_1_101' title="bbox 294 5073 1895 5140">
    <p class='ocr_par' dir='ltr' id='par_1_101' title="bbox 294 5073 1895 5140">
     <span class='ocr_line' id='line_1_101' title="bbox 294 5073 1895 5140; baseline 0.005 -12"><span class='ocrx_word' id='word_1_795' title='bbox 294 5073 497 5129; x_wconf 90' lang='lat' dir='ltr'>dictum</span> <span class='ocrx_word' id='word_1_796' title='bbox 530 5075 597 5129; x_wconf 92' lang='lat' dir='ltr'>de</span> <span class='ocrx_word' id='word_1_797' title='bbox 648 5090 714 5129; x_wconf 88' lang='lat' dir='ltr'>eo</span> <span class='ocrx_word' id='word_1_798' title='bbox 756 5074 949 5140; x_wconf 84' lang='lat' dir='ltr'>fuerat,</span> <span class='ocrx_word' id='word_1_799' title='bbox 982 5078 1397 5133; x_wconf 86' lang='lat' dir='ltr'>consummavit.</span> <span class='ocrx_word' id='word_1_800' title='bbox 1432 5080 1498 5134; x_wconf 90' lang='lat' dir='ltr'>Et</span> <span class='ocrx_word' id='word_1_801' title='bbox 1531 5095 1655 5135; x_wconf 90' lang='lat' dir='ltr'>cum</span> <span class='ocrx_word' id='word_1_802' title='bbox 1687 5090 1809 5135; x_wconf 90' lang='lat' dir='ltr'>ante</span> <span class='ocrx_word' id='word_1_803' title='bbox 1839 5082 1895 5136; x_wconf 91' lang='lat' dir='ltr'>in</span> 
     </span>
    </p>
   </div>
   <div class='ocr_carea' id='block_1_102' title="bbox 292 5162 1894 5240">
    <p class='ocr_par' dir='ltr' id='par_1_102' title="bbox 292 5162 1894 5240">
     <span class='ocr_line' id='line_1_102' title="bbox 292 5162 1894 5240; baseline 0.006 -24"><span class='ocrx_word' id='word_1_804' title='bbox 292 5162 444 5217; x_wconf 90' lang='lat' dir='ltr'>nullo</span> <span class='ocrx_word' id='word_1_805' title='bbox 474 5162 635 5218; x_wconf 89' lang='lat' dir='ltr'>fuerit</span> <span class='ocrx_word' id='word_1_806' title='bbox 665 5164 1081 5231; x_wconf 90' lang='lat' dir='ltr'>consummatio,</span> <span class='ocrx_word' id='word_1_807' title='bbox 1113 5166 1170 5220; x_wconf 86' lang='lat' dir='ltr'>id</span> <span class='ocrx_word' id='word_1_808' title='bbox 1198 5174 1281 5220; x_wconf 91' lang='lat' dir='ltr'>est</span> <span class='ocrx_word' id='word_1_809' title='bbox 1302 5182 1434 5221; x_wconf 89' lang='lat' dir='ltr'>vera</span> <span class='ocrx_word' id='word_1_810' title='bbox 1464 5168 1742 5238; x_wconf 83' lang='lat' dir='ltr'>perfectio,</span> <span class='ocrx_word' id='word_1_811' title='bbox 1778 5170 1894 5240; x_wconf 89' lang='lat' dir='ltr'>ipse</span> 
     </span>
    </p>
   </div>
   <div class='ocr_carea' id='block_1_103' title="bbox 295 5251 1891 5328">
    <p class='ocr_par' dir='ltr' id='par_1_103' title="bbox 295 5251 1891 5328">
     <span class='ocr_line' id='line_1_103' title="bbox 295 5251 1891 5328; baseline 0.004 -23"><span class='ocrx_word' id='word_1_812' title='bbox 295 5251 537 5305; x_wconf 89' lang='lat' dir='ltr'>omnium</span> <span class='ocrx_word' id='word_1_813' title='bbox 584 5251 977 5322; x_wconf 85' lang='lat' dir='ltr'>perfectionem</span> <span class='ocrx_word' id='word_1_814' title='bbox 1026 5254 1215 5308; x_wconf 89' lang='lat' dir='ltr'>attulit.</span> <span class='ocrx_word' id='word_1_815' title='bbox 1278 5258 1585 5327; x_wconf 83' lang='lat' dir='ltr'>Apparuit,</span> <span class='ocrx_word' id='word_1_816' title='bbox 1648 5258 1891 5328; x_wconf 90' lang='lat' dir='ltr'>inquam,</span> 
     </span>
    </p>
   </div>
   <div class='ocr_carea' id='block_1_104' title="bbox 293 5339 1895 5417">
    <p class='ocr_par' dir='ltr' id='par_1_104' title="bbox 293 5339 1895 5417">
     <span class='ocr_line' id='line_1_104' title="bbox 293 5339 1895 5417; baseline 0.006 -24"><span class='ocrx_word' id='word_1_817' title='bbox 293 5339 366 5393; x_wconf 85' lang='lat' dir='ltr'>ad</span> <span class='ocrx_word' id='word_1_818' title='bbox 382 5340 829 5407; x_wconf 79' lang='lat' dir='ltr'>destitutionem,</span> <span class='ocrx_word' id='word_1_819' title='bbox 846 5341 898 5395; x_wconf 92' lang='lat' dir='ltr'>id</span> <span class='ocrx_word' id='word_1_820' title='bbox 916 5350 998 5396; x_wconf 90' lang='lat' dir='ltr'>est</span> <span class='ocrx_word' id='word_1_821' title='bbox 1014 5343 1079 5396; x_wconf 92' lang='lat' dir='ltr'>ad</span> <span class='ocrx_word' id='word_1_822' title='bbox 1103 5342 1523 5399; x_wconf 88' lang='lat' dir='ltr'>destructionem</span> <span class='ocrx_word' id='word_1_823' title='bbox 1531 5362 1635 5417; x_wconf 86' lang='lat' dir='ltr'>per</span> <span class='ocrx_word' id='word_1_824' title='bbox 1651 5345 1895 5403; x_wconf 82' lang='lat' dir='ltr'>hostiam</span> 
     </span>
    </p>
   </div>
   <div class='ocr_carea' id='block_1_105' title="bbox 302 5427 1892 5505">
    <p class='ocr_par' dir='ltr' id='par_1_105' title="bbox 302 5427 1892 5505">
     <span class='ocr_line' id='line_1_105' title="bbox 302 5427 1892 5505; baseline 0.006 -22"><span class='ocrx_word' id='word_1_825' title='bbox 302 5427 542 5484; x_wconf 82' lang='lat'><strong>396</strong></span> <span class='ocrx_word' id='word_1_826' title='bbox 566 5445 676 5484; x_wconf 92' lang='lat' dir='ltr'>non</span> <span class='ocrx_word' id='word_1_827' title='bbox 696 5429 945 5497; x_wconf 87' lang='lat' dir='ltr'>alienam,</span> <span class='ocrx_word' id='word_1_828' title='bbox 981 5432 1076 5487; x_wconf 91' lang='lat' dir='ltr'>sed</span> <span class='ocrx_word' id='word_1_829' title='bbox 1118 5448 1299 5488; x_wconf 88' lang='lat' dir='ltr'>suam.</span> <span class='ocrx_word' id='word_1_830' title='bbox 1327 5432 1462 5501; x_wconf 89' lang='lat' dir='ltr'>Quia</span> <span class='ocrx_word' id='word_1_831' title='bbox 1490 5433 1651 5505; x_wconf 88' lang='lat' dir='ltr'>plene</span> <span class='ocrx_word' id='word_1_832' title='bbox 1688 5451 1892 5505; x_wconf 90' lang='lat' dir='ltr'>pecca-</span> 
     </span>
    </p>
   </div>
   <div class='ocr_carea' id='block_1_106' title="bbox 292 5517 1893 5595">
    <p class='ocr_par' dir='ltr' id='par_1_106' title="bbox 292 5517 1893 5595">
     <span class='ocr_line' id='line_1_106' title="bbox 292 5517 1893 5595; baseline 0.006 -22"><span class='ocrx_word' id='word_1_833' title='bbox 292 5525 406 5573; x_wconf 91' lang='lat' dir='ltr'>tum</span> <span class='ocrx_word' id='word_1_834' title='bbox 436 5517 703 5575; x_wconf 88' lang='lat' dir='ltr'>destruxit</span> <span class='ocrx_word' id='word_1_835' title='bbox 732 5534 842 5574; x_wconf 92' lang='lat' dir='ltr'>non</span> <span class='ocrx_word' id='word_1_836' title='bbox 862 5527 1078 5591; x_wconf 90' lang='lat' dir='ltr'>oportet</span> <span class='ocrx_word' id='word_1_837' title='bbox 1107 5520 1304 5577; x_wconf 90' lang='lat' dir='ltr'>iterum</span> <span class='ocrx_word' id='word_1_838' title='bbox 1321 5522 1591 5579; x_wconf 88' lang='lat' dir='ltr'>Christum</span> <span class='ocrx_word' id='word_1_839' title='bbox 1614 5523 1743 5595; x_wconf 91' lang='lat' dir='ltr'>pati,</span> <span class='ocrx_word' id='word_1_840' title='bbox 1768 5524 1893 5582; x_wconf 91' lang='lat' dir='ltr'>ideo</span> 
     </span>
    </p>
   </div>
   <div class='ocr_carea' id='block_1_107' title="bbox 1999 4480 3593 4553">
    <p class='ocr_par' dir='ltr' id='par_1_107' title="bbox 1999 4480 3593 4553">
     <span class='ocr_line' id='line_1_107' title="bbox 1999 4480 3593 4553; baseline 0.008 -27"><span class='ocrx_word' id='word_1_841' title='bbox 1999 4498 2021 4526; x_wconf 73' lang='grc' dir='ltr'><strong><em>ι</em></strong></span> <span class='ocrx_word' id='word_1_842' title='bbox 2060 4484 2285 4532; x_wconf 88' lang='lat' dir='ltr'>testatur</span> <span class='ocrx_word' id='word_1_843' title='bbox 2314 4485 2491 4533; x_wconf 88' lang='lat' dir='ltr'>autem</span> <span class='ocrx_word' id='word_1_844' title='bbox 2552 4494 2653 4533; x_wconf 89' lang='lat' dir='ltr'>nos</span> <span class='ocrx_word' id='word_1_845' title='bbox 2712 4480 2916 4552; x_wconf 90' lang='lat' dir='ltr'>(nobis)</span> <span class='ocrx_word' id='word_1_846' title='bbox 2957 4489 3029 4545; x_wconf 74' lang='lat' dir='ltr'>et,</span> <span class='ocrx_word' id='word_1_847' title='bbox 3068 4481 3300 4553; x_wconf 92' lang='lat' dir='ltr'>Spiritus</span> <span class='ocrx_word' id='word_1_848' title='bbox 3356 4491 3593 4539; x_wconf 91' lang='lat' dir='ltr'>sanctus.</span> 
     </span>
    </p>
   </div>
   <div class='ocr_carea' id='block_1_108' title="bbox 2001 4566 3596 4637">
    <p class='ocr_par' dir='ltr' id='par_1_108' title="bbox 2001 4566 3596 4637">
     <span class='ocr_line' id='line_1_108' title="bbox 2001 4566 3596 4637; baseline 0.006 -18"><span class='ocrx_word' id='word_1_849' title='bbox 2001 4588 2021 4613; x_wconf 76' lang='grc' dir='ltr'>ι</span> <span class='ocrx_word' id='word_1_850' title='bbox 2061 4566 2349 4637; x_wconf 87' lang='lat' dir='ltr'>Postquam</span> <span class='ocrx_word' id='word_1_851' title='bbox 2404 4567 2547 4622; x_wconf 89' lang='lat' dir='ltr'>enim</span> <span class='ocrx_word' id='word_1_852' title='bbox 2594 4567 2773 4623; x_wconf 87' lang='lat' dir='ltr'>dixit:</span> <span class='ocrx_word' id='word_1_853' title='bbox 2806 4570 2921 4625; x_wconf 86' lang='lat' dir='ltr'>Hoc</span> <span class='ocrx_word' id='word_1_854' title='bbox 2968 4579 3147 4626; x_wconf 91' lang='lat' dir='ltr'>autem</span> <span class='ocrx_word' id='word_1_855' title='bbox 3193 4572 3596 4628; x_wconf 88' lang='lat' dir='ltr'>Testamentum</span> 
     </span>
    </p>
   </div>
   <div class='ocr_carea' id='block_1_109' title="bbox 2000 4655 3595 4729">
    <p class='ocr_par' dir='ltr' id='par_1_109' title="bbox 2000 4655 3595 4729">
     <span class='ocr_line' id='line_1_109' title="bbox 2000 4655 3595 4729; baseline 0.008 -25"><span class='ocrx_word' id='word_1_856' title='bbox 2000 4675 2021 4704; x_wconf 75' lang='grc' dir='ltr'><strong>α</strong></span> <span class='ocrx_word' id='word_1_857' title='bbox 2057 4655 2201 4725; x_wconf 90' lang='lat' dir='ltr'>quod</span> <span class='ocrx_word' id='word_1_858' title='bbox 2223 4655 2466 4711; x_wconf 90' lang='lat' dir='ltr'>testabor</span> <span class='ocrx_word' id='word_1_859' title='bbox 2495 4656 2565 4711; x_wconf 92' lang='lat' dir='ltr'>ad</span> <span class='ocrx_word' id='word_1_860' title='bbox 2605 4656 2729 4712; x_wconf 91' lang='lat' dir='ltr'>illos</span> <span class='ocrx_word' id='word_1_861' title='bbox 2758 4667 2880 4729; x_wconf 93' lang='lat' dir='ltr'>post</span> <span class='ocrx_word' id='word_1_862' title='bbox 2908 4658 3025 4714; x_wconf 92' lang='lat' dir='ltr'>dies</span> <span class='ocrx_word' id='word_1_863' title='bbox 3073 4659 3194 4714; x_wconf 92' lang='lat' dir='ltr'>illos</span> <span class='ocrx_word' id='word_1_864' title='bbox 3242 4660 3371 4716; x_wconf 92' lang='lat' dir='ltr'>dicit</span> <span class='ocrx_word' id='word_1_865' title='bbox 3401 4661 3595 4716; x_wconf 88' lang='lat' dir='ltr'>Domi—</span> 
     </span>
    </p>
   </div>
   <div class='ocr_carea' id='block_1_110' title="bbox 2000 4744 3588 4819">
    <p class='ocr_par' dir='ltr' id='par_1_110' title="bbox 2000 4744 3588 4819">
     <span class='ocr_line' id='line_1_110' title="bbox 2000 4744 3588 4819; baseline 0.006 -23"><span class='ocrx_word' id='word_1_866' title='bbox 2000 4765 2021 4789; x_wconf 84' lang='lat'><strong>«</strong></span> <span class='ocrx_word' id='word_1_867' title='bbox 2056 4760 2178 4797; x_wconf 91' lang='lat' dir='ltr'>nus.</span> <span class='ocrx_word' id='word_1_868' title='bbox 2208 4744 2402 4799; x_wconf 87' lang='lat' dir='ltr'>Dando</span> <span class='ocrx_word' id='word_1_869' title='bbox 2424 4745 2614 4818; x_wconf 60' lang='lat' dir='ltr'>\dabo)</span> <span class='ocrx_word' id='word_1_870' title='bbox 2644 4747 2799 4819; x_wconf 88' lang='lat' dir='ltr'>leges</span> <span class='ocrx_word' id='word_1_871' title='bbox 2828 4763 2982 4803; x_wconf 91' lang='lat' dir='ltr'>meas</span> <span class='ocrx_word' id='word_1_872' title='bbox 3014 4748 3067 4801; x_wconf 89' lang='lat' dir='ltr'>in</span> <span class='ocrx_word' id='word_1_873' title='bbox 3096 4748 3355 4804; x_wconf 91' lang='lat' dir='ltr'>cordibus</span> <span class='ocrx_word' id='word_1_874' title='bbox 3377 4765 3588 4817; x_wconf 88' lang='lat' dir='ltr'>eorum,</span> 
     </span>
    </p>
   </div>
   <div class='ocr_carea' id='block_1_111' title="bbox 1999 4833 3595 4910">
    <p class='ocr_par' dir='ltr' id='par_1_111' title="bbox 1999 4833 3595 4910">
     <span class='ocr_line' id='line_1_111' title="bbox 1999 4833 3595 4910; baseline 0.006 -24"><span class='ocrx_word' id='word_1_875' title='bbox 1999 4852 2020 4884; x_wconf 76' lang='grc' dir='ltr'>ι</span> <span class='ocrx_word' id='word_1_876' title='bbox 2058 4841 2110 4888; x_wconf 91' lang='lat' dir='ltr'>et</span> <span class='ocrx_word' id='word_1_877' title='bbox 2148 4833 2201 4887; x_wconf 88' lang='lat' dir='ltr'>in</span> <span class='ocrx_word' id='word_1_878' title='bbox 2244 4834 2516 4889; x_wconf 90' lang='lat' dir='ltr'>mentibus</span> <span class='ocrx_word' id='word_1_879' title='bbox 2546 4850 2735 4891; x_wconf 92' lang='lat' dir='ltr'>eorum</span> <span class='ocrx_word' id='word_1_880' title='bbox 2775 4838 3177 4908; x_wconf 86' lang='lat' dir='ltr'>superscribam</span> <span class='ocrx_word' id='word_1_881' title='bbox 3216 4854 3344 4905; x_wconf 89' lang='lat' dir='ltr'>eas,</span> <span class='ocrx_word' id='word_1_882' title='bbox 3387 4846 3440 4893; x_wconf 91' lang='lat' dir='ltr'>et</span> <span class='ocrx_word' id='word_1_883' title='bbox 3465 4856 3595 4910; x_wconf 85' lang='lat' dir='ltr'>pec-</span> 
     </span>
    </p>
   </div>
   <div class='ocr_carea' id='block_1_112' title="bbox 1999 4924 3593 4997">
    <p class='ocr_par' dir='ltr' id='par_1_112' title="bbox 1999 4924 3593 4997">
     <span class='ocr_line' id='line_1_112' title="bbox 1999 4924 3593 4997; baseline 0.008 -26"><span class='ocrx_word' id='word_1_884' title='bbox 1999 4943 2020 4971; x_wconf 71' lang='grc' dir='ltr'><strong><em>α</em></strong></span> <span class='ocrx_word' id='word_1_885' title='bbox 2057 4930 2299 4978; x_wconf 90' lang='lat' dir='ltr'>catorum</span> <span class='ocrx_word' id='word_1_886' title='bbox 2352 4932 2405 4979; x_wconf 91' lang='lat' dir='ltr'>et</span> <span class='ocrx_word' id='word_1_887' title='bbox 2440 4924 2783 4997; x_wconf 87' lang='lat' dir='ltr'>iniquitatum</span> <span class='ocrx_word' id='word_1_888' title='bbox 2835 4942 3019 4981; x_wconf 92' lang='lat' dir='ltr'>eorum</span> <span class='ocrx_word' id='word_1_889' title='bbox 3043 4926 3155 4995; x_wconf 90' lang='lat' dir='ltr'>jam</span> <span class='ocrx_word' id='word_1_890' title='bbox 3186 4943 3295 4982; x_wconf 92' lang='lat' dir='ltr'>non</span> <span class='ocrx_word' id='word_1_891' title='bbox 3333 4929 3593 4984; x_wconf 88' lang='lat' dir='ltr'>recorda-</span> 
     </span>
    </p>
   </div>
   <div class='ocr_carea' id='block_1_113' title="bbox 1999 5011 3595 5086">
    <p class='ocr_par' dir='ltr' id='par_1_113' title="bbox 1999 5011 3595 5086">
     <span class='ocr_line' id='line_1_113' title="bbox 1999 5011 3595 5086; baseline 0.008 -25"><span class='ocrx_word' id='word_1_892' title='bbox 1999 5032 2020 5060; x_wconf 77' lang='grc' dir='ltr'>ι</span> <span class='ocrx_word' id='word_1_893' title='bbox 2059 5011 2158 5065; x_wconf 90' lang='lat' dir='ltr'>bor</span> <span class='ocrx_word' id='word_1_894' title='bbox 2186 5012 2438 5083; x_wconf 91' lang='lat' dir='ltr'>amplius.</span> <span class='ocrx_word' id='word_1_895' title='bbox 2491 5014 2596 5069; x_wconf 92' lang='lat' dir='ltr'>Ubi</span> <span class='ocrx_word' id='word_1_896' title='bbox 2643 5022 2825 5069; x_wconf 93' lang='lat' dir='ltr'>autem</span> <span class='ocrx_word' id='word_1_897' title='bbox 2854 5015 3046 5069; x_wconf 91' lang='lat' dir='ltr'>horum</span> <span class='ocrx_word' id='word_1_898' title='bbox 3068 5015 3315 5071; x_wconf 90' lang='lat' dir='ltr'>remissio</span> <span class='ocrx_word' id='word_1_899' title='bbox 3340 5017 3453 5086; x_wconf 88' lang='lat' dir='ltr'>jam</span> <span class='ocrx_word' id='word_1_900' title='bbox 3484 5034 3595 5074; x_wconf 93' lang='lat' dir='ltr'>non</span> 
     </span>
    </p>
   </div>
   <div class='ocr_carea' id='block_1_114' title="bbox 1999 5100 3584 5178">
    <p class='ocr_par' dir='ltr' id='par_1_114' title="bbox 1999 5100 3584 5178">
     <span class='ocr_line' id='line_1_114' title="bbox 1999 5100 3584 5178; baseline 0.008 -27"><span class='ocrx_word' id='word_1_901' title='bbox 1999 5121 2021 5150; x_wconf 70' lang='grc' dir='ltr'><strong><em>ι</em></strong></span> <span class='ocrx_word' id='word_1_902' title='bbox 2053 5108 2135 5154; x_wconf 89' lang='lat' dir='ltr'>est</span> <span class='ocrx_word' id='word_1_903' title='bbox 2162 5100 2362 5157; x_wconf 91' lang='lat' dir='ltr'>oblatio</span> <span class='ocrx_word' id='word_1_904' title='bbox 2392 5118 2489 5173; x_wconf 88' lang='lat' dir='ltr'>pro</span> <span class='ocrx_word' id='word_1_905' title='bbox 2518 5111 2761 5173; x_wconf 89' lang='lat' dir='ltr'>peccato.</span> <span class='ocrx_word' id='word_1_906' title='bbox 2817 5104 3087 5160; x_wconf 81' lang='lat' dir='ltr'>Habentes</span> <span class='ocrx_word' id='word_1_907' title='bbox 3118 5104 3326 5177; x_wconf 87' lang='lat' dir='ltr'>itaque,</span> <span class='ocrx_word' id='word_1_908' title='bbox 3369 5106 3584 5178; x_wconf 83' lang='lat' dir='ltr'>fratres,</span> 
     </span>
    </p>
   </div>
   <div class='ocr_carea' id='block_1_115' title="bbox 1998 5187 3587 5269">
    <p class='ocr_par' dir='ltr' id='par_1_115' title="bbox 1998 5187 3587 5269">
     <span class='ocr_line' id='line_1_115' title="bbox 1998 5187 3587 5269; baseline 0.005 -27"><span class='ocrx_word' id='word_1_909' title='bbox 1998 5210 2021 5235; x_wconf 83' lang='lat'><strong>«</strong></span> <span class='ocrx_word' id='word_1_910' title='bbox 2056 5187 2309 5244; x_wconf 92' lang='lat' dir='ltr'>ﬁduciam</span> <span class='ocrx_word' id='word_1_911' title='bbox 2341 5191 2395 5244; x_wconf 91' lang='lat' dir='ltr'>in</span> <span class='ocrx_word' id='word_1_912' title='bbox 2440 5191 2657 5247; x_wconf 89' lang='lat' dir='ltr'>introitu</span> <span class='ocrx_word' id='word_1_913' title='bbox 2688 5201 2994 5247; x_wconf 88' lang='lat' dir='ltr'>sanctorum</span> <span class='ocrx_word' id='word_1_914' title='bbox 3034 5194 3089 5248; x_wconf 91' lang='lat' dir='ltr'>in</span> <span class='ocrx_word' id='word_1_915' title='bbox 3129 5196 3393 5269; x_wconf 89' lang='lat' dir='ltr'>sanguine</span> <span class='ocrx_word' id='word_1_916' title='bbox 3425 5196 3587 5251; x_wconf 90' lang='lat' dir='ltr'>Chri-</span> 
     </span>
    </p>
   </div>
   <div class='ocr_carea' id='block_1_116' title="bbox 1997 5277 3588 5349">
    <p class='ocr_par' dir='ltr' id='par_1_116' title="bbox 1997 5277 3588 5349">
     <span class='ocr_line' id='line_1_116' title="bbox 1997 5277 3588 5349; baseline 0.007 -18"><span class='ocrx_word' id='word_1_917' title='bbox 1997 5301 2009 5324; x_wconf 84' lang='grc'><strong>‹</strong></span> <span class='ocrx_word' id='word_1_918' title='bbox 2059 5277 2159 5345; x_wconf 92' lang='lat' dir='ltr'>sti,</span> <span class='ocrx_word' id='word_1_919' title='bbox 2194 5295 2357 5349; x_wconf 90' lang='lat' dir='ltr'>quam</span> <span class='ocrx_word' id='word_1_920' title='bbox 2388 5279 2616 5336; x_wconf 90' lang='lat' dir='ltr'>initiavit</span> <span class='ocrx_word' id='word_1_921' title='bbox 2645 5281 2802 5336; x_wconf 86' lang='lat' dir='ltr'>nobis</span> <span class='ocrx_word' id='word_1_922' title='bbox 2834 5281 2976 5337; x_wconf 88' lang='lat' dir='ltr'>viam</span> <span class='ocrx_word' id='word_1_923' title='bbox 3006 5299 3203 5339; x_wconf 87' lang='lat' dir='ltr'>novam</span> <span class='ocrx_word' id='word_1_924' title='bbox 3234 5293 3287 5340; x_wconf 93' lang='lat' dir='ltr'>et</span> <span class='ocrx_word' id='word_1_925' title='bbox 3316 5285 3588 5342; x_wconf 88' lang='lat' dir='ltr'>viventem</span> 
     </span>
    </p>
   </div>
   <div class='ocr_carea' id='block_1_117' title="bbox 2000 5367 3590 5436">
    <p class='ocr_par' dir='ltr' id='par_1_117' title="bbox 2000 5367 3590 5436">
     <span class='ocr_line' id='line_1_117' title="bbox 2000 5367 3590 5436; baseline 0.007 -16"><span class='ocrx_word' id='word_1_926' title='bbox 2000 5386 2020 5411; x_wconf 85' lang='lat'><strong>«</strong></span> <span class='ocrx_word' id='word_1_927' title='bbox 2055 5382 2154 5436; x_wconf 90' lang='lat' dir='ltr'>per</span> <span class='ocrx_word' id='word_1_928' title='bbox 2182 5367 2449 5435; x_wconf 89' lang='lat' dir='ltr'>velamen,</span> <span class='ocrx_word' id='word_1_929' title='bbox 2483 5369 2537 5425; x_wconf 92' lang='lat' dir='ltr'>id</span> <span class='ocrx_word' id='word_1_930' title='bbox 2568 5378 2650 5425; x_wconf 87' lang='lat' dir='ltr'>est</span> <span class='ocrx_word' id='word_1_931' title='bbox 2680 5387 2900 5426; x_wconf 87' lang='lat' dir='ltr'>carnem</span> <span class='ocrx_word' id='word_1_932' title='bbox 2928 5388 3082 5426; x_wconf 92' lang='lat' dir='ltr'>suam</span> <span class='ocrx_word' id='word_1_933' title='bbox 3117 5388 3128 5426; x_wconf 89' lang='lat'>:</span> <span class='ocrx_word' id='word_1_934' title='bbox 3163 5380 3214 5428; x_wconf 89' lang='lat' dir='ltr'>et</span> <span class='ocrx_word' id='word_1_935' title='bbox 3244 5373 3590 5431; x_wconf 89' lang='lat' dir='ltr'>sacerdotem</span> 
     </span>
    </p>
   </div>
   <div class='ocr_carea' id='block_1_118' title="bbox 1999 5459 3594 5528">
    <p class='ocr_par' dir='ltr' id='par_1_118' title="bbox 1999 5459 3594 5528">
     <span class='ocr_line' id='line_1_118' title="bbox 1999 5459 3594 5528; baseline 0.008 -21"><span class='ocrx_word' id='word_1_936' title='bbox 1999 5476 2021 5506; x_wconf 78' lang='grc' dir='ltr'>ι</span> <span class='ocrx_word' id='word_1_937' title='bbox 2056 5470 2316 5526; x_wconf 91' lang='lat' dir='ltr'>magnum</span> <span class='ocrx_word' id='word_1_938' title='bbox 2348 5474 2513 5528; x_wconf 90' lang='lat' dir='ltr'>super</span> <span class='ocrx_word' id='word_1_939' title='bbox 2542 5459 2763 5514; x_wconf 92' lang='lat' dir='ltr'>domum</span> <span class='ocrx_word' id='word_1_940' title='bbox 2794 5460 2913 5528; x_wconf 91' lang='lat' dir='ltr'>Dei,</span> <span class='ocrx_word' id='word_1_941' title='bbox 2946 5461 3267 5517; x_wconf 90' lang='lat' dir='ltr'>accedamus</span> <span class='ocrx_word' id='word_1_942' title='bbox 3306 5478 3432 5518; x_wconf 91' lang='lat' dir='ltr'>cum</span> <span class='ocrx_word' id='word_1_943' title='bbox 3460 5478 3594 5519; x_wconf 90' lang='lat' dir='ltr'>vero</span> 
     </span>
    </p>
   </div>
   <div class='ocr_carea' id='block_1_119' title="bbox 1998 5545 3590 5623">
    <p class='ocr_par' dir='ltr' id='par_1_119' title="bbox 1998 5545 3590 5623">
     <span class='ocr_line' id='line_1_119' title="bbox 1998 5545 3590 5623; baseline 0.006 -23"><span class='ocrx_word' id='word_1_944' title='bbox 1998 5566 2020 5591; x_wconf 77' lang='grc' dir='ltr'>α</span> <span class='ocrx_word' id='word_1_945' title='bbox 2055 5545 2220 5602; x_wconf 87' lang='lat' dir='ltr'>corde</span> <span class='ocrx_word' id='word_1_946' title='bbox 2257 5545 2313 5601; x_wconf 91' lang='lat' dir='ltr'>in</span> <span class='ocrx_word' id='word_1_947' title='bbox 2342 5546 2677 5618; x_wconf 84' lang='lat' dir='ltr'>plenitudine</span> <span class='ocrx_word' id='word_1_948' title='bbox 2698 5592 2716 5617; x_wconf 88' lang='lat'>,</span> <span class='ocrx_word' id='word_1_949' title='bbox 2764 5548 2892 5606; x_wconf 88' lang='lat' dir='ltr'>ﬁdei</span> <span class='ocrx_word' id='word_1_950' title='bbox 2940 5550 3153 5623; x_wconf 89' lang='lat' dir='ltr'>aspersi</span> <span class='ocrx_word' id='word_1_951' title='bbox 3198 5551 3361 5608; x_wconf 89' lang='lat' dir='ltr'>corda</span> <span class='ocrx_word' id='word_1_952' title='bbox 3389 5568 3423 5608; x_wconf 87' lang='lat' dir='ltr'>a</span> <span class='ocrx_word' id='word_1_953' title='bbox 3452 5567 3590 5609; x_wconf 90' lang='lat' dir='ltr'>con-</span> 
     </span>
    </p>
   </div>
  </div>
