3966 6050
373 152 477 207 543

871 151 928 208 S.
988 149 1347 208 BRUNONIS
1407 147 2056 208 CARTHUSIANORUM
2112 118 2601 207 INSTITUTORlS
2659 150 2809 207 OPP.
2872 152 3045 210 PARS
3104 155 3172 209 II.

3580 160 3683 216 διι

380 298 403 323 α
439 273 668 331 scientia
691 274 859 343 mala,
911 282 963 330 et
1009 274 1177 330 abluti
1211 290 1408 345 corpus
1456 291 1597 346 aqua
1628 275 1825 329 munda
1843 316 1856 339 ,
1888 282 1973 328 te-
1994 274 2051 333 Α
2078 272 2395 328 memoriam
2417 273 2612 345 prioris
2638 275 2866 346 peccati,
2891 292 2989 347 pro
3012 294 3119 348 quo
3142 278 3254 348 jam
3275 278 3673 352 immolaverat,

379 386 403 409 «ι
438 379 666 418 neamus
695 363 812 433 spei
841 372 1042 419 nostrae
1074 362 1473 419 confessionem
1512 363 1968 418 indeclinabilem.

381 472 404 502 «
441 451 641 506 Fidelis
670 452 814 507 enim
845 460 927 507 est
974 453 1067 523 qui
1096 452 1426 522 repromisit.
1460 454 1528 507 Et
1558 452 1972 507 consideremus

380 562 403 587 α
439 540 673 596 invicem
718 541 772 594 in
816 541 1256 611 provocationem
1287 540 1562 596 charitatis
1609 549 1662 596 et
1704 541 1971 595 bonorum

378 651 401 675 α
435 644 687 699 operum,
737 644 846 683 non
900 630 1220 684 deserentes
1276 629 1653 685 collectionem
1703 637 1963 695 nostram,

380 739 401 764 σε
441 715 578 771 sicut
605 717 1015 772 consuetudinis
1044 726 1125 772 est
1156 717 1502 788 quibusdam,
1537 718 1631 772 sed
1667 717 1962 773 consolan-

383 826 405 853 ι
439 812 521 860 tes
550 813 602 860 et
632 813 781 861 tanto
812 806 1008 878 magis,
1034 814 1230 877 quanto
1262 805 1504 860 videritis
1535 806 1974 877 apprOpinquan-

380 915 403 945 ι
437 900 544 948 tem
576 893 740 948 diem.
776 894 1085 949 Voluntarie
1117 898 1260 949 enim
1290 894 1641 964 peccantibus
1672 894 1828 949 nobis
1852 901 1972 963 post

381 1005 404 1029 ‹‹
438 990 717 1053 acceptam
748 982 993 1037 notitiam
1026 982 1293 1047 veritatis,
1336 983 1443 1050 jam
1494 998 1601 1036 non
1649 981 1972 1052 relinquitur

380 1092 403 1120 ι
436 1086 537 1141 pro
566 1070 809 1141 peccatis
838 1070 1054 1135 hostia;
1088 1070 1343 1125 terribilis
1376 1078 1551 1125 autem
1584 1070 1833 1141 quaedam
1865 1085 1969 1124 ex-

380 1180 402 1208 ι
438 1159 699 1229 spectatio
724 1158 911 1227 judicii
943 1168 994 1213 et
1026 1158 1168 1230 ignis
1211 1159 1505 1224 aemulatio,
1560 1175 1680 1229 qum
1710 1174 1970 1213 consum-

380 1267 402 1297 ι
436 1255 594 1317 ptura
631 1256 713 1301 est
760 1247 1129 1301 adversarios.
1167 1248 1371 1300 irritam
1404 1246 1525 1317 quis
1558 1246 1763 1301 faciens
1791 1248 1971 1319 legem

379 1356 400 1381 η
436 1336 628 1406 Moysi,
655 1336 772 1391 sine
802 1336 912 1390 ulla
942 1335 1290 1390 miseratione
1320 1335 1534 1389 duobus
1565 1336 1649 1390 vel
1674 1336 1846 1389 tribus
1895 1344 1971 1390 te-

381 1446 403 1473 ι
440 1424 610 1478 stibus
638 1425 883 1491 moritur,
911 1432 1111 1495 quanto
1140 1424 1315 1493 magis
1348 1423 1544 1493 putatis
1574 1423 1837 1478 deteriora
1866 1440 1971 1478 me-

381 1535 402 1559 α
438 1513 543 1567 reri
590 1513 855 1582 supplicia
880 1556 892 1577 ,
945 1512 1036 1583 qui
1084 1512 1277 1565 Filium
1332 1512 1429 1567 Dei
1461 1512 1883 1577 eoneuleaverit,
1919 1519 1971 1567 et

381 1622 403 1650 ι
438 1601 757 1671 sanguinem
806 1601 1130 1655 Testamenti
1166 1601 1427 1670 pollutum
1478 1601 1691 1655 duxerit
1749 1600 1803 1654 in
1862 1616 1969 1671 quo

381 1710 402 1734 «
439 1689 806 1744 Sanctificatus
836 1696 916 1743 est
941 1731 953 1755 ,
1014 1697 1066 1743 et
1115 1688 1335 1758 Spiritui
1366 1689 1558 1761 gratia:
1590 1690 1969 1745 contumeliam

378 1798 401 1824 ε
438 1776 673 1833 fecerit?
718 1778 928 1832 Scimus
976 1776 1120 1831 enim
1151 1777 1238 1848 qui
1270 1777 1401 1831 dixit
1443 1795 1455 1830 :
1496 1777 1621 1831 Mihi
1651 1778 1964 1843 vindictam,

381 1888 402 1912 α
437 1873 491 1920 et
520 1881 625 1937 ego
654 1866 971 1920 retribuam.
1008 1867 1073 1919 Et
1105 1866 1298 1920 iterum
1342 1881 1354 1918 :
1399 1864 1536 1933 Quia
1560 1866 1825 1934 judicabit
1854 1868 1967 1920 Do-

378 1975 401 2003 ι
437 1953 618 2007 minus
668 1956 928 2025 populum
973 1971 1126 2009 suum
1162 1970 1173 2007 :
1209 1954 1548 2008 Ilorrendum
1599 1963 1680 2007 est
1728 1954 1969 2009 incidere

378 2065 399 2089 α
434 2041 489 2096 in
518 2058 713 2097 manus
734 2043 832 2097 Dei
864 2042 1114 2097 viventis.
1141 2042 1599 2097 Rememoramini
1631 2050 1810 2097 autem
1857 2042 1970 2113 pri-

375 2151 398 2181 ‹
433 2130 604 2185 stinos
634 2130 769 2197 dies,
793 2130 849 2183 in
871 2130 1066 2200 quibus
1088 2130 1373 2184 illuminati
1405 2146 1663 2201 magnum
1695 2140 1967 2185 certamen

376 2240 397 2264 «
437 2217 671 2273 397
696 2218 1027 2273 sustinuistis
1044 2218 1360 2288 passionum
1384 2227 1466 2272 :et
1490 2218 1541 2271 in
1559 2219 1728 2273 altero
1750 2219 1968 2289 quidem

378 2328 399 2356 ι
435 2305 741 2375 opprobriis
771 2314 821 2360 et
853 2306 1289 2361 tribulationibus
1321 2307 1686 2377 spectaculum
1720 2307 1860 2371 facti,
1913 2308 1968 2361 in

378 2417 399 2441 ιι
435 2394 606 2449 altero
645 2402 826 2449 autem
867 2395 1002 2451 socii
1046 2394 1225 2449 taliter
1264 2395 1703 2450 conversantium
1773 2394 1967 2450 effecti.

375 2506 395 2529 α
429 2483 567 2538 Nam
596 2490 649 2538 et
694 2482 884 2539 vinctis
915 2484 1188 2555 compassi
1221 2484 1384 2549 estis,
1435 2492 1485 2539 et
1518 2484 1759 2554 rapinam
1791 2484 1966 2539 bono-

372 2595 393 2619 ιι
430 2588 548 2626 rum
576 2580 883 2627 vestrorum
925 2574 1049 2627 eum
1097 2573 1295 2644 gaudio
1343 2572 1696 2643 suscepistis;
1754 2589 1965 2645 cogno-

372 2684 393 2709 ι
432 2668 645 2715 scentes
690 2675 788 2715 vos
832 2660 1031 2715 habere
1068 2661 1351 2716 meliorem
1385 2670 1437 2715 et
1466 2669 1772 2716 manentem
1833 2662 1966 2715 sub-

369 2771 391 2795 u
428 2748 693 2802 stantiam.
726 2748 905 2803 Nolite
937 2749 1117 2820 itaque
1149 2750 1392 2805 amittere
1433 2750 1817 2804 confidentiam
1867 2766 1965 2804 ve-

371 2860 393 2885 α
430 2845 613 2902 stram,
666 2853 786 2908 qua:
815 2853 1068 2908 magnam
1099 2838 1261 2892 habet
1309 2838 1822 2893 remunerationem.
1862 2840 1966 2892 Pa-

368 2945 389 2978 ι
426 2926 612 2981 tientia
660 2925 803 2981 enim
843 2926 996 2981 vobis
1036 2926 1345 2981 necessaria
1376 2936 1490 2991 est,
1542 2935 1598 2980 ut
1627 2927 1959 2982 voluntatem

369 3038 391 3063 α
426 3014 526 3070 Dei
578 3014 836 3069 facientes
896 3014 1181 3085 reportetis
1258 3014 1695 3085 promissionem.
1768 3015 1961 3070 Adhuc

371 3126 392 3151 α
429 3104 573 3159 enim
620 3103 895 3158 modicum
943 3103 1485 3174 aliquantulumque,
1557 3104 1648 3174 qui
1704 3112 1963 3158 venturus

368 3215 390 3239 α
427 3200 509 3246 est
538 3191 735 3260 veniet,
768 3200 821 3246 et
850 3208 957 3246 non
987 3193 1241 3246 tardabit.
1272 3194 1459 3246 Justus
1490 3201 1667 3246 autem
1709 3209 1862 3246 meus
1895 3209 1957 3245 ex

366 3304 387 3328 ι
425 3280 531 3335 fide
580 3279 729 3335 vivit.
776 3280 933 3347 Quod
984 3280 1030 3333 si
1074 3281 1402 3335 subtraxerit
1433 3297 1519 3347 se,
1569 3297 1678 3335 non
1727 3280 1963 3351 placebit

369 3390 391 3419 ι
426 3369 622 3424 animai
650 3384 805 3424 meai.
838 3370 951 3423 Nos
998 3377 1176 3423 autem
1211 3386 1318 3424 non
1368 3371 1534 3423 simus
1578 3369 1962 3425 subtractionis

371 3479 393 3508 α
430 3454 525 3512 filii
570 3458 624 3511 in
672 3457 1068 3528 perditionem,
1117 3459 1213 3513 sed
1263 3458 1385 3513 fidei
1434 3459 1489 3512 in
1545 3458 1959 3529 acquisitionem

370 3569 392 3593 α
426 3546 640 3602 animae.
673 3572 695 3595 ››

1006 3628 1325 3672 EXPOSITIO.

434 3726 679 3780 Christus
704 3725 828 3780 ideo
858 3725 1072 3779 oblatus
1101 3732 1181 3778 est
1212 3724 1281 3777 ad
1313 3722 1677 3777 exhaurienda
1710 3731 1954 3793 peccata,

364 3813 491 3884 quia
520 3814 607 3868 lex
654 3830 763 3867 non
812 3820 987 3883 potest
1034 3812 1215 3867 facere
1247 3811 1549 3881 perfectos,
1601 3812 1805 3867 scilicet
1852 3827 1959 3865 non

364 3901 651 3956 exhaurire
696 3908 939 3971 peccata.
994 3902 1061 3954 Et
1090 3914 1259 3970 quare
1306 3900 1392 3953 lex
1441 3916 1546 3954 non
1580 3899 1751 3969 possit
1780 3900 1959 3955 facere

361 3989 633 4060 perfectos
677 3988 983 4059 praemittit,
1034 3989 1223 4043 dicens
1257 4005 1268 4042 :
1303 3990 1419 4043 Lex
1453 3989 1660 4044 habens
1704 3990 1958 4044 umbram

360 4082 692 4150 futurorum
721 4079 991 4132 bonorum
1011 4120 1024 4141 ,
1072 4076 1126 4130 id
1160 4084 1241 4131 est
1272 4076 1458 4131 futurae
1480 4077 1703 4145 justitiae
1733 4078 1786 4130 in
1817 4094 1955 4147 prae-

362 4167 501 4221 senti
530 4166 798 4231 Ecclesia,
861 4174 911 4220 et
960 4166 1276 4220 salvationis
1324 4166 1376 4219 in
1409 4165 1597 4220 futura.
1634 4168 1711 4220 Ita
1751 4166 1955 4221 habens

361 4256 609 4310 umbram
632 4256 777 4326 quod
795 4271 898 4310 nec
916 4256 1099 4326 ipsam
1120 4256 1427 4324 imaginem
1450 4272 1660 4321 rerum,
1688 4256 1830 4326 quod
1853 4271 1953 4309 nec

1988 2978 2035 3039 Ο

2074 362 2369 415 ostendens
2397 362 2868 433 imperfectionem
2899 364 3151 422 sacrificii
3181 367 3353 435 illius,
3401 386 3501 440 per
3531 373 3675 443 quod

2074 450 2115 503 si
2141 449 2467 518 justificatus
2499 461 2673 518 esset,
2726 454 2930 509 frustra
2958 464 3113 510 vetus
3144 464 3426 527 peceatum
3459 461 3673 531 recapi-

2072 538 2288 593 tularet.
2324 539 2483 607 Quod
2512 540 2585 595 ita
2612 541 2685 594 ait
2711 560 2723 595 :
2749 543 3032 615 Alioquin,
3056 544 3110 598 id
3136 553 3220 599 est
3241 546 3287 599 si
3318 548 3509 602 hostiae
3531 547 3670 621 legis

2070 626 2341 697 perfectos
2376 628 2647 697 facerent,
2690 631 2878 700 procul
2909 632 3075 687 dubio
3114 640 3428 690 cessassent
3454 636 3557 691 illa:
3581 637 3673 693 ho-

2070 716 2196 770 stiae
2224 732 2324 785 pro
2354 717 2640 786 praeteritis
2670 720 2929 789 peccatis.
2963 721 3201 793 Ideoque
3234 723 3470 779 cultores
3502 727 3671 781 sacri-
3703 750 3712 757 -

2072 802 2316 858 ficiorum
2348 805 2514 860 semel
2544 806 2818 861 immolata
2852 809 3045 875 hostia,
3082 812 3345 877 mundati,
3373 829 3487 868 non.
3511 816 3667 869 ultra

2072 892 2341 948 haberent
2372 893 2539 947 ullam
2569 898 2978 951 conscientiam
3010 899 3269 967 praeteriti
3287 902 3527 971 peccati.
3549 902 3674 957 Ces-

2072 988 2283 1035 sassent
2314 982 2530 1052 quidem
2563 982 2778 1050 offerre,
2832 984 2929 1039 sed
2976 986 3168 1041 hostia
3226 1004 3328 1057 pro
3383 990 3671 1058 praeteritis

2071 1084 2179 1122 non
2217 1079 2498 1123 cessarent
2535 1070 2723 1124 offerri
2776 1090 2787 1124 :
2840 1075 2901 1127 in
2952 1075 3087 1143 ipsis
3133 1076 3276 1128 enim
3334 1076 3526 1132 hostiis
3568 1094 3669 1148 pro

2071 1157 2381 1211 recentibus
2412 1158 2585 1228 culpis
2613 1176 2714 1231 per
2733 1161 2985 1231 singulos
3007 1179 3186 1217 annos
3208 1163 3406 1218 oblatis
3432 1167 3505 1219 sit
3529 1183 3670 1221 com-

2071 1248 2403 1301 memoratio
2432 1247 2829 1317 prazteritorum
2856 1255 3214 1319 peccatorum
3235 1293 3248 1318 ,
3284 1252 3451 1324 igitur
3478 1255 3669 1309 hostire

2070 1333 2175 1387 illae
2203 1334 2473 1403 perfectos
2502 1335 2683 1391 facere
2714 1352 2821 1390 non
2852 1346 3096 1407 possunt.
3147 1341 3214 1394 Et
3244 1356 3471 1396 necesse
3501 1352 3581 1397 est
3613 1351 3669 1398 ut

2069 1438 2169 1492 per
2198 1422 2445 1493 singulos
2488 1422 2581 1477 ﬁat
2614 1428 3057 1482 commemoratio
3089 1430 3503 1498 praeteritorum,
3535 1432 3667 1503 quia

2069 1511 2409 1582 impossibile
2441 1517 2523 1567 est
2555 1515 2776 1582 auferri
2816 1520 3051 1586 peccata
3081 1519 3356 1587 sanguine
3380 1518 3667 1575 hircorum

1992 1626 2044 1685 B
2072 1603 2127 1653 et
2183 1604 2493 1655 taurorum.
2548 1601 2675 1655 Ideo
2707 1602 2833 1673 quia
2877 1619 2976 1672 per
3033 1605 3351 1675 sanguinem
3383 1614 3666 1661 taurorum

2073 1697 2123 1743 et
2152 1688 2427 1743 hircorum
2496 1688 2699 1744 auferri
2760 1700 3003 1761 nequeut
3040 1702 3264 1762 peccata
3306 1712 3319 1747 :
3371 1701 3667 1767 propterea

2067 1778 2390 1848 ingrediens
2408 1779 2705 1843 mundum,
2724 1779 2775 1831 id
2798 1788 2881 1832 est
2900 1780 3168 1850 Propheta
3191 1781 3455 1837 inducens
3474 1784 3664 1838 Filium

2069 1865 2167 1919 Dei
2197 1866 2458 1919 mundum
2488 1866 2884 1936 ingredientem
2933 1884 3029 1938 per
3057 1870 3483 1939 assumptiouem
3534 1888 3663 1926 car-

2070 1953 2179 2022 nis,
2214 1953 2341 2008 dicit
2388 1954 2444 2006 in
2494 1970 2627 2009 voce
2657 1953 2749 2008 filii
2780 1956 2846 2009 ad
2878 1963 3105 2025 patrem.
3141 1957 3186 2012 Ο
3217 1958 3446 2013 Domine
3482 1960 3658 2028 Pater,

2070 2050 2123 2095 tu
2143 2044 2381 2097 noluisti
2402 2044 2646 2097 hostiam
2668 2048 2721 2097 et
2746 2045 3089 2099 oblationem
3109 2047 3406 2100 secundum
3431 2047 3664 2118 legalem

2068 2130 2436 2185 traditionem.
2492 2131 2707 2184 Hostias
2738 2132 2807 2185 de
2838 2132 3182 2199 animalibus,
3234 2135 3564 2189 oblationem
3597 2136 3664 2191 de

2067 2218 2296 2287 panibus
2328 2227 2378 2271 et
2423 2219 2723 2272 luminariis
2751 2220 2897 2275 dicit.
2935 2221 3028 2274 Illa
3058 2222 3275 2291 quidem
3306 2222 3526 2277 noluisti
3571 2226 3664 2280 sed

2068 2308 2311 2377 optasti,
2365 2306 2419 2360 id
2468 2315 2547 2361 est
2598 2316 2784 2377 aptare
2816 2308 2946 2362 mihi
2979 2310 3194 2363 voluisti
3240 2328 3470 2382 corpus,
3512 2320 3565 2366 ut
3596 2313 3664 2368 de

2068 2410 2297 2464 corpore
2325 2411 2444 2449 meo
2467 2396 2637 2449 hostia
2671 2396 2765 2449 tibi
2809 2395 2961 2451 fieret
2981 2397 3345 2467 beneplacens
3367 2408 3417 2454 et
3439 2401 3660 2455 munda.

2069 2484 2273 2553 Corpus
2305 2483 2502 2536 Christi
2536 2492 2719 2553 aptum
2752 2483 2919 2539 fuisse
2949 2485 3165 2551 dicitur,
3192 2486 3314 2556 quia
3346 2495 3397 2541 et
3427 2488 3663 2544 immune

2067 2589 2096 2624 a
2128 2580 2366 2641 peccato,
2418 2580 2469 2624 et
2517 2572 2809 2641 passibile,
2862 2582 2913 2626 et
2963 2574 3189 2629 mortale
3222 2573 3334 2628 fuit.
3370 2576 3485 2629 Nisi
3518 2576 3664 2631 enim

2070 2660 2185 2713 sine
2216 2668 2439 2729 peccato
2471 2669 2634 2725 esset,
2670 2660 2846 2715 hostia
2876 2662 3080 2715 munda
3125 2678 3245 2717 esse
3294 2679 3402 2717 non
3443 2673 3655 2734 posset.

2068 2748 2123 2802 Si
2168 2755 2345 2801 autem
2399 2748 2733 2818 impassibile
2782 2758 2835 2803 et
2867 2749 3170 2805 immortale
3202 2749 3385 2815 fieret,
3434 2761 3665 2807 mortem

2067 2851 2174 2889 non
2225 2836 2563 2901 destrueret,
2616 2853 2781 2907 quam
2810 2837 3133 2891 immortalis
3163 2848 3394 2893 mortem
3444 2850 3664 2912 gustare

2068 2940 2175 2978 non
2223 2933 2427 2994 posset.
2487 2925 2595 2980 Sed
2644 2927 2767 2996 quia
2817 2935 2865 2980 et
2911 2925 3167 2981 immunis
3223 2943 3257 2982 a
3308 2937 3553 2998 peccato,
3614 2938 3667 2985 et

2069 3012 2421 3083 impassibilis
2442 3056 2455 3083 ,
2506 3022 2558 3068 et
2588 3014 2907 3069 immortalis
2938 3015 3064 3081 fuit,
3116 3016 3239 3070 ideo
3279 3032 3517 3089 congrue
3547 3018 3621 3071 ait
3650 3035 3663 3072 :

2066 3102 2275 3171 Corpus
2304 3102 2500 3172 aptasti
2531 3102 2680 3168 mihi,
2710 3103 2943 3157 hostiam
2974 3112 3027 3158 et
3048 3103 3373 3159 oblationem
3407 3105 3621 3159 noluisti
3649 3125 3663 3173 ;

2066 3192 2552 3246 holocaustomata
2583 3194 2787 3259 etiam,
2824 3193 2876 3247 id
2909 3201 2991 3247 est
3020 3192 3346 3248 sacrificium
3376 3202 3545 3249 totum
3576 3195 3662 3248 in-

2064 3296 2307 3346 censum,
2342 3288 2395 3335 et
2415 3297 2514 3351 pro
2530 3286 2783 3351 peccato,
2819 3281 2873 3335 id
2904 3291 2983 3335 est
3010 3282 3185 3336 hostia
3214 3300 3334 3353 qua:
3365 3283 3663 3338 vocabatur

2064 3377 2345 3437 peccatum
2368 3369 2450 3423 vel
2477 3385 2577 3439 pro
2600 3378 2840 3439 peccato.
2868 3370 3015 3437 llaec,
3043 3370 3280 3441 inquam,
3306 3387 3419 3425 non
3433 3373 3666 3442 placue-

2063 3461 2203 3511 runt
2235 3452 2352 3523 tibi,
2379 3465 2430 3511 et
2471 3461 2610 3512 tunc
2641 3467 2928 3528 postquam
2951 3458 3059 3512 vidi
3095 3459 3199 3513 hoc
3232 3458 3522 3528 displicere
3546 3460 3659 3525 tibi,

2062 3554 2119 3597 ut
2149 3546 2347 3599 munda
2377 3554 2427 3599 et
2459 3546 2680 3616 placens
2712 3546 2887 3601 hostia
2920 3545 3204 3601 offerretur
3233 3547 3365 3613 tibi;
3417 3549 3573 3613 dixi,
3606 3549 3661 3602 id

2063 3643 2144 3688 est
2172 3634 2471 3689 deliberavi
2500 3635 2644 3704 apud
2679 3650 2765 3687 me
2794 3636 2896 3689 hoc
2924 3650 2935 3687 :
2961 3637 3097 3691 Ecce
3142 3643 3446 3705 opportune
3480 3639 3659 3703 venio,

2063 3723 2189 3793 quia
2219 3740 2361 3777 nunc
2392 3723 2700 3792 reprobatis
2732 3722 2837 3776 illis
2866 3722 3159 3794 legabilus,
3194 3724 3369 3779 hostia
3400 3740 3540 3780 nova
3570 3740 3663 3780 ero

2063 3819 2114 3863 et
2145 3811 2511 3881 beneplacens
2548 3813 2681 3865 Deo.

2134 3900 2303 3953 Venio
2334 3900 2523 3954 adhoc
2555 3905 2617 3954 ut
2638 3901 2852 3969 faciam
2882 3901 3236 3957 voluntatem
3269 3904 3447 3966 tuam,
3484 3900 3533 3954 id
3579 3909 3662 3955 est

2062 3996 2115 4042 ut
2148 4004 2243 4058 pro
2295 3989 2456 4042 modo
2510 3987 2796 4042 voluntatis
2855 3996 2959 4042 tuae
3011 3987 3239 4043 offeram
3273 3988 3368 4041 tibi
3397 3989 3663 4058 meipsum

2062 4076 2385 4131 sacrificium
2417 4092 2614 4130 novum
2636 4117 2650 4140 ,
2698 4075 2751 4128 in
2785 4076 3008 4130 odorem
3042 4076 3339 4131 suavitatis.
3394 4076 3549 4145 Quod
3593 4077 3665 4131 ita

2061 4173 2374 4220 construere
2395 4165 2689 4219 debeamus
2716 4179 2726 4217 :
2756 4164 2925 4219 Venio
2950 4172 3003 4217 ut
3026 4164 3238 4227 faciam,
3260 4163 3499 4220 39S
3518 4165 3662 4219 idem

2060 4254 2219 4309 docet
2277 4253 2330 4306 in
2388 4253 2786 4324 sequentibus:
2824 4253 3042 4308 Faciam
3092 4252 3421 4307 voluntatem
3472 4260 3661 4319 tuam;

362 4344 523 4397 habet
574 4344 627 4397 in
661 4361 720 4397 se
750 4343 987 4414 aliquam
1040 4351 1253 4413 partem
1302 4343 1561 4397 veritatis.
1596 4346 1783 4413 Imago
1816 4343 1958 4397 enim
1984 4335 2034 4393 D
2068 4342 2145 4396 sic
2177 4341 2319 4395 enim
2350 4343 2623 4411 scriptum
2655 4346 2741 4395 est
2780 4341 2846 4395 de
2877 4358 2966 4395 me
2998 4342 3059 4395 in
3091 4343 3276 4412 capite
3320 4342 3467 4395 libri.
3501 4340 3667 4395 Liber

363 4432 554 4487 saltem
583 4430 786 4503 figuras
817 4432 1187 4485 membrorum
1218 4431 1463 4502 singulas
1484 4432 1736 4497 ostendit,
1772 4432 1961 4485 umbra

361 4528 539 4575 autem
568 4518 793 4574 confuse
825 4519 1006 4574 omnia
1035 4520 1369 4575 commiscet.
1415 4521 1543 4589 Lex,
1579 4521 1822 4591 inquam,
1857 4521 1959 4573 ha-

362 4608 497 4663 bens
553 4608 804 4661 umbram
854 4608 1061 4662 eisdem
1128 4608 1260 4679 ipsis
1320 4608 1508 4662 hostiis
1567 4625 1684 4679 quae
1747 4624 1965 4677 semper

360 4696 525 4765 idem,
550 4696 604 4751 id
634 4704 717 4751 est
748 4696 1064 4767 imperfecte
1096 4706 1270 4763 erant,
1305 4714 1442 4769 quas
1476 4697 1687 4752 hostias
1716 4697 1963 4766 oﬂcrunt

360 4803 462 4859 per
491 4787 741 4856 singulos
771 4802 971 4852 annos,
1025 4794 1075 4841 et
1108 4787 1208 4841 hoc
1238 4787 1645 4851 indesinenter,
1680 4785 1733 4838 id
1765 4792 1847 4838 est
1878 4784 1962 4839 vel

360 4875 591 4946 singulis
620 4874 919 4940 mensibus,
956 4874 1040 4928 vel
1072 4874 1300 4947 singulis
1331 4873 1789 4927 hebdomadibus.
1833 4874 1960 4937 Lex,

361 4963 603 5033 inquam,
629 4963 833 5018 eisdem
865 4963 1055 5017 hostiis
1087 4962 1244 5016 toties
1267 4961 1527 5032 repetitis,
1554 4978 1844 5032 nunquam
1872 4976 1962 5033 po-

364 5055 475 5107 test
523 5055 711 5122 ]acere
741 5053 1023 5123 por/cetos
1069 5049 1398 5105 accedentes
1429 5049 1500 5104 ad
1540 5066 1625 5104 se.
1667 5048 1823 5117 Quod
1855 5065 1961 5103 non

360 5138 523 5194 faciat
552 5138 827 5210 perfectos
858 5142 1052 5211 probat
1082 5155 1181 5210 per
1212 5139 1335 5203 hoc,
1360 5138 1485 5208 quia
1517 5138 1563 5192 si
1583 5138 1746 5193 modo
1770 5138 1962 5194 immo-

360 5228 565 5283 lassent
589 5244 686 5298 pro
716 5228 899 5300 aliquo
941 5235 1186 5298 peccato,
1223 5234 1271 5281 et
1314 5228 1614 5282 secundum
1648 5226 1826 5298 legem
1860 5228 1963 5282 ab-

362 5317 725 5383 solverentur,
758 5317 827 5371 ab
880 5315 971 5369 illo
1007 5331 1019 5369 :
1055 5332 1098 5368 sx
1148 5315 1341 5369 iterum
1396 5324 1706 5385 pecearent,
1765 5323 1816 5370 et
1865 5332 1962 5385 pro

363 5420 505 5462 novo
534 5412 761 5477 peccato
791 5404 983 5459 iterum
1026 5402 1388 5471 immolarent,
1421 5402 1653 5460 faciebat
1702 5403 1963 5461 sacerdos

2066 4431 2259 4485 dicitur
2306 4430 2551 4483 Christus
2599 4430 2798 4494 homo,
2850 4429 2942 4499 qui
2990 4428 3042 4482 in
3094 4429 3399 4499 exemplum
3442 4429 3665 4497 justitize

2064 4518 2341 4589 expositus
2372 4527 2454 4572 est
2502 4518 2771 4572 omnibus.
2810 4518 2977 4586 Caput
3010 4517 3134 4571 libri
3182 4518 3380 4572 dicitur
3412 4516 3665 4572 divinitas

2064 4607 2309 4660 habitans
2343 4606 2395 4658 in
2425 4606 2663 4670 Christo,
2713 4605 2853 4675 quod
2888 4606 3028 4676 regit
3060 4622 3182 4659 eum
3243 4606 3296 4659 in
3354 4606 3501 4660 omni
3532 4622 3664 4676 per-

2062 4695 2314 4750 fectione.
2378 4694 2475 4749 Vel
2535 4694 2589 4747 in
2626 4695 2802 4764 capite
2833 4693 2993 4759 libri,
3052 4693 3109 4748 id
3163 4708 3244 4748 est
3305 4693 3359 4747 in
3396 4694 3664 4764 principio

2065 4783 2295 4839 Genesis
2337 4783 2421 4837 vel
2473 4783 2714 4837 Psalterii
2758 4782 3016 4852 scriptum
3056 4790 3138 4837 est
3175 4782 3229 4835 in
3275 4782 3399 4854 lege
3447 4780 3665 4836 Domini

2064 4873 2313 4927 voluntas
2363 4872 2509 4941 ejus,
2563 4880 2666 4926 etc.
2717 4870 3005 4924 Praemissa
3054 4871 3345 4926 auctoritas
3388 4871 3663 4941 quomodo

2062 4961 2415 5033 intelligenda
2463 4960 2567 5026 sit,
2622 4960 2818 5014 Paulus
2867 4959 3125 5029 exponit,
3185 4959 3257 5012 ita
3306 4960 3568 5029 Propheta
3608 4959 3664 5012 in

2063 5066 2195 5106 voce
2228 5049 2377 5116 Filii,
2429 5048 2617 5104 dicens
2649 5048 2897 5117 superius
2927 5048 2994 5102 ad
3026 5056 3334 5118 respectum
3362 5046 3661 5117 superioris

2061 5138 2244 5210 partis,
2276 5138 2351 5191 ait
2379 5138 2659 5209 superius.
2712 5136 2941 5201 Dicens,
2976 5136 3230 5207 inquam,
3266 5136 3388 5203 hoc,
3424 5135 3575 5207 quia,
3608 5134 3661 5186 id

2062 5236 2144 5283 est
2174 5227 2337 5298 quod,
2376 5234 2430 5280 tu
2463 5228 2635 5294 Pater,
2660 5227 2900 5280 noluisti
2921 5226 3232 5281 oblationes
3255 5229 3311 5279 et
3336 5224 3660 5279 holocausta

2062 5321 2116 5373 et
2144 5333 2248 5387 pro
2267 5319 2497 5387 peccato
2524 5358 2535 5380 ,
2586 5314 2639 5367 id
2672 5323 2753 5369 est
2778 5330 2887 5369 non
2905 5313 3219 5385 postulasti
3248 5314 3364 5366 haec
3398 5311 3467 5365 ab
3497 5310 3574 5364 eis
3606 5318 3664 5364 ut

2063 5406 2252 5462 fierent
2302 5404 2419 5471 tibi,
2469 5418 2570 5458 nec
2601 5402 2797 5474 (etiam
2828 5402 2874 5456 si
2909 5401 3112 5457 faciunt
3143 5399 3365 5471 injussi)
3398 5414 3506 5455 non
3536 5406 3662 5453 sunt
