3966 6050
303 275 408 328 545

903 275 1285 332 EXPOSITIO
1344 277 1417 331 IN
1471 275 1851 332 EPISTOLAS
1909 278 2130 334 PAULI.
2164 308 2232 320 —-
2263 279 2338 333 IN
2391 277 2618 333 EPIST.
2681 278 2776 332 AD
2833 277 2994 332 HEB.

3496 278 3599 332 546

305 396 504 468 placita
533 397 649 453 tibi.
683 397 903 454 Diceret
945 399 1139 471 aliquis
1188 400 1418 455 fortasse
1452 416 1464 455 :
1490 403 1618 456 Ideo
1647 417 1753 455 non
1785 401 1906 471 pla-
1928 404 1983 462 A
2014 401 2140 468 lem,
2176 403 2473 457 adhortans
2499 417 2593 457 eos
2617 401 2669 456 in
2700 401 2892 472 primis
2921 408 2977 455 ut
3005 415 3142 471 puro
3173 399 3340 456 corde
3369 399 3602 470 integri-

303 495 448 551 cent,
471 487 596 558 quia
623 503 732 541 non
763 486 897 541 ﬁunt
928 489 1304 544 ordinabiliter
1347 490 1643 546 secundum
1697 491 1900 561 legem.

309 574 391 628 Ad
423 575 528 629 hoc
557 577 952 629 removendum
984 576 1058 630 ait
1095 592 1106 630 :
1142 578 1261 632 Non
1299 583 1434 633 sunt
1462 581 1677 650 placita
1713 582 1810 635 tibi
1841 596 1906 634 ea

306 679 429 733 quae
453 663 776 732 offeruntur
819 665 1129 719 secundum
1163 667 1358 736 legem,
1393 666 1448 720 id
1488 676 1569 721 est
1615 669 1740 722 licet
1774 666 1906 722 ﬁant

308 751 608 806 secundum
640 750 778 822 legis
809 751 1194 807 institutionem
1218 761 1347 814 tunc
1391 756 1699 824 reprobatis
1747 756 1906 827 lega-

309 836 452 892 libus
484 839 674 893 hostiis
703 839 813 893 dixi
848 855 859 892 :
893 841 1035 895 Ecce
1067 841 1225 896 venio
1255 849 1310 894 ut
1344 840 1542 898 faciam
1573 844 1907 898 voluntatem

308 935 478 991 tuam,
512 943 545 980 ο
577 928 742 990 Deus,
776 928 912 993 haec,
965 928 1208 1000 inquam,
1244 930 1452 984 dicens.
1484 933 1542 984 In
1593 933 1675 985 his
1724 933 1907 986 verbis

308 1018 504 1084 aufert
531 1017 782 1086 primum
815 1021 1245 1087 testamentum,
1283 1019 1351 1071 ita
1384 1024 1446 1073 ut
1477 1024 1722 1089 statuat,
1743 1020 1796 1074 id
1828 1030 1911 1074 est

303 1111 576 1173 perpetuo
598 1098 902 1157 durandum
945 1105 1182 1159 stabiliat
1224 1122 1479 1178 sequens,
1513 1109 1724 1162 Novum
1757 1109 1908 1163 scili-

304 1199 390 1245 cet
421 1191 844 1261 Testamentum,
890 1193 954 1247 in
995 1211 1102 1265 qua
1142 1195 1454 1261 voluntate,
1482 1195 1534 1248 id
1573 1205 1653 1250 est
1702 1196 1756 1250 in
1804 1211 1910 1267 quo

302 1280 460 1334 Novo
489 1281 835 1336 Testamento
867 1298 931 1335 ex
979 1282 1257 1336 voluntate
1316 1283 1417 1337 Dei
1467 1285 1776 1348 constituto,
1810 1301 1911 1339 nos

306 1385 505 1423 sumus
538 1369 905 1436 sanctiﬁcati,
940 1370 1209 1440 positione
1256 1371 1513 1425 virtutum
1544 1381 1666 1442 post
1715 1389 1911 1427 emun-

305 1456 583 1511 dationem
616 1457 901 1512 malorum.
923 1457 1251 1513 Sanctiﬁcati
1284 1459 1428 1527 dico,
1450 1477 1552 1530 per
1569 1461 1912 1518 oblationem

310 1546 523 1600 Christi
551 1547 714 1610 Jesu,
764 1545 820 1600 id
850 1554 931 1600 est
962 1563 1063 1616 per
1093 1562 1292 1617 corpus
1324 1547 1519 1602 Christi
1552 1549 1793 1604 oblatum
1822 1567 1912 1605 se—

305 1635 440 1702 mel,
477 1633 530 1686 in
580 1649 688 1704 qua
719 1634 889 1688 semel
919 1633 1060 1690 facta
1092 1635 1364 1690 oblatione
1397 1635 1675 1692 sufﬁciens
1714 1638 1812 1692 fuit
1846 1639 1913 1692 ad

310 1721 696 1792 purgationem
737 1721 978 1776 omnium
1049 1724 1410 1778 macularum.

384 1808 698 1879 Opponeret
729 1810 926 1881 aliquis
960 1828 971 1865 :
1010 1811 1347 1866 Sacriﬁcium
1376 1812 1648 1883 pontiﬁcis
1680 1815 1804 1869 ideo
1835 1815 1913 1868 in-

311 1895 586 1951 sufﬁciens
609 1906 744 1966 erat,
770 1898 897 1969 quia
940 1899 1110 1953 semel
1154 1907 1358 1954 tantum
1407 1902 1460 1954 in
1518 1918 1661 1956 anno
1711 1901 1907 1968 ﬁebat;

221 2041 228 2045 ,
311 1985 410 2040 sed
459 1985 773 2056 quotidiana
816 1987 1084 2042 sacriﬁcia
1135 1989 1432 2058 proderant
1477 1991 1545 2044 ad
1619 1991 1914 2046 auferenda

309 2083 556 2144 peccata.
592 2074 675 2128 Ad
733 2075 838 2130 hoc
882 2077 1275 2130 removendum
1314 2077 1388 2130 ait
1425 2096 1437 2131 ε
1473 2078 1616 2133 Sicut
1677 2079 1916 2148 pontifex

313 2162 484 2217 semel
529 2161 672 2217 facto
719 2163 987 2219 sacriﬁcio
1026 2163 1242 2219 auferre
1273 2175 1495 2235 peccata
1547 2183 1655 2221 non
1685 2175 1914 2237 poterat,

313 2251 393 2305 sic
425 2251 589 2305 etiam
629 2253 807 2306 omnis
855 2252 1078 2323 quidem
1127 2253 1323 2326 legalis
1382 2255 1644 2309 sacerdos
1673 2257 1923 2328 quotidie

313 2340 656 2396 ministrans
699 2345 905 2412 praesto
936 2345 1019 2395 est
1045 2356 1056 2395 :
1092 2350 1144 2395 et
1173 2341 1290 2412 ipse
1321 2358 1470 2413 saepe
1511 2344 1810 2413 repetendo
1841 2361 1924 2398 re-

312 2426 498 2482 ferens
522 2428 745 2482 easdem
777 2429 986 2483 hostias
1003 2429 1121 2483 heri
1149 2429 1381 2491 hircum,
1407 2431 1565 2485 hodie
1593 2431 1786 2486 iterum
1819 2432 1926 2486 hir-

320 2532 463 2581 cum,
500 2516 624 2588 quia
657 2518 794 2572 sicut
837 2533 947 2572 non
995 2518 1130 2584 heri,
1163 2518 1240 2573 sic
1289 2535 1390 2574 nec
1435 2520 1596 2574 hodie
1627 2521 1920 2590 proderat;

317 2602 576 2674 offerens,
638 2605 904 2677 inquam,
957 2607 1181 2660 easdem
1259 2607 1479 2673 hostias,
1535 2625 1654 2679 quae
1734 2609 1924 2663 hostiae

321 2709 600 2764 nunquam
647 2703 874 2765 possunt
923 2693 1139 2749 auferre
1195 2704 1442 2766 peccata.
1522 2696 1766 2752 Pontifex
1828 2714 1922 2752 seu

315 2782 550 2853 quilibet
585 2783 842 2838 sacerdos
883 2782 1078 2853 legalis
1127 2792 1380 2853 repetens
1410 2785 1633 2851 hostias,
1695 2795 1923 2856 peccata

317 2871 504 2940 nequit
551 2871 764 2926 auferre
792 2915 804 2937 ,
837 2873 935 2926 sed
994 2872 1080 2927 hic
1125 2872 1365 2942 pontifex
1411 2873 1654 2928 Christus
1685 2875 1924 2945 offerens

323 2958 566 3014 hostiam
596 2975 704 3014 non
734 2960 1034 3030 repetitam,
1063 2961 1158 3016 sed
1196 2977 1372 3016 unam
1397 2962 1572 3017 solam
1600 2980 1701 3035 pro
1733 2980 1928 3034 pecea-

319 3047 393 3101 tis
424 3047 683 3115 omnium,
716 3049 888 3114 sedet,
927 3047 981 3102 id
1012 3055 1093 3103 est
1123 3049 1354 3119 quiescit
1389 3057 1443 3103 et
1471 3058 1667 3123 regnat
1716 3051 1928 3122 positus

315 3135 379 3188 in
427 3135 684 3203 dextera,
711 3136 765 3190 id
797 3145 879 3190 est
910 3137 964 3190 in
994 3115 1305 3208 aequalitate
1336 3138 1435 3193 Dei
1465 3115 1635 3209 patris
1666 3115 1921 3194 sessurus
1958 3115 2003 3175 Ο

318 3221 394 3276 ibi
422 3225 484 3278 in
518 3226 949 3296 sempiternum.
975 3226 1092 3280 Nec
1121 3242 1438 3281 reversurus
1469 3235 1525 3281 ut
1554 3227 1750 3282 iterum
1780 3227 1920 3283 offe-

321 3318 420 3376 rat,
455 3312 609 3382 quasi
641 3311 821 3366 hostia
850 3313 966 3381 ejus
1004 3313 1168 3368 fuerit
1206 3313 1555 3381 insutiiciens,
1592 3315 1690 3369 sed
1721 3316 1788 3370 de
1816 3334 1921 3372 cce-

325 3403 464 3464 tero,
516 3399 571 3454 id
601 3408 683 3454 est
714 3401 782 3455 de
811 3400 991 3456 futuro
1022 3406 1360 3474 exspectans
1391 3403 1462 3456 ibi
1493 3403 1549 3456 in
1578 3404 1800 3458 dextera
1823 3406 1923 3460 Dei

321 3487 496 3542 donec
519 3489 743 3543 inimici
764 3491 885 3560 ejus
903 3494 1196 3560 ponantur
1223 3491 1530 3546 scabeltum
1548 3493 1755 3563 pedum
1777 3495 1919 3563 ejus,

322 3576 376 3630 id
407 3584 489 3631 est
527 3575 675 3630 omni
705 3577 868 3631 modo
899 3578 1254 3646 subjectionis
1282 3578 1640 3648 subjiciantur
1671 3579 1743 3647 ei,
1776 3581 1923 3651 quod

323 3663 561 3719 futuram
584 3673 666 3719 est
693 3665 746 3719 in
771 3665 857 3719 die
899 3666 1108 3734 judicii.
1174 3665 1423 3721 Offerens
1468 3667 1699 3722 hostiam
1740 3685 1919 3734 unam,

325 3753 451 3808 ideo
480 3769 664 3818 unam,
687 3755 818 3826 quia
841 3771 959 3808 una
985 3754 1101 3808 sola
1134 3755 1414 3811 oblatione
1435 3757 1840 3825 sanctiﬁcavit,
1874 3767 1926 3812 et

325 3843 715 3911 sanctificatos
775 3843 1031 3896 virtutum
1096 3841 1430 3912 perfectione
1487 3847 1922 3912 consummavit,

327 3945 720 4000 permansuros
739 3931 802 3984 in
831 3932 1272 4000 sempiternum.
1311 3931 1426 3986 Nos
1448 3931 1665 4003 quidem
1696 3933 1927 3988 dicimus

328 4018 602 4072 Christum
632 4033 741 4072 una
787 4018 1060 4073 oblatione
1092 4003 1461 4074 sanctiﬁcatos
1489 4037 1922 4076 consummasse.

329 4107 389 4160 In
427 4107 531 4162 hoc
590 4115 772 4161 autem
819 4111 1198 4173 contestatur,
1229 4106 1283 4161 id
1328 4115 1410 4163 est
1459 4108 1748 4164 conﬁrmat
1794 4127 1926 4177 nos;

329 4195 473 4249 idem
503 4195 789 4250 nobiscum
839 4193 1120 4250 afﬁrmans
1169 4196 1331 4250 etiam
1394 4198 1640 4268 Spiritus
1673 4203 1926 4268 sanctus,

332 4283 463 4355 quia
512 4287 808 4356 postquam
847 4283 1000 4338 dixit
1042 4283 1095 4336 in
1149 4284 1382 4338 Jeremia
1416 4302 1428 4337 :
1468 4287 1571 4340 Hoc
1619 4291 1811 4341 autem
1842 4291 1926 4342 est

333 4375 740 4426 testamentum
796 4372 940 4444 quod
993 4372 1238 4427 testabor
1266 4373 1337 4427 ad
1377 4373 1523 4440 illos,
1551 4377 1607 4428 et
1656 4373 1756 4430 hoc
1788 4375 1927 4430 dicit

2006 499 2170 545 tatem
2200 490 2325 545 ﬁdei
2349 499 2568 546 teneant
2594 510 2608 555 ;
2640 499 2690 545 et
2721 490 2767 544 si
2797 490 3071 546 incumbat
3101 489 3378 561 persequi,
3403 489 3604 544 audac-

2005 588 2089 634 ter
2149 579 2530 647 conﬁteantur,
2565 580 2865 652 gaudentes
2894 578 3006 648 pati
3057 594 3158 648 pro
3187 578 3422 644 Christo,
3441 585 3493 632 et
3523 577 3604 632 sic

2008 667 2063 721 in
2093 666 2219 733 ﬁde,
2253 676 2304 722 et
2335 667 2681 723 confessione
2721 665 2937 720 ﬁrmam
2967 683 3117 737 spem
3151 667 3407 722 habeant.
3448 666 3604 721 Unde

2009 755 2085 810 sic
2116 756 2186 810 ait
2221 775 2232 809 :
2267 755 2406 824 Quia
2434 755 2680 826 pontifex
2713 755 2958 810 Christus
2990 755 3159 809 semel
3191 753 3427 809 offerens
3458 770 3608 808 sanc-

2011 844 2172 898 tiﬁcat
2232 853 2476 909 veteres,
2535 861 2636 898 nec
2682 843 3009 914 quotidianis
3040 842 3322 898 sacriﬁciis
3363 841 3603 898 399

2009 933 2271 1004 prodesse
2301 941 2547 1002 possunt.
2603 934 2795 1004 Itaque
2823 935 3057 1003 fratres,
3093 947 3194 986 nos
3235 931 3503 987 habentes
3539 931 3606 999 ﬁ-

2010 1022 2239 1076 duciam
2264 1023 2323 1075 in
2354 1023 2621 1085 introitu,
2656 1021 2708 1074 id
2739 1029 2820 1074 est
2865 1020 2932 1074 de
2989 1020 3207 1074 introitu
3254 1025 3603 1086 sanctorum,

2013 1109 2218 1164 scilicet
2247 1109 2392 1180 quod
2427 1125 2522 1163 nos
2541 1109 2740 1164 Sancta
2763 1117 3073 1164 sanctorum
3093 1124 3220 1164 vere
3241 1108 3602 1163 introibimus.

2014 1198 2309 1261 Habentes,
2335 1198 2477 1263 dico,
2515 1196 2768 1252 ﬁduciam
2798 1198 2861 1251 in
2891 1198 3165 1268 sanguine
3189 1196 3418 1264 Christi,
3445 1213 3606 1268 quem

2013 1286 2183 1340 semel
2215 1285 2450 1340 offerens
2472 1301 2568 1355 pro
2600 1294 2784 1341 nostra
2813 1286 3194 1340 emundatione
3225 1284 3361 1340 fudit
3395 1303 3408 1339 :
3443 1302 3606 1356 quem

2013 1375 2188 1437 viam,
2223 1373 2274 1427 id
2307 1383 2388 1428 est
2418 1374 2692 1428 introitum
2734 1381 3044 1427 sanctorum
3091 1375 3242 1428 viam
3289 1373 3412 1428 dico
3440 1390 3604 1442 nova,

2014 1463 2068 1516 id
2099 1471 2179 1516 est
2238 1463 2451 1517 noviter
2507 1462 2559 1515 in
2619 1461 2834 1515 Christo
2882 1469 3176 1516 reseratam
3236 1462 3417 1530 (nemo
3445 1461 3610 1517 etiam

2017 1559 2139 1605 ante
2171 1551 2447 1605 Christum
2477 1550 2776 1604 ambulavit
2801 1550 2939 1604 banc
2970 1549 3112 1603 viam
3142 1566 3308 1622 quam
3351 1550 3609 1605 initiavit

2015 1642 2172 1694 nobis
2202 1638 2503 1706 Christ-us.)
2527 1639 2680 1692 Viam
2697 1654 2890 1692 novam
2913 1642 2968 1692 et
2991 1640 3289 1705 viventem,
3313 1637 3367 1691 id
3395 1646 3476 1692 est
3491 1654 3612 1708 per-

1941 1755 1992 1814 Β
2017 1728 2301 1782 durantem
2333 1727 2386 1780 in
2431 1735 2715 1781 aeternum.
2779 1726 3011 1780 Initiavit
3036 1726 3158 1781 dico
3201 1743 3304 1798 per
3333 1729 3609 1792 velamen,

2014 1816 2069 1870 id
2101 1825 2182 1870 est
2211 1832 2311 1886 per
2342 1814 2705 1887 signiﬁcatum
2761 1815 2906 1868 illius
2961 1814 3264 1880 velaminis,
3300 1815 3445 1887 quod
3503 1815 3609 1871 duo

2015 1903 2363 1959 tabernacula
2404 1903 2700 1969 dividebat,
2734 1902 2786 1956 id
2847 1910 2928 1957 est
2983 1919 3084 1972 per
3141 1919 3372 1958 carnem
3413 1919 3601 1958 suam.

2017 1992 2274 2046 Velamen
2307 1991 2450 2046 enim
2482 1991 2613 2044 illud
2647 1991 2790 2062 quod
2824 1991 3022 2046 Sancta
3069 1998 3379 2046 sanctorum
3422 1991 3612 2047 occul-

2019 2077 2187 2141 tabat,
2231 2089 2450 2131 carnem
2498 2075 2732 2140 Christi,
2767 2092 2888 2146 quae
2945 2076 3201 2130 deitatem
3261 2075 3364 2129 sibi
3408 2075 3614 2130 unitam

2019 2164 2252 2231 velabat,
2304 2162 2711 2235 prarﬁgurabat.
2746 2163 2924 2229 Unde,
2956 2164 3236 2234 expirante
3291 2163 3502 2218 Christo
3557 2163 3614 2218 in

2021 2268 2183 2308 cruce
2211 2252 2596 2308 consummatis
2628 2251 2899 2320 omnibus,
2921 2252 3155 2306 scissum
3179 2259 3261 2305 est
3281 2250 3462 2306 velum
3482 2259 3614 2306 tem-

2019 2341 2093 2411 pli
2127 2341 2344 2408 (Matth.
2383 2355 2544 2407 xxvr,
2579 2341 2639 2392 51
2673 2340 2872 2404 ;Mart.
2907 2355 2997 2405 xv,
3023 2343 3124 2404 38;
3157 2341 3271 2394 Luc
3304 2353 3467 2409 χχιιι,
3500 2340 3612 2409 45),

2021 2427 2338 2500 signiﬁcans
2370 2435 2615 2498 apertam
2650 2444 2772 2481 esse
2794 2428 2938 2481 viam
2969 2427 3022 2480 in
3054 2427 3264 2482 Christo
3293 2427 3528 2482 intrandi
3559 2427 3615 2481 in

2024 2518 2220 2572 Sancta
2249 2524 2588 2571 sanctorum.
2616 2516 2714 2570 Vel
2742 2516 2812 2569 ita
2841 2515 3064 2571 initiavit
3122 2515 3280 2570 nobis
3327 2515 3471 2570 viam
3517 2532 3617 2586 per

2022 2605 2290 2670 velamen,
2322 2605 2377 2659 id
2407 2612 2489 2659 est
2519 2621 2618 2674 per
2648 2620 2867 2659 carnem
2907 2619 3084 2670 suam,
3127 2604 3278 2672 cujus
3309 2619 3533 2660 carnem
3563 2611 3616 2659 et

2023 2693 2344 2764 sanguinem
2365 2692 2420 2746 in
2446 2707 2672 2748 accessu
2703 2692 2891 2748 mortis
2921 2692 3219 2763 accipimus
3261 2691 3518 2748 viaticum
3547 2691 3614 2747 ad

2023 2783 2272 2853 patriam.

2096 2871 2327 2926 Carnem
2361 2869 2483 2926 dico
2505 2878 2558 2925 et
2585 2869 2909 2940 sanguinem
2955 2869 3137 2940 specie
3175 2868 3333 2941 panis
3362 2868 3615 2924 velatam.

2025 2959 2256 3014 Initiavit
2295 2959 2452 3014 nobis
2484 2975 2584 3030 per
2611 2974 2830 3014 carnem
2862 2974 3034 3025 suam,
3069 2966 3120 3013 et
3148 2974 3249 3029 per
3277 2974 3336 3013 se
3364 2959 3621 3016 sacerdo-

2029 3052 2142 3103 tem
2173 3047 2412 3119 quotidie
2443 3048 2656 3102 Patrem
2686 3062 2786 3117 pro
2826 3046 2984 3101 nobis
3019 3046 3473 3117 interpellantem.
3513 3046 3617 3101 Sa-

2022 3137 2300 3191 cerdotem
2327 3135 2450 3190 dico
2469 3151 2738 3205 magnum
2760 3134 2827 3188 ad
2847 3135 3312 3206 comparationem
3332 3133 3615 3206 legalium.

2024 3225 2280 3296 Magnum
2309 3224 2434 3278 dico
2464 3225 2844 3278 constitutum
2867 3239 3036 3294 super
3055 3225 3289 3279 Domum
3308 3225 3425 3288 Dei,
3453 3223 3506 3277 id
3537 3231 3622 3278 est

2024 3319 2351 3382 praesentem
2411 3318 2464 3366 et
2505 3311 2742 3364 futuram
2802 3310 3125 3366 Ecclesiam.
3183 3312 3318 3378 Nos,
3374 3311 3615 3383 inquam,

2023 3399 2241 3468 fratres,
2273 3399 2537 3453 habentes
2581 3399 2744 3453 talem
2773 3397 3025 3454 ﬁduciam
3067 3401 3418 3466 accedamus,
3452 3400 3508 3454 id
3538 3407 3622 3455 est

2025 3488 2463 3559 approximemus
2493 3486 2562 3541 ad
2615 3486 2906 3542 Dominum
2935 3503 3066 3542 cum
3087 3503 3212 3542 vero
3239 3488 3422 3552 corde,
3453 3488 3508 3541 id
3538 3495 3624 3542 est

2025 3593 2146 3633 cum
2196 3583 2348 3631 recta
2379 3574 2736 3646 intelligentia
2766 3575 2828 3629 in
2861 3575 3221 3646 plenitudine
3251 3575 3410 3643 fidei,
3434 3574 3488 3629 id
3537 3583 3622 3630 est

2026 3665 2292 3720 habentes
2326 3663 2507 3727 ﬁdem,
2547 3679 2657 3718 non
2689 3663 2756 3717 de
2789 3663 3114 3734 quibusdam
3149 3670 3372 3732 tantum,
3424 3662 3521 3718 sed
3553 3663 3622 3718 de

2026 3751 2278 3808 omnibus
2309 3751 2599 3807 credendis
2627 3751 2948 3821 plenariam.
2983 3751 3345 3821 Accedamus,
3377 3750 3619 3822 inquam,

2027 3843 2246 3913 aspersi
2266 3841 2451 3905 corda,
2486 3840 2541 3894 id
2572 3847 2654 3894 est
2691 3840 2958 3894 habentes
3003 3839 3263 3893 mundata
3291 3839 3482 3908 corda,
3513 3854 3624 3894 non

2028 3925 2202 3979 solum
2232 3941 2262 3978 a
2279 3931 2524 3995 peccato,
2542 3923 2638 3978 sed
2661 3922 2825 3978 etiam
2845 3941 2880 3978 a
2900 3923 3057 3977 mala
3077 3924 3450 3988 conscientia,
3476 3922 3623 3993 quod

2029 4029 2131 4069 nec
2183 4012 2472 4081 cujuslibet
2524 4011 2649 4065 mali
2708 4011 3041 4067 conscientia
3089 4026 3192 4066 nos
3250 4011 3538 4077 mordeat;
3569 4015 3626 4066 et

2028 4102 2211 4158 abluti
2239 4117 2440 4173 corpus
2470 4116 2615 4172 aqua
2646 4100 2882 4166 munda,
2916 4099 2973 4154 id
3000 4106 3082 4154 est
3138 4099 3402 4154 habentes
3430 4097 3625 4169 puriﬁ-

2030 4198 2204 4245 catam
2243 4204 2464 4245 carnem
2513 4187 2780 4258 baptismo
2836 4187 3133 4242 mundante
3160 4203 3280 4253 nos,
3333 4191 3626 4244 teneamus

2029 4294 2197 4348 opere
2210 4285 2261 4332 et
2281 4277 2443 4332 corde
2461 4277 2873 4347 confessionem
2897 4295 2915 4342 ;
2947 4275 3090 4347 quod
3114 4275 3159 4329 si
3179 4275 3439 4347 ingruant
3458 4275 3621 4344 mala,

2031 4366 2157 4421 inde
2189 4381 2296 4420 non
2329 4365 2681 4420 formidamus
2711 4364 2836 4419 ideo
2865 4363 3110 4419 confiteri
3156 4363 3451 4418 Christum.
3483 4364 3626 4419 Con-

335 4460 606 4514 Dominus
637 4479 654 4514 :
681 4465 809 4531 post
838 4460 955 4515 dies
978 4461 1106 4515 illos
1137 4461 1272 4516 dabo
1307 4462 1452 4532 leges
1479 4477 1633 4515 meas
1662 4465 1725 4517 in
1757 4463 1928 4518 cordi-
1947 4469 2000 4528 D
2030 4455 2326 4511 fessionem
2355 4453 2477 4508 dico
2511 4452 2992 4518 indeclinabilem.
3035 4452 3179 4523 quod
3207 4467 3312 4507 nec
3340 4452 3394 4505 in
3434 4452 3627 4508 dexte-

339 4548 436 4603 bus
467 4564 683 4613 eorum,
717 4552 773 4603 et
802 4550 1215 4620 superscribam
1246 4565 1340 4604 eas
1372 4550 1436 4603 in
1476 4554 1667 4604 monte
1716 4567 1929 4606 eorum.

336 4636 631 4707 Postquam
664 4637 766 4692 hoc
806 4636 956 4705 dixit,
1017 4637 1258 4706 adjunx'it
1316 4637 1548 4708 Spiritus
1586 4646 1801 4694 sanctus
1835 4657 1848 4693 :
1883 4647 1935 4694 et

329 4723 443 4792 jam
474 4725 722 4795 amplius
745 4742 861 4782 non
895 4723 1227 4780 recordabar
1251 4729 1640 4798 peccatorum,
1675 4727 1934 4798 iniquita-

338 4820 451 4867 tum
480 4827 694 4868 eorum.
732 4813 792 4866 In
835 4812 920 4866 his
963 4819 1143 4870 autem
1173 4813 1353 4868 verbis
1393 4822 1727 4869 contestatur
1758 4815 1934 4886 Spiri-

335 4907 420 4955 tus
450 4909 670 4956 sanctus
695 4917 859 4956 unam
889 4901 1216 4956 oblationem
1267 4917 1680 4958 consummasse
1729 4904 1936 4959 sancti-

273 4977 281 4990 ’
336 4988 521 5044 ﬁcatos
554 5007 566 5043 :
603 4989 727 5060 quia
757 4990 854 5045 ubi
875 4994 959 5046 est
977 4995 1339 5062 peccatorum
1361 4993 1638 5058 remissio,
1665 4993 1793 5063 jam
1820 5009 1937 5048 non

341 5083 422 5132 est
445 5078 764 5133 necessaria
792 5078 999 5133 oblatio
1027 5096 1130 5150 pro
1157 5082 1409 5150 peccato.

409 5167 700 5236 Postquam
760 5182 856 5236 per
915 5165 1250 5237 pontiﬁcium
1308 5167 1547 5236 Christi,
1606 5167 1939 5225 sufﬁcienter

340 5261 497 5308 vetus
527 5253 864 5324 pontiﬁcium
911 5255 1196 5323 destruxit,
1231 5262 1284 5309 et
1339 5263 1518 5310 vetera
1549 5255 1815 5312 sacriﬁcia
1848 5273 1938 5312 re-

337 5342 587 5411 probata,
621 5350 673 5396 et
704 5341 758 5395 in
791 5341 1056 5398 sacriﬁcio
1095 5342 1296 5398 Christi
1351 5343 1522 5398 semel
1579 5343 1782 5411 oblato,
1815 5361 1938 5399 om-

337 5445 462 5484 nem
517 5428 962 5498 justiﬁcationem
1019 5431 1319 5486 consistere
1378 5430 1670 5502 perhibuit,
1734 5432 1940 5488 faciens

342 5515 510 5574 ﬁnem
539 5518 608 5574 de
638 5517 968 5588 hujusmodi,
1003 5519 1197 5576 transit
1223 5520 1293 5577 ad
1322 5519 1735 5577 instructionem
1763 5537 1943 5578 mora-

2033 4561 2146 4598 ram
2192 4543 2561 4609 declinemus,
2598 4556 2700 4596 nec
2736 4541 2806 4595 ad
2836 4540 3133 4607 sinistram,
3186 4557 3306 4612 quae
3354 4539 3628 4596 confessio

2034 4641 2116 4688 est
2137 4647 2307 4689 causa
2328 4636 2539 4686 nostra:
2561 4631 2697 4702 spei.
2725 4629 2780 4684 Si
2802 4629 2946 4684 enim
2978 4627 3142 4683 ﬁdem
3174 4628 3372 4684 Christi
3402 4628 3458 4682 in
3489 4643 3628 4685 con-

2034 4729 2223 4793 spectu
2245 4727 2654 4791 persecutorum
2685 4733 2795 4772 non
2825 4717 3164 4771 timuerimus
3201 4714 3468 4784 conﬁteri,
3504 4723 3629 4772 tunc

2034 4827 2136 4880 pro
2158 4817 2310 4864 certo
2330 4824 2554 4880 sperare
2576 4822 2866 4879 possumus
2886 4805 3122 4860 futuram
3152 4803 3386 4875 gloriam
3407 4804 3629 4860 sanctis.

2036 4899 2254 4954 Diceret
2284 4897 2374 4952 ille
2410 4913 2422 4952 :
2458 4896 2594 4966 Quis
2627 4894 2830 4963 tandiu,
2865 4901 2918 4948 et
2939 4902 3085 4948 tanta
3114 4892 3414 4959 tolerando,
3445 4899 3636 4963 posset

2036 5001 2254 5058 sperare
2279 5001 2397 5040 rem
2444 4985 2672 5040 fortasse
2726 4998 3000 5053 nunquam
3039 4980 3386 5036 habendam?
3413 4980 3498 5036 Ad
3525 4980 3634 5036 hoc

2037 5074 2234 5128 Paulus
2268 5091 2281 5127 :
2314 5073 2370 5127 Si
2402 5073 2661 5128 audacter
2689 5069 3042 5134 conﬁtemini,
3076 5069 3224 5126 salva
3268 5084 3395 5141 spes
3425 5076 3511 5125 est
3536 5082 3634 5125 vo-

2038 5163 2141 5233 bis,
2164 5163 2296 5234 quia
2327 5163 2472 5216 Deus
2503 5164 2587 5216 est
2619 5160 2804 5229 ﬁdelis
2831 5167 2884 5214 et
2914 5157 3130 5213 mentiri
3170 5173 3278 5214 non
3307 5165 3506 5229 potest,
3539 5159 3636 5230 qui

2037 5251 2361 5324 repromisit
2393 5248 2774 5305 conﬁtentibus
2812 5263 2872 5302 se
2919 5247 3060 5303 bona
3089 5263 3209 5318 qua:
3237 5246 3486 5318 speratis.
3520 5246 3633 5302 Te-

2040 5357 2266 5396 neamus
2295 5338 2706 5398 confessionem,
2726 5341 2784 5392 et
2829 5337 3248 5392 consideremus
3285 5336 3545 5401 invicem,
3575 5333 3635 5388 id

2041 5438 2122 5485 est
2151 5429 2286 5484 alter
2315 5429 2564 5492 alterum,
2598 5441 2706 5480 non
2736 5424 2791 5479 in
2833 5424 3006 5496 litigio
3046 5432 3100 5479 et
3127 5422 3458 5479 detractione
3491 5439 3504 5476 :
3535 5421 3635 5478 sed

2040 5521 2103 5574 in
2109 5519 2504 5590 provocatione
2518 5515 2822 5573 charitatis
2841 5518 2900 5571 et
2918 5515 3188 5570 bonorum
3207 5525 3460 5584 operum,
3483 5509 3540 5567 id
3551 5518 3634 5568 est
