3966 6050
382 210 487 264 547

868 248 871 249 ν
916 204 973 261 8.
1014 202 1371 262 BRUNONIS
1401 204 2049 263 CARTHUSIANORUM
2093 205 2580 266 INSTITUTORIS
2621 208 2775 268 OPP.
2823 210 3003 268 PARS
3046 212 3116 267 II.

3574 214 3678 269 548

378 333 517 388 alter
544 329 794 401 exemplo
823 329 1043 385 alterius
1091 338 1418 402 provocetur
1448 331 1520 386 ad
1548 331 1893 389 dilectionem
1923 340 1977 389 et
2002 336 2059 398 Α
2078 334 2307 405 gratiam
2365 334 2558 405 attulit,
2600 335 2728 391 licet
2770 352 3062 407 peccemus
3088 379 3100 403 ,
3132 352 3242 391 non
3299 342 3513 400 tantum
3567 352 3679 392 non

382 421 455 477 ad
474 421 613 475 bene
635 418 991 490 operandum.

448 511 583 575 Nos,
617 508 760 572 dico,
785 524 899 563 non
923 508 1241 564 deserentes
1270 509 1662 565 collectionem
1692 513 1970 573 nostram,

381 598 437 653 id
457 606 538 653 est
568 596 1053 669 congregationem
1100 596 1382 663 Ecclesiae,
1416 597 1613 653 timore
1668 597 1979 671 urgentium

381 694 793 759 persecutorum
823 685 1018 750 territi,
1052 687 1200 740 sicut
1220 690 1304 741 est
1319 687 1748 743 consuetudinis
1763 686 1983 759 quibus-

379 776 531 842 dam,
562 783 615 830 ut
651 796 673 821 ‹‹
709 774 779 830 ad
809 781 1022 844 tempus
1043 774 1281 841 credant,
1317 782 1369 829 et
1399 774 1454 829 in
1502 783 1749 846 tempore
1795 781 1978 829 tenta-

378 865 541 920 tionis
596 863 858 919 recedant
911 862 1067 933 (Luc.
1102 878 1223 929 vm,
1278 864 1385 933 i3).
1425 883 1447 913 ι
1480 864 1605 918 Νοιι
1635 863 1973 928 deserentes,

377 954 472 1009 sed
500 954 854 1009 consolantes
877 950 1255 1007 collectionem
1275 951 1571 1018 Ecclesiae;
1607 955 1766 1008 tanto
1797 953 1978 1023 magis

376 1041 693 1097 laborantes
724 1039 780 1093 in
810 1040 933 1106 hoc,
968 1045 1178 1113 quanto
1210 1042 1459 1112 amplius
1489 1040 1746 1095 videritis
1775 1054 1977 1111 appro-

377 1134 753 1204 pinquantem
774 1129 920 1184 diem
957 1129 1176 1183 mortis.
1217 1129 1315 1185 Vel
1344 1129 1420 1182 ita
1473 1144 1834 1199 provocemus
1863 1126 1975 1182 fra-

374 1228 484 1276 tres
514 1219 583 1274 ad
610 1218 954 1285 charitatem,
986 1233 1096 1273 non
1127 1219 1443 1273 deserentes
1473 1217 1848 1273 collectionem
1869 1232 1975 1271 no-

377 1316 569 1374 stram,
604 1307 659 1362 id
690 1315 773 1362 est
805 1307 849 1360 si
888 1306 1235 1377 peccaverint
1273 1304 1468 1361 fratres
1494 1349 1506 1372 ,
1565 1321 1673 1359 non
1722 1305 1846 1360 ideo
1876 1322 1975 1359 su-

372 1397 544 1469 perbe
576 1395 925 1467 indignantes
956 1410 1270 1465 separemur
1307 1394 1377 1448 ab
1407 1393 1505 1463 eis,
1545 1392 1683 1448 sicut
1713 1401 1795 1448 est
1836 1408 1974 1448 con-

375 1484 677 1541 suetudinis
707 1482 1063 1554 quibusdam,
1091 1490 1148 1537 ut
1184 1482 1390 1537 labenti
1428 1480 1577 1536 fratri
1609 1481 1975 1553 dedignentur

376 1572 647 1643 compati;
680 1570 777 1625 sed
807 1570 1155 1626 consolantes
1201 1578 1441 1626 nostram
1483 1569 1887 1634 collectionem,
1921 1576 1975 1624 et

2082 423 2377 490 damnabit,
2415 425 2513 479 sed
2543 424 2864 498 indulgebit.
2899 426 2983 480 Ad
3011 427 3115 481 hoc
3137 425 3680 481 removendumPau-

2082 511 2167 566 lus
2199 512 2391 583 probat
2419 513 2692 568 Christum
2724 530 2847 569 esse
2870 515 3131 583 judicem,
3163 530 3266 570 nec
3324 522 3550 585 propter
3577 513 3681 569 mi-

2082 600 2435 656 sericordiam
2465 602 2774 658 deseruisse
2798 602 3083 671 judicium,
3119 602 3307 658 dicens
3341 619 3353 658 :
3389 603 3531 659 Vere
3550 619 3678 658 con-

2082 690 2304 745 culcans
2335 689 2527 745 Filium
2575 690 2694 757 Dei,
2743 690 3017 747 deteriora
3071 691 3322 762 patietur.
3384 692 3491 747 Nos
3524 693 3677 747 enim

2079 780 2288 834 scimus
2321 794 2445 833 eum
2474 780 2569 852 qui
2608 780 2763 835 dixit
2808 780 2915 835 hoc
2943 780 2999 834 in
3027 779 3455 835 Deuteronomio
3484 779 3673 851 (Deut.

2078 881 2256 935 χχχιι,
2291 868 2383 939 35)
2422 883 2434 922 :
2468 868 2603 923 Mihi
2635 876 2913 925 reservate
2956 868 3289 936 vindictam,
3323 868 3369 923 si
3395 868 3677 939 proximus

2077 962 2287 1025 peccat,
2323 971 2448 1011 mea
2501 964 2584 1011 est
2617 955 2749 1012 ultio
2805 956 2860 1010 in
2911 956 3236 1027 proximum,
3271 960 3327 1012 et
3381 972 3477 1029 ego
3508 957 3679 1011 retri-

2078 1042 2245 1099 buam
2275 1046 2376 1111 eis,
2426 1044 2482 1099 in
2514 1051 2759 1115 tempore
2812 1060 2910 1115 pro
2958 1044 3121 1100 modo
3170 1044 3379 1100 delicti.
3441 1043 3598 1112 Quod
3631 1041 3677 1096 si

2074 1147 2305 1203 peccare
2333 1132 2389 1186 in
2444 1132 2753 1204 proximum
2800 1149 2911 1187 non
2948 1132 3153 1188 deserit
3180 1132 3440 1200 inultum,
3476 1138 3679 1203 quanto

2074 1220 2253 1292 magis
2300 1236 2532 1291 peccare
2580 1222 2637 1276 in
2694 1221 2974 1292 seipsum?
3003 1222 3073 1275 Et
3130 1223 3341 1277 iterum
3400 1219 3678 1290 Scriptura

2074 1308 2389 1380 approbans
2414 1309 2678 1378 judicium
2709 1310 2809 1365 Dei
2838 1310 2911 1363 ait
2946 1325 2958 1363 :
3000 1310 3141 1377 Quia
3177 1309 3460 1381 judicabit
3490 1309 3676 1364 Domi-

2078 1414 2189 1452 nus
2205 1400 2481 1469 populum
2511 1415 2700 1454 suum.
2732 1399 2805 1453 Et
2834 1398 2959 1471 quia
2988 1398 3252 1453 Dominus
3270 1397 3519 1467 judicans
3551 1396 3675 1450 red-

2073 1486 2165 1541 det
2183 1486 2475 1558 unicuique
2503 1486 2795 1543 vindictam
2846 1487 3077 1558 peccati,
3108 1486 3289 1542 videte
3318 1502 3387 1541 ne
3435 1484 3674 1557 peccetis

2072 1574 2141 1628 ait
2173 1574 2405 1645 Paulus,
2437 1575 2565 1647 quia
2601 1576 2946 1632 horrendum
2977 1579 3060 1630 est
3090 1575 3342 1631 incidere
3370 1576 3433 1630 in
3464 1589 3674 1629 manus

377 1668 523 1715 tanto
544 1659 720 1732 magis
748 1675 848 1730 per
878 1658 1316 1729 compassionem
1336 1666 1589 1715 revocate
1611 1674 1706 1713 eos
1728 1674 1759 1712 a
1789 1657 1967 1723 malis,
2002 1698 2053 1757 B
2074 1664 2173 1718 Dei
2201 1665 2444 1719 viventis
2463 1706 2477 1733 ,
2510 1663 2567 1719 id
2605 1671 2689 1719 est
2718 1680 3052 1735 quaecunque
3083 1662 3195 1719 vult
3225 1663 3487 1734 potentis.

378 1756 577 1822 quanto
605 1747 851 1804 videritis
906 1748 1431 1819 appropinquantem
1476 1748 1619 1803 diem
1662 1746 1971 1802 retributio-

375 1838 481 1892 nis.
515 1836 669 1892 Malis
715 1836 878 1902 male,
914 1836 1072 1891 bonis
1103 1836 1269 1891 bene.
1318 1836 1448 1891 Ideo
1496 1844 1775 1892 teneamus
1805 1834 1970 1890 fidem

371 1934 424 1982 et
444 1925 845 1983 confessionem
857 1940 965 1980 non
981 1925 1299 1980 deserentes
1311 1925 1686 1981 collectionem
1703 1932 1965 1980 nostram.

372 2016 502 2072 Hec
517 2014 697 2072 omnia
710 2013 972 2087 praedicta
992 2012 1116 2068 ideo
1134 2012 1411 2079 faciamus,
1427 2015 1523 2085 qui
1552 2015 1710 2069 nobis
1732 2029 1970 2085 peccan-

372 2103 519 2160 tibus
540 2104 883 2168 voluntarie,
907 2101 962 2156 id
984 2109 1067 2157 est
1112 2118 1177 2157 ex
1207 2100 1485 2157 voluntate
1516 2108 1568 2155 et
1615 2101 1837 2172 propria
1867 2101 1969 2155 de-

370 2192 693 2248 liberatione
723 2191 780 2245 in
825 2198 1053 2261 peccato
1108 2190 1471 2256 manentibus,
1500 2195 1629 2261 post
1676 2193 1969 2261 acceptam

372 2282 646 2336 notitiam
666 2280 950 2347 veritatis,
983 2278 1037 2332 id
1067 2287 1150 2333 est
1168 2286 1459 2350 postquam
1481 2277 1750 2332 Christum
1772 2278 1862 2349 qui
1886 2284 1970 2332 est

367 2368 492 2440 ipsa
547 2368 747 2424 veritas
806 2368 1184 2439 cognovimus,
1252 2366 1526 2438 fidemque
1579 2366 1965 2437 suscepimus:

364 2456 411 2512 si
441 2456 692 2513 voluntas
728 2456 997 2527 peccandi
1025 2457 1286 2527 perdurat
1322 2456 1377 2510 in
1407 2456 1583 2524 nobis,
1603 2457 1729 2526 jam
1749 2471 1866 2510 non
1887 2470 1973 2510 re-

367 2546 670 2619 linquitur,
706 2544 838 2599 nihil
868 2545 1111 2615 proderit
1139 2544 1297 2599 nobis
1319 2544 1565 2599 Christus
1595 2543 1769 2599 factus
1790 2542 1968 2598 hostia

364 2650 468 2706 pro
491 2633 729 2705 peccatis
750 2632 1016 2689 delendis.
1046 2632 1142 2688 Vel
1176 2633 1251 2688 ita
1272 2634 1387 2703 jam
1444 2650 1561 2689 non
1594 2634 1962 2704 relinquitur,

360 2722 419 2777 id
448 2729 531 2777 est
560 2737 670 2776 non
698 2728 1009 2777 reservatur
1047 2721 1331 2788 Christus;
1364 2729 1421 2775 ut
1465 2737 1566 2792 pro
1594 2721 1794 2775 iterum
1836 2735 1966 2791 pec-

362 2810 627 2877 cantibus,
661 2810 857 2864 iterum
878 2808 972 2865 ﬁat
993 2810 1177 2865 hostia
1194 2826 1296 2881 pro
1323 2812 1592 2881 peccatis.
1618 2810 1722 2865 Sed
1736 2807 1841 2864 hoc
1869 2824 1964 2863 re-

359 2899 623 2972 linquitur
650 2898 831 2963 nobis,
864 2897 1092 2965 scilicet,
1126 2898 1381 2969 quaedam
1410 2897 1657 2953 400
1691 2896 1963 2953 terribilis

362 2989 714 3061 exspectatio
736 2987 949 3058 judicii
971 2985 1133 3040 futuri
1158 3004 1171 3052 ;
1196 2994 1249 3041 et
1269 2986 1590 3057 relinquitur
1610 2986 1767 3041 nobis
1788 3002 1963 3041 temu-

2144 1752 2441 1823 Postquam
2468 1752 2711 1823 asperius
2740 1752 2993 1823 corripuit
3023 1751 3165 1817 illos,
3200 1766 3346 1807 nunc
3401 1766 3672 1806 rememo-

2072 1840 2243 1895 rando
2287 1840 2474 1910 priora
2522 1841 2663 1897 bona
2722 1840 2958 1908 illorum,
2990 1839 3265 1895 blanditur
3309 1838 3389 1894 eis
3446 1847 3504 1893 ut
3533 1854 3671 1910 quos

2073 1935 2281 1983 terrore
2303 1928 2495 1997 judicii
2526 1929 2817 1997 concussit,
2852 1928 3178 2000 quibusdam
3242 1927 3519 1983 blanditiis
3546 1926 3669 1981 alli-

2072 2016 2195 2082 ciat,
2255 2016 2443 2072 dicens
2476 2034 2490 2071 :
2521 2017 2713 2072 Videte
2779 2033 2848 2072 ne
2903 2016 3157 2071 incidatis
3188 2016 3243 2071 in
3296 2032 3489 2071 manus
3544 2015 3666 2083 Dei,

2070 2105 2168 2160 sed
2194 2106 2660 2161 rememoramini
2686 2106 2965 2178 pristinos
3008 2105 3128 2162 dies
3158 2106 3222 2160 in
3251 2105 3448 2177 quibus
3476 2119 3573 2159 vos
3603 2104 3670 2159 il-

2074 2194 2348 2248 luminati
2374 2209 2471 2263 per
2500 2192 2685 2260 tidem,
2710 2194 2892 2248 statim
2921 2201 3145 2265 accepta
3173 2192 3278 2248 ﬁde
3308 2193 3668 2249 sustinuistis

2069 2298 2340 2352 magnum
2388 2285 2678 2337 certamen
2724 2281 3295 2353 passionum;multa
3351 2280 3495 2336 enim
3536 2287 3664 2334 tunc

2066 2368 2216 2439 passi
2244 2368 2375 2423 estis
2404 2385 2437 2423 a
2466 2369 2865 2425 contribulibus
2896 2370 3112 2426 vestris.
3161 2367 3502 2425 Sustinuistis
3549 2367 3660 2421 uti-

2070 2474 2173 2528 que
2202 2458 2507 2528 passiones,
2533 2463 2589 2514 et
2620 2458 2764 2513 enim
2792 2459 2855 2514 in
2885 2460 3086 2526 altero,
3112 2458 3167 2513 id
3197 2465 3279 2512 est
3307 2458 3364 2511 in
3384 2472 3489 2511 una
3508 2463 3663 2526 parte

2070 2546 2290 2616 quidem
2318 2548 2465 2617 facti
2495 2547 2626 2602 estis
2650 2548 3037 2618 spectaculum
3066 2546 3291 2613 mundo,
3327 2544 3660 2617 opprobriis,

2066 2634 2122 2689 id
2154 2643 2236 2689 est
2266 2643 2487 2707 propter
2514 2635 2803 2707 opprobria
2834 2639 2890 2691 et
2922 2636 3321 2691 tribulationes
3351 2634 3524 2688 illatas
3557 2649 3660 2688 vo-

2066 2724 2170 2779 bis.
2199 2723 2263 2778 ln
2299 2726 2481 2779 altero
2511 2728 2723 2793 autem,
2757 2723 2812 2778 id
2841 2731 2924 2778 est
2951 2740 3017 2778 ex
3049 2739 3157 2778 una
3185 2731 3340 2793 parte
3369 2721 3555 2792 effecti
3585 2738 3663 2777 es-

2069 2815 2144 2869 tis
2203 2813 2345 2869 socii
2387 2814 2847 2868 conversantium
2903 2811 3111 2880 taliter,
3144 2812 3282 2867 sicut
3338 2826 3461 2876 nos,
3494 2809 3550 2863 id
3579 2816 3661 2864 est

2064 2902 2303 2957 omnium
2324 2900 2539 2956 illorum
2570 2900 2661 2972 qui
2678 2901 2733 2955 in
2753 2900 3021 2974 religione
3044 2899 3171 2955 fidei
3193 2898 3661 2955 conversabantur

2063 2990 2365 3046 vobiscum.
2406 2991 2545 3045 Vere
2575 2989 2729 3045 socii.
2788 2991 2931 3045 Nam
2958 2994 3017 3045 et
3044 3004 3143 3046 vos
3191 2989 3465 3060 compassi
3520 2989 3658 3043 estis

362 3079 522 3144 latio,
555 3076 611 3131 id
639 3084 722 3132 est
750 3075 955 3131 invidia
984 3076 1155 3146 ignis,
1189 3091 1309 3146 quae
1355 3075 1630 3132 aemulatio
1658 3056 2028 3146 consump-C
2058 3081 2288 3148 vinctis,
2306 3078 2660 3133 ministrando
2681 3077 2825 3134 eisin
2847 3078 3074 3134 vinculis
3086 3056 3401 3133 necessaria
3412 3076 3479 3131 de
3500 3075 3658 3130 bonis

363 3172 498 3223 tura
528 3170 612 3222 est
640 3166 990 3222 adversarios
1039 3163 1307 3219 veritatis.

432 3255 633 3310 Probat
688 3269 721 3308 a
756 3251 949 3321 majori
1005 3252 1312 3323 puniendos
1368 3268 1492 3308 esse
1562 3262 1857 3324 peccantes
1902 3257 1954 3311 in

360 3343 657 3412 Christum,
691 3341 878 3398 dicens
913 3357 925 3394 :
962 3341 1102 3396 Vere
1132 3341 1225 3412 qui
1283 3341 1584 3397 voluntarie
1641 3352 1849 3413 peccat,
1900 3345 1958 3400 in

357 3432 587 3489 veritate
615 3430 886 3502 punietur.
911 3430 1054 3486 Nam
1074 3431 1281 3502 aliquis
1302 3431 1712 3501 praevaricando
1736 3434 1955 3503 faciens

360 3522 594 3577 irritam
627 3521 802 3592 legem
832 3519 1021 3591 Moysi,
1054 3535 1176 3590 quae
1208 3534 1317 3573 non
1346 3527 1465 3574 erat
1493 3518 1600 3573 nisi
1641 3520 1833 3574 umbra
1861 3537 1959 3577 ve-

358 3609 552 3678 ritatis,
602 3609 851 3673 moritur
874 3610 998 3664 sine
1028 3609 1135 3663 illa
1176 3608 1545 3663 miseratione
1574 3608 1856 3663 convictus
1886 3610 1955 3665 de

357 3705 587 3770 peccato
619 3697 720 3753 sub
750 3696 962 3752 duobus
986 3696 1074 3751 vel
1104 3696 1288 3751 tribus
1309 3695 1565 3751 testibus.
1591 3696 1659 3750 Et
1679 3696 1725 3750 si
1745 3713 1958 3767 praeva-

356 3787 536 3842 ricans
564 3786 621 3840 in
647 3785 772 3857 lege
799 3782 975 3854 Moysi
1003 3783 1260 3848 moritur,
1293 3793 1504 3855 quanto
1523 3786 1705 3854 magis
1736 3787 1955 3857 putatis

355 3890 481 3929 eum
508 3876 719 3929 mereri
760 3872 1040 3929 deteriora
1077 3872 1379 3943 supplicia,
1410 3873 1509 3943 qui
1537 3874 1957 3929 conculcaverit

353 3963 566 4017 Filium
611 3960 742 4020 Dei?
781 3960 877 4015 Ille
933 3959 1363 4015 conculcabilem
1382 3968 1435 4014 et
1464 3959 1625 4015 nimis
1682 3960 1845 4016 vilem
1871 3961 1955 4016 in-

353 4049 550 4122 telligit
578 4049 771 4105 Filium
800 4048 919 4115 Dei,
956 4048 1051 4120 qui
1088 4047 1159 4103 ad
1202 4048 1530 4103 remittenda
1572 4057 1801 4119 peccata
1829 4067 1954 4106 eum

351 4139 707 4211 impotentem
754 4138 903 4205 dicit,
955 4137 1059 4193 nisi
1099 4138 1434 4210 adjungatur
1478 4137 1863 4208 circumcisio;
1895 4145 1954 4197 et

352 4230 449 4302 qui
466 4230 719 4296 duxerit,
736 4228 791 4284 id
811 4235 894 4283 est
913 4226 1237 4283 intellexerit
1258 4229 1596 4299 sanguinem
1618 4230 1954 4286 testamenti

353 4334 478 4374 esse
509 4319 797 4391 pollutum
821 4359 834 4384 ,
868 4316 923 4371 id
952 4324 1035 4371 est
1063 4315 1388 4389 sanguinem
1418 4316 1637 4381 Christi,
1673 4333 1782 4388 quo
1815 4332 1952 4374 con-

2057 3167 2270 3236 vestris,
2297 3174 2349 3222 et
2373 3166 2669 3238 Opprobria
2689 3174 2743 3221 et
2782 3166 3160 3222 tribulationes
3189 3164 3339 3237 passi
3368 3164 3516 3219 estis.
3549 3165 3659 3218 Vos

2059 3256 2203 3311 enim
2235 3256 2563 3326 suscepistis
2593 3272 2723 3311 cum
2741 3255 2945 3326 gaudio
2966 3255 3231 3327 rapinam
3251 3254 3521 3309 bonorum
3539 3268 3659 3307 ves-

2060 3349 2300 3409 trorum,
2332 3347 2729 3413 cognoscentes
2761 3360 2853 3399 vos
2884 3343 3082 3399 habere
3113 3342 3170 3397 in
3210 3341 3364 3397 caelis
3392 3341 3657 3396 substan-

2060 3434 2201 3488 tiam
2221 3433 2533 3499 meliorem,
2558 3431 2681 3503 quia
2703 3431 3001 3502 spiritalem
3023 3436 3079 3487 et
3106 3433 3561 3503 permanentem.
3589 3429 3658 3483 Et

2058 3520 2277 3591 quando
2319 3519 2538 3591 quidem
2573 3520 2713 3574 tales
2736 3520 2791 3573 in
2814 3519 3085 3590 principio
3105 3517 3230 3573 fidei
3250 3516 3444 3585 fuistis,
3464 3518 3656 3588 itaque

2055 3610 2236 3664 nolite
2258 3608 2647 3680 degenerando
2668 3610 2933 3664 amittere
2954 3607 3358 3677 conﬁdentiam
3385 3609 3652 3674 vestram,

2055 3696 2112 3751 id
2144 3704 2227 3752 est
2256 3697 2398 3751 bona
2427 3712 2615 3767 opera,
2639 3712 2739 3767 per
2768 3713 2889 3768 quae
2905 3696 3028 3751 licet
3046 3693 3317 3752 conﬁdere
3342 3710 3354 3747 :
3388 3709 3509 3766 qua:
3526 3707 3659 3748 con-

2056 3785 2273 3840 fidentia
2295 3785 2341 3840 si
2363 3793 2699 3856 perseverat,
2724 3801 2995 3855 magnam
3018 3784 3182 3840 habet
3228 3783 3654 3839 remuneratio-

2054 3891 2206 3930 nem.
2227 3873 2482 3929 Dicerent
2502 3872 2578 3927 illi
2602 3890 2615 3927 :
2636 3870 2867 3954 Difﬁcile
2889 3880 2970 3926 est
2991 3879 3065 3927 tot
3086 3871 3429 3937 vexationes,
3461 3876 3514 3925 et
3544 3877 3655 3923 tan-

2055 3962 2147 4017 diu
2174 3962 2305 4033 pati.
2328 3962 2413 4017 Ad
2435 3963 2537 4017 hoc
2578 3961 2803 4016 Paulus:
2822 3960 3001 4015 Nolite
3043 3960 3353 4031 patientiam
3380 3958 3651 4016 amittere.

2055 4051 2155 4105 sed
2195 4058 2367 4106 estote
2412 4050 2755 4121 longanimes
2783 4049 2839 4103 in
2876 4049 3152 4120 patiendo,
3196 4048 3329 4121 quia
3367 4048 3655 4120 patientia

2052 4138 2387 4211 longanimis
2408 4143 2494 4196 est
2522 4138 2673 4195 vobis
2708 4139 3046 4207 necessaria,
3066 4141 3132 4192 ut
3148 4135 3405 4207 patiendo
3426 4137 3653 4207 facien—

2056 4231 2141 4284 tes
2154 4228 2507 4283 voluntatem
2528 4227 2646 4295 Dei,
2668 4228 2970 4299 reportetis
3002 4226 3457 4298 promissionem,
3483 4222 3539 4277 id
3570 4230 3655 4278 est

2052 4316 2385 4388 promissam
2410 4315 2662 4388 gloriam.
2688 4316 2804 4370 Nec
2843 4330 3060 4385 semper
3079 4312 3353 4384 oportebit
3371 4311 3501 4383 pati,
3520 4313 3654 4383 quia

349 4405 625 4462 ﬁrmatum
645 4413 728 4461 est
747 4411 1129 4461 testamentum
1157 4419 1379 4459 novum.
1406 4405 1740 4477 Sanguinem
1757 4405 1953 4461 Christi
1970 4411 2025 4470 D
2054 4406 2238 4461 adhuc
2289 4404 2572 4459 modicum
2599 4403 2820 4474 quidem
2856 4403 3114 4472 temporis
3135 4405 3191 4457 et
3221 4401 3653 4473 aliquantulum

348 4494 480 4552 dicit
508 4494 600 4551 ille
629 4494 910 4566 pollutum,
945 4493 1038 4565 qui
1067 4492 1123 4548 in
1152 4508 1218 4548 eo
1263 4493 1393 4548 dicit
1421 4508 1530 4549 non
1585 4509 1749 4565 posse
1793 4511 1947 4550 mun-

348 4583 467 4641 dari
495 4598 655 4640 omne
684 4582 963 4639 delictum.
998 4581 1055 4637 Si
1071 4582 1217 4637 enim
1257 4581 1505 4637 Christus
1539 4582 1741 4637 munda
1770 4583 1950 4639 hostia

348 4672 466 4739 fuit,
499 4671 661 4728 etiam
690 4671 760 4727 ab
790 4670 936 4726 omni
968 4669 1130 4741 culpa
1159 4669 1425 4726 mundare
1472 4670 1646 4740 potuit
1678 4685 1691 4724 :
1725 4671 1874 4742 quod
1902 4671 1948 4726 si

351 4760 619 4817 mundare
643 4775 755 4816 non
783 4759 974 4831 potuit,
1020 4758 1264 4831 sequitur
1291 4766 1350 4812 ut
1378 4757 1580 4829 polluta
1610 4758 1792 4814 hostia
1848 4758 1948 4815 ite-

347 4849 436 4919 rit,
468 4850 533 4904 in
560 4865 686 4921 quo,
728 4847 994 4921 sanguine
1052 4846 1449 4915 sancti/iectus
1493 4851 1579 4903 est
1636 4847 1950 4920 quicunque

345 4938 671 5009 baptizatus.
722 4936 818 4992 Ille
848 4936 1010 4991 etiam
1051 4934 1325 4991 deteriora
1352 4943 1592 4991 meretur
1622 4936 1715 5007 qui
1743 4938 1947 5008 fecerit

344 5027 754 5084 contumeliam
778 5026 1023 5097 Spiritui
1052 5028 1268 5080 sancto.
1290 5022 1395 5092 Qui
1416 5023 1635 5079 aliunde
1657 5040 1821 5096 quam
1846 5041 1947 5096 per

345 5115 603 5186 Spiritum
655 5114 786 5169 dicit
832 5120 1057 5184 peccata
1101 5110 1315 5178 remitti,
1350 5111 1404 5165 in
1460 5111 1720 5183 Spiritum
1749 5121 1945 5170 contu-

342 5203 572 5260 meliose
604 5202 735 5274 agit.
769 5202 1012 5274 Spiritui
1032 5201 1155 5257 dico
1175 5202 1394 5271 gratiae,
1422 5200 1513 5272 qui
1544 5201 1717 5274 gratis
1763 5203 1941 5268 datur,

343 5299 397 5348 et
424 5290 597 5365 gratia
633 5298 861 5362 peccata
916 5288 1156 5345 remittit.
1202 5288 1423 5343 Diceret
1460 5288 1551 5345 ille
1598 5308 1610 5344 :
1644 5290 1793 5346 Licet
1856 5290 1945 5346 lex

338 5380 516 5452 Moysi
543 5396 665 5453 quia
695 5379 818 5435 sine
845 5376 1219 5433 misericordia
1248 5384 1384 5443 erat,
1420 5376 1701 5434 damnaret
1738 5394 1945 5450 praeva-

338 5469 606 5527 ricatores
634 5484 785 5537 suos,
835 5466 1083 5525 Christus
1111 5472 1291 5522 tamen
1326 5464 1419 5538 qui
1437 5466 1870 5525 misericordiam
1890 5476 1945 5525 et

2050 4492 2342 4565 passionis,
2380 4491 2478 4546 sed
2506 4491 2627 4547 leve
2659 4498 2712 4546 et
2740 4499 3181 4546 momentaneum
3209 4497 3393 4544 restat.
3426 4490 3496 4543 Et
3526 4494 3654 4559 post

2051 4581 2158 4636 hoc
2186 4582 2374 4636 veniet
2404 4579 2559 4635 vobis
2586 4578 2678 4634 ille
2698 4581 2794 4651 qui
2822 4583 3099 4635 venturus
3125 4580 3228 4634 est.
3263 4578 3331 4631 Et
3360 4584 3650 4647 postquam

2052 4669 2279 4735 venerit,
2296 4666 2535 4724 401
2564 4684 2679 4722 non
2705 4668 2973 4735 tardabit,
3000 4667 3058 4721 id
3087 4673 3170 4721 est
3190 4681 3298 4720 non
3319 4664 3475 4720 tarde
3503 4662 3652 4718 dabit

2050 4757 2206 4813 vobis
2234 4755 2469 4830 gloriam
2527 4772 2693 4828 quam
2738 4756 3006 4827 promisit,
3038 4754 3366 4827 martyribus
3394 4768 3505 4808 non
3534 4759 3649 4806 tar-

2050 4846 2211 4900 datur
2241 4846 2440 4918 gloria,
2477 4845 2575 4901 sed
2604 4844 2785 4899 statim
2813 4844 3133 4899 exeuntibus
3155 4843 3223 4898 de
3244 4841 3447 4896 mundo
3470 4840 3649 4895 datur.

2049 4934 2145 4989 His
2174 4942 2353 4989 autem
2386 4933 2477 5004 qui
2515 4934 2570 4987 in
2598 4949 2735 5005 pace
2780 4932 3046 5003 Ecclesiae
3102 4931 3389 5003 quiescunt
3432 4928 3649 4985 tardare

2046 5022 2296 5089 videtur,
2327 5029 2623 5092 propterea
2662 5023 2791 5093 quia
2820 5022 2890 5077 de
2935 5020 3262 5093 quibusdam
3312 5034 3434 5090 quae
3462 5016 3648 5073 illicite

2047 5118 2449 5178 contraxerunt,
2484 5125 2713 5166 necesse
2739 5118 2825 5165 est
2872 5109 3023 5181 prius
3054 5106 3429 5180 pmnitentiam
3459 5121 3643 5175 agere.

2046 5198 2152 5269 Qui
2181 5207 2440 5255 venturus
2470 5206 2553 5254 est
2581 5198 2761 5255 veniet
2789 5205 2843 5253 et
2880 5214 2989 5253 non
3045 5196 3301 5265 tardabit,
3334 5202 3387 5250 et
3428 5193 3645 5249 interim

2046 5288 2177 5342 dum
2228 5286 2395 5355 venit,
2464 5303 2563 5343 vos
2616 5287 2750 5356 justi
2796 5303 2863 5343 ex
2911 5286 3019 5341 fide
3068 5285 3283 5351 vivctis,
3335 5284 3463 5355 quia
3519 5281 3653 5337 dixit

2044 5377 2195 5431 Deus
2250 5392 2351 5447 per
2406 5376 2726 5447 prOphetam
2759 5392 2773 5429 :
2806 5378 3002 5432 Justus
3062 5390 3221 5430 meus
3265 5388 3338 5429 ea:
3366 5370 3476 5441 fide
3504 5371 3645 5427 vivit

2048 5462 2272 5535 (Habac.
2306 5479 2365 5534 ιι,
2402 5462 2479 5536 4).
2509 5464 2569 5522 Si
2598 5480 2725 5522 vero
2746 5463 2931 5535 justus
2957 5461 3313 5520 subtraxerit
3340 5475 3398 5517 se
3424 5474 3459 5514 a
3512 5457 3642 5524 ﬁde,
