3966 6050
247 238 352 293 549

905 231 1286 290 EXPOSITIO
1325 232 1400 288 IN
1435 226 1818 288 EPISTOLAS
1855 225 2078 285 PAULI.
2112 261 2183 271 —
2211 231 2285 286 IN
2321 230 2546 288 EPIST.
2593 232 2687 287 AD
2727 231 2889 286 HEB.

3442 232 3548 286 550

244 378 362 417 non
390 359 635 433 placebit
673 358 912 424 animm,
946 358 1000 412 id
1029 365 1110 413 est
1141 356 1403 413 voluntati
1434 373 1592 413 mena.
1627 356 1760 412 Dico
1791 353 1835 407 si
1855 354 1913 413 Δ
1945 374 1968 404 ι
2002 355 2220 426 Moyses
2250 356 2477 427 grandis
2508 356 2700 423 factus,
2733 354 2955 427 negavit
2984 370 3043 409 se
3076 370 3199 410 esse
3221 352 3391 408 ﬁlium
3420 353 3546 410 ﬁliae

249 447 572 504 subtraxerit
604 462 682 512 se,
701 447 793 502 sed
808 463 911 502 nos
940 463 1054 503 non
1071 463 1267 502 sumus
1280 447 1392 516 ﬁlii
1419 447 1843 514 subtractionis,

244 537 376 593 ituri
404 536 482 592 sic
512 537 574 591 in
604 535 998 607 perditionem,
1035 536 1131 591 sed
1160 551 1347 589 sumus
1362 534 1496 603 ﬁdei
1523 536 1586 589 in
1600 536 1847 607 acquisi-

250 628 481 691 tionem,
504 625 557 679 id
588 631 671 679 est
701 624 772 679 ad
809 626 913 679 hoc
940 631 997 679 ut
1024 640 1125 695 per
1154 622 1317 679 ﬁdem
1367 623 1714 695 aequiramus
1753 638 1847 678 sa-

249 714 416 769 lutem
452 715 661 769 animo:
689 720 908 768 nostrae.
1465 709 1470 712 ’

851 801 1077 857 CAPUT
1104 801 1207 855 XI.

325 914 347 939 ιι
380 892 478 946 Est
506 897 685 945 autem
716 887 854 944 ﬁdes
884 888 1279 959 sperandarum
1311 889 1842 958 substantiarerum,

253 1002 275 1027 ιι
312 987 691 1052 argumentum
719 994 829 1033 non
855 977 1255 1049 apparentium.
1290 979 1350 1031 1n
1379 979 1484 1034 hac
1516 980 1659 1033 enim
1691 979 1847 1034 testi-

252 1090 275 1115 α
309 1068 551 1123 monium
579 1066 858 1123 consecuti
904 1073 1030 1121 sunt
1075 1082 1255 1121 senes.
1306 1065 1439 1121 Fide
1494 1067 1847 1138 intelligimus

251 1179 273 1204 ιι
310 1165 493 1228 aptata
522 1171 646 1211 esse
676 1156 879 1211 saecula
907 1155 1076 1211 verbo
1104 1154 1224 1224 Dei,
1254 1161 1312 1209 ut
1359 1169 1431 1209 ex
1485 1155 1847 1211 invisibilibus

248 1268 271 1294 ιι
308 1245 543 1301 visibilia
602 1243 814 1300 ﬁerent.
868 1244 997 1299 Fide
1055 1242 1347 1313 plurimam
1413 1244 1645 1298 hostiam
1712 1244 1850 1299 Abel

252 1356 274 1380 α
310 1349 470 1405 quam
502 1333 635 1389 Cain
682 1333 875 1389 obtulit
917 1333 1053 1397 Deo,
1106 1348 1207 1403 per
1262 1347 1425 1403 quam
1484 1333 1848 1388 testimonium

249 1444 271 1469 α
308 1430 633 1479 consecutus
664 1430 747 1477 est
775 1437 899 1476 esse
920 1422 1119 1490 justus,
1140 1420 1508 1476 testimonium
1529 1422 1849 1492 perhibente

248 1534 270 1559 α
306 1510 629 1566 muneribus
661 1511 777 1580 ejus
796 1510 943 1576 Deo;
977 1517 1028 1563 et
1053 1525 1152 1580 per
1177 1509 1326 1563 illam
1357 1509 1643 1566 defunctus
1672 1511 1847 1566 adhuc

251 1622 273 1647 ε
311 1599 569 1671 loquitur.
604 1598 736 1653 Fide
770 1598 995 1654 Henoch
1044 1597 1338 1652 translatus
1381 1606 1480 1664 est,
1532 1615 1601 1653 ne
1640 1600 1848 1654 videret

1953 464 1975 493 α
2011 444 2331 508 Pharaonis,
2364 446 2544 518 magis
2575 444 2787 517 eligens
2818 443 2985 517 aﬁligi
3040 459 3164 500 cum
3211 443 3413 514 populo
3443 443 3545 498 Dei

1952 556 1973 581 α
2012 550 2175 604 quam
2232 534 2550 605 temporalis
2616 534 2826 604 peccati
2884 533 3086 587 habere
3134 531 3542 601 jucunditatem,

1952 645 1973 669 α
2009 624 2246 691 majores
2276 623 2492 678 divitias
2535 623 2812 678 aestimans
2841 623 3096 676 thesauro
3145 620 3540 693 IEgyptiorum,

1953 734 1974 758 ιι
2011 711 2403 782 imprOperium
2451 711 2668 766 Christi.
2706 710 3019 781 Aspiciebat
3049 709 3193 765 enim
3215 709 3271 763 in
3299 724 3549 765 remune-

1953 822 1974 847 α
2009 800 2291 855 rationem.
2354 800 2484 855 Fide
2540 800 2755 871 reliquit
2811 800 3120 870 IEgyptum,
3181 814 3291 853 non
3336 798 3543 853 veritus

1949 912 1970 937 α
2008 889 2401 944 animositatem
2431 889 2598 961 regis.
2630 888 2961 943 Invisibilem
2993 888 3138 942 enim
3166 895 3423 958 tanquam
3453 888 3539 943 vi-

1949 1000 1971 1023 α
2005 978 2142 1032 dens
2159 977 2432 1031 sustinuit.
2458 978 2589 1033 Fide
2631 976 2926 1032 celebravit
2949 977 3173 1041 Pascha,
3226 984 3277 1031 et
3311 977 3539 1049 sangui-

1952 1086 1974 1116 α
2007 1065 2091 1120 nis
2113 1064 2452 1131 effusionem,
2475 1082 2543 1120 ne
2563 1065 2654 1137 qui
2677 1066 2922 1121 vastabat
2939 1063 3216 1137 [vastaret]
3238 1064 3533 1134 primitiva,

1952 1162 2253 1225 «tangeret
2306 1169 2422 1209 eos.
2490 1154 2620 1209 Fide
2661 1153 2984 1209 transierunt
3036 1168 3185 1208 mare
3264 1152 3530 1220 Rubrum,

1954 1265 1975 1289 α
2010 1250 2267 1312 tanquam
2291 1258 2391 1312 per
2420 1242 2628 1297 aridam
2657 1250 2857 1298 terram
2891 1259 2903 1295 :
2950 1242 3096 1313 quod
3129 1241 3340 1312 experti
3369 1242 3542 1314 Egy-

1951 1354 1973 1379 ‹‹
2011 1331 2067 1385 lii
2087 1331 2328 1387 devorati
2366 1338 2511 1385 sunt.
2543 1330 2805 1386 402
2829 1331 2963 1384 Fide
2992 1331 3134 1384 muri
3162 1331 3382 1386 Iericho
3411 1348 3539 1387 cor-

1952 1441 1973 1471 ‹
2010 1428 2249 1485 ruerunt,
2284 1420 2567 1475 circumitu
2583 1419 2789 1474 dierum
2812 1426 3038 1488 septem.
3074 1418 3208 1474 Fide
3240 1420 3386 1474 Raab
3417 1436 3540 1475 me-

1954 1529 1976 1559 ‹
2011 1508 2182 1563 retrix
2231 1524 2338 1563 non
2378 1508 2536 1579 periit
2590 1523 2713 1563 cum
2757 1507 3073 1571 incredulis,
3108 1507 3384 1577 excipiens
3442 1525 3542 1564 ex-

1953 1618 1975 1647 ι
2010 1598 2314 1669 ploratores
2347 1614 2470 1653 cum
2500 1613 2651 1667 pace.
2684 1597 2750 1651 Et
2782 1595 2913 1666 quid
2945 1596 3118 1651 adhuc
3146 1596 3364 1651 dicam?
3391 1596 3545 1653 Deﬁ-

252 1710 275 1736 «ι
307 1696 561 1754 mortem,
588 1694 641 1743 et
668 1702 776 1741 non
833 1686 1234 1751 inveniebatur,
1298 1686 1425 1758 quia
1471 1688 1745 1742 transtulit
1774 1689 1845 1742 il-
1865 1705 1920 1767 Β
1956 1711 1977 1736 ι»
2009 1688 2113 1743 ciet
2140 1687 2283 1741 enim
2312 1703 2401 1741 me
2431 1694 2642 1756 tempus
2673 1692 3023 1739 enarrantem
3054 1685 3121 1739 de
3165 1684 3413 1753 Gedeon,
3445 1687 3547 1742 Ba-

251 1798 275 1828 α
310 1776 422 1831 lum
451 1777 618 1831 Deus.
650 1778 789 1831 Ante
821 1775 1228 1831 translationem
1259 1774 1405 1830 enim
1443 1775 1559 1843 ejus
1602 1778 1850 1832 testimo-

251 1887 275 1912 α
311 1864 463 1919 nium
494 1864 683 1919 habuit
711 1863 981 1935 placuisse
1032 1864 1167 1918 Deo.
1202 1863 1332 1918 Sine
1372 1862 1479 1918 ﬁde
1524 1872 1703 1919 autem
1750 1866 1853 1919 im-

255 1975 277 1998 α
313 1952 577 2023 possibile
610 1958 693 2006 est
722 1952 935 2022 placere
982 1953 1117 2006 Deo.
1170 1952 1410 2006 Credere
1440 1952 1583 2006 enim
1641 1962 1852 2023 oportet

250 2060 275 2091 ι
311 2040 662 2095 accedentem
690 2040 761 2093 ad
790 2040 966 2093 Deum
984 2039 1106 2110 quia
1130 2046 1231 2105 est,
1265 2048 1319 2094 et
1346 2039 1747 2111 inquirentibus
1790 2060 1849 2097 se

248 2150 273 2174 α
309 2136 684 2183 remunerator
715 2127 801 2181 sit.
852 2127 982 2181 Fide
1034 2128 1172 2193 Noe,
1224 2143 1488 2198 responso
1525 2137 1750 2199 accepto
1781 2131 1850 2186 de

247 2238 272 2264 α
305 2216 391 2271 his
423 2233 545 2287 qua:
597 2215 774 2271 adhuc
818 2230 928 2270 non
970 2214 1311 2281 videbantur,
1357 2224 1605 2271 metuens
1648 2218 1851 2293 aptavit

248 2325 272 2351 α
308 2319 494 2360 arcam
511 2303 567 2357 in
597 2303 826 2358 salutem
856 2302 1050 2357 domus
1088 2319 1220 2369 sum,
1254 2318 1354 2372 per
1383 2320 1544 2375 quam
1575 2305 1850 2361 damnavit

250 2413 274 2439 α
308 2391 593 2457 mundum,
626 2398 679 2446 et
693 2391 933 2459 justitiae,
960 2407 1079 2462 quae
1109 2407 1209 2461 per
1239 2390 1403 2445 ﬁdem
1432 2400 1534 2461 est,
1569 2394 1745 2448 haeres
1766 2402 1850 2449 est

249 2502 273 2527 α
306 2480 578 2535 institutus
612 2478 848 2552 [factus].
882 2479 1015 2535 Fide
1045 2479 1136 2551 qui
1164 2488 1387 2535 vocatur
1416 2481 1706 2544 Abraham,
1723 2483 1848 2538 obe-

251 2591 275 2616 κ
311 2567 442 2623 divit
479 2568 534 2622 in
576 2567 758 2623 locum
806 2567 974 2637 exire,
1023 2584 1184 2639 quem
1238 2576 1561 2639 accepturus
1608 2578 1727 2625 erat
1790 2571 1846 2625 in

246 2680 271 2704 α
308 2656 697 2724 hazreditatem,
732 2663 785 2712 et
811 2656 941 2711 exiit
966 2656 1218 2712 nesciens
1266 2673 1374 2728 quo
1412 2658 1540 2713 iret.
1581 2658 1711 2714 Fide
1742 2659 1844 2714 de-

247 2769 272 2794 ι
307 2754 552 2801 moratus
596 2752 680 2800 est
722 2745 777 2799 in
807 2752 955 2799 terra
993 2745 1450 2816 repromissionis,
1501 2754 1759 2818 tanquam
1788 2748 1844 2803 in

254 2858 277 2882 ιι
312 2833 510 2902 aliena,
552 2833 609 2888 in
639 2833 835 2889 casulis
876 2834 1173 2889 habitando
1216 2849 1337 2889 cum
1386 2836 1540 2891 Isaac
1570 2844 1621 2890 et
1652 2837 1839 2904 Jacob,

247 2946 272 2971 σι
310 2922 685 2979 cohaeredibus
705 2922 1146 2993 repromissionis
1175 2923 1440 2992 ejusdem.
1475 2924 1842 2995 Exspectabat

246 3033 272 3064 ι
309 3011 453 3067 enim
482 3010 833 3066 fundamenta
868 3011 1162 3067 habentem
1219 3012 1512 3079 civitatem,
1572 3014 1726 3083 cujus
1756 3030 1845 3069 ar-

249 3120 275 3151 ι
312 3099 440 3155 tifex
472 3108 523 3157 et
552 3100 805 3156 conditor
838 3100 1003 3154 Deus.
1052 3100 1183 3155 Fide
1221 3108 1275 3154 et
1320 3101 1441 3171 ipsa
1492 3101 1622 3156 Sara
1652 3102 1849 3157 sterilis

249 3211 273 3235 α
309 3189 566 3244 virtutem
610 3188 667 3242 in
705 3187 1061 3258 conceptione
1120 3187 1344 3243 seminis
1387 3189 1615 3260 accepit,
1686 3191 1846 3245 etiam

249 3299 272 3324 α
302 3284 499 3347 praeter
526 3284 739 3348 tempus
785 3277 977 3343 aetatis,
1039 3276 1297 3347 quoniam
1345 3276 1562 3332 ﬁdelem
1618 3279 1849 3334 credidit

247 3387 272 3412 ι
309 3380 431 3420 esse
461 3380 585 3420 eum
615 3364 708 3435 qui
760 3364 1169 3436 repromiserat.
1221 3366 1445 3436 Propter
1493 3366 1639 3437 quod
1670 3358 1751 3422 ‘et
1780 3367 1848 3421 ab

246 3472 270 3504 ι
306 3469 415 3508 uno
443 3454 544 3508 orti
572 3461 728 3520 sunt;
788 3461 843 3508 et
880 3454 984 3508 hoc
1029 3460 1296 3519 emortuo,
1359 3461 1611 3525 tanquam
1667 3454 1849 3509 sidera

245 3561 269 3593 α
296 3541 422 3597 0031i
460 3541 514 3596 in
538 3542 903 3607 multitudine,
953 3550 1008 3597 et
1061 3542 1201 3598 sicut
1252 3557 1421 3597 arena
1477 3558 1598 3614 qua:
1646 3551 1729 3598 est
1780 3544 1847 3598 ad

244 3653 268 3677 ι
307 3646 461 3685 oram
489 3630 658 3685 maris
703 3630 1135 3685 innumerabilis.
1192 3631 1349 3684 Juxta
1393 3629 1557 3685 ﬁdem
1608 3631 1848 3695 defuncti

244 3740 269 3766 α
308 3726 432 3773 sunt
460 3734 650 3774 omnes
695 3718 802 3785 isti,
862 3735 973 3774 non
1019 3718 1257 3790 acceptis
1304 3719 1842 3789 repromissionibus,

244 3829 267 3853 α
306 3807 402 3862 sed
430 3806 652 3879 alonge
691 3823 784 3862 eas
813 3806 1160 3877 aspicientes,
1194 3814 1247 3862 et
1268 3806 1587 3874 salutantes,
1616 3816 1669 3863 et
1685 3808 1849 3864 conﬁ-

248 3917 271 3942 ιι
313 3902 486 3950 tentes
503 3895 630 3966 quia
658 3895 931 3968 peregrini
956 3903 1007 3951 et
1035 3896 1276 3966 hospites
1292 3904 1415 3950 sunt
1435 3913 1603 3967 super
1618 3904 1842 3952 terram.

248 4005 271 4031 α
307 3982 411 4052 Qui
435 3984 580 4039 enim
629 3984 745 4040 haec
800 3984 1005 4051 dicunt,
1058 3982 1368 4055 signiﬁcant
1397 4000 1456 4039 se
1498 3985 1730 4055 patriam
1757 3986 1847 4040 in-

248 4093 271 4118 α
308 4072 544 4144 quirere.
582 4072 712 4128 Etsi
744 4072 963 4144 quidem
994 4072 1140 4127 illius
1195 4072 1589 4138 meminissent,
1640 4074 1708 4129 de
1740 4090 1848 4145 qua

250 4180 273 4211 ι
308 4160 579 4225 exierunt,
656 4160 927 4216 habebant
988 4160 1173 4232 utique
1230 4169 1444 4232 tempus
1512 4162 1843 4217 revertendi.

249 4270 272 4295 α
307 4249 463 4304 Nunc
506 4256 686 4305 autem
715 4249 1000 4304 meliorem
1031 4257 1313 4319 appetunt,
1345 4249 1401 4304 id
1429 4257 1513 4305 est
1543 4250 1842 4306 caelestem.

248 4360 270 4383 α
307 4337 435 4392 Ideo
464 4352 573 4393 non
611 4337 961 4393 confunditur
1009 4338 1156 4392 Deus
1202 4337 1386 4393 vocari
1436 4339 1584 4394 Deus
1633 4354 1841 4395 eorum.

1871 3060 1919 3123 Ο

1957 1800 1979 1823 «ι
2010 1792 2126 1843 rae,
2180 1776 2430 1841 Samson,
2463 1774 2676 1845 Jephte,
2718 1773 2912 1838 David,
2960 1773 3196 1840 Samuel,
3231 1782 3284 1828 et
3311 1777 3544 1846 prophe-

1962 1885 1983 1917 α
2012 1865 2100 1929 tis,
2135 1864 2227 1934 qui
2257 1880 2357 1934 per
2394 1862 2557 1917 ﬁdem
2613 1862 2857 1918 vicerunt
2909 1877 3093 1932 regna,
3156 1863 3363 1933 operati
3421 1873 3545 1919 sunt

1960 1952 2270 2021 «justitiam
2328 1951 2507 2022 adepti
2563 1958 2688 2005 sunt
2741 1950 3215 2020 repromissiones,
3266 1951 3546 2008 obturave-

1959 2065 1979 2089 α
2026 2048 2149 2095 runt
2215 2056 2307 2096 ora
2354 2040 2595 2103 leonum,
2656 2038 3031 2093 exstinxerunt
3088 2038 3347 2109 impetum
3376 2040 3541 2111 ignis.

1959 2152 1981 2178 α
2015 2128 2408 2202 Eﬁ‘ugaverunt
2437 2128 2608 2183 aciem
2638 2127 2825 2198 gladii,
2873 2126 3267 2182 convaluerunt
3297 2128 3363 2183 de
3392 2129 3545 2184 inﬁr-

1960 2241 1981 2269 α
2015 2218 2218 2285 mitate,
2255 2217 2424 2273 fortes
2455 2216 2581 2271 facti
2610 2223 2733 2269 sunt
2770 2215 2824 2268 in
2858 2214 3021 2270 bello.
3051 2216 3240 2270 Castra
3269 2226 3547 2274 verterunt

1958 2330 1979 2354 α
2017 2315 2322 2361 exterorum
2354 2312 2682 2376 acceperunt
2725 2303 2984 2359 mulieres
3033 2304 3101 2359 de
3146 2306 3545 2364 resurrectione

1960 2418 1981 2442 α
2017 2403 2261 2450 mortuos
2301 2410 2447 2449 suos.
2491 2393 2595 2449 Alii
2628 2401 2807 2448 autem
2853 2392 3072 2447 distenti
3103 2402 3243 2464 sunt,
3277 2410 3385 2449 non
3416 2412 3544 2451 sus-

1959 2507 1981 2531 ‹‹
2015 2484 2277 2556 cipientes
2308 2482 2756 2553 redemptionem,
2793 2488 2852 2535 ut
2901 2481 3178 2536 meliorem
3235 2483 3544 2540 invenirent

1959 2594 1981 2620 ‹‹
2017 2572 2485 2627 resurrectionem.
2517 2570 2621 2625 Alii
2650 2586 2783 2625 vero
2830 2569 3058 2624 ludibria
3086 2578 3137 2624 et
3194 2571 3424 2627 verbera
3450 2589 3544 2628 ex-

1959 2685 1981 2711 .
2018 2661 2178 2731 perti,
2240 2660 2460 2730 insuper
2510 2666 2562 2713 et
2611 2658 2823 2714 vincula
2878 2665 2931 2713 et
2970 2673 3219 2714 carceres
3248 2702 3261 2726 ,
3321 2660 3547 2732 lapidati

1960 2772 1981 2801 ι
2017 2758 2158 2819 sunt,
2194 2749 2327 2805 secti
2369 2756 2525 2816 sunt,
2567 2747 2758 2803 tentati
2803 2754 2960 2814 sunt,
2993 2747 3047 2801 in
3078 2748 3350 2804 occisione
3378 2751 3545 2821 gladii

1960 2862 1981 2886 «ι
2016 2838 2216 2894 mortui
2273 2846 2415 2892 sunt.
2460 2836 2798 2892 Circuierunt
2844 2835 2899 2889 in
2946 2836 3181 2906 melotis,
3227 2837 3283 2891 in
3312 2839 3561 2909 pellibus

1958 2952 1980 2976 υ
2015 2927 2272 2998 caprinis,
2304 2933 2550 2998 egentes,
2610 2924 2923 2996 angustiati,
2955 2924 3153 2991 afﬂicti,
3202 2927 3400 2997 quibus
3454 2929 3544 2983 di-

1955 3039 1977 3065 ι
2013 3033 2155 3088 gnus
2183 3033 2293 3071 non
2323 3023 2437 3070 erat
2465 3014 2718 3078 mundus,
2752 3014 2805 3067 in
2836 3014 3217 3069 solitudinibus
3273 3024 3534 3087 errantes,

1953 3126 1974 3156 α
2007 3106 2063 3160 in
2092 3104 2368 3160 montibus
2398 3110 2451 3158 et
2480 3101 2773 3174 speluncis,
2807 3110 2860 3157 et
2897 3102 2953 3156 in
2982 3103 3229 3158 cavernis
3266 3111 3442 3160 terrae.
3475 3107 3546 3161 Et

1952 3212 1973 3237 α
2009 3190 2064 3243 hi
2093 3205 2302 3254 omnes,
2363 3187 2673 3243 testimonio
2703 3185 2831 3241 ﬁdei
2877 3186 3111 3257 probati,
3156 3203 3265 3243 non
3312 3204 3544 3260 accepe-

1951 3303 1973 3328 α
2009 3286 2137 3333 runt
2165 3276 2667 3347 repromissionem,
2700 3276 2816 3331 Deo
2854 3291 2953 3346 pro
2979 3276 3137 3331 nobis
3188 3276 3384 3332 melius
3439 3279 3542 3333 ali-

1951 3391 1973 3416 a
2010 3367 2140 3439 quid
2170 3365 2513 3437 providente,
2545 3372 2603 3418 ut
2630 3380 2740 3419 non
2762 3363 2877 3419 sine
2908 3364 3065 3420 nobis
3104 3381 3544 3423 consummaren-

1953 3478 1975 3507 ε
2018 3464 2127 3511 tur.
2172 3479 2194 3504 η

2634 3538 2946 3578 ΕΧΡΟΒῘΤῙΟ.

2019 3632 2161 3701 Quia
2189 3632 2257 3687 de
2286 3630 2392 3687 ﬁde
2449 3646 2757 3687 sermonem
2785 3629 3025 3700 incoapit,
3059 3629 3247 3685 dicens
3279 3648 3293 3685 :
3326 3632 3432 3689 No:
3452 3650 3547 3690 su-

1946 3739 2074 3778 mus
2100 3721 2209 3790 ﬁlii
2236 3721 2389 3790 ﬁdei,
2422 3727 2533 3776 etc.
2551 3764 2563 3786 ,
2598 3719 2877 3791 subjungit
2915 3719 3073 3790 quasi
3095 3718 3469 3776 diﬁinitionem
3492 3722 3548 3775 ﬁ-

1947 3811 2072 3877 dei;
2107 3826 2229 3881 quaa
2258 3818 2439 3865 tamen
2489 3825 2597 3864 non
2656 3816 2741 3864 est
2792 3807 3058 3874 diﬁinitio,
3094 3808 3193 3864 sed
3232 3807 3360 3864 ﬁdei
3388 3826 3544 3865 com-

1946 3899 2239 3954 mendatio.
2264 3899 2348 3953 Ad
2378 3900 2530 3969 cujus
2580 3896 2707 3952 ﬁdei
2752 3896 3286 3953 commendationem
3317 3897 3410 3953 diu
3436 3899 3544 3953 im-

1945 3988 2233 4054 morando,
2264 3987 2434 4042 multa
2463 3994 2709 4043 veterum
2741 3986 2991 4056 exempla
3020 3994 3307 4056 supponet.
3342 3988 3428 4042 Ait
3448 4004 3546 4043 au-

1947 4085 2054 4132 tem
2088 4094 2103 4131 :
2136 4076 2251 4131 Nos
2281 4092 2471 4131 sumus
2501 4074 2596 4129 ﬁlii
2641 4073 2768 4129 ﬁdei
2799 4088 2811 4128 :
2845 4075 3007 4130 Fide:
3054 4078 3249 4131 autem
3279 4080 3365 4131 est
3385 4078 3545 4133 sub:-

1950 4166 2160 4231 tantia,
2184 4164 2239 4219 id
2262 4172 2346 4220 est
2379 4163 2667 4219 existentia
2704 4170 2757 4218 et
2784 4162 3069 4235 acquisitio
3088 4178 3282 4219 rerum
3303 4181 3543 4236 speran-

1946 4254 2171 4318 darum,
2188 4252 2245 4306 id
2273 4259 2355 4308 est
2383 4252 2687 4306 futurorum
2720 4252 3010 4318 bonorum,
3046 4267 3166 4322 quae
3190 4251 3544 4323 singulariter

1947 4349 1999 4396 et
2020 4340 2295 4413 praecipue
2334 4340 2609 4411 speranda
2640 4347 2784 4394 sunt.
2844 4339 3027 4405 Fides,
3068 4339 3320 4411 inquam,
3352 4341 3434 4397 sic
3462 4349 3545 4397 est

250 4446 272 4471 α
310 4425 529 4481 Paravit
568 4426 712 4481 enim
751 4425 858 4481 illis
889 4425 1179 4481 civitatem.
1241 4426 1374 4482 Fide
1438 4427 1628 4483 obtulit
1676 4428 1843 4483 Abra-
1862 4415 1918 4478 D
1948 4430 2251 4485 substantia
2280 4428 2581 4484 futurorum
2606 4428 2894 4495 bonorum,
2920 4428 3044 4500 quia
3075 4444 3177 4485 nec
3211 4429 3328 4485 sine
3352 4428 3460 4485 ﬁde
3488 4430 3546 4485 in

246 4534 270 4564 ι
305 4514 431 4568 ham
450 4515 601 4570 Isaac
643 4531 766 4571 cum
814 4522 1129 4581 tentaretur,
1164 4522 1217 4571 et
1262 4516 1602 4587 unigenitum
1650 4515 1847 4573 offere-

246 4626 269 4651 α
308 4602 401 4658 bat
429 4602 484 4658 in
542 4619 650 4675 quo
693 4610 1014 4675 susceperat
1058 4604 1535 4675 repromissiones,
1569 4606 1637 4661 ad
1683 4622 1846 4678 quem

246 4714 271 4738 α
307 4691 511 4747 dictum
538 4699 657 4749 est:
692 4691 834 4761 Quia
877 4693 934 4747 in
964 4694 1117 4749 Isaac
1153 4693 1436 4749 vocabitur
1472 4694 1569 4749 tibi
1608 4710 1796 4750 semen
1828 4714 1843 4763 ;

244 4799 268 4831 α
303 4779 575 4835 arbitrans
618 4779 908 4853 [cogitans]
967 4781 1091 4852 quia
1140 4790 1193 4837 et
1240 4798 1269 4836 a
1309 4781 1536 4837 mortuis
1579 4783 1845 4839 suscitare

247 4889 271 4919 ε
307 4876 503 4940 potens
532 4877 615 4926 est
644 4869 812 4925 Deus.
846 4869 1002 4925 Unde
1030 4886 1152 4926 eum
1183 4878 1236 4925 et
1264 4870 1320 4924 in
1348 4870 1665 4941 parabolam
1689 4886 1847 4928 acce-

246 4978 269 5003 ε
302 4956 402 5027 pit.
434 4957 566 5013 Fide
597 4965 650 5013 et
692 4958 760 5013 de
790 4956 983 5012 futuris
1032 4958 1325 5013 benedixit.
1377 4959 1531 5015 Isaac
1549 4982 1565 5026 ,
1596 4959 1765 5015 Jacob
1794 4967 1846 5016 et

247 5064 271 5096 ι
300 5046 464 5101 Esau.
495 5045 626 5101 Fide
655 5046 823 5102 Jacob
843 5046 1084 5101 moriens
1120 5046 1367 5120 singulos
1388 5046 1621 5103 ﬁliorum
1639 5049 1843 5120 Joseph

246 5153 271 5183 ι
306 5132 601 5200 benedixit,
637 5141 689 5189 et
715 5134 967 5191 adoravit
996 5134 1271 5208 fastigium
1320 5135 1493 5209 virgae
1522 5137 1660 5205 ejus.
1711 5136 1844 5192 Fide

249 5243 271 5268 α
307 5222 513 5293 Joseph
543 5222 784 5278 moriens
814 5223 883 5278 de
912 5222 1248 5294 profectione
1274 5222 1507 5280 ﬁliorum
1536 5224 1711 5280 Israel
1735 5240 1841 5279 me-

244 5331 263 5356 ιη
303 5318 546 5365 moratus
579 5318 679 5379 est,
713 5319 766 5367 et
792 5311 861 5367 de
903 5312 1121 5368 ossibus
1177 5312 1291 5367 suis
1348 5312 1651 5367 mandavit.
1709 5312 1843 5368 Fide

244 5418 267 5448 ε
300 5398 519 5469 Moyses
562 5407 719 5455 natus
776 5399 1075 5456 occultatus
1131 5408 1216 5457 est
1268 5401 1547 5456 mensibus
1604 5401 1774 5457 tribus
1811 5418 1843 5456 a

241 5509 264 5534 α
301 5487 620 5558 parentibus
640 5489 773 5557 suis,
807 5504 872 5545 eo
903 5490 1047 5561 quod
1077 5489 1345 5546 vidissent
1402 5490 1711 5563 elegantem
1766 5490 1845 5546 in-

239 5595 265 5628 ι
298 5574 520 5647 fantem,
579 5583 634 5635 et
687 5593 798 5635 non
850 5577 1142 5636 timuerunt
1186 5577 1334 5652 regis
1389 5578 1644 5637 edictum.
1711 5579 1845 5638 Fide

1947 4519 2190 4591 quolibet
2220 4516 2541 4584 subsistunt,
2572 4532 2678 4572 nec
2710 4516 2813 4571 nisi
2834 4532 2935 4587 per
2950 4516 3115 4572 ﬁdem
3166 4518 3541 4589 acquiruntur.

1945 4608 2046 4665 Vel
2095 4608 2171 4662 ita
2225 4607 2471 4663 dicamus
2504 4624 2519 4661 :
2551 4605 2712 4661 Fides
2742 4606 2800 4660 in
2855 4606 3113 4676 praesenti
3160 4606 3343 4662 habita
3378 4615 3461 4663 est
3490 4607 3548 4663 in

1945 4694 2127 4749 futuro
2158 4692 2458 4748 substantia
2486 4707 2688 4759 rerum,
2722 4690 2777 4746 id
2808 4697 2892 4747 est
2920 4690 3191 4747 bonorum
3218 4692 3541 4748 caelestium.

1945 4781 2139 4837 Merito
2168 4780 2313 4836 enim
2341 4781 2429 4837 hic
2458 4779 2660 4835 habita;
2690 4777 2816 4834 ﬁdei
2864 4786 2992 4835 tunc
3041 4778 3343 4835 subsistunt
3400 4780 3543 4836 bona

1946 4870 2037 4926 illa
2068 4870 2123 4925 in
2153 4885 2218 4926 eo
2268 4870 2360 4942 qui
2388 4868 2551 4925 ﬁdem
2605 4869 2661 4924 in
2717 4869 2823 4925 hoc
2876 4867 3080 4923 mundo
3109 4867 3326 4936 habuit;
3357 4884 3543 4924 rerum

1947 4960 2071 5016 dico
2100 4974 2244 5016 nunc
2272 4975 2372 5030 per
2398 4956 2563 5014 ﬁdem
2610 4956 3027 5030 sperandarum.
3060 4956 3221 5012 Fides
3250 4957 3415 5013 etiam
3461 4966 3547 5014 est

1946 5052 2369 5120 argumentum,
2394 5047 2449 5102 id
2479 5053 2562 5103 est
2578 5046 2895 5119 approbatio
2917 5061 3098 5101 rerum
3118 5062 3235 5102 non
3263 5063 3545 5121 apparen-

1950 5139 2116 5204 tium,
2152 5136 2207 5191 id
2238 5144 2319 5192 est
2341 5137 2627 5205 bonorum,
2653 5152 2773 5207 qua:
2809 5134 2960 5206 (dum
2989 5133 3042 5189 in
3075 5136 3179 5191 hoc
3198 5135 3403 5193 mundo
3426 5151 3545 5192 ma-

1944 5227 2158 5295 nemus)
2181 5224 2369 5282 videre
2385 5241 2493 5280 non
2514 5240 2825 5296 possumus.
2851 5223 2907 5279 Si
2928 5223 3050 5294 quis
3070 5223 3215 5279 enim
3235 5224 3545 5281 considerat

1945 5315 2246 5382 Abraham,
2276 5314 2550 5386 quomodo
2597 5313 2789 5369 merito
2820 5311 2946 5368 ﬁdei
2992 5313 3239 5384 possedit
3286 5312 3539 5385 gloriam,

1945 5403 2089 5459 idem
2108 5403 2176 5459 de
2198 5419 2257 5458 se
2272 5411 2452 5475 potest
2462 5417 2687 5474 sperare
2704 5401 2867 5473 quod,
2885 5401 2931 5456 si
2942 5417 3044 5472 per
3062 5401 3225 5457 ﬁdem
3245 5400 3546 5455 imitabitur

1944 5492 2245 5559 Abraham,
2268 5492 2405 5548 sicut
2433 5491 2544 5558 ille,
2575 5505 2742 5563 quam
2770 5506 2882 5545 non
2908 5490 3060 5556 vidit,
3086 5506 3185 5561 per
3212 5488 3376 5545 ﬁdem
3405 5504 3542 5561 pos-

1945 5579 2144 5638 sidebit
2169 5579 2423 5653 gloriam.
2455 5580 2592 5637 Dico
2622 5578 2762 5636 ﬁdes
2791 5585 2874 5637 est
2917 5577 3217 5635 substantia
3243 5577 3546 5636 futurorum
