3966 6050
445 198 541 253 551

989 202 1045 257 S.
1086 201 1445 259 BRUNONIS
1484 201 2133 259 CARTHUSIANORUM
2170 202 2656 262 lNSTITUTORIS
2695 204 2847 264 OPP.
2907 208 3081 266 PARS
3124 208 3198 265 II.

3644 215 3749 269 552

447 324 716 383 bonorum
747 335 798 382 et
827 336 1225 401 argumentum.
1283 330 1572 399 Propterea
1601 330 1680 384 sic
1726 329 2050 385 commendo
2070 331 2125 391 A
2154 329 2285 385 Sine
2305 330 2413 399 [ide
2443 336 2636 388 autem
2657 334 2997 405 impossibile
3018 340 3102 391 est
3124 335 3359 406 aliquem
3369 336 3595 408 placere
3611 338 3739 392 Deo.

448 414 633 480 ﬁdem,
665 418 797 489 quia
828 419 891 472 in
922 418 1044 484 hac,
1082 418 1135 471 id
1165 426 1249 472 est
1269 418 1325 470 in
1342 416 1468 483 ﬁde,
1490 434 1671 484 senes,
1706 417 1761 472 id
1786 425 1867 472 est
1900 417 2045 471 anti-

448 504 670 575 quiores
699 512 887 576 patres
916 508 1208 562 consecuti
1238 511 1375 561 sunt
1407 507 1609 561 bonum
1628 508 2044 562 testimonium.

449 593 619 648 Senes
653 594 782 649 dicit
822 610 930 649 non
977 603 1150 663 aetate,
1186 596 1282 650 sed
1342 595 1602 665 temporis
1658 596 2043 666 prmeessione.

446 682 585 736 Abel
633 682 814 749 enim,
866 684 967 737 etsi
989 684 1173 752 junior
1224 684 1398 751 annis,
1445 684 1629 738 senior
1654 692 1835 738 tamen
1884 699 2047 754 quam

448 770 726 825 Abraham
753 772 1069 842 antiquitate
1100 772 1397 842 praeeuntis
1426 772 1708 842 temporis.
1731 772 1840 827 Sed
1870 787 2047 843 oppo-

448 870 605 915 neret
664 861 863 932 aliquis
898 876 909 914 :
946 861 1132 916 Fidem
1162 861 1300 916 dicis
1358 868 1742 931 argumentum
1790 877 1913 915 esse
1954 877 2047 915 re-

449 965 590 1016 rum,
624 966 745 1020 quae
776 966 884 1004 non
911 957 1193 1020 apparent.
1230 950 1339 1005 Sed
1389 950 1662 1020 quomodo
1721 948 1874 1004 credi
1911 965 2044 1019 pos-

452 1046 576 1093 sunt
605 1054 726 1109 quae
784 1038 954 1093 videri
984 1038 1302 1109 nequeunt?
1346 1039 1427 1091 Ad
1477 1039 1580 1093 hoc
1612 1037 1809 1092 Paulus
1842 1056 1854 1091 :
1890 1037 2049 1092 Fides

449 1127 633 1198 utique
688 1135 1067 1199 argumentum
1099 1134 1182 1181 est
1240 1143 1423 1181 rerum
1483 1143 1594 1181 non
1650 1126 2045 1196 apparentium.

451 1215 595 1270 Nam
623 1216 754 1284 ﬁde,
788 1215 842 1270 id
872 1223 954 1271 est
983 1232 1080 1286 per
1112 1214 1275 1269 ﬁdem
1306 1215 1686 1283 intelligimus
1705 1216 1915 1269 saecula
1942 1231 2048 1284 ap-

459 1308 604 1371 tata,
636 1304 691 1358 id
713 1314 797 1359 est
827 1313 951 1374 apte
973 1304 1197 1359 formata
1220 1320 1365 1357 esse.
1404 1306 1596 1372 Aptata
1638 1302 1762 1358 dico
1792 1304 1971 1369 verbo,
1995 1302 2049 1357 id

456 1401 539 1447 est
567 1394 701 1448 Filio
733 1393 819 1447 vel
841 1392 1067 1462 imperio
1088 1392 1208 1460 Dei,
1234 1392 1380 1463 quod
1404 1391 1547 1445 idem
1573 1398 1674 1445 est.
1707 1392 1772 1445 Et
1791 1391 1835 1445 si
1857 1391 1926 1445 de
1948 1407 2049 1446 sae-

454 1482 590 1537 culis
622 1481 919 1547 credimus,
962 1481 1108 1551 quod
1158 1496 1257 1550 per
1286 1480 1513 1534 verbum
1544 1479 1645 1533 Dei
1674 1479 1903 1533 formata
1947 1479 2052 1533 sint

456 1571 626 1640 (quod
668 1578 847 1624 tamen
875 1585 1038 1624 nemo
1095 1568 1228 1623 vidit
1252 1568 1556 1638 hominum)
1585 1568 1874 1623 credamus
1908 1567 2056 1621 simi-

2150 418 2288 473 Vere
2306 419 2423 474 sine
2440 419 2544 475 ﬁde
2557 437 2718 477 nemo
2733 423 2969 494 placebit
2984 425 3100 480 Deo
3122 444 3135 491 ;
3154 440 3279 480 nam
3293 426 3675 492 accedentem,
3691 425 3744 479 id

2148 514 2229 561 est
2260 508 2533 564 volentem
2553 512 2931 581 approximare
2952 514 3025 569 ad
3055 515 3251 581 Deum,
3276 519 3491 586 oportet
3523 515 3744 571 credere

2147 598 2279 666 quia
2310 598 2457 652 Deus
2487 615 2625 653 unus
2655 605 2762 667 est,
2803 607 2858 657 et
2902 602 3027 674 quia
3058 603 3207 658 Deus
3245 606 3321 659 sit
3350 608 3748 659 remunerator

2148 686 2571 757 inquirentibus
2599 705 2677 743 se.
2730 690 2787 744 Si
2836 692 2940 746 hoc
2971 691 3144 746 solum
3178 692 3465 747 crederent
3495 692 3744 763 gentiles,

2148 774 2294 844 quod
2328 783 2545 830 creator
2602 794 2739 831 unus
2788 787 2952 845 esset,
3012 788 3065 834 et
3113 780 3346 853 singulis
3400 797 3501 851 pro
3557 797 3743 836 eorum

2148 862 2355 917 actibus
2386 864 2723 932 retribueret,
2773 868 2905 922 satis
2940 876 3086 923 esset
3121 869 3247 923 illis.
3312 871 3422 925 Noe
3450 870 3612 925 etiam
3660 887 3747 926 ac-

2148 955 2309 1022 cepto
2339 968 2603 1023 responso
2627 955 2693 1009 de
2714 956 2801 1010 his
2820 973 2940 1027 qua:
2960 974 3074 1012 non
3102 958 3436 1013 videbantur
3464 958 3668 1024 adhuc,
3693 958 3745 1013 id

2149 1040 2329 1093 estde
2360 1039 2561 1095 diluvio
2604 1040 2801 1110 futuro,
2850 1049 3111 1100 metuens
3154 1045 3288 1099 illud
3333 1045 3596 1101 diluvium
3651 1063 3748 1116 per

2150 1125 2313 1181 ﬁdem
2335 1144 2497 1199 quam
2528 1130 2717 1184 habuit
2737 1132 2791 1185 in
2814 1134 2994 1188 verbis
3038 1134 3274 1200 Domini,
3307 1137 3527 1207 aptavit
3554 1152 3748 1191 arcam

2148 1216 2211 1269 in
2241 1217 2488 1271 salutem
2518 1218 2716 1274 domus
2748 1238 2885 1287 suae,
2919 1222 2973 1275 id
3002 1231 3085 1276 est
3122 1222 3177 1276 in
3204 1239 3311 1293 qua
3340 1223 3571 1279 salvaret
3608 1223 3749 1278 ﬁlios

2149 1319 2275 1359 suos
2310 1313 2363 1358 et
2384 1303 2538 1359 ﬁlias.
2572 1309 2680 1362 Per
2712 1326 2878 1380 quam
2899 1308 3082 1378 ﬁdem,
3136 1312 3261 1382 quia
3290 1312 3585 1366 secundum
3631 1328 3749 1367 ver-

2150 1392 2275 1446 bum
2309 1392 2409 1446 Dei
2453 1392 2688 1450 futurum
2736 1398 2968 1453 credidit
3013 1398 3294 1465 diluvium,
3347 1400 3660 1465 damnavit,
3693 1400 3749 1454 id

2149 1488 2230 1535 est
2261 1480 2624 1537 damnabilem
2646 1484 2771 1541 fecit
2799 1488 3098 1543 mundum.
3123 1489 3261 1542 Dum
3290 1488 3434 1542 enim
3479 1490 3596 1545 Noe
3625 1505 3749 1544 cre-

2148 1568 2301 1634 didit,
2352 1577 2403 1623 et
2442 1570 2692 1628 homines
2746 1575 2966 1629 stultum
3019 1592 3143 1631 esse
3199 1576 3550 1631 crediderunt
3603 1576 3750 1648 quod

450 1658 574 1713 liter
602 1675 703 1729 per
733 1657 895 1712 ﬁdem
930 1658 999 1713 de
1027 1657 1193 1712 rebus
1224 1657 1467 1711 nondum
1498 1657 1906 1727 apparentibus.
1940 1656 2052 1710 Sae-
2079 1690 2132 1750 Β
2152 1657 2492 1727 praeparabat
2511 1676 2712 1732 arcam,
2756 1663 2812 1717 in
2868 1680 2978 1735 qua
3036 1664 3271 1721 salvaret
3304 1666 3524 1720 domum
3574 1681 3747 1731 suam,

454 1747 574 1803 cula
600 1792 612 1813 ,
655 1747 897 1818 inquam,
958 1746 1233 1801 credimus
1288 1753 1471 1815 aptata
1521 1746 1688 1799 verbo
1732 1746 1853 1811 Dei,
1886 1744 1959 1798 ita
1988 1748 2052 1800 ut

450 1837 653 1905 ﬁerent
686 1836 948 1901 visibilia,
983 1835 1037 1888 id
1068 1842 1151 1889 est
1172 1850 1262 1889 res
1291 1834 1533 1889 visibiles
1565 1851 1638 1889 ea:
1656 1834 2048 1902 inuisibilibus,

455 1925 671 1996 quando
703 1924 847 1980 enim
868 1925 1036 1979 chaos
1058 1931 1173 1978 erat
1202 1923 1338 1979 sicut
1366 1923 1627 1993 scriptum
1648 1930 1731 1977 est
1762 1937 1773 1975 :
1816 1942 1837 1972 ι
1872 1923 2052 1977 Tene-

454 2017 566 2070 brae
595 2022 746 2068 erant
788 2029 955 2083 super
1000 2012 1193 2067 faciem
1223 2012 1407 2082 abyssi
1435 2012 1601 2081 (Gen.
1632 2028 1671 2077 ι,
1708 2010 1785 2081 2).
1818 2034 1839 2058 η
1872 2012 2042 2065 Tene-

454 2104 566 2159 brae
596 2103 741 2167 ideo,
776 2102 902 2173 quia
931 2101 1202 2156 elementa
1250 2099 1343 2153 illa
1398 2099 1573 2154 videri
1625 2115 1734 2153 non
1782 2106 2048 2169 poterant,

452 2192 668 2247 etiamsi
700 2199 828 2245 tunc
872 2197 1058 2255 esset,
1092 2189 1188 2259 qui
1236 2188 1414 2243 visum
1468 2189 1762 2242 humanum
1804 2188 2049 2243 haberet.

454 2280 561 2335 Sed
597 2286 884 2350 postquam
936 2277 1215 2332 elementa
1242 2285 1492 2347 separata
1532 2285 1675 2344 sunt,
1710 2284 1763 2331 et
1792 2276 2055 2330 creaturis

453 2368 699 2425 formatis
750 2368 805 2422 in
856 2366 1145 2437 quamdam
1204 2366 1612 2435 spissitudinem
1694 2365 2051 2421 coalescendo

452 2464 763 2526 creverunt,
799 2456 1068 2511 elementa
1114 2455 1265 2525 prius
1312 2454 1622 2523 invisibilia,
1640 2454 1757 2523 jam
1787 2453 1935 2509 fuere
1964 2454 2050 2509 vi-

452 2546 647 2602 sibilia.
681 2546 797 2600 Nec
830 2545 1024 2599 mirum
1066 2543 1112 2598 si
1143 2543 1316 2598 videri
1347 2558 1455 2598 non
1484 2550 1757 2613 poterant,
1807 2543 1933 2598 licet
1962 2559 2051 2597 res

452 2643 637 2691 essent
692 2649 1004 2704 corporeae,
1038 2648 1163 2688 cum
1214 2633 1497 2687 humorem
1543 2631 1731 2697 illum,
1767 2630 1858 2702 qui
1887 2638 1967 2684 est
1997 2631 2052 2684 in

455 2738 628 2796 grano
659 2722 901 2787 seminis,
934 2722 1076 2776 unde
1107 2720 1315 2775 culmus
1346 2728 1399 2775 et
1421 2720 1569 2790 spica
1598 2719 1840 2790 pullulat,
1864 2719 2051 2774 videre

449 2827 551 2867 nec
571 2811 885 2865 discernere
928 2809 1221 2880 possimus,
1251 2808 1378 2864 licet
1406 2808 1462 2862 in
1520 2808 1610 2861 illa
1670 2822 1846 2861 massa
1893 2807 2052 2877 grani

450 2900 808 2957 contineatur.
845 2898 943 2954 Vel
972 2898 1046 2952 ita
1075 2907 1197 2953 sunt
1218 2898 1385 2953 verbo
1416 2896 1515 2951 Dei
1543 2904 1602 2950 ut
1636 2896 1828 2950 ﬁerent
1856 2895 2049 2951 visibi-

449 2989 523 3044 lia
553 3006 617 3044 ex
648 2987 1030 3055 invisibilibus,
1062 2986 1121 3041 id
1153 2994 1235 3041 est
1261 2986 1561 3041 secundum
1592 2984 1883 3039 invisibilia
1928 3001 2049 3055 quae

448 3085 841 3150 praecesserant
857 3076 913 3130 in
927 3075 1153 3131 consilio
1165 3074 1326 3130 40
1339 3074 1407 3129 3
1426 3074 1544 3129 Dei.
1565 3074 1721 3127 Prius
1742 3073 1887 3128 enim
1902 3074 2049 3128 Deus

451 3168 521 3221 ab
550 3174 755 3222 aeterno
801 3164 857 3218 in
885 3163 1113 3220 consilio
1143 3179 1243 3218 suo
1274 3162 1515 3217 omnium
1538 3170 1910 3218 creaturarum
1930 3160 2048 3216 for—

449 3270 570 3309 mas
625 3253 910 3323 disposuit,
944 3260 997 3307 et
1025 3252 1323 3307 secundum
1354 3252 1500 3322 quod
1538 3250 1755 3323 singula
1782 3250 1838 3304 in
1870 3250 2051 3305 consi-

451 3344 524 3398 lio
554 3341 917 3414 praeordinata
944 3340 1178 3407 fuerant,
1210 3340 1502 3395 invisibilia
1531 3340 1710 3394 adhuc
1751 3340 2049 3394 secundum

453 3433 678 3487 modum
715 3430 866 3485 illum
910 3429 1048 3486 facta
1078 3438 1202 3485 sunt
1230 3429 1462 3486 visibilia
1491 3428 1548 3482 in
1575 3436 1820 3498 tempore
1843 3427 2049 3483 forma-

451 3521 613 3577 tionis
642 3519 1002 3591 singulorum.

523 3612 665 3665 Vere
723 3624 883 3663 senes
913 3606 1191 3663 consecuti
1212 3614 1336 3661 sunt
1365 3605 1739 3660 testimonium
1762 3620 1860 3675 per
1888 3604 2047 3659 ﬁdem

451 3700 585 3755 Abel
617 3698 759 3753 enim
789 3696 920 3766 ﬁde,
944 3697 999 3751 id
1023 3704 1106 3750 est
1126 3712 1224 3765 per
1246 3695 1410 3750 ﬁdem
1431 3695 1637 3749 obtulit
1659 3694 1903 3749 hostiam
1924 3695 2050 3764 plu-

454 3788 684 3851 rimam,
717 3786 771 3839 id
801 3793 883 3839 est
912 3784 1089 3856 magis
1118 3783 1507 3853 acceptabilem
1544 3783 1659 3836 Deo
1696 3800 1863 3853 quam
1893 3781 2053 3835 fuerit

453 3875 632 3929 hostia
666 3875 824 3930 Cain.
858 3872 1047 3927 Hostia
1077 3871 1211 3925 Abel
1241 3878 1393 3942 grata
1426 3872 1540 3924 Deo
1569 3870 1739 3924 fuisse
1769 3869 2052 3941 cognosci-

452 3970 560 4031 tur,
591 3960 719 4032 quia
768 3976 944 4030 agnus
993 3975 1156 4029 quem
1186 3958 1378 4012 obtulit
1412 3958 1542 4027 igne
1573 3957 1757 4012 divino
1788 3972 2051 4013 consum-

451 4059 577 4121 ptus
607 4049 694 4104 sit.
733 4048 923 4103 Hostia
951 4047 1084 4101 Cain
1113 4046 1458 4117 reprobatur,
1494 4045 1617 4117 quia
1640 4088 1653 4113 ,
1684 4062 1795 4101 non
1850 4062 2050 4117 super-

452 4139 704 4195 veniente
787 4138 935 4209 igne,
1012 4134 1320 4205 manipulus
1368 4134 1587 4205 frugum
1648 4151 1811 4205 quem
1857 4135 2052 4189 obtulit

451 4229 665 4298 integer
692 4226 907 4281 mansit.
942 4228 1050 4280 Per
1078 4241 1248 4297 quam
1280 4222 1444 4279 ﬁdem
1475 4223 1615 4278 Abel
1636 4224 1819 4293 justus
1850 4239 2049 4279 conse-

450 4321 615 4373 cutus
646 4320 730 4372 est
761 4316 1153 4370 testimonium
1183 4314 1307 4378 hoc,
1342 4314 1568 4380 scilicet,
1590 4329 1649 4370 se
1670 4330 1788 4369 esse
1799 4314 2047 4384 justum.

2156 1746 2565 1815 comparatione
2621 1749 2747 1806 ﬁdei
2804 1753 2920 1820 ejus
2988 1754 3225 1808 damnati
3290 1762 3434 1808 sunt.
3508 1755 3576 1809 Et
3630 1757 3748 1825 ipse

2152 1836 2270 1891 Noe
2301 1837 2385 1889 est
2418 1834 2709 1895 institutis
2738 1842 2915 1897 haeres
2934 1842 3181 1912 justitia:
3211 1845 3334 1913 ejus
3370 1858 3492 1914 quae
3526 1848 3611 1898 est
3649 1860 3751 1915 per

2152 1929 2340 1998 ﬁdem.

2224 2022 2382 2076 Nunc
2413 2020 2484 2075 ad
2517 2027 2703 2090 patres
2748 2018 3058 2073 Judmorum
3108 2018 3405 2085 descendit,
3452 2018 3748 2075 ostendens

2155 2109 2210 2163 in
2242 2110 2321 2164 eis
2351 2118 2404 2164 et
2432 2109 2493 2162 in
2517 2108 2796 2179 prioribus
2835 2123 3052 2161 omnem
3076 2107 3338 2175 justitiam
3373 2124 3439 2162 ex
3492 2107 3599 2163 ﬁde
3646 2109 3749 2163 ha-

2154 2197 2339 2252 buisse
2369 2197 2659 2269 originem.
2703 2195 2798 2250 Ille
2838 2195 3002 2250 etiam
3044 2198 3139 2265 qui
3190 2195 3381 2250 merito
3439 2195 3567 2251 ﬁdei
3603 2208 3748 2251 nunc

2153 2290 2390 2342 vocatur
2428 2286 2730 2349 Abraham,
2766 2283 2917 2353 prius
2959 2283 3136 2339 dictus
3165 2284 3370 2338 Abram
3417 2300 3519 2354 per
3563 2284 3744 2350 ﬁdem,

2153 2375 2393 2429 obedivit
2416 2376 2528 2429 Deo
2553 2373 2714 2428 exire
2738 2373 2804 2427 de
2830 2374 2901 2428 Ur
2921 2372 3299 2427 Chaldaeorum
3317 2374 3379 2427 in
3403 2373 3585 2428 locum
3600 2372 3750 2426 illum

2154 2478 2317 2533 quem
2338 2461 2535 2516 merito
2569 2460 2695 2515 ﬁdei
2726 2464 3061 2533 accepturus
3090 2466 3213 2516 erat
3242 2463 3305 2515 in
3337 2462 3746 2516 hereditatem.

2154 2550 2428 2618 Obedivit,
2464 2550 2707 2621 inquam,
2748 2554 2803 2604 et
2862 2550 3011 2604 exiit
3037 2550 3106 2604 de
3155 2558 3295 2604 terra
3328 2550 3560 2604 nationis
3614 2566 3744 2617 sua,

2153 2641 2412 2694 nesciens
2435 2655 2538 2710 quo
2558 2640 2686 2693 iret.
2715 2638 2864 2691 Idem
2887 2638 3163 2691 Abraham
3184 2655 3284 2710 per
3302 2639 3469 2706 ﬁdem
3492 2643 3746 2693 moratus

2155 2731 2239 2781 est
2258 2727 2321 2780 in
2347 2730 2499 2781 terra
2520 2726 2969 2796 repromissionis
2986 2729 3257 2797 tanquam
3274 2728 3335 2780 in
3359 2727 3570 2791 aliena,
3595 2727 3747 2781 habio

2156 2814 2327 2869 tando
2358 2814 2559 2868 ibidem
2593 2816 2654 2868 in
2671 2814 2898 2878 casulis,
2924 2814 2978 2867 id
3007 2821 3089 2867 est
3105 2814 3158 2866 in
3181 2814 3427 2869 tentoriis
3448 2831 3577 2869 cum
3592 2814 3745 2870 Isaac

2153 2907 2210 2958 et
2238 2904 2422 2968 Jacob,
2456 2918 2562 2957 non
2588 2901 2736 2973 quod
2764 2902 2934 2956 Jacob
2967 2903 3161 2956 eodem
3190 2910 3435 2972 tempore
3455 2920 3561 2974 quo
3581 2904 3753 2957 Abra-

2152 2991 2281 3045 ham
2328 2990 2505 3055 fuerit,
2554 2992 2652 3045 sed
2701 2990 2829 3061 quia
2856 2990 3023 3045 Jacob
3053 2990 3301 3046 eamdem
3356 2998 3553 3045 terram
3611 2992 3749 3047 sicut

2148 3078 2426 3133 Abraham
2490 3078 2771 3144 habitavit,
2830 3078 3107 3149 inquirens
3145 3095 3267 3133 cum
3324 3079 3567 3149 patribus
3634 3079 3746 3135 suis

2148 3184 2258 3222 non
2286 3167 2456 3232 illam,
2489 3167 2586 3221 sed
2616 3183 2799 3222 veram
2830 3175 3029 3221 terram
3084 3168 3542 3237 repromissionis.
3591 3168 3745 3223 Isaac

2149 3264 2202 3311 et
2227 3256 2391 3311 Jacob
2413 3256 2556 3320 dico,
2581 3255 2955 3312 colueredibus
2975 3257 3225 3327 ejusdem
3246 3257 3701 3327 repromissionis
3725 3276 3743 3323 ,-

2149 3345 2255 3398 illis
2283 3344 2427 3399 enim
2476 3343 2796 3414 frequentur
2837 3345 3002 3403 Deus.
3066 3344 3205 3400 sicut
3232 3344 3485 3414 Abrahae,
3548 3360 3744 3415 repro-

2150 3433 2314 3488 misit.
2386 3433 2667 3486 Abraham
2736 3432 2880 3487 ideo-
2917 3432 3193 3487 habitabat
3249 3434 3305 3487 in
3348 3434 3570 3500 casulis,
3613 3436 3745 3506 quia

2150 3521 2521 3593 exspectabat
2544 3522 2840 3576 civitatem
2858 3520 3155 3576 habentem
3167 3521 3566 3592 fundamenta,
3590 3522 3642 3576 id
3666 3528 3749 3577 est

2151 3610 2498 3664 stabilitatem
2528 3608 2867 3675 aeternitatis,
2919 3609 3219 3676 caelestem,
3275 3610 3498 3675 scilicet,
3554 3610 3746 3666 Hieru-

2152 3699 2343 3764 salem,
2365 3700 2527 3769 cujus
2553 3697 2783 3753 civitatis
2828 3700 2974 3753 Deus
3012 3703 3096 3753 est
3128 3699 3366 3769 arti/“eat,
3428 3699 3485 3752 id
3514 3707 3597 3753 est
3631 3708 3747 3755 arte

2153 3802 2252 3840 sua
2287 3786 2585 3856 disponens
2641 3786 2742 3839 sibi
2802 3786 3015 3857 singula
3049 3805 3064 3852 ;
3107 3791 3163 3841 et
3205 3786 3350 3841 idem
3390 3802 3579 3841 eorum
3628 3804 3747 3859 quae

2152 3874 2389 3945 disponit
2417 3882 2500 3929 est
2528 3874 2787 3930 conditor
2805 3874 3323 3944 ipsemetfabricans
3343 3874 3454 3929 illa.
3476 3875 3748 3931 Abraham

2152 3963 2405 4017 habitans
2434 3963 2487 4016 in
2520 3963 2721 4018 casulis
2768 3963 3087 4018 ostendebat
3117 3980 3176 4018 se
3220 3979 3327 4018 non
3385 3979 3577 4019 curare
3623 3965 3752 4020 Hie-

2153 4051 2394 4106 rusalem
2438 4060 2733 4119 terrenam,
2794 4051 2893 4106 sed
2948 4051 3224 4123 inquirere
3271 4051 3571 4108 caelestem.
3620 4055 3749 4125 Ipsa

2152 4140 2315 4195 etiam
2343 4141 2485 4195 Sara
2497 4141 2729 4206 sterilis,
2752 4147 2806 4194 et
2826 4140 3198 4210 nonagenaria
3217 4158 3319 4213 per
3347 4141 3515 4209 ﬁdem
3531 4144 3753 4213 accepit

2151 4231 2424 4285 virtutem
2452 4231 2516 4284 in
2536 4229 2923 4301 conceptione,
2958 4228 3013 4283 id
3028 4236 3110 4283 est
3132 4229 3473 4299 concipiendi
3491 4232 3745 4285 seminis.

2154 4318 2279 4388 Ipsa
2307 4318 2428 4372 dico
2459 4333 2569 4371 non
2597 4317 2773 4371 solum
2802 4317 3021 4381 sterilis,
3055 4333 3146 4372 sec
3166 4320 3341 4373 etiam
3364 4322 3579 4388 praeter
3608 4323 3750 4373 tem-

451 4404 540 4458 Ait
570 4403 713 4459 enim
735 4404 977 4457 Christus
1007 4402 1064 4456 in
1099 4402 1417 4474 Evangelio.
1457 4425 1477 4448 «
1515 4405 1561 4456 A
1613 4401 1879 4474 sanguine
1908 4400 2044 4455 Abel
2068 4401 2120 4462 D
2147 4422 2253 4477 pus
2282 4406 2490 4471 aetatis,
2508 4404 2634 4476 quia
2664 4404 2825 4473 (sicut
2853 4405 3056 4461 dictum
3074 4407 3177 4474 est)
3210 4406 3583 4478 nonagenaria
3615 4415 3747 4474 erat,

445 4492 576 4560 justi
607 4490 827 4561 (Matth.
860 4506 1027 4556 XXIII,
1060 4490 1170 4561 35),
1210 4510 1232 4539 ›
1280 4498 1383 4545 etc.
1434 4491 1650 4561 Moyses
1682 4497 1863 4544 autem
1887 4488 2048 4557 justi-

450 4581 581 4635 tiam
608 4579 745 4635 Abel
773 4579 1136 4645 commendat,
1170 4586 1221 4633 et
1269 4578 1420 4633 multi
1455 4580 1865 4649 prophetarum.
1902 4578 2048 4632 Con-

452 4677 667 4726 secutus
697 4675 780 4723 est
801 4667 937 4723 Abel
969 4668 1366 4723 testimonium
1395 4668 1502 4721 Deo
1533 4667 1867 4739 perhibente
1898 4665 2052 4721 testi-

452 4759 691 4815 monium
720 4758 1051 4813 muneribus
1081 4756 1201 4826 ejus
1224 4755 1364 4811 sicut
1392 4754 1601 4825 praefati
1633 4771 1837 4821 sumus,
1871 4759 1928 4810 et
1946 4770 2050 4827 per

450 4850 614 4904 illam
646 4845 809 4901 ﬁdem
830 4844 967 4900 Abel
984 4845 1289 4914 defunctus
1315 4846 1568 4916 loquitur
1586 4844 1789 4912 adhuc,
1820 4842 1947 4914 quia
1963 4842 2037 4897 fa-

451 4937 523 4993 cit
551 4952 651 4991 nos
681 4936 967 5007 loquentes
1004 4933 1073 4988 de
1100 4930 1208 4988 ﬁde
1241 4933 1375 5001 ejus.
1410 4932 1632 4988 Henoch
1663 4932 1825 4987 etiam
1850 4948 1955 5004 per
1973 4932 2049 5000 ﬁ-

449 5025 575 5079 dem
605 5039 768 5094 quam
797 5023 984 5079 habuit
1018 5066 1030 5088 ,
1063 5023 1382 5077 translatus
1412 5025 1496 5077 est
1537 5021 1605 5076 ad
1650 5021 1785 5077 alias
1815 5020 2044 5091 patrias.

451 5110 575 5166 ideo
604 5127 676 5166 ne
706 5112 917 5167 videret
942 5115 1203 5176 mortem,
1230 5118 1283 5165 et
1313 5109 1606 5165 translatus
1636 5127 1753 5165 non
1785 5110 2047 5165 invenie-

454 5200 639 5265 batur,
659 5200 789 5271 quia
801 5201 946 5255 Deus
969 5200 1273 5255 transtulit
1302 5200 1511 5267 illum;
1545 5198 1637 5270 qui
1664 5198 1797 5252 siab
1827 5197 2047 5252 homine

456 5287 743 5344 translatus
783 5294 957 5354 esset,
987 5287 1147 5343 facile
1177 5287 1531 5342 inveniretur.
1558 5288 1705 5341 Deus
1736 5286 1859 5340 ideo
1891 5294 2047 5340 tran-

452 5377 597 5432 stulit
617 5392 740 5432 eum
762 5375 887 5447 quia
906 5380 1042 5431 ante
1063 5377 1505 5432 translationem
1533 5374 1767 5429 habebat
1796 5376 2049 5429 testimo-

449 5467 613 5522 nium
633 5467 911 5538 placuisse
931 5466 1061 5522 Deo.
1077 5466 1181 5522 Per
1191 5464 1357 5521 ﬁdem
1368 5465 1448 5521 sic
1466 5464 1552 5519 isti
1568 5463 2042 5536 placueruntDeo.

2152 4494 2364 4564 accepit
2393 4494 2535 4557 ideo,
2567 4494 2833 4565 quoniam
2872 4493 3115 4548 credidit
3142 4495 3315 4548 Deum
3350 4510 3467 4551 esse
3495 4494 3742 4563 ﬁdelem,

2149 4582 2206 4637 id
2235 4589 2318 4636 est
2347 4596 2599 4636 veracem
2620 4582 2715 4653 qui
2742 4582 2834 4636 illi
2861 4582 3201 4653 promiserat
3246 4598 3455 4651 semen,
3512 4588 3751 4655 propter

2150 4669 2294 4742 quod
2321 4668 2449 4740 quia
2478 4670 2653 4723 Deum
2682 4669 2915 4724 credidit
2942 4668 3178 4734 ﬁdelem,
3214 4678 3267 4724 et
3297 4670 3365 4725 ab
3396 4685 3509 4725 uno
3557 4678 3747 4726 ventre

2150 4757 2238 4813 vel
2264 4757 2334 4812 ab
2353 4772 2461 4812 uno
2490 4765 2664 4828 patre,
2695 4763 2752 4812 et
2783 4758 2885 4813 hoc
2916 4773 3024 4812 uno
3051 4763 3303 4814 emortuo
3325 4758 3412 4813 vel
3429 4766 3635 4827 ventre,
3658 4758 3748 4814 vel

2148 4853 2322 4917 patre,
2357 4847 2472 4901 orti
2490 4850 2627 4901 sunt
2647 4844 2741 4900 ﬁlii
2760 4851 3033 4918 tanquam
3048 4847 3234 4902 sidera
3253 4848 3399 4913 caeli,
3425 4863 3525 4902 nec
3541 4862 3746 4903 secun-

2149 4933 2280 4988 dum
2292 4933 2539 4989 404
2566 4934 2864 4990 claritatem
2877 4934 3134 4990 virtutum
3161 4950 3420 5006 comparo
3450 4935 3748 5001 sideribus,

2152 5021 2250 5077 sed
2283 5023 2461 5077 eundo
2486 5024 2550 5077 in
2581 5021 3015 5078 multitudinem
3036 5039 3244 5079 eorum.
3279 5024 3399 5078 Orti
3429 5032 3553 5078 sunt
3583 5024 3747 5079 etiam

2149 5110 2298 5166 sicut
2319 5126 2517 5176 arena,
2550 5126 2652 5166 nec
2671 5111 2866 5165 iterum
2894 5112 3195 5167 secundum
3244 5112 3579 5167 sterilitatem
3627 5121 3748 5167 tan-

2149 5206 2263 5253 tum
2293 5214 2471 5254 arenae
2491 5214 2743 5270 comparo
2768 5217 2781 5265 ;
2814 5200 2913 5255 sed
2942 5217 3063 5272 qua:
3092 5204 3176 5257 est
3204 5201 3662 5266 innumerabilis,
3691 5200 3747 5255 id

2151 5294 2234 5342 est
2260 5286 2559 5343 secundum
2587 5288 3133 5345 innumerabilitatem
3154 5306 3345 5344 eorum
3379 5307 3395 5356 ;
3426 5305 3545 5360 quae
3584 5304 3747 5343 arena

2151 5383 2234 5430 est
2263 5376 2335 5431 ad
2366 5393 2523 5432 oram
2555 5379 2748 5445 maris,
2794 5376 2849 5431 id
2897 5384 2981 5432 est
3028 5377 3179 5446 juxta
3234 5377 3381 5431 littus
3411 5376 3743 5449 gentilitatis.

2150 5464 2302 5520 Multi
2345 5465 2490 5521 enim
2527 5466 2596 5521 de
2650 5465 2773 5521 ﬁliis
2828 5465 3057 5522 Abrahae
3085 5466 3373 5523 virtutibus
3420 5466 3742 5534 micuerunt,
