3966 6050
242 165 347 219 553

882 167 1261 225 EXPOSITIO
1302 171 1375 225 IN
1412 170 1793 229 EPISTOLAS
1831 172 2056 230 PAULI.
2088 204 2157 215 —
2186 175 2259 231 IN
2294 176 2510 233 EPIST.
2552 179 2647 233 AD
2679 179 2884 237 HEBR.

3437 187 3541 241 554

243 295 322 379 ut;
358 287 560 379 sidera,
620 288 776 379 multi
832 290 1046 347 steriles
1095 302 1148 348 et
1219 293 1536 350 infructuosi
1597 296 1652 351 in
1695 297 1842 352 littus
1870 302 1925 361 Α
1947 298 2030 353 sui
2061 298 2236 370 (Psal.
2269 314 2422 371 xuv,
2452 302 2528 373 '7).
2560 304 2755 375 Ioseph
2788 305 3036 361 moriens
3082 306 3213 375 ﬁde,
3244 306 3300 362 id
3327 316 3411 362 est
3439 325 3539 379 per

244 374 379 447 [al.,
412 376 562 449 ritus]
591 378 875 449 gentilium
906 389 1029 437 sunt
1050 382 1384 453 principitati.
1417 384 1482 437 Et
1502 402 1695 441 omnes
1722 387 1838 457 isti,

244 464 537 531 Abraham,
572 465 799 535 scilicet,
849 469 1003 524 Isaac
1064 479 1117 524 et
1161 472 1346 539 Jacob,
1390 474 1650 543 defuncti
1683 479 1838 543 sunt,

244 552 409 606 etiam
480 570 602 609 cum
647 564 1008 623 morerentur,
1072 559 1366 614 existentes
1416 564 1594 633 juxta
1650 563 1838 631 ﬁdem,

240 641 297 696 id
327 650 409 696 est
454 644 740 698 credentes
786 661 845 700 se
894 655 1213 717 accepturos
1256 650 1530 718 promissa
1574 650 1691 705 Dei.
1726 652 1839 705 De-

236 729 428 800 functi,
461 732 701 804 inquam,
734 741 876 799 sunt,
910 752 1025 790 non
1051 738 1299 809 acceptis
1320 740 1839 809 repromissionibus

236 818 295 872 in
327 820 453 886 vita,
487 821 581 876 sed
609 824 952 894 aspicientes
989 841 1082 879 eas
1119 826 1574 895 repromissiones
1632 826 1838 882 futuras

234 924 273 961 a
309 908 489 979 longe,
524 910 578 964 id
599 919 680 964 est
706 910 761 964 in
792 910 983 966 diebus
1005 912 1222 978 Christi,
1249 918 1306 968 et
1335 916 1675 981 salutantes,
1700 915 1839 972 sicut

232 1004 416 1050 nautae
445 998 703 1067 patriam,
738 1015 901 1070 quam
944 1017 974 1054 a
1004 1000 1168 1072 longe
1207 1001 1451 1056 videntes
1480 1003 1703 1057 multum
1741 1004 1836 1059 de-

233 1083 500 1151 siderant,
533 1090 589 1141 et
628 1087 965 1155 conﬁtentes
1004 1089 1072 1143 de
1105 1105 1163 1143 se
1195 1091 1325 1161 quia
1354 1090 1458 1161 ipsi
1502 1096 1637 1147 sunt
1671 1108 1835 1163 super

234 1176 452 1227 terram
502 1176 807 1246 peregrini,
867 1192 1085 1247 semper
1114 1178 1180 1232 ad
1209 1177 1315 1232 alia
1364 1185 1726 1245 transeuntes,
1775 1184 1833 1235 et

232 1259 502 1332 hospites,
526 1262 580 1316 id
599 1270 681 1317 est
714 1263 931 1319 aliunde
963 1265 1261 1321 venientes.
1294 1266 1422 1321 Ideo
1461 1274 1513 1321 et
1545 1267 1624 1322 sic
1654 1265 1829 1322 conﬁ-

230 1356 440 1416 tentes;
475 1351 569 1422 qui
598 1354 753 1406 enim
783 1354 983 1409 dicunt
1001 1354 1138 1420 haec,
1160 1353 1389 1420 scilicet,
1415 1371 1473 1409 se
1504 1355 1828 1427 peregrinos

228 1453 355 1492 esse
396 1446 450 1493 et
494 1439 757 1510 hospites,
793 1441 878 1496 his
907 1441 1092 1497 verbis
1146 1443 1475 1512 signiﬁcant
1530 1459 1589 1497 se
1640 1458 1827 1498 veram

226 1529 481 1596 patriam
504 1528 790 1599 inquirere
802 1570 815 1583 .

300 1614 729 1687 Diceretaliquis
764 1632 774 1670 :
809 1617 1160 1688 Inquirebant
1190 1616 1443 1684 alienam,
1478 1618 1604 1689 quia
1634 1618 1826 1673 fortas-

224 1702 304 1756 sis
333 1704 404 1757 ad
425 1721 577 1758 suam
606 1706 836 1775 patriam
868 1707 1067 1762 reverti
1108 1722 1217 1760 non
1265 1714 1539 1776 poterant.
1578 1706 1662 1759 Ad
1720 1707 1823 1761 hoc

224 1792 423 1846 Paulus
457 1809 468 1847 :
511 1794 639 1848 Haec
669 1794 939 1859 dicebant,
1001 1798 1058 1851 et
1100 1797 1147 1850 si
1178 1796 1399 1867 quidem
1428 1796 1826 1850 meminissent

223 1880 387 1935 illius
416 1881 621 1951 patriar,
654 1882 720 1936 de
749 1898 859 1953 qua
879 1885 1169 1948 exierunt,
1190 1883 1432 1938 volentes
1454 1883 1582 1938 illuc
1605 1882 1818 1951 reverti,

221 1968 419 2039 utique
451 1969 723 2025 habebant
757 1976 997 2043 tempus,
1026 1971 1080 2024 id
1109 1980 1189 2025 est
1221 1971 1692 2040 opportunitatem,
1726 1988 1820 2025 re-

222 2059 502 2112 vertendi.
556 2059 664 2113 Sed
714 2077 886 2127 nunc,
920 2067 1210 2129 postquam
1250 2058 1392 2113 illius
1421 2076 1530 2113 non
1558 2059 1821 2114 memine-

223 2152 365 2213 rant,
399 2150 676 2217 appetunt
704 2149 993 2202 meliorem
1016 2146 1265 2217 patriam,
1317 2147 1371 2200 id
1402 2155 1484 2201 est
1514 2149 1813 2202 cazlestem.

219 2234 290 2288 Et
317 2233 439 2304 quia
471 2235 746 2289 caelestem
776 2244 1050 2305 appetunt,
1097 2236 1217 2290 ideo
1248 2236 1391 2290 Deus
1416 2253 1532 2291 non
1569 2238 1814 2306 confun-

219 2322 397 2389 ditur,
424 2321 478 2376 id
507 2330 589 2375 est
632 2339 739 2377 non
782 2323 1054 2378 erubescit
1083 2324 1269 2378 vocari
1298 2324 1442 2379 Deus
1486 2340 1677 2378 eorum
1709 2342 1727 2378 :
1759 2330 1816 2376 ut

216 2408 434 2465 dicatur
477 2412 618 2465 Deus
666 2412 959 2476 Abraham,
992 2413 1141 2465 Isaac
1183 2420 1233 2464 et
1260 2413 1449 2466 Jacob.
1486 2412 1612 2465 Ideo
1667 2412 1815 2466 Deus

215 2512 406 2551 eorum
427 2508 667 2565 vocatur,
694 2499 819 2569 quia
834 2501 1059 2570 paravit
1074 2501 1191 2553 illis
1208 2499 1486 2554 caelestem
1503 2501 1809 2555 civitatem.

216 2585 501 2641 Abraham
541 2587 735 2641 iterum
762 2603 865 2659 per
897 2588 1064 2655 ﬁdem
1093 2588 1298 2641 obtulit
1325 2588 1500 2653 Isaac,
1533 2603 1663 2641 cum
1696 2590 1815 2641 ten-

219 2678 463 2741 taretur;
484 2675 628 2729 Deus
656 2692 765 2729 non
785 2676 1024 2729 tentabat
1042 2675 1336 2739 Abraham,
1360 2673 1514 2745 quasi
1538 2674 1628 2745 qui
1650 2674 1812 2728 ﬁdem

214 2763 334 2831 ejus
360 2763 656 2834 ignoraret,
673 2764 769 2818 sed
782 2772 839 2818 ut
867 2764 983 2833 ipse
1013 2764 1281 2817 Abraham
1302 2770 1355 2817 et
1381 2763 1615 2817 mundus
1632 2762 1808 2816 virtu—

213 2859 324 2906 tem
338 2867 451 2906 suae
468 2850 593 2906 ﬁdei
618 2860 995 2924 cognosceret.
1018 2853 1104 2917 Et,
1130 2868 1199 2906 ne
1229 2859 1509 2921 putaretur
1529 2853 1565 2905 Α
1579 2851 1807 2905 braham

213 2939 341 2995 ideo
382 2940 664 2995 immolare
696 2942 847 2996 Isaac
866 2940 990 3012 quia
1020 2940 1075 2993 in
1095 2940 1202 2994 alio
1237 2939 1345 2994 ﬁlio
1377 2939 1685 3010 implendas
1707 2956 1805 2994 ex-

1946 386 2127 452 ﬁdem,
2149 393 2496 445 memoratus
2544 391 2609 446 de
2647 393 2999 463 profectione
3043 395 3294 462 ﬁliorum
3340 396 3535 464 Israel,

1943 475 2087 546 quod
2109 476 2395 546 profecturi
2418 487 2603 533 essent
2633 480 2701 534 de
2730 481 2980 553 zEgypto,
3008 484 3183 538 ethoc
3204 500 3535 550 memorans,

1942 564 2238 619 mandavit
2264 566 2329 620 de
2359 569 2567 622 ossibus
2598 570 2735 635 suis,
2771 576 2827 622 ut
2856 569 3199 625 deferrentur
3246 573 3316 625 ad
3348 572 3536 643 sepul-

1940 658 2114 705 turam
2169 653 2438 722 Abrahae,
2496 655 2775 711 confidens
2832 665 2886 712 et
2941 668 3349 715 resurrecturos
3412 676 3537 715 esse

1940 753 2061 793 cum
2093 740 2303 796 Christo
2332 742 2453 798 illos
2496 731 2693 814 quibus
2737 745 2881 801 facta
2921 756 3033 800 erat
3077 748 3454 818 repromissio,
3488 749 3536 803 si

1939 842 2167 897 corpora
2226 844 2413 884 eorum
2470 831 2845 887 invenirentur
2900 833 2956 887 in
3011 841 3161 889 terra
3234 836 3533 906 repromis-

1938 930 2127 969 SlOIllS.

2012 1004 2214 1075 Moyses
2261 1009 2435 1061 natus
2477 1022 2581 1076 per
2628 1008 2817 1077 ﬁdem,
2874 1009 3001 1079 quia
3048 1010 3396 1066 crediderunt
3425 1029 3531 1083 pa-

1935 1097 2119 1145 rentes
2148 1092 2289 1147 hunc
2338 1110 2599 1163 magnum
2648 1095 2907 1163 futurum,
2958 1097 3205 1153 videntes
3254 1099 3369 1167 ejus
3413 1099 3530 1155 ele-

1934 1178 2454 1248 gantiam,occultal
2463 1199 2528 1237 us
2548 1188 2633 1239 est
2651 1184 2829 1239 tribus
2851 1187 3136 1241 mensibus
3151 1204 3186 1241 a
3193 1189 3530 1258 parentibus

1935 1267 2177 1324 405
2197 1272 2403 1336 suis,e0
2426 1271 2566 1341 quod
2590 1272 2857 1327 vidissent
2877 1275 3167 1344 infantem
3187 1276 3523 1346 elegantem,

1931 1360 1989 1409 et
2005 1373 2120 1410 non
2146 1358 2463 1413 timuerunt
2486 1359 2737 1415 edictum
2776 1363 2940 1430 regis,
2962 1362 3284 1432 quiomnem
3312 1380 3524 1419 mascu-

1927 1443 2039 1497 lum
2069 1442 2125 1497 in
2153 1446 2338 1515 pueris
2370 1447 2728 1502 Hebraeorum
2756 1449 2993 1516 jusserat
3032 1449 3286 1504 interﬁci.
3319 1452 3524 1522 Moyses

1928 1532 2090 1586 etiam
2122 1534 2353 1603 grandis
2401 1536 2611 1605 factus,
2645 1538 2871 1607 negavit
2901 1554 2959 1592 se
2989 1554 3104 1591 esse
3156 1539 3343 1605 ﬁlium
3387 1540 3523 1606 ﬁlia:

1926 1620 2244 1675 Pharaonis
2264 1637 2366 1692 per
2383 1622 2789 1694 ﬁdem,eligens
2812 1626 2989 1695 magis
3009 1624 3187 1696 aﬂligi
3207 1641 3335 1680 cum
3355 1641 3525 1697 popu-

1930 1708 1979 1761 lo
2000 1708 2099 1763 Dei
2120 1725 2289 1780 quam
2308 1711 2506 1765 habere
2517 1711 2949 1780 jucunditate-m
2973 1714 3302 1784 temporalis
3314 1730 3519 1783 pecca-

1927 1796 1990 1860 ti,
2017 1800 2071 1851 et
2108 1797 2515 1868 imprOperium
2559 1798 2786 1865 Christi,
2813 1799 3033 1869 quodin
3071 1816 3130 1854 se
3149 1800 3387 1869 patiente
3416 1816 3518 1871 pro

1924 1883 2140 1938 Christo
2156 1884 2908 1957 przeﬁgurabat,existimans
2939 1903 3055 1942 esse
3092 1887 3319 1943 divitias
3339 1890 3518 1959 majo-

1922 1988 2011 2026 res
2031 1975 2186 2027 omni
2216 1972 2478 2028 thesauro
2508 1976 2921 2045 AZgyptiorum.
2948 1975 3073 2030 Ideo
3095 1976 3171 2030 sic
3199 1975 3515 2031 existirnans

1921 2061 2051 2130 quia
2081 2060 2387 2130 aspiciebat
2416 2062 2479 2115 in
2510 2065 3028 2117 remunerationem
3052 2062 3430 2129 futuram,non
3455 2064 3515 2117 in

1918 2146 2166 2202 laborem
2206 2156 2532 2217 praesentem
2569 2150 2656 2204 vel
2689 2150 3101 2217 jucunditatem.
3153 2152 3369 2220 Moyses
3414 2168 3513 2221 per

1917 2236 2085 2303 ﬁdem
2127 2237 2360 2307 reliquit
2420 2239 2739 2308 /Egyptum,
2792 2238 3032 2293 educens
3070 2238 3196 2292 inde
3254 2238 3514 2308 pOpulum

1915 2323 2370 2389 Judaeorum,non
2393 2326 2605 2380 veritus
2623 2327 3047 2380 animositatem
3067 2328 3212 2395 regis
3232 2326 3513 2397 XEgyptio-

1915 2428 2065 2466 rum.
2091 2412 2219 2466 Ideo
2240 2428 2349 2466 non
2370 2413 2569 2467 veritus
2601 2414 2732 2484 quia
2766 2414 3045 2469 sustinuit
3080 2413 3510 2478 invisibilem,id

1916 2507 1997 2553 est
2010 2500 2416 2569 exspepectavit
2428 2501 2597 2554 Deum
2608 2516 2785 2570 ,quem
2800 2501 2986 2556 videre
3000 2516 3105 2555 non
3118 2509 3347 2570 poterat,
3375 2505 3508 2556 tan-

1913 2603 2079 2659 quam
2103 2587 2455 2657 corporaliter
2475 2605 2597 2642 eum
2612 2589 2821 2653 videns,
2838 2589 3103 2643 adhibens
3115 2586 3278 2643 ﬁdem
3292 2604 3508 2643 sermo-

1913 2675 2070 2729 nibus
2091 2676 2211 2729 Dei.
2237 2676 2387 2730 Idem
2408 2678 2624 2747 Moyses
2655 2678 2955 2732 celebravit
2986 2677 3203 2732 Pascha
3235 2678 3509 2748 effusione

1911 2765 2209 2833 sanguinis
2219 2764 2347 2835 agni
2356 2780 2458 2835 per
2476 2764 2893 2832 ﬁdem,ideo,ne
2916 2766 3011 2837 qui
3026 2765 3281 2819 vastabat
3301 2765 3508 2836 primo-

1908 2853 2101 2921 genita
2138 2852 2356 2923 zEgypti
2407 2856 2668 2923 tangeret
2718 2853 2955 2908 Iudaeos.
3008 2853 3197 2907 Fidem
3235 2853 3424 2907 habuit
3450 2852 3505 2906 in

1909 2939 2175 3010 sanguine
2198 2940 2355 3011 agni,
2382 2940 2525 3011 quod
2546 2956 2647 3010 per
2667 2940 2921 2995 virtutem
2939 2939 3069 3011 agni
3083 2940 3405 2995 innocentiae
3426 2940 3505 3011 (id

214 3036 485 3098 spectaret
505 3029 897 3099 promissiones
931 3030 1023 3082 ait.
1048 3029 1116 3083 Et
1144 3028 1258 3099 ipse
1279 3029 1553 3082 Abraham
1571 3029 1666 3100 qui
1685 3044 1807 3083 sus-
1840 3023 1887 3083 Ο
1908 3035 1989 3081 est
2018 3028 2217 3082 Christi
2247 3044 2406 3098 quem
2454 3026 2855 3100 praeﬁgurabat)
2896 3036 3081 3099 posset
3134 3028 3352 3083 salvari.
3385 3027 3505 3082 Filii

213 3122 443 3188 ceperat
463 3119 919 3189 repromissiones
957 3118 1029 3172 ad
1060 3133 1221 3188 quem
1253 3117 1468 3171 dictum
1504 3120 1629 3171 est:
1667 3117 1808 3183 Quia

210 3207 277 3261 in
300 3207 455 3261 Isaac
475 3207 769 3262 vocabitur
799 3207 899 3261 tibi
938 3222 1149 3275 semen,
1190 3204 1309 3275 ipse
1349 3203 1616 3259 offerebat
1663 3204 1807 3261 hunc

206 3294 564 3366 unigenitum,
584 3296 873 3350 arbitrans
894 3295 1025 3366 quia
1044 3295 1189 3349 Deus
1209 3296 1407 3364 potens
1424 3296 1507 3347 est
1528 3308 1651 3346 eum
1684 3307 1807 3346 sus-

206 3383 389 3439 citare
410 3400 443 3438 a
471 3385 730 3451 mortuis,
764 3392 817 3437 et
847 3399 943 3452 per
964 3398 1087 3437 eum
1117 3381 1431 3437 suscitatum
1454 3380 1683 3435 Abrahae
1701 3395 1805 3435 vo-

208 3466 321 3523 cari
350 3482 556 3522 semen.
595 3468 742 3525 Unde
765 3466 887 3538 quia
916 3467 988 3521 ita
1014 3466 1263 3533 credidit,
1314 3466 1529 3535 accepit
1577 3480 1706 3519 eum
1736 3462 1804 3535 ﬁ-

202 3554 353 3621 lium,
378 3564 429 3609 et
445 3555 499 3609 in
520 3555 1020 3626 multiplicationem
1038 3554 1280 3618 seminis,
1306 3557 1361 3609 et
1379 3555 1439 3608 in
1453 3553 1799 3622 parabolam,

206 3644 262 3698 id
292 3652 374 3699 est
408 3644 463 3698 in
492 3644 684 3716 ﬁguris
703 3643 918 3698 Christi.
952 3643 1108 3697 Aries
1138 3641 1301 3711 enim,
1329 3641 1418 3712 qui
1440 3640 1581 3696 inter
1609 3655 1803 3709 vepres

205 3732 461 3788 cornibus
490 3734 702 3787 haerens
730 3740 978 3802 repertus
1008 3739 1107 3797 est,
1141 3739 1193 3784 et
1224 3731 1390 3795 Isaac,
1429 3745 1596 3783 unum
1640 3727 1801 3782 Chri-

204 3828 346 3875 stum
376 3823 550 3875 Deum
582 3829 635 3875 et
664 3821 940 3876 hominem
970 3818 1369 3892 signiﬁcabant.
1402 3817 1504 3872 Per
1538 3818 1642 3871 hoc
1690 3815 1786 3888 igi-

205 3917 291 3963 tur
336 3910 479 3981 quod
534 3910 677 3964 aries
724 3909 942 3981 quidem
991 3916 1073 3963 est
1110 3906 1436 3974 immolatus,
1474 3905 1626 3960 Isaac
1672 3920 1801 3960 vero

202 3998 362 4053 morti
397 3999 726 4064 subtractus,
759 3996 1121 4069 signiﬁcatum
1154 4002 1235 4050 est
1272 3993 1566 4060 Christum,
1606 4008 1803 4048 secun-

203 4086 334 4141 dum
362 4102 601 4153 carnem,
632 4102 941 4158 passurum,
964 4084 1263 4140 secundum
1293 4081 1626 4138 divinitatem
1647 4096 1794 4146 vero,

204 4174 397 4229 mortis
441 4174 735 4230 discrimen
782 4190 890 4229 non
931 4188 1054 4227 esse
1100 4186 1407 4226 sensurum.
1460 4168 1614 4223 Aries
1654 4168 1798 4222 enim

200 4262 547 4331 immolatus,
606 4279 830 4319 carnem
896 4260 1095 4315 Christi
1161 4257 1585 4322 immolandam;
1645 4257 1797 4311 Isaac

1909 3116 2190 3185 Israelper
2212 3116 2380 3184 ﬁdem
2404 3118 2764 3171 transierunt
2784 3133 2941 3172 mare
2963 3118 3207 3172 Rubrum
3231 3120 3505 3189 tanquam

1904 3220 2005 3274 per
2025 3204 2246 3259 aridam
2275 3208 2508 3258 terram.
2535 3206 2600 3258 Et
2614 3204 2816 3274 nequis
2837 3205 2980 3259 dicat
2998 3205 3101 3259 hoc
3114 3203 3281 3258 fuisse
3294 3218 3500 3270 casum,

1906 3290 2049 3362 quod
2070 3291 2276 3346 scilicet
2296 3291 2686 3346 transiremare
2715 3293 2960 3363 Egyptii
2990 3294 3232 3363 experti,
3250 3292 3504 3347 devorati

1906 3382 2060 3433 sunt.
2096 3379 2242 3435 Muri
2270 3380 2489 3435 Iericho
2514 3395 2619 3450 per
2645 3378 2815 3449 ﬁdem
2858 3383 3203 3436 corruerunt
3251 3381 3504 3435 circuitu

1905 3471 2121 3538 septem
2151 3468 2393 3521 dierum.
2427 3468 2575 3521 Raab
2602 3468 2883 3522 meretrix
2915 3467 3209 3539 excipiens
3240 3467 3505 3538 explora-

1907 3558 2054 3610 tores
2074 3555 2388 3609 Judseorum
2418 3572 2546 3610 cum
2564 3571 2722 3626 pace,
2746 3572 2859 3611 non
2879 3556 3055 3626 periit
3079 3570 3208 3609 cum
3238 3554 3502 3609 incredu-

1907 3643 1995 3709 lis,
2020 3651 2244 3713 propter
2292 3642 2455 3697 ﬁdem
2504 3659 2609 3713 qua
2638 3642 2862 3697 credidit
2893 3642 3041 3714 quod
3087 3643 3232 3696 Deus
3265 3642 3503 3697 traderet

1903 3732 2098 3786 urbem
2127 3732 2181 3784 in
2215 3747 2404 3785 manus
2432 3731 2766 3786 Iudaeorum.

1974 3819 2140 3873 Multa
2187 3819 2255 3875 de
2284 3820 2445 3873 laude
2494 3817 2622 3874 ﬁdei
2650 3819 2778 3885 dixi,
2813 3823 2867 3874 et
2896 3820 3028 3891 quid
3057 3819 3238 3874 adhuc
3268 3817 3498 3889 amplius

1902 3909 2087 3965 dicam
2113 3912 2135 3963 ?
2166 3916 2384 3978 tempus
2414 3908 2569 3963 enim
2590 3907 2658 3975 (si
2676 3923 2942 3977 exsequar
2962 3906 3146 3961 omnia
3166 3908 3234 3961 de
3256 3904 3384 3977 ﬁde)
3404 3907 3500 3962 de-

1899 3996 2074 4064 ﬁciet,
2108 3995 2161 4049 id
2193 4003 2275 4050 est
2295 3995 2514 4050 deseret
2533 4011 2619 4050 me
2649 3998 3019 4050 enarrantem
3048 3994 3113 4050 de
3145 3995 3377 4059 Gedeon,
3405 3993 3498 4064 qui

1899 4083 2072 4138 vellus
2101 4083 2157 4136 in
2187 4099 2310 4138 area
2356 4083 2572 4153 posuit;
2605 4083 2672 4137 de
2713 4085 2909 4148 Barac,
2946 4082 3037 4153 qui
3081 4081 3187 4137 ﬁde
3234 4082 3498 4152 populum

1900 4170 2184 4237 liberavit;
2219 4171 2286 4225 de
2321 4172 2576 4237 Samson,
2608 4170 2698 4241 qui
2728 4187 2825 4241 per
2855 4170 3018 4225 ﬁdem
3048 4169 3214 4223 multa
3244 4178 3496 4239 operatus

1898 4266 2014 4325 est;
2046 4259 2115 4313 de
2158 4258 2370 4329 Iephte,
2407 4258 2498 4329 qui
2527 4259 2635 4313 dux
2679 4258 2865 4328 populi
2911 4257 3163 4313 liberavit
3209 4256 3491 4327 populum,

1897 4346 2024 4402 licet
2054 4346 2217 4400 stulto
2246 4354 2371 4400 voto
2411 4345 2578 4400 ﬁliam
2607 4346 3004 4412 immolaverit;
3038 4346 3106 4400 de
3136 4345 3220 4398 his
3264 4351 3496 4415 quatuor

203 4368 337 4407 vero
367 4352 689 4418 subtractus,
719 4350 1054 4406 divinitatem
1102 4347 1299 4402 Christi
1346 4362 1456 4400 non
1493 4344 1796 4400 laedendam
1822 4374 1875 4434 D

200 4457 300 4511 per
326 4441 639 4511 passionem
687 4437 1068 4511 praeﬁguravit.
1114 4438 1271 4491 Isaac
1309 4434 1473 4489 etiam
1508 4432 1799 4489 benedixit
1824 4431 1856 4434 ⁷
1896 4434 1952 4489 in
1980 4434 2117 4489 libro
2145 4433 2395 4489 Judicum
2427 4433 2639 4504 plenius
2669 4433 2977 4499 invenitur;
3009 4433 3077 4488 de
3108 4433 3279 4488 David
3309 4431 3492 4498 etiam,

199 4531 366 4585 Jacob
397 4534 452 4585 et
478 4530 643 4595 Esau,
677 4527 860 4581 habita
890 4525 994 4580 ﬁde
1016 4533 1069 4580 et
1084 4525 1152 4580 de
1169 4523 1295 4589 illis,
1321 4522 1593 4593 quomodo
1622 4520 1798 4588 major
1898 4522 1991 4593 qui
2016 4522 2188 4576 multa
2216 4538 2315 4592 per
2345 4520 2510 4577 ﬁdem
2556 4521 2701 4590 fecit,
2735 4529 2788 4577 et
2831 4522 2899 4576 (le
2943 4522 3222 4589 Samuele,
3271 4524 3329 4575 et
3373 4518 3495 4574 aliis

199 4617 431 4673 serviret
460 4617 676 4685 minori,
710 4624 762 4671 et
800 4616 868 4670 de
902 4613 1115 4679 futuris,
1150 4627 1377 4683 quorum
1419 4618 1601 4681 typum
1633 4622 1795 4681 gere—
1894 4611 2315 4683 prophetis,qui
2344 4612 2603 4666 vicerunt
2628 4610 2894 4681 regna,id
2914 4617 2997 4664 est
3018 4626 3179 4680 reges
3197 4623 3491 4678 superave-

199 4707 346 4772 bant,
382 4706 603 4773 scilicet,
639 4704 910 4776 quomodo
958 4699 1356 4773 primogenitus
1394 4697 1650 4752 Judaicus
1690 4711 1796 4767 po-
1896 4705 2023 4753 runt
2050 4715 2150 4770 per
2176 4699 2473 4769 ﬁdem,qui
2503 4699 2665 4754 etiam
2687 4700 2905 4770 operati
2925 4702 3065 4754 sunt
3075 4697 3371 4769 justitiam
3391 4710 3493 4765 per

198 4795 359 4866 pulus
405 4793 763 4865 primogenita
821 4807 922 4846 sua
960 4790 1182 4861 (cultum
1230 4786 1436 4843 scilicet
1464 4786 1587 4855 Dei)
1630 4785 1794 4839 dese-
1896 4786 2098 4854 ﬁdem;
2131 4788 2320 4857 adepti
2347 4792 2483 4843 sunt
2502 4788 2869 4859 repromissas
2891 4786 3267 4842 beatitudines
3290 4799 3390 4853 per
3422 4782 3489 4835 ﬁ-

198 4890 363 4952 reret,
415 4892 466 4937 et
524 4882 719 4947 minor,
773 4879 991 4951 gentilis
1049 4877 1151 4932 sibi
1200 4873 1495 4947 usurparit.
1533 4873 1696 4949 Iacob
1739 4871 1797 4926 in
1895 4876 2485 4941 dem;0bturaverunt
2504 4892 2602 4931 ora
2626 4877 2851 4930 leonum
2871 4872 3237 4945 perﬁdem,ut
3259 4870 3486 4938 Daniel;

196 4972 428 5043 Egypto
448 4972 715 5036 moriens,
748 4985 847 5039 per
884 4967 1048 5022 ﬁdem
1069 4965 1359 5021 benedixit
1376 4962 1628 5034 singulos
1650 4961 1795 5030 ﬁlio-
1895 4964 2310 5019 exstinxerunt
2347 4965 2622 5033 impetum
2656 4963 2824 5032 ignis,
2844 4969 2901 5016 ut
2928 4969 3039 5015 tres
3056 4960 3209 5030 pueri
3232 4979 3247 5027 ;
3272 4959 3488 5031 effuga-

197 5078 326 5116 rum
347 5060 562 5132 Ioseph,
598 5058 806 5114 scilicet
837 5058 1145 5111 Manassem
1183 5062 1237 5108 et
1265 5051 1545 5123 Ephraim,
1578 5054 1635 5106 et
1664 5049 1791 5106 ado-
1891 5055 2033 5107 runt
2069 5053 2250 5107 aciem
2280 5050 2477 5121 gladii,
2502 5058 2557 5103 ut
2584 5050 2754 5105 Judas
2785 5049 3153 5114 Machabzeus;
3185 5049 3485 5104 convalue-

194 5150 345 5204 ravit
377 5149 676 5218 fastigium
717 5147 885 5216 virga:
914 5147 1033 5213 eius
1081 5144 1303 5212 Joseph,
1328 5140 1421 5211 qui
1459 5139 1729 5205 secundus
1758 5155 1790 5193 a

188 5252 324 5306 rege
353 5236 569 5307 JEgypti
584 5242 859 5305 sceptrum
875 5232 1118 5305 gerebat,
1134 5230 1190 5284 in
1215 5229 1433 5301 signum
1463 5244 1574 5282 suae
1603 5227 1788 5299 digni-

192 5324 335 5391 tatis,
364 5323 610 5379 adoravit
630 5322 905 5395 fastigium
932 5321 1123 5391 virgae,
1155 5318 1210 5372 id
1241 5325 1323 5373 est
1361 5316 1651 5381 Christum,
1688 5331 1789 5385 per

191 5414 394 5483 Joseph
424 5411 733 5484 ﬁguratum,
757 5410 843 5467 cui
863 5409 1022 5481 virga
1039 5407 1309 5480 aequitatis
1340 5405 1497 5476 virga
1517 5410 1600 5459 est
1634 5403 1787 5474 regni

334 5510 577 5564 Parnon.
618 5509 797 5565 CLIII.

1891 5143 2031 5195 runt
2064 5139 2129 5193 de
2160 5138 2517 5206 inﬁrmitate,
2548 5146 2606 5191 ut
2634 5137 2936 5203 Ezechias;
2969 5139 3149 5207 fortes
3177 5138 3321 5207 facti
3350 5140 3490 5192 sunt

1890 5230 1953 5283 in
1984 5228 2124 5284 bello
2155 5226 2502 5296 complures;
2533 5229 2862 5281 everterunt
2892 5229 3083 5281 castra
3133 5229 3481 5291 exterorum,

1889 5314 1996 5369 illis
2025 5313 2263 5385 fugatis;
2295 5314 2562 5368 mulieres
2607 5317 2948 5384 acceperunt
2981 5317 3232 5368 mortuos
3263 5328 3387 5365 suos
3419 5311 3484 5365 de

1887 5404 2300 5461 resurrectione
2319 5401 2619 5471 venientes,
2632 5409 2689 5456 ut
2704 5400 2868 5458 vidua
2884 5401 3179 5471 Sareptena
3193 5415 3292 5470 per
3308 5398 3484 5452 Eliam

3257 5499 3322 5550 18
