3966 6050
410 188 514 240 555

968 186 1024 239 S.
1066 181 1419 239 BRUNONIS
1458 178 2100 237 CARTHUSIANORUM
2138 178 2620 235 INSTITUTORIS
2659 176 2812 235 OPP.
2854 178 3030 235 PARS
3070 179 3137 234 II.

3597 176 3702 228 556

412 308 580 363 ﬁlium
596 306 1255 377 unicum,etSunanimitis
1272 324 1371 378 per
1387 305 1793 361 Elisaeum.Alii
1808 308 2001 360 autem
2021 309 2074 368 Α
2110 324 2131 354 ι
2166 303 2370 375 gaudii,
2404 304 2502 359 sed
2544 303 2836 371 maeroris;
2868 311 3060 375 postea
3097 310 3274 358 autem
3318 302 3556 359 fructum
3595 321 3701 376 pa-

412 399 646 453 distenti
664 402 799 451 sunt
822 397 877 450 in
898 396 1116 461 eculeis,
1138 403 1195 450 ut
1218 404 1423 465 septem
1442 394 1760 457 Machabmi,
1775 409 1891 449 non
1912 409 2004 448 su-

410 487 715 557 scipientes
744 486 1209 555 redemptionem,
1234 484 1288 537 id
1311 491 1391 538 est
1406 482 1652 537 nolentes
1672 498 1704 536 a
1722 481 2004 536 tormentis

412 573 623 638 redimi,
639 578 705 627 ut
722 573 911 627 merito
924 572 1237 642 passionum
1254 573 1581 626 invenirent
1606 572 1895 626 meliorem
1917 576 2005 625 re-é

410 662 841 716 surrectionem.
904 660 1115 728 Quanto
1174 660 1317 713 enim
1372 658 1549 729 magis
1603 658 1724 729 quis
1768 658 1999 728 patitur,

410 756 555 804 tanto
584 749 778 804 melius
800 748 1168 804 coronabitur.
1195 749 1306 802 Alii
1337 763 1462 802 vero
1494 750 1630 802 sunt
1661 747 1886 817 experti
1919 746 2005 799 lu-

410 837 675 901 dibria,et
701 837 945 900 verbera,
966 839 1220 906 insuper,
1238 840 1293 890 et
1316 837 1545 890 vincula
1562 839 1617 889 et
1637 834 2005 899 carceres,la-

409 926 593 995 pidati
622 929 777 990 sunt,
809 926 950 979 secti
979 928 1136 989 sunt,
1170 931 1227 976 ut
1259 923 1462 988 Isaias;
1499 926 1709 977 tentati
1747 925 1901 986 sunt,
1934 936 2006 975 an

407 1012 601 1067 timore
631 1029 807 1082 poenae
836 1020 1100 1083 negarent
1123 1010 1319 1076 ﬁdem;
1354 1013 1563 1066 mortui
1596 1014 1730 1065 sunt
1760 1010 1823 1064 in
1853 1010 2003 1065 occi-

410 1101 566 1155 sione
587 1100 759 1171 gladii
782 1120 799 1166 ;
823 1101 1235 1155 circumierunt
1258 1098 1514 1170 fugiendo
1538 1099 1639 1153 hac
1661 1097 1783 1152 illac
1804 1099 1866 1152 in
1887 1113 2005 1152 me-

417 1189 564 1242 lotis.
599 1188 797 1242 Melota
824 1196 907 1241 est
937 1187 1016 1257 (ut
1044 1188 1214 1253 aiunt)
1245 1186 1627 1241 vestimentum
1658 1185 1727 1239 de
1753 1185 1876 1254 pilis
1905 1199 2002 1241 ca-

406 1276 696 1330 melorum.
731 1275 831 1331 Vel
858 1275 1034 1329 melus
1081 1274 1278 1328 animal
1321 1282 1402 1328 est
1433 1274 1581 1344 quod
1627 1273 1825 1328 dicitur
1854 1281 2000 1340 taxo,

408 1372 461 1417 et
482 1379 514 1417 a
542 1363 685 1418 melo
715 1363 913 1417 melota
943 1362 1157 1416 dicitur.
1184 1360 1574 1416 Circumierunt
1594 1361 1755 1415 etiam
1787 1363 1849 1415 in
1872 1361 2003 1431 pel-

411 1451 554 1506 libus
583 1453 855 1521 caprinis,
877 1458 1101 1521 egentes
1124 1449 1527 1519 temporalibus,
1554 1450 1870 1520 angustiati
1889 1448 2002 1503 ani-

405 1554 514 1605 mo,
534 1538 683 1609 aﬂlic
693 1539 735 1592 ti
766 1554 1015 1607 corpore,
1035 1539 1229 1609 quibus
1254 1537 1455 1592 sanctis
1477 1538 1723 1592 mundus
1744 1554 1857 1592 non
1877 1540 2002 1592 erat

2105 414 2126 438 ιι
2162 391 2498 447 catissimum
2547 392 2855 449 exercitatis
2901 409 3001 463 per
3047 408 3168 448 eam
3218 391 3407 447 reddet
3444 392 3692 461 justitim.

2107 501 2128 527 α
2163 480 2390 550 Propter
2410 480 2557 551 quod
2586 480 2845 536 remissas
2878 496 3071 535 manus
3092 488 3144 535 et
3165 479 3343 536 soluta
3379 497 3556 551 genua
3596 481 3703 536 eri-

2108 589 2129 614 α
2166 567 2296 640 gite,
2331 576 2382 623 et
2411 585 2639 639 gressus
2686 577 2864 625 rectos
2892 568 3052 624 facite
3094 568 3328 639 pedibus
3376 569 3596 635 vestris,
3646 577 3703 624 ut

2106 676 2128 705 ι
2165 672 2273 710 non
2306 656 2618 712 claudicans
2649 657 2768 729 quis
2791 665 2973 723 erret;
3005 657 3180 729 magis
3223 665 3403 711 autem
3454 665 3695 712 sanetur.

2107 764 2129 794 ι
2165 745 2361 799 Pacem
2390 744 2678 815 sequimini
2708 761 2831 800 cum
2877 745 3132 800 omnibus
3161 753 3213 799 et
3261 744 3696 815 sanctimoniam,

2108 852 2129 877 «ι
2164 830 2281 885 sine
2311 847 2417 903 qua
2447 848 2608 887 nemo
2651 832 2853 888 videbit
2900 834 3094 888 Deum.
3146 833 3588 902 Contemplantes
3632 849 3700 889 ne

2107 939 2129 965 α
2164 918 2285 990 quis
2315 920 2457 975 desit
2485 921 2669 993 gratiae
2717 921 2836 986 Dei,
2869 937 2939 976 ne
2967 937 3076 993 qua
3119 921 3271 975 radix
3320 921 3698 976 amaritudinis

2107 1028 2129 1057 ι
2166 1024 2383 1062 sursum
2429 1010 2748 1081 germinans
2794 1009 3073 1079 impediat,
3106 1017 3158 1063 et
3204 1026 3304 1079 per
3332 1009 3481 1063 illam
3512 1010 3697 1081 inqui-

2108 1117 2129 1143 u
2161 1103 2354 1150 nentur
2382 1096 2555 1152 multi.
2587 1097 2669 1152 Ne
2699 1097 2820 1169 quis
2866 1096 3157 1152 fornicator
3188 1105 3279 1151 aut
3325 1096 3609 1167 profanus,
3644 1105 3702 1152 ut

2106 1205 2128 1229 α
2164 1183 2329 1251 Esau,
2381 1185 2473 1255 qui
2513 1192 2735 1255 prOpter
2776 1200 2940 1239 unam
2986 1198 3167 1241 escam
3211 1185 3455 1239 vendidit
3500 1185 3698 1255 primi-

2107 1293 2128 1318 ιι
2165 1271 2274 1325 tiva
2304 1270 2424 1343 [al.,
2460 1272 2843 1345 primogenita]
2875 1289 2992 1327 sua.
3028 1273 3230 1327 Scitote
3269 1273 3413 1327 enim
3443 1273 3698 1343 quoniam

2107 1381 2128 1405 «ι
2165 1366 2217 1413 et
2246 1368 2438 1429 postea
2485 1360 2711 1431 cupiens
2741 1361 3065 1416 haereditare
3113 1361 3569 1427 benedictionem,
3604 1378 3698 1417 re-

2109 1468 2130 1495 α
2166 1447 2431 1516 probatus
2461 1457 2562 1503 est.
2595 1449 2721 1503 Non
2750 1448 2893 1504 enim
2914 1449 3122 1503 invenit
3147 1448 3478 1518 pmnitentim
3493 1448 3694 1514 locum,

2107 1555 2129 1583 ι
2165 1551 2473 1606 quanquam
2521 1552 2643 1591 cum
2699 1537 2955 1608 lacrymis
3014 1536 3329 1607 inquisisset
3376 1553 3519 1591 eam.
3575 1538 3698 1592 Non

405 1626 631 1696 dignus,
650 1634 705 1680 ut
734 1625 869 1679 tales
900 1626 1145 1692 haberet,
1174 1625 1261 1679 vel
1291 1624 1484 1695 quibus
1513 1623 1713 1695 dignus
1743 1640 1852 1678 non
1882 1631 2000 1678 erat
2022 1660 2073 1720 B
2106 1644 2128 1668 «ι
2165 1622 2310 1677 enim
2338 1624 2645 1679 accessistis
2672 1625 2742 1678 ad
2773 1624 3108 1680 tractabilem
3137 1632 3398 1691 montem,
3431 1632 3482 1679 et
3511 1641 3698 1680 acces-

404 1714 656 1780 mundus,
691 1713 988 1768 secundum
1030 1713 1201 1767 verba
1245 1713 1530 1781 impiorum
1561 1712 1854 1767 dicentium
1890 1727 1901 1764 :
1935 1712 2003 1765 Hi

404 1801 538 1855 tales
569 1801 1030 1871 inquinamentum
1062 1801 1248 1854 mundi
1297 1808 1440 1864 sunt,
1472 1809 1732 1870 purgetur
1769 1800 2001 1854 mundus

404 1889 471 1941 ab
489 1888 613 1942 illis.
640 1890 908 1943 Errantes
932 1891 993 1943 in
1016 1888 1418 1943 solitudinibus
1441 1897 1497 1941 ut
1517 1888 1820 1956 Matathias,
1837 1895 1890 1942 et
1911 1887 2002 1958 qui

403 1993 525 2031 cum
557 1992 622 2030 eo
654 1983 827 2043 erant,
858 1984 910 2030 et
941 1979 1001 2031 in
1033 1978 1415 2043 montibus,et
1444 1978 1506 2029 in
1536 1978 1909 2046 speluncis,et
1938 1976 2000 2029 in

404 2066 660 2119 cavernis
695 2069 881 2119 terras.
916 2064 1201 2133 Speluncae
1231 2064 1509 2117 naturales
1530 2062 1700 2118 foveae
1731 2070 1873 2117 sunt.
1898 2063 2002 2117 Ca-

402 2168 606 2215 vernae,
627 2159 744 2205 arte
775 2160 997 2206 cavatae.
1018 2153 1087 2204 Et
1121 2150 1179 2205 hi
1210 2167 1401 2205 omnes
1427 2151 1647 2220 probati
1677 2150 1999 2206 testimonio

402 2239 552 2307 ﬁdei,
578 2254 691 2292 non
723 2243 1065 2310 acceperunt
1095 2239 1605 2310 repromissionem,
1622 2237 1676 2291 id
1698 2246 1781 2292 est
1809 2253 1999 2308 repro-

403 2325 625 2379 missam
646 2325 1161 2394 haereditatem,Deo
1190 2326 1515 2397 providente
1546 2326 1761 2396 aliquid
1790 2326 1997 2380 melius

397 2430 498 2484 pro
528 2414 704 2478 nobis,
731 2414 938 2468 scilicet
965 2418 1031 2468 ut
1062 2414 1277 2483 priores
1300 2413 1474 2468 sancti
1495 2430 1609 2468 non
1640 2429 1998 2468 consumma-

400 2506 606 2556 rentur
630 2502 684 2554 in
707 2501 1402 2571 perfectionejucunditatis
1423 2502 1545 2556 sine
1575 2501 1750 2558 nobis.
1773 2501 1830 2555 Si
1851 2501 1997 2556 enim

400 2589 516 2642 sine
530 2589 787 2664 406
804 2589 1081 2643 incarnato
1094 2589 1310 2643 Christo
1326 2589 1634 2658 acciperent
1651 2588 1725 2643 illi
1739 2596 1995 2643 aeternam

398 2676 804 2730 beatitudinem.
839 2677 1085 2730 Christus
1133 2692 1242 2731 non
1272 2677 1666 2741 incarnaretur,
1701 2676 1829 2747 quia
1873 2676 1994 2730 fru-

399 2772 528 2829 stra,
564 2779 686 2818 cum
716 2764 819 2817 alio
849 2764 1012 2818 modo
1057 2765 1205 2818 salus
1252 2764 1527 2831 existeret,
1560 2772 1614 2819 et
1659 2764 1737 2819 sic
1783 2763 1995 2835 priores

399 2852 570 2906 sancti
600 2852 938 2907 salvarentur
970 2851 1087 2906 sine
1118 2853 1300 2907 nobis.

1008 3011 1231 3066 CAPUT
1259 3011 1380 3064 ΧΙΙ.

472 3167 493 3192 u
526 3144 766 3214 Ideoque
798 3151 851 3197 et
879 3158 999 3205 nos,
1023 3150 1230 3196 tantam
1261 3142 1524 3196 habentes
1552 3141 1860 3213 impositam
1889 3159 1990 3196 nu-

401 3256 422 3281 α
458 3233 582 3287 bem
631 3232 862 3295 testium,
924 3231 1257 3301 deponentes
1308 3247 1468 3285 omne
1516 3232 1749 3301 pondus,
1784 3238 1836 3285 et
1879 3231 1990 3286 cir-

399 3345 419 3368 u
458 3328 735 3376 cumstans
773 3335 873 3373 nos
904 3327 1207 3389 peccatum,
1242 3335 1339 3389 per
1366 3320 1677 3389 patientiam
1706 3335 1989 3374 curramus

399 3430 421 3459 ι
458 3409 527 3463 ad
585 3408 921 3478 propositum
977 3407 1134 3462 nobis
1182 3415 1474 3471 certamen,
1533 3408 1888 3478 respicientes
1933 3407 1988 3460 in

399 3518 420 3543 «
454 3505 728 3552 auctorem
785 3495 929 3566 ﬁdei,
983 3504 1036 3550 et
1091 3504 1581 3550 consummatorem
1629 3497 1835 3563 Jesum,
1897 3495 1990 3566 qui

398 3606 421 3634 α
456 3585 737 3656 prOposito
766 3584 868 3639 sibi
900 3585 1097 3655 gaudio
1128 3584 1380 3638 sustinuit
1401 3600 1637 3649 crucem,
1671 3583 1990 3640 confusione

398 3696 420 3720 α
457 3680 782 3743 contempta,
815 3681 978 3743 atque
1003 3673 1057 3725 in
1087 3672 1311 3731 dextera
1342 3672 1487 3726 sedis
1534 3672 1634 3727 Dei
1667 3673 1836 3727 sedet.
1876 3672 1989 3727 Re-

398 3784 419 3808 «
454 3762 690 3832 cogitate
721 3761 863 3815 enim
910 3776 1029 3814 eum
1064 3760 1157 3829 qui
1187 3760 1350 3814 talem
1396 3759 1646 3813 sustinuit
1674 3776 1705 3813 a
1731 3767 1988 3830 peccato-

398 3849 603 3902 «ribus
655 3850 919 3902 adversus
974 3848 1325 3917 semetipsum
1374 3847 1879 3913 contradictionem,
1931 3855 1990 3902 ut

398 3958 419 3983 α
455 3952 564 3991 non
597 3935 898 4007 fatigemini
928 3934 1123 3989 animis
1154 3935 1352 3990 vestris
1374 3934 1710 3991 deficientes.
1733 3937 1990 3991 Nondum

397 4044 420 4074 ι
456 4023 600 4078 enim
626 4040 800 4095 usque
822 4024 891 4078 ad
921 4023 1243 4095 sanguinem
1266 4023 1559 4092 restitistis,
1580 4024 1842 4080 adversus
1861 4041 1990 4095 pec-

397 4133 419 4162 «
455 4119 633 4167 catum
680 4120 1071 4184 repugnantes,
1107 4119 1159 4166 et
1199 4112 1353 4165 obliti
1397 4112 1528 4166 estis
1574 4112 1984 4181 consolationis,

398 4224 419 4247 α
457 4217 575 4271 quae
631 4200 784 4256 vobis
834 4208 1089 4270 tanquam
1138 4198 1260 4253 ﬁliis
1309 4199 1565 4271 loquitur,
1617 4201 1805 4256 dicens
1838 4218 1853 4256 :
1886 4200 1988 4256 Fili

401 4311 421 4335 α
457 4289 552 4353 mi,
577 4288 688 4343 noli
715 4288 999 4359 negligere
1028 4287 1369 4357 disciplinam
1400 4288 1632 4354 Domini,
1658 4305 1837 4360 neque
1866 4288 1987 4345 fati-

2107 1732 2129 1756 α
2166 1710 2379 1765 sibilem
2410 1712 2614 1784 ignem,
2648 1719 2700 1766 et
2730 1712 3021 1778 turbinem,
3056 1720 3107 1767 et
3139 1712 3450 1782 caliginem,
3485 1720 3534 1769 et
3566 1728 3696 1783 pro-

2106 1821 2128 1845 «
2167 1798 2378 1868 cellam,
2400 1808 2453 1853 et
2482 1800 2625 1855 tubas
2643 1816 2858 1867 sonum,
2878 1808 2931 1854 et
2960 1815 3150 1855 vocem
3168 1801 3457 1855 verborum
3483 1820 3498 1867 ;
3531 1817 3696 1871 quam

2105 1907 2127 1936 ι
2163 1887 2255 1957 qui
2312 1888 2634 1954 audierunt,
2693 1896 3092 1944 excusaverunt
3148 1905 3246 1954 se,
3292 1905 3361 1942 ne
3411 1889 3489 1943 eis
3548 1888 3697 1943 fieret

2105 1995 2127 2024 ι
2162 1975 2405 2029 verbum.
2458 1977 2580 2031 Non
2637 1977 2779 2031 enim
2825 1977 3115 2046 portabant
3165 1976 3310 2047 quod
3368 1977 3691 2032 dicebatur:

2104 2085 2126 2109 ι
2164 2064 2231 2117 Et
2261 2063 2306 2121 si
2336 2064 2508 2118 bestia
2538 2064 2782 2136 tetigerit
2826 2072 3085 2134 montem,
3129 2064 3476 2134 lapidabitur.
3525 2066 3592 2119 Et
3618 2063 3696 2118 ita

2104 2170 2127 2201 ι
2162 2151 2395 2206 terribile
2428 2160 2544 2206 erat
2589 2153 2734 2223 quod
2763 2152 3067 2208 videbatur.
3121 2153 3337 2224 Moyses
3367 2152 3499 2205 dixit
3535 2168 3547 2205 :
3582 2154 3695 2208 Ex-

2104 2258 2125 2288 ι
2163 2238 2380 2293 territus
2426 2255 2545 2292 sum
2577 2247 2632 2293 et
2658 2240 3070 2294 tremebundus.
3121 2240 3228 2295 Sed
3274 2240 3579 2295 accessistis
3624 2240 3693 2294 ad

2104 2346 2125 2375 ι
2160 2326 2288 2380 Sion
2320 2336 2556 2381 montem
2589 2335 2641 2381 et
2669 2327 2937 2383 civitatem
2985 2328 3085 2382 Dei
3115 2327 3348 2383 viventis
3396 2328 3693 2382 Jerusalem

2103 2436 2125 2464 «
2161 2414 2459 2480 caelestem,
2493 2424 2546 2469 et
2586 2415 2882 2470 multorum
2928 2416 3157 2469 millium
3205 2416 3533 2487 angelorum
3580 2415 3695 2470 fre-

2102 2523 2124 2552 ι
2157 2502 2451 2573 quentiam,
2501 2510 2553 2558 et
2596 2503 2896 2558 Ecclesiam
2944 2503 3356 2574 primitivorum,
3414 2504 3506 2575 qui
3556 2519 3693 2559 con-

2101 2614 2122 2637 α
2157 2591 2345 2660 scripti
2372 2598 2498 2645 sunt
2527 2591 2582 2644 in
2629 2592 2801 2659 cmlis,
2837 2599 2889 2646 et
2930 2592 3171 2660 judicem
3218 2592 3461 2646 omnium
3492 2592 3688 2659 Deum,

2101 2699 2123 2728 ι
2158 2686 2211 2733 et
2242 2678 2489 2748 spiritum
2521 2678 2761 2750 [spiritus
2790 2680 2877 2735 vel
2902 2679 3207 2751 spirituum]
3251 2680 3516 2748 justorum
3558 2697 3692 2751 per-

2101 2787 2123 2816 ι
2158 2765 2443 2835 fectorum,
2474 2774 2527 2821 et
2552 2767 2884 2822 Testamenti
2911 2767 3054 2822 Novi
3082 2767 3436 2822 mediatorem
3466 2769 3687 2835 Jesum;

2099 2877 2121 2903 α
2158 2861 2212 2909 et
2240 2854 2524 2926 sanguinis
2554 2856 2929 2926 aspersionem
2959 2855 3154 2911 melius
3183 2856 3495 2927 loquentem
3526 2872 3689 2927 quam

2099 2963 2121 2992 ι
2158 2942 2314 2997 Abel.
2348 2943 2537 2998 Videte
2562 2959 2633 2999 ne
2661 2943 2923 2999 recusetis
2954 2943 3285 3015 loquentem.
3341 2944 3397 2999 Si
3428 2944 3570 2999 enim
3614 2944 3692 2999 illi

2024 3006 2070 3067 Ο
2095 3054 2116 3078 «ι
2150 3046 2259 3085 non
2289 3030 2600 3103 effugerunt
2645 3039 2963 3087 recusantes
2994 3048 3136 3098 eum,
3171 3032 3262 3104 qui
3293 3048 3460 3103 super
3490 3040 3684 3087 terram

2097 3144 2119 3167 ε
2151 3118 2491 3191 loquebatur,
2523 3119 2691 3175 multo
2722 3120 2900 3193 magis
2929 3136 3030 3175 nos
3060 3120 3153 3191 qui
3183 3120 3252 3175 de
3287 3119 3440 3175 ccelis
3470 3121 3694 3192 loquen-

2095 3228 2117 3257 ε
2154 3214 2262 3261 tem
2319 3208 2476 3262 nobis
2524 3208 2870 3275 advertimus,
2922 3209 3077 3277 cujus
3124 3224 3228 3263 vox
3275 3209 3443 3263 movit
3489 3217 3688 3264 terram

2094 3318 2115 3342 ιι
2150 3303 2315 3362 tunc;
2348 3312 2493 3351 nunc
2520 3304 2699 3350 autem
2730 3296 3075 3367 repromittit,
3111 3296 3297 3351 dicens
3331 3313 3345 3350 :
3380 3296 3571 3352 Adhuc
3603 3313 3690 3351 se-

2094 3405 2115 3429 u
2152 3383 2281 3449 mel,
2315 3391 2368 3438 et
2412 3400 2514 3455 ego
2562 3384 2795 3439 movebo
2844 3400 2955 3439 non
3003 3384 3177 3439 solum
3226 3392 3449 3454 terram,
3483 3384 3580 3439 sed
3629 3393 3682 3440 et

2094 3490 2117 3520 ι
2152 3472 2369 3526 coelum.
2406 3471 2567 3539 Quod
2609 3480 2791 3527 autem
2820 3472 2997 3528 adhuc
3045 3472 3216 3527 semel
3265 3472 3412 3541 dicit,
3448 3472 3691 3529 declarat

2094 3582 2115 3606 ιι
2150 3560 2428 3615 mobilium
2483 3560 2907 3629 translationem,
2959 3568 3212 3632 tanquam
3260 3558 3527 3616 factorum
3576 3559 3689 3632 [fa-

2094 3668 2115 3697 ι
2151 3646 2380 3719 cturam]
2411 3655 2467 3703 ut
2487 3656 2744 3703 maneant
2764 3664 2830 3704 ea
2860 3664 2980 3720 quae
3003 3656 3126 3703 sunt
3146 3648 3466 3703 immobilia.
3499 3649 3689 3719 Itaque

2091 3756 2114 3786 ι
2150 3752 2375 3808 regnum
2406 3736 2681 3791 immobile
2727 3735 3105 3807 suscipientes,
3137 3737 3403 3793 habemus
3453 3736 3688 3808 [habea-

2093 3843 2115 3874 ι
2150 3823 2294 3895 mus]
2347 3825 2599 3897 gratiam,
2650 3842 2751 3896 per
2798 3841 2960 3896 quam
3017 3825 3339 3893 serviamus,
3403 3824 3683 3895 placentes

2094 3933 2115 3958 ε
2150 3912 2265 3967 Deo
2298 3928 2419 3968 cum
2450 3920 2596 3968 metu
2625 3920 2678 3967 et
2708 3912 3037 3969 reverentia.
3077 3912 3295 3969 Etenim
3323 3914 3471 3969 Deus
3496 3922 3687 3969 noster

2093 4020 2114 4046 «
2150 3998 2293 4071 ignis
2325 4016 2653 4057 consumens
2683 4008 2785 4056 est.
2821 4020 2844 4050 ι

2715 4183 3030 4226 EXPOSITIO.

2157 4281 2421 4337 Adductis
2480 4289 2555 4337 tot
2602 4282 3163 4338 commendationibus
3208 4282 3355 4351 ﬁdei,
3404 4282 3567 4341 infert
3618 4299 3687 4340 ex

399 4397 421 4423 «ι
458 4376 624 4446 geris,
676 4357 811 4430 dum
854 4357 922 4429 ab
970 4391 1035 4431 eo
1081 4376 1350 4446 argueris.
1395 4375 1567 4443 Quem
1619 4357 1765 4431 enim
1812 4377 1989 4447 diligit
2014 4357 2336 4425 Domnibus
2367 4388 2380 4425 :
2416 4369 2871 4442 Quandoquidem
2900 4371 3037 4427 fides
3066 4379 3145 4426 tot
3174 4371 3496 4427 testimoniis
3525 4388 3683 4427 com-

398 4486 420 4510 α
457 4463 740 4527 Dominus,
776 4463 1039 4533 castigat;
1074 4464 1311 4534 ﬂagellat
1341 4472 1524 4519 autem
1573 4480 1788 4519 omnem
1819 4462 1986 4519 filium

398 4572 420 4597 α
456 4567 617 4621 quem
645 4551 856 4621 recipit.
891 4552 949 4604 In
981 4551 1271 4621 disciplina
1298 4559 1664 4622 perseverate.
1706 4554 1986 4623 Tanquam

398 4661 418 4685 «ι
454 4637 577 4693 ﬁliis
607 4639 761 4693 vobis
790 4637 947 4693 offert
979 4655 1037 4693 se
1068 4640 1234 4693 Deus.
1286 4639 1420 4708 Quis
1451 4640 1594 4695 enim
1624 4638 1787 4705 filius,
1823 4655 1985 4710 quem

396 4748 418 4774 α
453 4742 563 4781 non
592 4727 816 4798 corripit
845 4734 999 4797 pater
1017 4726 1045 4780 7
1076 4726 1216 4794 Quia
1238 4726 1283 4781 si
1298 4736 1449 4782 extra
1467 4727 1809 4798 disciplinam
1830 4727 1979 4795 estis,

396 4839 416 4862 ιι
453 4816 604 4884 Cujus
632 4815 919 4886 participes
949 4815 1073 4870 facti
1123 4822 1247 4869 sunt
1292 4831 1502 4885 omnes,
1547 4831 1679 4887 ergo
1727 4814 1980 4882 adulteri,

397 4926 419 4951 α
453 4913 505 4958 et
562 4920 671 4958 non
726 4903 821 4957 ﬁlii
878 4903 1026 4958 estis.
1072 4904 1283 4957 Deinde
1328 4912 1509 4973 patres
1539 4903 1756 4974 quidem
1805 4904 1983 4958 carnis

393 5014 415 5039 «
452 5000 649 5047 nostra:
678 4992 980 5047 eruditores
1011 4992 1318 5059 habuimus,
1354 4999 1406 5046 et
1449 4992 1833 5046 reverebamur
1863 5008 1979 5047 eos.

395 5101 415 5129 α
452 5082 593 5134 Num
650 5080 801 5151 [non]
856 5080 1023 5134 multo
1072 5080 1250 5150 magis
1299 5080 1795 5148 obtemperabimus
1840 5079 1982 5149 patri

392 5190 413 5213 ‹‹
450 5168 752 5237 spirituum,
788 5175 839 5221 et
870 5168 1113 5222 vivemus
1135 5168 1161 5220 ‘I
1194 5167 1260 5219 Et
1290 5167 1365 5220 illi
1397 5166 1615 5238 quidam
1654 5167 1709 5221 in
1738 5176 1981 5238 tempore

391 5279 411 5302 α
448 5272 741 5326 paucorum
787 5255 1019 5322 dierum,
1075 5254 1370 5308 secundum
1421 5254 1753 5309 voluntatem
1800 5271 1975 5321 suam,

390 5366 413 5395 ‹
447 5345 765 5398 erudiebant
794 5358 893 5396 nos
926 5357 938 5395 :
970 5342 1057 5396 hic
1088 5350 1266 5396 autem
1297 5342 1367 5396 ad
1392 5341 1446 5396 id
1477 5343 1620 5412 quod
1652 5342 1783 5398 utile
1813 5352 1895 5398 est
1923 5344 1981 5397 in

387 5454 408 5478 α
444 5432 758 5502 recipiendo
814 5427 1288 5484 sanctiﬁcationem
1351 5430 1487 5499 ejus.
1562 5430 1753 5486 Omnis
1799 5439 1979 5487 autem

389 5541 410 5567 α
445 5520 731 5591 disciplina
767 5518 821 5574 in
868 5517 1126 5590 prmsenti
1172 5518 1391 5591 quidem
1438 5518 1651 5577 videtur
1698 5534 1808 5577 non
1854 5535 1978 5577 esse

2086 4459 2411 4513 mendabilis
2441 4467 2544 4525 est,
2574 4460 2698 4515 ideo
2727 4459 2864 4516 sicut
2888 4460 3118 4530 priores,
3152 4460 3227 4516 ita
3251 4464 3307 4516 et
3334 4477 3436 4517 nos
3468 4460 3682 4516 haben-

2087 4551 2170 4602 tes
2200 4551 2424 4602 tantam
2466 4548 2671 4603 nubem
2700 4549 2954 4614 testium,
2989 4548 3486 4605 commendantium
3517 4547 3683 4603 fidem

2083 4635 2391 4705 impositam
2421 4634 2598 4691 nobis.
2630 4636 2844 4691 Nubem
2872 4636 2997 4692 ideo
3025 4637 3173 4705 dicit,
3199 4636 3328 4709 quia
3353 4637 3492 4692 sicut
3510 4636 3684 4692 nubes

2083 4722 2149 4777 ab
2177 4732 2311 4778 aastu
2338 4724 2577 4796 protegit
2605 4733 2658 4779 et
2686 4724 2885 4795 pluvia,
2929 4725 3010 4781 sic
3062 4724 3409 4796 praefatorum
3458 4732 3683 4781 sancto-

2083 4828 2204 4865 rum
2233 4812 2483 4883 exempla
2510 4813 2759 4868 muniunt
2786 4829 2888 4868 nos
2918 4822 3110 4869 contra
3137 4813 3403 4869 irruentia
3429 4813 3676 4870 407

2081 4899 2242 4954 mala.
2275 4901 2389 4955 Nos
2422 4901 2585 4955 etiam
2614 4900 2754 4957 sicut
2783 4901 2861 4955 illi
2888 4902 3231 4973 deponentes
3258 4918 3357 4973 per
3403 4902 3679 4972 pmniten-

2081 4987 2205 5041 tiam
2235 5005 2401 5045 omne
2425 4990 2642 5055 pondus
2668 4990 2879 5059 peccati
2905 4989 3051 5060 quod
3081 4989 3538 5061 perpetravimus,
3572 4989 3677 5045 de-

2079 5085 2344 5147 ponentes
2365 5077 2524 5132 etiam
2550 5082 2849 5149 peccatum
2878 5095 2978 5135 nos
3009 5079 3387 5134 circumstans
3417 5077 3675 5149 undique,

2079 5165 2135 5219 id
2167 5172 2249 5219 est
2277 5180 2491 5219 omnem
2522 5182 2741 5236 pravam
2765 5166 3173 5239 suggestionem
3202 5182 3305 5237 per
3330 5166 3677 5238 patientiam

2078 5269 2394 5321 curramus,
2429 5269 2538 5307 non
2569 5253 2755 5309 reﬂexi
2774 5255 2967 5310 abono
2998 5258 3291 5310 certamen
3318 5254 3673 5326 propositum

2077 5342 2259 5408 nobis,
2290 5357 2401 5397 non
2430 5342 2575 5397 enim
2602 5343 2671 5397 ad
2699 5342 2994 5399 blanditias
3024 5342 3202 5399 vocati
3233 5358 3437 5408 sumus,
3474 5341 3571 5395 sed
3600 5340 3672 5395 ad

2076 5429 2391 5485 tolerandos
2448 5431 2685 5485 labores.
2745 5431 3061 5501 Curramus,
3114 5430 3360 5503 inquam,
3412 5428 3678 5485 imitando

2076 5520 2417 5591 aspicientes
2436 5521 2500 5576 in
2518 5520 2710 5577 Iesum
2728 5523 3019 5579 auctorem
3036 5519 3171 5590 ﬁdei
3180 5525 3399 5586 nostrae,
3419 5517 3476 5575 id
3487 5516 3677 5590 estqui
