3966 6050
273 188 379 241 55⁸7

923 183 1299 241 EXPOSITIO
1330 184 1403 240 IN
1440 182 1819 241 EPISTOLAS
1866 183 2091 239 PAULI.
2124 213 2193 224 —
2222 181 2296 237 IN
2328 182 2545 238 EPIST.
2596 184 2690 238 AD
2739 183 2940 239 HEBR.

3468 189 3571 241 558

282 326 386 365 nos
416 308 810 365 consummabit
839 309 893 363 in
924 309 1119 383 gloria,
1152 310 1198 364 si
1225 309 1361 365 fides
1391 318 1577 365 nostra
1625 308 1885 381 perduret
1906 312 1957 372 Α
1987 308 2091 363 nisi
2119 316 2317 379 praesto
2347 307 2413 362 sit
2443 307 2616 378 gratia
2648 308 2767 363 Dei.
2804 307 3158 379 Disciplinam
3182 308 3303 364 dico
3321 324 3429 364 non
3450 325 3575 379 per-

286 399 520 470 integra.
550 399 653 465 Qui
672 399 832 453 Jesus
861 401 1137 455 sustinuit
1161 414 1405 465 crucem,
1430 402 1757 470 contempta
1773 414 1882 453 non

285 495 491 541 tantum
520 486 837 551 acerbitate,
865 487 961 542 sed
991 488 1149 543 etiam
1180 490 1530 558 confusione,
1553 487 1605 541 id
1637 494 1719 541 est
1753 503 1881 541 eru-

285 575 568 631 bescentia
596 575 664 629 de
694 575 1060 645 ignominioso
1091 592 1295 649 genere
1344 576 1551 630 mortis.
1596 575 1879 639 Sustinuit,

289 664 532 735 inquam,
567 664 768 735 gaudio
798 665 1079 735 proposito
1110 664 1215 719 sibi
1243 664 1298 719 in
1330 664 1508 736 gloria
1533 663 1723 718 merito
1752 679 1883 734 pas—

290 752 479 807 sionis.
517 752 632 815 Vel,
658 752 938 821 proposito
969 752 1071 806 sibi
1098 760 1315 807 terreno
1337 753 1556 824 gaudio,
1583 752 1637 806 id
1669 760 1750 806 est
1779 760 1887 806 ter-

288 840 439 894 renis
498 839 839 895 facultatibus
915 841 1205 911 propositis
1252 842 1354 895 sibi
1401 857 1433 896 a
1478 839 1887 896 crucitixoribus

291 928 425 994 suis,
458 928 504 982 si
534 928 695 983 vellet
726 944 785 983 se
813 928 1026 983 diffiteri
1056 929 1247 983 Filium
1276 929 1397 984 Dei.
1432 932 1603 1001 Atque
1623 929 1745 984 ideo
1766 929 1889 999 quia

292 1032 510 1071 crucem
542 1016 813 1081 sustinuit,
847 1016 1223 1072 confusionem
1272 1018 1614 1088 contempsit,
1646 1018 1795 1073 sedet
1828 1018 1889 1071 in

293 1105 534 1159 dextera
562 1104 728 1170 sedis,
764 1104 818 1158 id
848 1113 930 1159 est
958 1105 1014 1158 in
1043 1105 1353 1176 aequalitate
1382 1106 1621 1160 sedentis
1652 1105 1751 1160 Dei
1782 1107 1890 1160 Pa-

295 1193 414 1248 tris.
447 1194 737 1247 Curramus
788 1193 1126 1263 propositum
1170 1202 1449 1249 certamen
1495 1195 1767 1249 imitantes
1796 1194 1891 1248 Je-

295 1297 438 1347 sum,
472 1282 564 1352 qui
612 1288 921 1351 contempta
965 1281 1281 1337 confusione
1331 1282 1584 1337 sustinuit
1630 1298 1890 1348 crucem;

296 1385 441 1435 eum,
466 1369 707 1440 inquam,
733 1369 960 1439 aspicite
988 1385 1205 1424 crucem
1229 1370 1282 1423 in
1304 1378 1479 1425 morte
1500 1370 1852 1424 sustinentem
1877 1386 1892 1434 ;

296 1458 605 1526 recogitate
636 1458 797 1512 etiam
829 1459 1086 1513 eumdem
1115 1459 1299 1513 Jesum
1330 1460 1426 1530 qui
1457 1459 1733 1513 sustinuit
1763 1474 1896 1512 eon-

301 1544 720 1611 tradictionem,
746 1553 803 1599 ut
834 1546 972 1600 sicut
1001 1546 1055 1599 in
1085 1554 1280 1611 morte,
1317 1548 1395 1602 sic
1425 1546 1585 1601 etiam
1615 1545 1900 1601 imitemini

1984 404 2315 463 secutorum,
2369 397 2467 451 sed
2513 398 2785 464 Domini;
2818 397 2921 467 ipsi
2970 397 3112 451 enim
3162 396 3295 451 nihil
3350 405 3578 468 possunt

1984 486 2088 540 nisi
2120 503 2184 540 ex
2232 485 2596 556 permissione
2645 485 2766 552 Dei,
2808 487 2910 541 hoc
2957 486 3118 541 modo
3166 502 3406 558 purgare
3438 485 3577 541 filios

1985 591 2111 629 suos
2134 574 2384 629 volentis.
2420 574 2544 628 Noli
2576 574 2858 645 negligere
2888 574 3251 643 disciplinam,
3284 591 3458 646 neque
3490 578 3579 644 fa-

1989 664 2201 733 tigeris,
2235 663 2290 716 id
2321 670 2401 717 est
2429 678 2497 716 ne
2528 661 2702 715 fessus
2734 662 2974 733 refugias
3002 663 3111 732 pati
3141 662 3275 718 dum
3302 665 3576 733 argueris,

1986 751 2041 805 id
2071 758 2153 806 est
2182 767 2309 805 reus
2340 766 2461 805 esse
2493 750 2835 805 convinceris
2865 768 2898 805 a
2945 754 3051 806 Deo
3100 767 3199 821 per
3238 752 3380 805 hanc
3409 750 3580 805 disci-

1987 839 2193 910 plinam
2223 838 2538 910 indulgente
2570 838 2684 892 tibi.
2720 840 2822 892 Per
2852 839 2988 893 hanc
3018 838 3181 893 etiam
3214 838 3579 908 disciplinam,

1989 928 2151 981 homo
2179 934 2231 981 et
2260 926 2604 997 fragilitatem
2629 944 2783 981 suam
2812 927 3111 997 cognoscit,
3147 936 3198 981 et
3220 928 3289 997 (si
3318 927 3585 998 patienter

1990 1016 2276 1085 sustineat)
2334 1015 2723 1087 indulgentiam
2786 1022 3129 1085 promeretur
3188 1016 3255 1070 de
3311 1016 3574 1086 peccatis.

1992 1103 2236 1159 408
2261 1104 2384 1158 Non
2412 1103 2579 1158 debes
2599 1103 2812 1175 fatigari
2839 1104 2965 1157 dum
2986 1103 3256 1176 argueris,
3286 1121 3413 1160 eum
3433 1106 3585 1159 enim

1993 1209 2155 1265 quem
2185 1192 2371 1262 diligit
2398 1194 2671 1248 Dominus
2699 1192 2960 1263 castigat,
2994 1192 3046 1246 id
3088 1193 3235 1247 estin
3264 1193 3505 1247 castitate
3534 1200 3589 1247 et

1993 1280 2319 1337 continentia
2380 1280 2633 1335 vitiorum
2691 1296 2788 1350 per
2856 1280 3196 1351 disciplinam
3246 1281 3405 1353 agit;
3438 1281 3587 1335 illum

1994 1386 2158 1441 quem
2178 1368 2370 1438 diligit,
2392 1368 2639 1438 castigat,
2666 1385 2887 1423 omnem
2910 1374 3102 1425 autem
3128 1370 3313 1437 filium
3331 1386 3491 1441 quem
3506 1386 3587 1425 re-

1995 1460 2154 1529 cipit,
2187 1456 2500 1527 priusquam
2532 1456 2775 1527 recipiat,
2800 1458 3075 1528 ﬂagellat.
3110 1457 3259 1513 Licet
3290 1458 3432 1512 enim
3460 1474 3587 1528 pec-

1998 1554 2113 1602 cata
2142 1545 2391 1611 dimittat,
2428 1546 2560 1599 nulli
2598 1553 2778 1600 tamen
2809 1562 2969 1615 poena
2992 1545 3302 1615 remittitur,
3346 1546 3472 1616 quin
3503 1545 3590 1600 vel

299 1649 423 1688 eum
453 1634 507 1687 in
537 1634 793 1703 patienda
825 1634 1271 1689 contradictione.
1320 1634 1595 1705 Quidquid
1643 1634 1895 1689 adversi-
1916 1671 1968 1729 B
1997 1632 2051 1688 in
2080 1634 2180 1688 hac
2210 1634 2340 1700 vita,
2373 1633 2461 1689 vel
2491 1633 2545 1686 in
2594 1632 2774 1687 futura
2823 1634 3077 1703 solvatur,
3111 1634 3197 1688 vel
3241 1634 3308 1688 ab
3339 1634 3456 1703 ipso
3486 1635 3591 1689 lio-

304 1721 430 1776 tatis
458 1721 579 1776 tulit
606 1723 766 1776 Jesus
794 1738 967 1793 usque
996 1723 1064 1776 ad
1111 1724 1300 1777 horam
1330 1723 1600 1793 passionis
1628 1722 1898 1795 significat

300 1810 393 1864 hic
436 1826 538 1879 per
585 1810 1086 1865 contradictionem.
1122 1811 1220 1866 Vel
1264 1811 1310 1864 si
1346 1811 1578 1865 habetur
1621 1812 1792 1877 enim,
1827 1810 1900 1864 ita

297 1898 575 1969 jungatur.
611 1898 830 1952 Debetis
861 1898 1109 1969 aspicere
1157 1899 1341 1953 Jesum
1374 1899 1726 1954 sustinentem
1774 1915 1900 1953 cru-

307 2000 447 2051 cem,
479 2001 602 2039 nam
633 1985 793 2039 etiam
823 1987 929 2041 hoc
958 1986 1102 2056 quod
1124 1986 1177 2039 in
1210 1987 1426 2041 Christo
1455 1986 1632 2040 minus
1662 1994 1761 2053 est,
1797 1986 1902 2041 sci-

308 2072 436 2128 licet
466 2073 954 2128 contradictionem
996 2089 1160 2144 quam
1192 2074 1462 2139 sustinuit,
1498 2074 1815 2145 recogitate,
1849 2073 1904 2127 id

309 2169 392 2215 est
419 2162 735 2232 frequenter
763 2161 974 2216 debetis
1000 2162 1258 2216 mandare
1291 2163 1591 2217 memoriae.
1625 2162 1784 2230 Quod
1830 2162 1905 2215 ita

311 2249 387 2303 ait
421 2264 433 2301 :
468 2250 783 2321 Recogitate
811 2251 995 2304 Jesum
1024 2250 1118 2321 qui
1150 2251 1401 2305 sustinuit
1422 2250 1907 2306 contradictionem

310 2337 491 2401 talem,
548 2337 605 2390 id
661 2345 744 2390 est
799 2338 938 2392 adeo
995 2338 1454 2408 contemptibilem
1508 2346 1560 2393 et
1613 2337 1904 2407 difﬁcilem,

313 2426 570 2496 quodque
599 2426 777 2496 magis
809 2425 982 2495 potuit
1011 2442 1243 2497 gravare
1271 2443 1412 2491 eum,
1448 2427 1566 2497 ipse
1597 2428 1687 2498 qui
1717 2442 1908 2497 pecca-

314 2520 430 2567 tum
458 2528 566 2567 non
596 2514 764 2577 novit,
797 2513 999 2567 illatam
1030 2513 1132 2567 sibi
1160 2530 1189 2567 a
1217 2515 1597 2583 peccatoribus
1636 2514 1907 2580 sustinuit,

315 2617 427 2655 non
456 2601 723 2655 adversus
753 2602 987 2671 Petrum,
1026 2602 1112 2655 vel
1143 2602 1440 2672 quemlibet
1496 2602 1909 2672 discipulorum,

318 2689 417 2743 sed
445 2689 711 2744 adversus
732 2692 1120 2760 semetipsum.
1145 2690 1482 2762 Recogitate,
1506 2690 1749 2761 inquam,
1775 2691 1915 2745 hanc

318 2777 820 2843 contradictionem,
844 2777 911 2831 ad
942 2779 1065 2841 hoc,
1089 2782 1155 2832 ut
1187 2794 1460 2834 memores
1488 2779 1602 2847 ejus
1630 2795 1745 2835 non
1774 2780 1915 2848 fati-

319 2866 556 2935 gemini,
588 2865 643 2918 id
675 2874 755 2919 est
785 2881 853 2920 ne
883 2865 999 2919 sitis
1029 2865 1159 2920 fessi
1189 2866 1443 2936 patiendo
1472 2866 1718 2932 adversa,
1750 2866 1838 2921 vel
1871 2866 1916 2919 si

319 2952 624 3025 fatigamini
654 2969 903 3023 corpore,
930 2970 999 3008 ne
1021 2952 1324 3026 fatigemini
1354 2956 1417 3009 in
1448 2957 1657 3010 animis
1690 2956 1914 3022 vestris,

321 3022 611 3097 sed-carne
652 3022 866 3095 infirma
912 3022 1146 3111 spiritus
1178 3050 1360 3097 tamen
1405 3043 1636 3113 prompti
1686 3043 1810 3096 sint.
1863 3022 1987 3097 SiG

323 3131 469 3185 enim
498 3137 647 3184 tanta
676 3130 743 3184 sit
772 3130 1129 3185 contradictio
1166 3138 1223 3184 ut
1250 3130 1544 3201 fatigentur
1572 3131 1755 3195 animi,
1781 3131 1919 3185 sicut

321 3219 470 3273 idem
500 3218 696 3273 Paulus
724 3218 792 3272 de
823 3235 883 3272 se
909 3218 982 3272 ait
1013 3236 1026 3271 :
1068 3242 1088 3265 α
1123 3218 1345 3274 Gravati
1385 3236 1571 3273 sumus
1601 3235 1766 3289 supra
1795 3235 1918 3274 mo-

324 3307 475 3371 dum,
507 3306 581 3361 ita
608 3314 665 3360 ut
694 3306 892 3363 tadeat
936 3322 1035 3361 nos
1067 3306 1251 3361 vivere
1279 3308 1359 3376 (II
1395 3306 1514 3363 Cor.
1550 3323 1587 3371 ι,
1623 3308 1715 3377 8);
1754 3328 1776 3356 ›
1810 3323 1922 3362 non

324 3403 509 3449 tamen
555 3393 891 3461 deﬁcientes,
943 3394 1081 3449 sicut
1123 3411 1224 3449 nec
1269 3396 1466 3449 Paulus
1530 3394 1744 3462 defecit,
1796 3394 1921 3450 licet

324 3483 583 3555 fatigatus
613 3491 756 3538 esset
804 3483 1035 3538 animus.
1070 3483 1394 3552 Deﬁcerent,
1430 3484 1475 3537 si
1505 3484 1700 3538 timore
1746 3484 1922 3538 tribu—

326 3573 589 3627 lationum
620 3572 784 3626 fidem
812 3580 1099 3644 negarent,
1133 3573 1342 3627 debetis
1371 3573 1555 3643 utique
1584 3573 1702 3627 sine
1733 3572 1923 3643 fatiga-

328 3661 478 3716 tione
514 3669 566 3715 et
608 3660 824 3715 defectu
854 3661 1124 3716 sustinere
1149 3702 1163 3729 ,
1216 3663 1348 3733 quia
1397 3668 1450 3715 et
1508 3660 1552 3714 si
1597 3662 1919 3727 restitistis,

331 3749 586 3805 nondum
616 3757 796 3803 tamen
816 3765 988 3821 usque
1018 3749 1089 3805 ad
1119 3751 1473 3820 sanguinem,
1506 3749 1560 3803 id
1582 3756 1664 3803 est
1684 3749 1925 3804 nondum

335 3836 539 3893 effusus
569 3845 650 3891 est
679 3837 901 3909 sanguis
929 3844 1131 3904 vester,
1166 3837 1311 3908 quod
1341 3837 1387 3891 si
1424 3844 1657 3907 oportet,
1690 3852 1789 3907 pro
1819 3836 1926 3891 fide

332 3926 644 3997 patiendum
673 3933 773 3980 est.

402 4014 657 4069 Nondum
684 4030 859 4085 usque
887 4013 955 4069 ad
984 4012 1371 4069 effundendum
1412 4012 1734 4085 sanguinem
1766 4012 1927 4068 resti—

335 4102 493 4171 tistis,
507 4110 798 4158 vostamen
818 4106 1205 4174 repugnantes
1222 4103 1488 4158 adversus
1504 4105 1802 4172 peccatum
1820 4121 1838 4167 ;
1857 4101 1929 4155 ita

335 4191 524 4247 dicens
553 4190 610 4244 in
637 4190 809 4245 altero
855 4190 1040 4245 laudat
1067 4206 1162 4245 eos
1193 4190 1320 4261 quia
1364 4196 1822 4260 repugnaverunt.
1870 4190 1929 4244 In

337 4280 508 4335 altero
553 4279 786 4333 ostendit
828 4279 1006 4333 adhuc
1051 4293 1213 4347 posse
1261 4278 1581 4344 ascendere,
1624 4277 1833 4332 scilicet
1862 4276 1933 4331 ad

1998 1722 2143 1776 mine
2175 1729 2478 1791 spontanee
2518 1721 2812 1786 voluntate,
2848 1722 2989 1791 quod
3020 1738 3157 1791 opus
3186 1722 3458 1792 acceptius
3490 1730 3589 1789 est,

1999 1810 2087 1865 vel
2117 1810 2220 1864 alio
2250 1809 2352 1863 sibi
2400 1809 2683 1864 inferente.
2722 1809 2867 1863 Sicut
2911 1825 3012 1879 per
3060 1809 3325 1881 originale
3356 1809 3593 1880 probare

2001 1914 2311 1968 possumus,
2372 1898 2517 1968 quod
2575 1897 2793 1968 quidem
2848 1897 2904 1950 in
2960 1898 3230 1967 baptismo
3288 1897 3590 1963 dimittitur,

2003 2002 2162 2057 poena
2192 1994 2372 2040 tamen
2402 1986 2517 2054 ejus
2551 1985 2764 2055 peccati
2803 1984 3121 2055 (mortalitas
3150 1986 3356 2040 scilicet
3386 1994 3439 2040 et
3467 2002 3597 2056 pas-

2006 2074 2236 2128 sibilitas
2286 2074 2629 2144 relinquitur.
2690 2075 2759 2127 Et
2804 2074 3020 2143 quando
3064 2072 3281 2143 quidem
3312 2073 3601 2143 disciplina

2006 2162 2222 2217 Domini
2253 2163 2391 2216 adeo
2421 2161 2869 2216 commendabilis
2909 2168 3009 2226 est,
3043 2160 3210 2231 igitur
3246 2165 3601 2232 perseverate

2007 2252 2072 2306 in
2103 2251 2433 2321 disciplina,
2466 2250 2520 2303 id
2555 2257 2637 2304 est
2684 2248 2740 2302 in
2789 2248 3044 2319 patientia
3085 2250 3512 2319 tribulationum,
3549 2249 3605 2302 in

2010 2355 2118 2410 qua
2148 2338 2331 2409 utique
2362 2354 2714 2408 perseverare
2744 2337 2954 2392 debetis
2979 2356 2993 2403 ;
3030 2339 3173 2392 Deus
3192 2340 3344 2393 enim
3364 2338 3528 2408 oﬂ‘ert
3549 2353 3606 2392 se

2008 2429 2153 2482 vobis
2202 2426 2257 2479 in
2298 2426 2736 2480 tribulationibus
2795 2425 3098 2493 adjutorem
3134 2429 3405 2498 tanquam
3433 2428 3597 2494 ﬁliis.

2012 2516 2157 2569 Bene
2187 2514 2308 2569 dico
2341 2522 2595 2585 tanquam
2639 2513 2784 2580 filiis,
2820 2514 2942 2584 quia
2975 2516 3096 2585 quis
3148 2522 3230 2568 est
3258 2515 3411 2581 ﬁlius
3441 2529 3609 2585 quam

2014 2620 2129 2657 non
2146 2603 2419 2674 corripiat
2446 2606 2613 2673 pater
2629 2603 2821 2669 ?Deus
2851 2602 3039 2672 utique
3061 2601 3230 2655 tilium
3258 2618 3368 2658 non
3389 2601 3606 2656 habebit

2013 2691 2403 2746 incorrectum.
2463 2690 2628 2743 Filius
2684 2705 2793 2743 non
2841 2690 2943 2743 erit
2992 2690 3096 2743 nisi
3156 2690 3246 2761 qui
3275 2689 3592 2760 corripitur.

2018 2780 2170 2846 Quod
2210 2779 2277 2843 si,
2311 2778 2367 2833 id
2395 2785 2477 2832 est
2507 2777 2551 2831 si
2583 2793 2710 2832 vero
2740 2793 2838 2832 vos
2870 2780 3007 2833 estis
3052 2783 3222 2833 extra
3251 2778 3607 2850 diciplinam,

2017 2867 2161 2939 quod
2191 2865 2513 2920 subtrahatis
2544 2882 2641 2920 vos
2667 2881 2699 2919 a
2739 2865 3027 2935 disciplina
3058 2866 3294 2933 Domini,
3326 2867 3490 2937 cujus
3533 2865 3614 2920 di-

2018 2955 2263 3026 sciplina:
2287 2957 2594 3026 participes
2621 2955 2768 3025 facti
2797 2958 2931 3009 sunt
2962 2970 3155 3009 omnes
3177 2954 3271 3008 filii
3292 2954 3410 3010 Dei.
3436 2953 3510 3020 Si,
3534 2954 3616 3007 in-

2019 3060 2201 3115 quam,
2235 3051 2388 3098 extra
2434 3042 2777 3112 disciplinam
2829 3042 2979 3107 estis,
3012 3059 3140 3113 ergo
3186 3059 3295 3098 non
3342 3041 3472 3096 estis
3522 3041 3619 3096 filii

2018 3132 2265 3205 legitimi,
2292 3132 2389 3187 sed
2420 3133 2553 3186 estis
2582 3130 2675 3184 filii
2701 3130 2972 3199 adulteri,
2999 3132 3053 3185 id
3083 3139 3163 3185 est
3184 3131 3475 3186 adulterini
3497 3130 3616 3202 qui-

2018 3221 2121 3274 bus
2152 3228 2305 3291 pater
2335 3236 2444 3274 non
2471 3219 2690 3273 adhibet
2717 3220 3070 3291 paedagogos,
3107 3220 3230 3291 quia
3262 3235 3355 3275 eos
3385 3235 3494 3275 non
3524 3235 3617 3274 cu-

2020 3316 2123 3363 rat.
2172 3308 2270 3362 Vel
2320 3308 2451 3362 estis
2500 3306 2594 3361 filii
2640 3306 2888 3375 adulteri,
2936 3308 2992 3363 id
3019 3316 3101 3363 est
3150 3308 3370 3377 diaboli,
3405 3308 3618 3364 adulte-

2021 3404 2202 3451 rantes
2232 3413 2349 3451 vos.

2093 3485 2345 3540 Probavit
2400 3501 2497 3555 per
2550 3486 2854 3541 testimonia
2904 3485 3221 3555 Scripturae,
3274 3486 3478 3540 debere
3526 3501 3621 3541 eos

2022 3589 2376 3644 perseverare
2408 3574 2463 3626 in
2492 3574 2813 3644 disciplina;
2850 3589 2994 3628 nunc
3043 3573 3339 3628 rationibus
3371 3574 3622 3628 humanae

2026 3661 2434 3717 consuetudinis
2476 3662 2621 3717 idem
2670 3663 2956 3733 approbat,
2992 3662 3146 3732 quasi
3196 3662 3401 3717 diceret
3438 3677 3449 3715 :
3484 3661 3623 3729 Quia

2024 3748 2081 3803 in
2108 3749 2396 3819 disciplina
2424 3751 2887 3819 perseverandum
2932 3750 3088 3805 nobis
3123 3750 3209 3816 sit,
3246 3766 3344 3820 per
3382 3748 3622 3804 auctori-

2025 3845 2160 3892 tates
2190 3838 2421 3903 ostendi,
2456 3839 2653 3893 deinde
2702 3847 2823 3909 post
2854 3838 3162 3893 testimonia
3194 3838 3620 3909 Scripturarum,

2026 3927 2279 3980 humanae
2334 3928 2741 3982 consuetudinis
2794 3928 3034 3983 rationes
3092 3927 3308 3992 induco,
3362 3927 3431 3981 ad
3480 3927 3627 3980 idem

2028 4014 2387 4084 probandum.
2420 4015 2533 4068 Nos
2564 4016 2787 4087 quidem
2817 4016 3104 4069 habuimus
3142 4020 3340 4086 patres
3366 4031 3474 4070 non
3502 4014 3623 4068 ani-

2028 4116 2261 4169 marum,
2298 4102 2397 4156 sed
2426 4105 2618 4157 carnis
2651 4108 2860 4160 nostra:
2892 4124 2909 4158 :
2943 4104 3141 4158 lineam
3173 4103 3316 4157 enim
3346 4103 3527 4157 carnis
3558 4103 3626 4157 ab

2028 4189 2163 4259 ipsis
2210 4189 2491 4256 traximus,
2544 4198 2597 4244 et
2640 4191 2789 4245 carni
2836 4200 3036 4246 nostra:
3065 4207 3097 4245 a
3129 4206 3292 4246 carne
3340 4199 3628 4261 parentum

2031 4277 2288 4333 derivata)
2317 4279 2465 4333 Deus
2494 4277 2729 4332 animam
2773 4280 3015 4333 contulit.
3062 4280 3175 4333 Hos
3222 4286 3398 4333 autem
3450 4287 3634 4349 patres

339 4365 659 4447 effusionem
681 4367 983 4439 sanguinis.
1021 4368 1431 4437 Repugnantes,
1466 4365 1708 4437 inquam,
1730 4366 1932 4421 adver-
1959 4374 2012 4435 D
2036 4366 2334 4421 habuimus
2360 4366 2690 4434 eruditores,
2726 4371 2782 4422 et
2810 4368 3222 4436 reverebantur,
3257 4368 3522 4423 honorem
3553 4367 3632 4423 eis

341 4471 436 4509 sus
464 4464 746 4525 peccatum
776 4472 843 4511 ne
873 4456 1055 4510 locum
1081 4455 1307 4509 haberet
1326 4454 1381 4508 in
1411 4454 1585 4509 vobis.
1618 4454 1759 4509 Dum
1792 4453 1937 4508 enim

340 4542 521 4613 impiis
567 4543 875 4599 consentire
918 4542 1165 4612 renuitis,
1198 4551 1385 4598 contra
1430 4549 1715 4613 peccatum
1764 4542 1936 4608 statis,

344 4631 541 4702 quibus
571 4632 616 4687 si
645 4631 1044 4698 cunsentiretis,
1071 4639 1357 4701 peccatum
1405 4630 1587 4686 statim
1616 4631 1798 4686 locum
1835 4632 1936 4684 ha-

347 4719 499 4774 beret
519 4719 573 4774 in
593 4720 769 4775 vobis.
801 4719 1168 4791 Repugnastis
1198 4719 1330 4774 olim
1352 4718 1617 4775 adversus
1637 4726 1938 4790 peccatum,

2037 4453 2342 4509 exhibendo
2372 4453 2694 4509 timebamus
2738 4471 2846 4511 eos.
2881 4455 3134 4511 Revereri
3185 4456 3329 4510 enim
3377 4465 3479 4524 est,
3511 4471 3637 4512 cum

2036 4542 2231 4596 timore
2262 4543 2525 4597 honorem
2556 4543 2893 4613 impendere.
2925 4546 2993 4599 Et
3022 4544 3067 4598 si
3097 4552 3281 4614 patres
3328 4545 3513 4601 carnis
3542 4560 3636 4600 re-

2040 4631 2381 4697 verebamur,
2406 4647 2596 4687 nonne
2612 4634 2794 4688 multo
2812 4634 2989 4705 magis
3008 4632 3517 4706 obtemperabimus
3531 4635 3639 4688 Pa-

2043 4722 2122 4775 tri
2150 4721 2481 4792 spirituum,
2506 4720 2561 4775 id
2591 4729 2673 4776 est
2702 4722 2817 4777 Deo
2840 4722 2932 4792 qui
2963 4722 3050 4776 dat
3101 4723 3312 4777 animas
3331 4721 3496 4794 longe
3517 4737 3642 4777 cor-

348 4812 406 4863 et
433 4824 754 4880 nuncquare
774 4809 937 4863 obliti
964 4809 1101 4863 estis
1130 4808 1554 4873 consolationis,
1579 4808 1634 4861 id
1653 4815 1734 4861 est
1750 4806 1947 4862 divini-
2043 4824 2174 4880 pore
2205 4808 2483 4880 digniores
2502 4810 2528 4863 ‘l
2558 4810 2644 4865 cui
2676 4810 3110 4880 obtemperantes
3139 4812 3386 4866 vivemus
3413 4809 3467 4863 in
3505 4818 3637 4865 tete-

349 4896 473 4951 tatis
515 4912 614 4953 vos
659 4896 715 4950 in
759 4896 1105 4951 tribulatione
1171 4895 1504 4951 consolantis
1523 4896 1550 4948 ?
1594 4912 1717 4967 qute
1762 4895 1947 4951 divina
2046 4914 2176 4951 num
2205 4897 2348 4967 quod
2378 4905 2565 4967 patres
2596 4898 2778 4953 carnis
2810 4914 2913 4953 nec
2942 4898 3045 4952 sibi
3076 4915 3175 4952 nec
3206 4898 3363 4952 nobis
3393 4898 3642 4955 conferre

349 4984 649 5040 consolatio
683 4987 932 5056 loquitur
961 4985 1121 5040 nobis
1150 5000 1259 5040 non
1301 4988 1574 5055 tanquam
1604 4984 1815 5049 alienis,
1850 4983 1950 5037 sed
2049 4993 2252 5055 queunt
2271 4985 2298 5038 ?
2327 4985 2473 5039 Patri
2502 4986 2684 5057 utique
2716 4986 3000 5057 spirituum
3049 4986 3227 5057 magis
3257 4986 3644 5057 obteinperan-

350 5082 605 5143 tanquam
650 5075 806 5142 ﬁliis,
843 5089 980 5144 quos
1027 5072 1213 5128 fovere
1259 5072 1487 5127 intendit
1530 5071 1718 5127 dicens
1755 5072 1812 5125 in
1842 5072 1943 5126 Sa-

274 5182 277 5183 '
350 5161 568 5216 lomone
592 5162 775 5231 (Prov.
811 5177 888 5229 in,
911 5162 967 5231 4)
993 5178 1007 5216 :
1033 5160 1079 5216 Ο
1103 5168 1158 5215 tu
1181 5161 1265 5230 ﬁli
1293 5162 1393 5227 mi,
1418 5161 1538 5215 noli
1556 5161 1837 5230 negligere
1868 5160 1952 5214 di-

353 5250 677 5320 sciplinam,
702 5250 757 5303 id
786 5257 868 5303 est
896 5249 1307 5319 persecutiones
1340 5255 1392 5302 et
1421 5249 1647 5303 verbera
1679 5264 1799 5318 quae
1830 5254 1955 5301 sunt

2049 5074 2180 5128 dum
2209 5080 2292 5127 est
2320 5073 2447 5144 quia
2473 5075 2566 5129 illi
2610 5075 2835 5146 quidem
2866 5082 3050 5145 patres
3094 5073 3272 5129 carnis
3307 5076 3368 5130 in
3399 5080 3647 5148 tempore

2049 5177 2361 5234 paucorum
2393 5162 2613 5218 dierum
2644 5163 2978 5218 erudiebant
3002 5178 3104 5217 nos
3125 5166 3436 5220 secundum
3454 5167 3651 5221 volun-

2056 5255 2232 5305 tatem
2254 5250 2531 5316 suam,hic
2553 5251 2623 5305 ad
2640 5251 3177 5323 grammaticam,ille
3201 5253 3272 5307 ad
3292 5252 3541 5307 fabrilem
3565 5269 3651 5307 ar-

355 5337 662 5407 disciplina.
724 5339 782 5390 In
838 5336 918 5391 his
972 5338 1118 5392 enim
1156 5338 1320 5392 homo
1360 5336 1591 5390 addiscit
1640 5342 1842 5406 quanta
1887 5334 1956 5389 sit
2055 5344 2181 5403 tem,
2215 5338 2533 5410 plerumque
2566 5340 2635 5394 ad
2677 5339 2904 5394 inutilia.
2936 5342 3031 5395 llic
3063 5345 3257 5396 autem
3301 5343 3459 5396 Pater
3488 5341 3651 5410 spiri-

358 5425 622 5497 fragilitas
672 5442 785 5491 sua,
820 5433 873 5482 et
908 5442 1070 5497 quam
1115 5434 1307 5497 parum
1356 5424 1561 5481 viribus
1604 5424 1715 5478 suis
1762 5422 1951 5494 possit,

2055 5433 2225 5492 tuum,
2251 5427 2322 5481 ad
2352 5427 2408 5482 id
2438 5427 2581 5498 quod
2610 5442 2711 5496 pro
2744 5436 2888 5483 certe
2918 5430 3063 5485 utile
3096 5432 3198 5494 est,
3225 5429 3395 5483 erudit
3426 5444 3524 5483 nos
3555 5445 3654 5500 per
