3966 6050
311 84 412 136 559

867 79 923 133 S.
967 76 1316 134 BRUNONIS
1354 73 2002 132 CARTHUSIANORUM
2040 71 2528 129 INSTITUTORIS
2566 71 2719 128 OPP.
2763 71 2937 127 PARS
2975 71 3043 127 II.

3491 71 3596 124 560

311 203 650 274 disciplinam
686 203 749 257 in
784 203 1102 272 recipiendo
1142 202 1651 270 sanctiﬁcationem
1677 201 1814 270 ejus,
1849 199 1901 252 id
1927 205 1982 264 Α
2006 205 2087 252 tes
2127 213 2224 251 vos
2271 196 2598 254 infructuosa
2640 196 2953 267 pmnitentia
3001 194 3401 250 damnationem
3459 210 3593 250 eva-

315 301 396 347 est
427 292 739 362 patientiam
770 300 822 345 et
851 298 1079 344 caeteras
1111 289 1351 352 virtutes,
1376 289 1645 360 positione
1674 303 1901 359 quarum

313 397 440 434 suos
471 378 790 434 sanctificat.
825 377 964 446 Quia
991 378 1068 430 illi
1089 385 1313 447 possent
1342 377 1859 445 objicere,dicentes
1885 393 1898 428 :

313 467 447 535 Quis
476 475 654 538 potest
681 467 788 537 pati
817 466 1124 533 hujusmodi
1153 465 1510 535 disciplinam,
1543 466 1596 518 in
1627 481 1731 536 qua
1761 481 1903 518 sem-

311 573 410 626 per
440 572 661 618 maeror,
687 569 962 625 nunquam
995 554 1252 621 gaudium
1276 555 1302 606 ?
1333 554 1448 622 ipse
1480 553 1622 608 idem
1647 560 1703 605 ut
1733 552 1904 606 solvat

313 644 494 712 objicit
527 643 649 709 sibi,
683 643 871 697 dicens
904 660 916 695 :
951 644 1069 711 Ego
1113 642 1330 712 quidem
1381 640 1704 695 commendo
1750 639 1906 694 vobis

312 731 629 803 patientiam
685 730 1005 800 disciplinae,
1068 730 1165 783 sed
1215 739 1391 783 tamen
1440 728 1704 784 confiteor
1760 726 1904 799 quod

313 821 496 876 omnis
524 819 827 890 disciplina
849 821 910 873 in
941 819 1212 888 prwsenti
1238 821 1486 888 tempore
1516 818 1738 888 quidem
1759 815 1907 871 vide-

317 913 430 974 tur,
447 908 529 962 his
548 908 638 978 qui
658 905 1000 977 superficiem
1024 906 1104 960 rei
1126 913 1330 959 tantum
1351 905 1636 975 aspiciunt,
1654 920 1769 958 non
1791 919 1908 958 esse

316 997 529 1067 gaudii,
562 997 654 1050 sed
685 995 1027 1050 solummodo
1076 995 1348 1048 mazroris.
1385 994 1587 1047 Merl‘
1634 993 1779 1047 enim
1822 991 1911 1046 hic

317 1101 532 1155 semper
582 1092 680 1146 est,
733 1099 1010 1154 nunquam
1059 1082 1334 1152 gaudium.
1379 1083 1538 1135 Nunc
1587 1081 1910 1136 solutionem

316 1173 517 1239 subdit,
564 1172 776 1227 videtur
819 1171 1036 1242 quidem
1067 1170 1121 1223 in
1165 1169 1420 1238 praesenti
1464 1185 1586 1223 esse
1634 1169 1907 1233 maeroris,

314 1261 411 1317 sed
429 1264 644 1333 postea,
669 1260 724 1314 id
746 1267 824 1312 est
841 1259 896 1312 in
912 1257 1094 1311 futuro
1120 1259 1453 1312 exercitatis
1474 1273 1579 1328 per
1605 1273 1729 1311 eam
1751 1255 1913 1310 disci-

317 1349 543 1420 plinam,
605 1363 716 1402 non
766 1345 1086 1400 adulterinis
1129 1344 1475 1414 extrapositis
1521 1345 1714 1399 reddet
1767 1345 1914 1399 Deus

318 1440 574 1508 fructum
593 1436 860 1504 justitiaz.
884 1433 1134 1487 Fructum
1163 1433 1285 1486 dico
1317 1448 1424 1486 non
1450 1432 1584 1486 sicut
1605 1431 1811 1486 fructus
1834 1438 1915 1486 est

2002 287 2148 347 dere,
2176 286 2301 356 quia
2323 287 2524 341 scitote
2546 287 2644 340 hoc
2667 286 2734 339 de
2756 286 2919 351 Esau,
2946 285 3087 356 quod
3114 287 3170 338 et
3191 290 3312 338 ante
3329 283 3594 338 venditio-

2001 379 2210 440 nem,et
2222 379 2415 446 postea
2433 376 2664 445 cupiens
2682 373 2867 428 haered
2873 375 3018 428 itare
3037 372 3483 427 benedictionem
3494 371 3596 441 pri-

2002 463 2282 533 mogeniti,
2315 464 2642 534 reprobatus
2672 467 2774 526 est,
2808 469 2860 516 et
2890 461 2934 514 si
2965 476 3122 515 nona
3144 469 3318 530 patre,
3354 468 3534 514 tamen
3565 475 3597 513 a

2005 552 2139 605 Deo.
2161 551 2297 604 Vere
2320 551 2776 620 reprobatus,non
2801 552 2953 604 enim
2975 550 3194 604 invenit
3221 550 3402 604 locum
3421 551 3597 620 pani-

2007 641 2203 693 tentize
2225 658 2242 704 ,-
2273 637 2521 708 pcenituit
2543 637 2762 710 quidem
2777 653 2841 692 se
2858 637 3169 693 vendidisse
3189 636 3483 708 primitiva,
3503 635 3600 690 sed

2005 727 2120 782 haec
2177 726 2495 797 paenitentia
2541 726 2720 782 locum
2769 725 3180 796 opportunitatis
3226 741 3335 779 non
3391 724 3596 791 habuit,

2007 830 2328 887 quanquam
2358 815 2690 886 inquisisset
2715 830 2839 869 eam
2867 813 3240 884 paenitentiam
3271 829 3395 868 cum
3424 812 3602 884 lacry-

2006 902 2128 956 mis.
2166 902 2222 957 Si
2253 902 2397 957 enim
2426 902 2812 973 lacrymaretur
2859 901 3166 957 conﬁtendo
3213 910 3516 973 peccatum,
3550 908 3603 956 et

2009 990 2281 1060 puniendo
2310 990 2649 1062 iniquitatem
2680 1006 2855 1055 suam,
2880 990 3060 1046 locum
3088 990 3312 1044 haberet
3341 989 3457 1058 ejus
3486 1004 3604 1060 pm-

2010 1078 2249 1143 nitentia,
2284 1079 2376 1134 sed
2409 1079 2531 1150 quia
2559 1079 2614 1132 in
2645 1079 2778 1149 ipsis
2807 1078 3062 1150 lacrymis
3110 1078 3494 1150 indignabatur
3536 1078 3605 1132 de

2011 1166 2276 1221 electione
2306 1166 2507 1234 fratris,
2532 1167 2779 1237 cogitans
2811 1165 3119 1221 interficere
3146 1165 3389 1231 fratrem,
3411 1166 3456 1219 si
3481 1181 3608 1236 pos-

2013 1263 2114 1320 set,
2145 1255 2270 1309 ideo
2302 1255 2455 1310 locus
2485 1255 2815 1325 poenitentiae
2854 1254 2955 1325 ipsi
2987 1262 3218 1325 negatus
3250 1263 3352 1309 est.
3384 1253 3608 1309 Debetis

2012 1358 2203 1412 pacem
2237 1351 2290 1396 et
2321 1343 2737 1398 sanctimoniam
2783 1343 2955 1413 sequi.
3010 1343 3201 1397 Videte
3231 1359 3300 1396 ne
3349 1342 3608 1396 amaritu-

2014 1430 2155 1484 dinis
2184 1430 2336 1485 radix
2367 1431 2637 1501 germinet
2669 1431 2723 1485 in
2753 1430 2930 1499 vobis,
2963 1437 3089 1498 etc.,
3125 1430 3253 1501 quia
3281 1446 3390 1485 non
3415 1445 3609 1485 acces-

319 1523 527 1588 mundi,
550 1522 640 1593 qui
658 1537 933 1592 nunquam
965 1529 1047 1574 est
1068 1520 1121 1573 in
1143 1520 1545 1590 tranquillitate,
1565 1521 1659 1574 sed
1683 1519 1915 1574 fructum
1937 1557 1989 1616 B
2019 1519 2165 1572 sistis
2199 1520 2268 1573 ad
2296 1518 2476 1591 legem
2514 1519 2912 1589 importabilem
2945 1527 2997 1573 et
3027 1519 3327 1574 terribilem
3375 1535 3496 1573 eam
3526 1518 3610 1572 fa-

321 1613 772 1684 pacatissimuvm,
807 1609 860 1662 id
891 1617 973 1663 est
1003 1609 1055 1662 in
1086 1609 1232 1662 omni
1277 1608 1456 1678 quiete
1502 1608 1911 1678 possidendum.

325 1703 564 1770 Pr0pter
593 1697 752 1770 quod,
788 1697 910 1768 quia
937 1696 1239 1756 exercitatis
1269 1712 1368 1766 per
1412 1696 1750 1766 disciplinam
1780 1695 1918 1750 adeo

325 1787 598 1842 fructuosa
629 1787 730 1840 erit
744 1785 946 1854 justitia
977 1801 1092 1850 sua,
1118 1786 1314 1855 erigite
1344 1784 1466 1838 ideo
1498 1786 1762 1839 remissas
1795 1801 1918 1838 ma-

327 1893 455 1944 nus,
472 1875 522 1928 id
546 1883 626 1929 est
645 1874 988 1944 operationes
1011 1872 1302 1938 charitatis,
1320 1872 1469 1942 prius
1482 1872 1742 1937 intensas,
1759 1872 1920 1927 modo

328 1963 640 2018 dissolutas.
665 1961 868 2032 Erigite
900 1961 1062 2014 etiam
1090 1977 1275 2031 genua
1304 1961 1579 2024 soluta,id
1611 1968 1692 2014 est
1713 1959 1921 2014 fortitu-

329 2053 510 2106 dinem
541 2050 692 2120 prius
722 2050 978 2114 habitam,
1012 2066 1154 2103 nunc
1182 2049 1371 2102 timore
1418 2048 1716 2117 disciplina:
1762 2064 1921 2102 reso-

333 2140 521 2194 lutam.
556 2139 683 2192 Ideo
713 2154 812 2206 per
841 2152 1017 2208 genua
1049 2134 1246 2200 soluta,
1307 2135 1657 2190 amissionem
1710 2135 1922 2190 virtutis

332 2226 604 2298 significat
644 2225 768 2294 quia
797 2224 850 2277 in
879 2224 1112 2296 genibus
1156 2223 1306 2292 prius
1352 2232 1573 2294 apparet
1620 2231 1843 2288 tremor,
1878 2222 1924 2276 si

335 2315 532 2370 fuerint
562 2312 860 2377 dissoluta;
895 2311 1096 2366 erectio
1127 2311 1173 2364 si
1204 2311 1405 2365 fuerint
1443 2311 1762 2366 confortata.
1793 2311 1922 2365 Eri-

334 2403 445 2474 gite
476 2418 655 2474 genua
683 2405 738 2456 et
766 2402 941 2471 facite
969 2400 1219 2470 pedibus,
1241 2399 1295 2453 id
1326 2407 1407 2453 est
1429 2399 1806 2454 affectionibus
1831 2416 1925 2455 ve-

336 2499 461 2545 strae
495 2489 636 2555 fidei,
673 2493 851 2544 rectos
879 2505 1119 2559 gressus.
1155 2487 1364 2542 Primus
1392 2504 1619 2560 gressus
1659 2487 1785 2542 fidei
1817 2495 1920 2553 est,

333 2578 574 2633 confiteri
599 2577 847 2643 ;deinde,
865 2577 910 2629 si
931 2592 1156 2630 necesse
1187 2575 1273 2638 sit,
1298 2577 1410 2644 pati
1435 2594 1448 2628 :
1473 2577 1546 2629 ita
1568 2584 1750 2630 rectos
1769 2575 1926 2630 facile

333 2671 398 2722 ut
423 2683 535 2721 non
559 2669 708 2720 erret
725 2666 930 2735 aliquis
954 2672 1195 2718 vestrum
1211 2665 1475 2718 recedens
1497 2682 1531 2718 a
1551 2667 1640 2720 via
1661 2663 1804 2728 fidei,
1825 2679 1926 2718 nec

334 2754 524 2809 saltem
555 2753 624 2806 sit
653 2752 985 2807 claudicans
1012 2752 1065 2805 in
1097 2752 1214 2817 via;
1246 2759 1432 2821 posset
1475 2753 1617 2805 enim
1648 2751 1811 2806 fidem
1839 2761 1926 2806 te-

334 2859 482 2910 nere,
508 2858 636 2895 sane
667 2840 918 2905 credens,
943 2839 1189 2895 409
1221 2848 1274 2894 et
1290 2840 1592 2895 claudicare
1613 2841 1669 2894 in
1685 2857 1767 2910 ea,
1788 2841 1832 2895 si
1855 2841 1927 2894 ti-

335 2939 508 2986 meret
537 2928 799 2985 confiteri.
827 2930 892 2982 Et
921 2944 1021 2998 pro
1042 2928 1343 2982 assertione
1373 2927 1498 2982 fidei
1527 2945 1636 2983 non
1658 2937 1804 2983 erret
1828 2928 1926 2984 ali-
1953 2903 1999 2963 Ο

335 3020 477 3091 quis,
500 3019 595 3074 sed
622 3020 800 3089 magis
831 3021 1068 3072 sanetur
1099 3017 1166 3070 ab
1196 3033 1393 3080 errore,
1412 3017 1456 3070 si
1484 3017 1622 3071 forte
1644 3018 1921 3073 erraverit.

335 3110 405 3164 Ut
435 3115 612 3162 autem
644 3106 778 3161 recti
805 3105 911 3160 sint
932 3121 1158 3178 gressus
1190 3105 1374 3171 vestri,
1400 3107 1703 3178 sequimini
1729 3123 1927 3178 pacem

337 3213 466 3252 cum
497 3194 775 3259 omnibus,
811 3193 972 3248 etiam
998 3209 1120 3249 cum
1157 3193 1409 3248 inimicis.
1439 3193 1734 3264 Sequimini
1765 3194 1928 3250 etiam

332 3285 791 3349 sanctimoniam,
825 3282 877 3336 id
911 3291 991 3337 est
1021 3297 1235 3336 omnem
1275 3282 1634 3352 sanctitatem,
1669 3284 1792 3338 sine
1822 3299 1930 3353 qua

332 3390 466 3444 pace
500 3381 552 3427 et
583 3369 941 3426 sanctimonia
971 3387 1134 3425 nemo
1165 3371 1370 3425 videbit
1399 3373 1593 3426 Deum;

407 3460 694 3529 Quomodo
727 3458 1082 3515 sanctimonia
1123 3459 1398 3530 sequenda
1431 3459 1519 3524 sit,
1554 3458 1811 3526 insinuat,
1843 3458 1931 3513 di-

335 3565 466 3606 cens
500 3564 512 3602 :
547 3547 846 3619 Sequimini
889 3547 1322 3613 sanctimoniam,
1367 3548 1818 3618 contemplantes
1861 3562 1932 3601 ne

335 3640 461 3710 quis
487 3644 729 3692 vestrum
760 3635 906 3691 desit
936 3637 1137 3706 gratiae
1165 3636 1304 3701 Dei,-
1335 3635 1514 3706 gratia
1543 3635 1688 3689 enim
1712 3634 1808 3689 Dei
1838 3649 1934 3705 pa-

335 3733 455 3780 rata
473 3732 554 3780 est
585 3724 759 3789 vobis,
780 3723 958 3778 videte
989 3739 1056 3777 ne
1081 3722 1354 3792 repellatis
1375 3738 1491 3776 eam
1518 3740 1532 3787 ;
1565 3721 1936 3792 contemplan-

339 3822 420 3868 tes
450 3813 612 3866 etiam
636 3827 708 3866 ne
739 3812 930 3882 aliqua
961 3811 1151 3877 radix,
1185 3809 1237 3863 id
1271 3818 1353 3864 est
1383 3809 1663 3880 suggestio
1706 3810 1932 3880 peccati,

341 3900 512 3955 Radix
541 3899 663 3953 dico
713 3898 1140 3963 amaritudinis,
1173 3897 1301 3952 licet
1348 3898 1563 3968 quidam
1593 3905 1784 3967 putent
1814 3913 1936 3953 esse

340 3987 666 4053 dulcedinis,
699 3986 896 4053 videte,
932 3985 1174 4057 inquam,
1210 4002 1278 4040 ne
1307 3985 1457 4040 radix
1486 3986 1793 4054 hujusmodi
1822 3989 1936 4042 im-

339 4076 532 4148 pediat
564 4091 680 4141 vos,
704 4075 1034 4146 germinans
1056 4091 1301 4139 sursum,
1325 4073 1378 4127 id
1400 4081 1482 4128 est
1502 4090 1862 4144 prorumpens
1883 4074 1939 4129 in

341 4172 518 4220 actum
548 4163 776 4234 peccati.
813 4163 959 4217 Tunc
989 4162 1133 4217 enim
1174 4161 1451 4234 suggestio
1483 4179 1697 4218 sursum
1727 4165 1938 4235 germi-

2017 1607 2179 1663 cienti
2209 1615 2260 1661 et
2289 1607 2548 1672 inutilem,
2584 1607 2719 1661 sicut
2759 1607 2910 1677 prior
2937 1606 3044 1673 lex,
3078 1607 3175 1662 sed
3207 1607 3514 1662 accessistis
3544 1606 3611 1660 ad

2019 1695 2197 1768 legem
2242 1696 2410 1750 multa
2456 1695 2712 1750 facilitate
2751 1695 3064 1764 jucundam,
3112 1696 3183 1750 ad
3229 1696 3460 1767 gratiam
3507 1695 3611 1749 ad-

2014 1784 2288 1853 jutricem,
2321 1783 2392 1838 ad
2423 1783 2723 1838 caelestium
2771 1783 3267 1854 repromissionem.
3313 1782 3472 1851 Quod
3501 1781 3611 1837 dif-

2020 1872 2136 1926 fuse
2165 1872 2236 1925 ait
2264 1871 2341 1927 sic
2371 1872 2636 1942 incipiens
2657 1887 2668 1925 :
2689 1889 2804 1928 non
2833 1874 3149 1928 accessistis
3179 1873 3251 1926 ad
3279 1874 3466 1943 ignem
3496 1876 3614 1927 tra-

2021 1961 2286 2015 ctabilem
2315 1965 2371 2015 et
2399 1962 2795 2016 accessibilem.
2829 1962 2889 2014 In
2909 1961 3128 2015 datione
3144 1961 3288 2015 enim
3309 1959 3507 2016 veteris
3528 1960 3614 2014 le—

2023 2048 2108 2120 gis
2137 2048 2280 2119 ignis
2311 2047 2404 2102 fuit
2437 2063 2750 2118 corporeus,
2788 2048 2835 2102 si
2861 2057 3137 2118 pateretur
3181 2050 3327 2103 Deus
3356 2048 3448 2118 qui
3478 2063 3612 2118 pos-

2024 2144 2106 2190 set
2137 2136 2356 2190 tractari
2399 2135 2646 2190 humanis
2674 2136 2947 2202 manibus,
2979 2145 3032 2192 et
3059 2137 3127 2190 ad
3157 2152 3319 2207 quem
3355 2136 3614 2206 possibile

2025 2230 2170 2277 esset
2189 2223 2470 2278 accedere.
2496 2225 2604 2278 Nec
2626 2224 2936 2279 accessistis
2965 2225 3038 2278 ad
3066 2225 3368 2289 turbinem,
3391 2229 3446 2279 et
3475 2225 3616 2278 cali-

2025 2313 2231 2380 ginem,
2268 2315 2324 2366 et
2352 2313 2680 2382 procellam.
2715 2312 2896 2366 Turbo
2939 2312 3103 2378 enim,
3137 2313 3191 2366 id
3223 2320 3304 2367 est
3333 2320 3616 2368 ventorum

2024 2399 2314 2454 commotio
2343 2399 2416 2452 ibi
2461 2398 2577 2466 fuit,
2609 2407 2662 2453 et
2694 2400 2979 2454 tenebrosa
3031 2401 3206 2471 caligo
3255 2408 3308 2455 et
3353 2399 3614 2470 procella.

2027 2488 2213 2541 Ventis
2243 2487 2385 2542 enim
2415 2487 2835 2558 percellentibus
2866 2505 2925 2543 se
2946 2489 3196 2555 invicem,
3225 2488 3472 2545 contusio
3501 2495 3622 2543 erat

2026 2576 2328 2648 grandinis.
2353 2577 2458 2631 Nec
2483 2576 2553 2631 ad
2580 2593 2783 2631 sonum
2804 2577 2972 2643 tubae,
2996 2582 3054 2632 et
3081 2594 3267 2634 vocem
3289 2578 3619 2643 verborum;

2027 2665 2254 2734 clangor
2284 2663 2426 2718 enim
2471 2665 2723 2718 tubarum
2753 2673 2805 2719 et
2834 2666 3042 2720 vocalia
3089 2667 3256 2721 verba
3285 2666 3489 2720 ibidem
3515 2679 3619 2718 au-

2027 2752 2136 2806 dita
2153 2760 2294 2819 sunt,
2319 2769 2485 2824 quam
2507 2768 2696 2808 vocem
2718 2753 2888 2808 Judaei
2908 2757 3004 2826 qui
3019 2755 3349 2820 audierunt,
3373 2770 3617 2810 excusa-

2031 2845 2232 2895 verunt
2263 2857 2341 2906 se,
2374 2841 2733 2896 obtendentes
2776 2841 3122 2914 fragilitatem
3153 2859 3324 2909 suam,
3357 2859 3430 2897 ne
3457 2842 3620 2911 ﬁeret

2028 2931 2106 2984 eis
2137 2929 2380 2994 verbum,
2415 2930 2469 2982 id
2496 2937 2578 2983 est
2609 2945 2677 2984 ne
2721 2931 2983 2985 Dominus
3027 2931 3342 3002 loqueretur
3389 2930 3490 2999 eis,
3521 2929 3618 2984 sed

2027 3017 2220 3086 Moysi,
2246 3025 2298 3071 et
2326 3017 2541 3087 Moyses
2570 3017 2674 3072 illis
2700 3035 2712 3072 :
2736 3018 2860 3073 ideo
2877 3019 2956 3074 sic
2986 3035 3045 3074 se
3067 3027 3462 3075 excusaverunt
3491 3020 3622 3090 quia

2028 3122 2143 3161 non
2189 3107 2512 3177 portabant,
2545 3104 2599 3160 id
2644 3115 2727 3160 est
2775 3123 2884 3161 non
2933 3115 3178 3177 poterant
3222 3116 3440 3178 portare
3487 3105 3622 3160 illud

2029 3193 2171 3265 quod
2202 3193 2494 3248 dicebatur
2519 3195 2618 3248 eis.
2649 3195 2795 3249 Deus
2817 3195 2940 3250 ideo
2970 3195 3025 3249 in
3047 3203 3190 3250 tanta
3219 3195 3510 3266 asperitate
3539 3202 3624 3248 ter

2030 3281 2174 3335 roris
2204 3281 2386 3353 legem
2414 3281 2576 3335 dabat
2608 3282 2706 3351 eis,
2732 3283 2859 3354 quia
2879 3283 3082 3338 sciebat
3110 3300 3210 3355 per
3241 3283 3519 3339 lenitatem
3548 3282 3625 3336 di-

2031 3369 2278 3425 lectionis
2310 3369 2384 3422 nil
2414 3369 2541 3424 boni
2570 3386 2665 3426 eos
2693 3379 3030 3440 operaturos,
3065 3380 3117 3426 et
3146 3372 3271 3427 ideo
3320 3371 3473 3442 quasi
3501 3387 3623 3425 ser-

2031 3473 2128 3513 vos
2155 3473 2254 3528 per
2284 3457 2548 3528 supplicia
2578 3459 2877 3531 cogendos.
2911 3459 3347 3533 Prmsignabatur
3377 3461 3538 3515 etiam
3568 3458 3624 3514 in

2031 3553 2176 3599 tanta
2226 3545 2619 3616 multiplicitate
2687 3554 2956 3602 terrorum
3002 3564 3097 3603 eos
3139 3565 3414 3621 nunquam
3459 3561 3624 3620 posse

2033 3642 2250 3703 portare
2281 3634 2461 3705 legem
2492 3634 2660 3689 illam.

2104 3722 2172 3776 Et
2200 3722 2402 3778 dictum
2419 3731 2531 3778 erat
2548 3723 2600 3777 in
2622 3724 2937 3794 acceptione
2955 3723 3114 3796 legis,
3139 3725 3265 3796 quia
3282 3725 3326 3779 si
3350 3724 3528 3780 bestia
3547 3731 3626 3779 te-

2033 3809 2218 3880 tigerit
2248 3819 2485 3866 montem
2522 3811 2690 3877 illum,
2725 3812 2780 3866 in
2809 3828 2915 3884 quo
2963 3813 3193 3868 dabatur
3221 3814 3327 3881 lex,
3357 3812 3626 3883 lapidabi-

2035 3905 2122 3950 tur
2167 3898 2365 3967 (Exod.
2423 3915 2546 3969 XIX,
2598 3900 2706 3970 12).
2757 3900 2854 3956 Vel
2902 3901 3200 3956 secundum
3249 3901 3512 3973 quosdam
3562 3915 3628 3955 ex

2029 3985 2253 4054 judicio,
2278 3987 2365 4042 vel
2395 3987 2692 4044 secundum
2722 3988 2856 4044 alios
2877 4005 2942 4044 ex
2972 3989 3258 4061 grandinis
3285 3989 3625 4046 confusione.

2039 4074 2167 4129 Hmc
2193 4074 2372 4128 omnia
2400 4091 2500 4147 per
2529 4075 2835 4147 Oppositum
2882 4075 3187 4149 figurabant
3217 4077 3492 4133 dationem
3523 4093 3628 4132 no-

2037 4178 2118 4216 vae
2147 4162 2304 4232 legis.
2337 4163 2451 4218 Nos
2479 4165 2624 4219 enim
2653 4165 2968 4236 accipiendo
3005 4166 3257 4237 gratiam,
3291 4166 3626 4222 accessimus

345 4261 454 4316 nat,
486 4269 608 4306 cum
645 4251 790 4322 quod
819 4251 960 4305 male
993 4251 1186 4305 suadet
1213 4267 1314 4320 per
1363 4258 1546 4307 actum
1572 4258 1932 4307 consummat.
1965 4255 2018 4314 D
2039 4250 2108 4306 ad
2157 4249 2360 4321 ignem,
2394 4251 2448 4306 id
2481 4259 2564 4307 est
2609 4253 2679 4308 ad
2724 4250 2978 4308 ardorem
3027 4254 3256 4324 Spiritus
3306 4253 3494 4322 sancti,
3529 4267 3636 4309 nec

348 4339 536 4395 Videte
567 4355 632 4393 ne
658 4355 761 4410 qua
791 4339 942 4392 radix
974 4338 1051 4393 sic
1082 4355 1178 4394 vos
1218 4338 1494 4409 impediat,
1525 4344 1582 4394 et
1630 4355 1731 4409 per
1776 4341 1942 4394 illam

349 4443 565 4482 sursum
596 4427 994 4499 germinantem
1026 4429 1404 4499 inquinentur
1431 4428 1623 4492 multi,
1657 4427 1942 4496 proniores

347 4517 414 4570 ad
449 4515 803 4570 imitationem
849 4515 1211 4585 turpitudinis,
1250 4531 1412 4585 quam
1445 4514 1760 4568 honestatis.
1796 4515 1942 4569 Con-

349 4605 672 4676 templantes
704 4604 862 4658 etiam
891 4621 962 4658 ne
991 4605 1114 4675 quis
1145 4610 1382 4657 vestrum
1403 4601 1470 4655 sit
1499 4603 1815 4671 fornicator
1843 4605 1948 4658 aut

347 4695 644 4765 profanus,
670 4692 872 4748 cultum
903 4691 1004 4745 Dei
1030 4691 1312 4755 deserens,
1337 4691 1487 4744 sicut
1517 4687 1614 4742 fuit
1644 4689 1813 4755 Esau,
1850 4692 1945 4762 qui

348 4785 578 4853 prapter
607 4799 782 4836 unam
805 4795 989 4835 escam
1005 4778 1382 4834 lenticularum
1402 4777 1651 4832 vendidit
1671 4779 1946 4849 primoge-

351 4870 479 4923 nita
507 4886 612 4924 sua
642 4868 794 4922 fratri
825 4883 921 4921 suo
954 4867 1141 4920 Jacob.
1177 4866 1256 4919 De
1277 4864 1632 4920 fornicatione
1661 4865 1809 4920 Esau
1837 4881 1946 4920 non

351 4956 479 5010 alibi
526 4956 850 5010 invenimus.
903 4954 998 5009 Vel
1029 4953 1075 5007 si
1121 4952 1400 5024 allegoriae
1444 4952 1760 5019 insistimus,
1793 4953 1945 5008 dica-

351 5060 472 5098 mus
503 5043 570 5096 ita
601 5059 668 5096 ne
701 5043 768 5096 sit
799 5042 918 5114 quis
958 5041 1257 5096 fornicator
1285 5040 1338 5094 in
1387 5041 1533 5096 cultu
1580 5041 1698 5096 Dei.
1753 5041 1945 5096 Forni-

352 5140 561 5187 catores
592 5138 743 5185 erant
771 5130 863 5200 qui
892 5129 1017 5183 fidei
1049 5128 1246 5183 Christi
1279 5128 1642 5183 necessariam
1681 5145 1804 5184 esse
1833 5129 1946 5184 cir-

351 5219 738 5275 cumcisionem
781 5217 1110 5280 credebant;
1142 5224 1252 5282 aut,
1302 5234 1368 5271 ne
1399 5217 1519 5288 quis
1569 5217 1637 5271 sit
1663 5217 1944 5287 profanus,

359 5308 519 5363 ﬁdem
551 5306 764 5378 penitus
796 5305 1075 5360 deserens.
1106 5305 1187 5358 Ne
1233 5303 1348 5359 sitis
1379 5305 1516 5360 sicut
1545 5305 1711 5372 Esau,
1744 5313 1946 5374 putan-

2044 4338 2398 4403 tractabilem,
2434 4356 2536 4395 nec
2564 4342 2960 4408 accessibilem,
2993 4342 3091 4397 sed
3136 4341 3491 4412 spiritualem.
3525 4341 3633 4397 So-

2043 4443 2145 4480 nus
2165 4426 2308 4482 tuba
2330 4427 2422 4498 qui
2441 4427 2523 4484 4
2535 4428 2595 4484 1
2609 4429 2687 4484 0
2709 4428 2805 4484 fuit
2821 4429 2912 4497 ibi,
2928 4430 3341 4503 suggestionem
3362 4429 3635 4501 signiﬁca-

2043 4513 2136 4579 vit,
2188 4531 2308 4585 quae
2337 4515 2416 4570 sic
2446 4515 2512 4570 ad
2543 4525 2724 4572 actum
2776 4517 3008 4589 peccati,
3038 4527 3098 4573 ut
3125 4518 3249 4573 tuba
3276 4526 3540 4589 provocat
3566 4517 3636 4574 ad

2048 4601 2267 4656 bellum.
2301 4601 2515 4670 Quanto
2562 4605 2740 4676 magis
2785 4605 2929 4660 enim
2971 4606 3174 4662 Judazis
3220 4606 3630 4677 prohibebatur,

2046 4697 2195 4743 tanto
2243 4691 2517 4747 ardentius
2561 4693 2790 4748 ruebant
2818 4694 2872 4749 in
2902 4694 3144 4750 vetitum.
3180 4695 3260 4750 Ibi
3301 4695 3493 4750 iterum
3538 4694 3638 4750 fuit

2045 4777 2226 4843 turbo,
2262 4778 2315 4832 id
2341 4788 2423 4834 est
2453 4782 2743 4838 commotio
2772 4783 3206 4855 suggestionum,
3238 4791 3388 4838 actus
3430 4783 3636 4839 scilicet

2047 4866 2278 4937 peccati.
2313 4869 2370 4921 In
2400 4884 2538 4924 nova
2567 4871 2736 4941 gratia
2767 4879 2819 4926 et
2847 4872 3148 4944 suggestio,
3174 4880 3225 4927 et
3246 4881 3399 4928 actus
3427 4871 3636 4942 peccati
3721 4882 3726 4885 ·

2047 4963 2369 5010 removetur.
2414 4956 2492 5010 Ibi
2521 4957 2714 5013 iterum
2742 4958 2841 5014 fuit
2882 4960 3139 5030 procella,
3173 4959 3228 5015 id
3257 4967 3341 5015 est
3386 4959 3636 5015 contusio

2046 5042 2348 5114 grandinis,
2382 5043 2587 5101 scilicet
2617 5048 2951 5103 consuetudo
2978 5047 3262 5119 peccandi.
3294 5048 3413 5103 Fuit
3442 5047 3639 5102 iterum

2048 5131 2248 5202 caligo,
2281 5131 2335 5186 id
2367 5141 2450 5188 est
2487 5137 2798 5202 excaecatio,
2833 5152 2899 5191 ex
2942 5135 3331 5193 consuetudine
3375 5134 3640 5207 peccandi

2047 5219 2368 5287 procedens.
2402 5222 2462 5276 In
2483 5223 2657 5294 gratia
2686 5224 2788 5280 ista
2816 5232 2870 5280 et
2884 5225 3221 5282 consuetudo
3250 5223 3514 5294 peccandi
3545 5239 3639 5279 re-

2047 5312 2195 5360 mota
2239 5317 2323 5363 est
2351 5317 2404 5363 et
2430 5310 2608 5366 omnis
2636 5312 2849 5368 caecitas
2893 5313 3232 5379 illuminata;
3262 5312 3338 5367 ibi
3386 5311 3482 5366 fuit
3531 5327 3634 5368 vox
