3966 6050
335 194 431 247 561

915 196 1298 255 EXPOSITIO
1338 199 1413 254 IN
1468 199 1848 257 EPISTOLAS
1905 202 2126 259 PAULI.
2177 206 2343 260 —IN
2394 208 2617 265 EPIST.
2684 211 2778 265 AD
2831 213 3041 269 HEBR.

3524 219 3628 276 562

335 316 650 410 verborum,
704 320 1116 410 quamraudire
1169 330 1481 393 potuerunt.
1519 324 1998 395 HicinspiratioA
2032 329 2329 385 manebunt
2384 333 2569 388 omnia
2624 334 2939 401 immobilia,
2990 337 3175 408 itaque
3230 353 3330 392 nos
3387 340 3474 410 qui
3505 348 3630 394 tunc

334 405 582 472 interius,
619 423 779 477 quam
813 409 905 480 qui
951 410 1218 480 praelibat,
1263 411 1433 466 multo
1465 412 1742 468 desiderio
1765 415 1936 469 currit

333 502 391 548 ut
421 496 865 565 comprehendat.
899 497 982 551 Illi
1011 514 1118 552 non
1142 501 1430 569 portabant
1457 502 1599 572 quod
1632 502 1932 557 dicebatur.

334 580 486 637 Onus
513 591 689 637 autem
720 585 877 654 hujus
908 585 1045 652 leve,
1081 590 1133 642 et
1155 589 1348 658 jugum
1373 604 1540 644 suave
1572 597 1654 644 est
1681 590 1930 661 (Matt/L,

336 685 418 735 ιι,
450 674 559 738 30).
597 672 673 725 Ibi
733 672 934 728 dictum
966 674 1098 729 fuit:
1137 676 1192 730 Si
1224 677 1397 732 bestia
1425 679 1664 750 tetigerit
1693 688 1935 734 montem

335 758 665 828 lapidabitur
694 762 892 831 (Exod.
929 778 1043 829 xxx,
1081 767 1188 833 12),
1222 765 1347 836 quia
1377 765 1462 821 hic
1494 767 1538 820 si
1569 767 1692 838 quis
1724 767 1933 822 bestia-

333 846 402 901 Iis
462 848 602 913 vitae,
656 857 708 903 et
764 849 1066 906 intellectus
1124 855 1367 923 posuerit
1394 871 1455 910 os
1485 872 1643 909 suum
1673 856 1934 925 blasphe-

335 936 536 991 mando
565 937 620 990 in
651 947 910 1004 montem,
945 940 999 994 id
1030 948 1110 995 est
1157 942 1213 995 in
1255 941 1615 1009 divinitatem,
1658 944 1934 1014 lapidabi-

333 1032 440 1091 tur,
500 1034 758 1080 contusus
819 1029 1061 1097 potentia
1114 1029 1339 1096 deitatis,
1397 1039 1453 1086 et
1507 1047 1572 1086 eo
1613 1033 1758 1103 quod
1797 1033 1936 1088 adeo

334 1113 578 1168 terribile
612 1124 727 1170 erat
756 1116 900 1187 quod
928 1117 1233 1184 videbatur,
1267 1119 1338 1172 ita
1366 1119 1498 1174 dixit
1528 1120 1646 1191 ipse
1675 1123 1892 1193 Moyses
1918 1139 1930 1178 :

337 1204 675 1258 Exterritus
703 1220 828 1259 sum
846 1204 1048 1271 animo,
1073 1210 1129 1261 et
1151 1207 1552 1264 tremebundus
1577 1224 1826 1279 corpore.
1852 1210 1934 1264 Ad

330 1289 514 1361 legem
545 1292 770 1347 terroris
797 1301 849 1347 et
899 1293 1142 1348 inutilem
1196 1310 1305 1350 non
1335 1297 1667 1364 accessistis,
1721 1298 1819 1352 sed
1864 1299 1936 1354 ad

334 1379 489 1446 Sion,
523 1379 576 1433 id
599 1388 681 1434 est
709 1381 778 1434 ad
809 1381 974 1435 vitam
1006 1383 1414 1452 speculativam.
1449 1385 1578 1439 Sion
1616 1385 1740 1440 dico
1769 1402 1934 1441 φηοη-

335 1470 470 1533 tem,
504 1466 558 1521 id
589 1477 671 1522 est
702 1468 983 1524 altitudine
1012 1471 1268 1525 virtutum
1292 1472 1638 1541 eminentem,
1674 1478 1731 1528 et
1759 1475 1830 1529 ad
1856 1475 1935 1528 ci-

333 1557 571 1611 vitatem
603 1557 699 1611 Dei
731 1559 992 1624 viventis,
1026 1559 1081 1612 id
1112 1569 1194 1614 est
1224 1560 1432 1615 civibus
1459 1562 1571 1615 suis
1594 1561 1759 1616 vitam
1776 1570 1935 1616 teter-

2036 415 2237 471 erimus
2267 420 2625 490 suscipientes
2655 440 2886 496 regnum
2917 425 3048 479 illud
3095 426 3391 490 immobile,
3427 428 3631 482 habea-

2035 520 2155 559 mus
2184 506 2419 578 aliquam
2451 510 2702 581 gratiam,
2731 528 2837 582 per
2866 531 3033 585 quam
3060 515 3351 584 placentes
3380 517 3487 571 Deo
3510 533 3632 570 ser-

2036 593 2255 649 viamus
2277 598 2345 660 ei,
2370 613 2496 653 cum
2518 603 2678 654 metu
2697 601 2858 653 animi
2881 606 2938 656 et
2953 605 3290 668 reverentia,
3307 603 3360 656 id
3384 611 3466 658 est
3483 604 3634 658 timo-

2036 699 2095 737 re
2127 684 2370 753 corporis
2397 693 2450 738 et
2481 687 2810 742 exhibitione
2839 690 3080 743 honoris.
3115 691 3353 745 Necesse
3391 693 3632 746 estenim

2037 778 2093 824 ut
2123 772 2422 826 serviamus
2453 775 2568 828 Deo
2599 791 2721 829 cum
2753 785 2897 830 metu
2939 786 2991 832 et
3048 779 3389 846 reverentia;
3421 781 3634 834 etenim

2036 860 2180 914 Deus
2211 865 2406 916 noster
2437 867 2521 917 est
2552 865 2698 934 ignis
2722 881 3080 932 consumens,
3128 867 3180 920 id
3213 875 3296 921 est
3324 883 3633 939 excoquens

2034 947 2188 1003 41
2212 947 2271 1003 1
2313 949 2488 1003 omnis
2510 952 2716 1020 peccati
2749 953 3072 1023 rubiginem,
3098 963 3151 1010 et
3169 955 3291 1011 ideo
3309 971 3535 1012 necesse
3553 965 3635 1012 est

2036 1042 2092 1088 ut
2121 1044 2382 1107 purgatos
2413 1037 2653 1093 inveniat
2683 1056 2792 1094 non
2820 1043 3156 1113 purgandos.

2632 1224 2856 1281 CAPUT
2886 1227 3038 1281 XIII.

2113 1407 2134 1430 «
2171 1384 2412 1438 Charitas
2443 1384 2800 1440 fraternitatis
2833 1395 3047 1441 maneat
3092 1387 3148 1441 in
3179 1389 3353 1455 vobis,
3379 1397 3432 1443 et
3452 1390 3637 1461 hospi-

2040 1494 2062 1520 ι
2098 1473 2361 1528 talitatem
2413 1473 2578 1529 nolite
2609 1474 2875 1529 oblivisci.
2911 1476 3015 1529 Per
3066 1477 3206 1530 hanc
3237 1477 3379 1531 enim
3407 1478 3636 1547 placue-

2042 1584 2062 1608 α
2097 1570 2221 1615 runt
2250 1561 2465 1632 quidam
2500 1563 2712 1633 angelis
2759 1563 2994 1632 hospitio
3024 1564 3274 1634 receptis.
3309 1565 3636 1621 Mementote

333 1659 462 1698 nam
492 1645 692 1710 dantis,
726 1646 933 1701 scilicet
962 1648 1030 1701 ad
1062 1647 1342 1702 caelestem
1384 1649 1743 1715 Hierusalem,
1779 1655 1834 1705 et
1862 1649 1936 1705 ad
1961 1678 2014 1738 B
2043 1672 2063 1700 α
2099 1650 2420 1718 vinctorum,
2483 1659 2735 1721 tanquam
2766 1651 2926 1704 simul
2956 1652 3138 1719 vincti,
3174 1660 3227 1706 et
3257 1653 3634 1718 laborantium,

332 1735 719 1805 frequentiam
748 1737 1062 1791 multorum
1085 1737 1334 1791 millium
1355 1739 1708 1806 angelorum,
1729 1747 1786 1792 ut
1809 1755 1933 1793 cum

334 1820 414 1874 eis
440 1821 495 1874 in
520 1822 699 1893 gloria
732 1823 831 1877 Dei
852 1824 1178 1893 personetis,
1215 1829 1270 1879 et
1302 1826 1374 1879 ad
1395 1827 1703 1881 Ecclesium
1731 1828 1934 1898 primi-

337 1909 604 1976 tivorum,
638 1910 694 1964 id
721 1918 801 1965 est
857 1912 1286 1982 patriarcharum
1313 1921 1364 1967 et
1394 1916 1807 1984 prophetarum,
1838 1916 1934 1987 qui

332 1999 643 2070 conscripti
663 2003 800 2054 sunt
833 2008 1114 2055 senatores
1144 2003 1206 2056 in
1238 2003 1410 2069 cretis,
1445 2006 1501 2058 et
1535 2003 1603 2057 ad
1641 2005 1818 2058 Deum
1841 2005 1937 2057 Pa-

333 2094 474 2141 trem
505 2090 762 2143 omnium
782 2089 1056 2158 judicem,
1091 2097 1143 2144 et
1174 2089 1244 2143 ad
1287 2093 1525 2162 spiritus
1546 2092 1840 2161 justorum
1879 2098 1935 2147 et
1965 2157 1970 2161 υ

329 2178 737 2247 perfectorum,
762 2177 817 2230 id
834 2185 917 2232 est
942 2194 1081 2248 quos
1103 2178 1333 2248 Spiritus
1355 2187 1574 2234 sanctus
1599 2180 1778 2248 justos
1805 2179 1936 2234 facit

330 2272 384 2318 et
443 2264 732 2334 perfectos,
782 2274 1008 2336 propter
1049 2266 1394 2322 diversitates
1439 2268 1724 2322 donorum.
1786 2269 1935 2324 Sicut

332 2352 573 2408 Joannes
622 2354 779 2419 solet,
826 2355 1112 2424 pluraliter
1151 2355 1223 2409 ait
1244 2356 1495 2426 Spiritus.
1525 2359 1594 2411 Et
1624 2356 1934 2412 accessistis

332 2441 406 2496 ad
436 2443 627 2497 Iesum
655 2442 911 2498 datorem
971 2445 1107 2499 Novi
1141 2446 1507 2499 Testamenti.
1543 2445 1641 2499 Vel
1669 2445 1744 2499 ita
1775 2445 1933 2500 dica-

333 2545 456 2583 mus
484 2530 552 2583 ad
605 2530 896 2584 Dominum
947 2531 1204 2595 omnium,
1243 2540 1293 2587 et
1323 2533 1391 2586 ad
1415 2534 1586 2586 Deum
1620 2534 1931 2603 spirituum,

329 2618 387 2672 id
419 2627 501 2672 est
530 2617 832 2673 animarum
858 2620 1130 2688 justorum
1164 2619 1547 2690 perfectorum.

406 2707 728 2762 Accessistis
757 2708 915 2762 etiam
935 2709 1008 2762 ad
1029 2710 1407 2780 aspersionem
1429 2710 1742 2780 sanguinis,
1779 2709 1834 2764 id
1852 2716 1935 2764 est

331 2794 400 2848 ad
459 2796 780 2867 sanguinem
838 2796 1057 2861 Christi,
1111 2814 1220 2868 quo
1252 2797 1459 2866 aspersi
1501 2798 1738 2851 mandati
1768 2799 1923 2852 estis.

332 2883 666 2954 Sanguinem
699 2883 895 2938 Christi
918 2884 1041 2939 dico
1060 2886 1373 2956 loquentem
1399 2887 1603 2940 melius
1622 2903 1789 2957 quam
1811 2902 1935 2938 san-

330 2972 554 3044 guinem
585 2973 718 3027 Abel
748 2973 816 3026 de
851 2988 959 3043 quo
987 2973 1250 3043 scriptum
1283 2981 1364 3028 est
1391 2989 1401 3026 :
1441 2996 1461 3023 ι
1491 2973 1722 3045 Sanguis
1755 2972 1932 3027 fratris

328 3061 402 3114 tui
434 3061 570 3114 Abel
597 3061 790 3115 clamat
821 3062 889 3115 ad
920 3078 1004 3116 me
1022 3062 1089 3116 de
1115 3070 1262 3116 terra
1293 3063 1452 3132 (Gen.
1487 3079 1560 3127 IV,
1596 3062 1720 3131 10);
1762 3085 1782 3109 ιο
1810 3062 1933 3117 ideo

328 3148 523 3203 melius
551 3149 678 3221 quia
736 3149 961 3222 sanguis
1003 3150 1141 3205 Abel
1189 3150 1473 3215 ultionem,
1507 3150 1735 3222 sanguis
1771 3150 1932 3203 Chri-

331 3238 400 3292 sti
458 3238 654 3292 clamat
712 3237 1110 3293 remissionem.
1170 3240 1237 3292 Et
1295 3239 1418 3309 quia
1460 3239 1686 3308 sanguis
1733 3238 1933 3292 Christi

329 3326 571 3398 loquitur
615 3343 713 3398 pro
763 3327 937 3392 vobis,
991 3327 1174 3382 videte
1207 3327 1390 3398 itaque
1422 3343 1495 3382 ne
1523 3327 1665 3380 male
1696 3328 1928 3397 agendo,

330 3417 605 3472 recusetis
635 3416 785 3471 illum
817 3418 1133 3488 loquentem
1162 3432 1261 3485 pro
1305 3415 1460 3470 vobis
1490 3415 1614 3487 quia
1644 3416 1787 3469 malo
1818 3432 1935 3470 ves-

332 3513 434 3569 tro,
469 3504 514 3558 si
545 3505 831 3559 recusatis.
865 3505 924 3559 Si
951 3506 1104 3560 enim
1127 3505 1218 3559 illi
1249 3507 1578 3559 recusantes
1597 3506 1832 3575 eumqui
1855 3505 1935 3558 lo-

330 3594 604 3666 quebatur
632 3609 803 3665 super
820 3597 1054 3661 terram,
1079 3593 1133 3646 id
1156 3601 1237 3646 est
1259 3594 1503 3662 Moysen,
1528 3592 1614 3647 vel
1652 3591 1926 3663 angelum,

333 3698 449 3736 non
480 3683 808 3752 effugerunt
837 3681 1117 3750 ultionem,
1137 3682 1318 3736 multo
1335 3682 1512 3750 magis
1535 3696 1636 3734 nos
1657 3696 1766 3733 non
1799 3678 1932 3734 effu-

333 3769 546 3842 giemus
566 3771 662 3841 qui.
677 3770 987 3825 avertimus
1013 3770 1184 3822 Deum
1201 3770 1522 3840 loquentem
1534 3771 1707 3835 nobis,
1724 3784 1835 3823 non
1864 3769 1931 3823 de

331 3866 500 3924 terra,
535 3857 631 3912 sed
661 3857 726 3912 de
755 3859 928 3912 caelis.
962 3859 1072 3912 Vox
1089 3859 1251 3928 cujus
1272 3857 1564 3928 loquentis,
1590 3861 1726 3911 tunc
1747 3857 1800 3910 in
1833 3857 1932 3911 da-

333 3947 478 4001 tione
501 3946 704 4000 veteris
727 3946 866 4017 legis
891 3950 1105 4000 terram
1135 3948 1327 4010 movit,
1353 3961 1507 4000 nunc
1528 3949 1721 4000 autem
1742 3961 1932 4016 repro-

332 4036 519 4089 mittit
542 4036 604 4089 in
626 4036 853 4105 Aggaeo,
882 4035 1073 4088 dicens
1095 4053 1112 4088 :
1137 4034 1328 4088 Adhuc
1350 4035 1521 4088 semel
1542 4054 1560 4100 ;
1585 4033 1763 4088 adhuc
1784 4033 1928 4101 ideo,

334 4123 457 4194 quia
482 4123 596 4190 jam
627 4129 874 4177 moverat
925 4129 1144 4187 terram,
1176 4122 1281 4191 Ego
1323 4123 1561 4189 movebo,
1595 4139 1708 4176 non
1748 4123 1931 4177 solum

335 4216 568 4276 terram,
597 4226 760 4280 quam
791 4210 918 4265 olim
949 4209 1114 4277 movi,
1139 4210 1236 4264 sed
1258 4212 1432 4264 etiam
1463 4211 1664 4265 caelum
1685 4209 1840 4279 (Agg.
1868 4225 1927 4278 ιι,

333 4301 409 4370 ⁷7),
438 4299 753 4354 mutabilem
805 4315 992 4354 eorum
1040 4297 1378 4352 transferens
1419 4297 1475 4350 in
1521 4297 1930 4351 immutabilita-

2043 1759 2064 1788 ε
2101 1745 2360 1809 tanquam
2391 1746 2443 1792 et
2471 1739 2574 1808 ipsi
2604 1739 2659 1792 in
2689 1755 2923 1809 corpore
2981 1748 3274 1794 morantes.
3306 1741 3637 1796 Honorabile

2039 1847 2060 1877 α
2092 1826 2420 1882 connubium
2477 1826 2532 1879 in
2588 1828 2860 1893 omnibus,
2921 1835 2974 1882 et
3029 1836 3180 1882 torus
3227 1828 3628 1883 immaculatus.

2040 1937 2061 1961 ‹‹
2097 1914 2480 1970 Fornicatores
2535 1915 2679 1968 enim
2739 1924 2790 1970 et
2846 1915 3120 1970 adulteros
3160 1917 3424 1985 judicabit
3454 1917 3627 1971 Deus.

2039 2025 2060 2053 ι
2097 2003 2216 2057 Sint
2274 2019 2456 2057 mores
2513 2003 2630 2058 sine
2684 2003 2928 2069 avaritia,
2963 2004 3208 2058 contenti
3241 2004 3625 2074 praesentibus.

2040 2115 2060 2138 ιι
2097 2093 2218 2161 Ipse
2249 2091 2392 2145 enim
2424 2091 2592 2145 dixit:
2624 2092 2746 2146 Non
2774 2100 2825 2146 te
2855 2093 3129 2156 deseram,
3164 2109 3342 2163 neque
3390 2092 3636 2147 derelin-

2039 2202 2060 2225 ‹‹
2096 2195 2258 2250 quam
2319 2179 2390 2232 ita
2441 2187 2498 2233 ut
2544 2178 2881 2235 confidenter
2911 2180 3190 2235 dicamus:
3217 2180 3478 2235 Dominus
3506 2179 3638 2234 mihi

2039 2291 2059 2314 α
2097 2268 2312 2336 adjutor
2362 2276 2463 2333 est,
2516 2284 2625 2322 non
2674 2268 2876 2322 timebo
2926 2269 3054 2339 quid
3087 2268 3246 2322 faciat
3275 2267 3408 2322 mihi
3438 2269 3626 2322 homo.

2039 2379 2059 2403 «
2097 2358 2421 2411 Mementote
2451 2357 2867 2426 praepositorum
2897 2364 3223 2424 vestrorum,
3249 2357 3342 2426 qui
3372 2356 3526 2411 vobis
3556 2357 3638 2411 lo-

2041 2467 2061 2491 ιι
2097 2445 2204 2500 cuti
2260 2453 2384 2498 sunt
2441 2446 2669 2500 verbum
2712 2445 2844 2510 Dei;
2876 2461 3106 2516 quorum
3135 2445 3406 2499 intuentes
3434 2444 3635 2498 exitum

2041 2555 2061 2583 «
2092 2533 2538 2598 conversationis,
2600 2533 2881 2586 imitamini
2939 2532 3125 2587 ﬁdem.
3190 2534 3348 2587 Jesus
3386 2532 3634 2586 Christus

2040 2645 2060 2668 α
2099 2621 2217 2676 beri
2248 2631 2300 2676 et
2328 2622 2510 2688 hodie,
2570 2621 2688 2691 ipse
2720 2630 2772 2675 et
2801 2621 2856 2674 in
2897 2621 3124 2676 saecula.
3165 2621 3443 2677 Doctrinis
3473 2619 3636 2676 variis

2042 2731 2063 2754 «
2098 2717 2150 2764 et
2206 2709 2521 2780 peregrinis
2578 2709 2743 2763 nolite
2799 2709 3015 2763 abduci.
3075 2709 3351 2779 Optimum
3379 2717 3462 2763 est
3491 2709 3636 2763 enim

2041 2820 2062 2844 α
2099 2799 2276 2869 gratia
2321 2797 2563 2852 stabilire
2595 2813 2709 2862 cor,
2765 2812 2874 2851 non
2913 2797 3075 2861 escis,
3109 2814 3228 2868 quae
3269 2814 3378 2851 non
3407 2797 3634 2868 profue-

2043 2907 2063 2932 ιι
2099 2894 2224 2939 runt
2253 2885 2658 2939 ambulantibus
2689 2885 2742 2938 in
2774 2885 2872 2940 eis.
2907 2885 3183 2940 Habemus
3212 2886 3402 2951 altare,
3437 2887 3506 2940 de
3527 2900 3634 2956 quo

2041 2995 2062 3023 ι
2100 2975 2265 3029 edere
2294 2991 2402 3028 non
2434 2975 2631 3028 habent
2659 2982 2981 3044 potestatem
3012 2975 3104 3044 qui
3153 2974 3503 3047 tabernaculo
3532 2975 3635 3028 de-

2038 3083 2060 3112 ι
2097 3063 2356 3116 serviunt.
2410 3061 2649 3130 Quorum
2697 3062 2839 3116 enim
2887 3061 3205 3116 animalium
3248 3060 3474 3116 infertur
3504 3078 3634 3115 san-

2038 3172 2060 3195 «
2097 3151 2219 3222 guis
2249 3165 2350 3220 pro
2379 3157 2606 3220 peccato
2656 3150 2710 3202 in
2740 3158 2923 3206 sancta
2950 3166 3049 3220 per
3079 3149 3414 3220 pontificem,
3442 3152 3635 3205 horum

2040 3259 2061 3283 α
2093 3254 2325 3308 corpora
2382 3246 2691 3292 cremantur
2721 3245 2876 3292 extra
2905 3248 3096 3294 castra.
3132 3241 3360 3309 Pr0pter
3391 3241 3535 3310 quod
3582 3246 3636 3295 et

2039 3351 2060 3374 «ι
2094 3327 2254 3382 Jesus
2284 3335 2342 3381 ut
2369 3325 2731 3382 sanctificaret
2760 3343 2861 3396 per
2891 3343 3048 3381 suum
3100 3329 3425 3399 sanguinem
3454 3344 3632 3398 popu-

2038 3440 2059 3463 α
2095 3416 2227 3482 lum,
2261 3424 2416 3470 extra
2443 3422 2659 3486 portam
2688 3432 2881 3485 passus
2912 3423 3020 3470 est.
3060 3410 3335 3470 Exeamus
3366 3417 3534 3487 igitur
3562 3417 3632 3470 ad

2039 3527 2060 3551 α
2098 3521 2222 3559 eum
2265 3511 2418 3558 extra
2475 3511 2674 3567 castra,
2734 3503 3118 3573 improperium
3179 3505 3295 3571 ejus
3323 3511 3624 3572 portantes.

2039 3616 2060 3639 α
2095 3593 2218 3647 Non
2250 3593 2395 3647 enim
2426 3592 2693 3645 habemus
2749 3592 2838 3646 hic
2867 3599 3178 3645 manentem
3209 3591 3500 3656 civitatem,
3535 3592 3633 3646 sed

2039 3706 2058 3728 ιι
2095 3681 2328 3750 futuram
2383 3680 2727 3750 inquirimus.
2790 3681 2894 3735 I’er
2943 3681 3120 3750 ipsum
3171 3695 3306 3749 ergo
3345 3679 3633 3734 offeramus

2038 3792 2059 3817 «ι
2095 3748 2331 3824 hostiam
2361 3748 2538 3824 laudis
2585 3785 2804 3839 semper
2834 3748 2976 3833 Deo,
3002 3768 3055 3821 id
3077 3776 3159 3823 est
3188 3748 3422 3823 fructum
3458 3768 3634 3824 labio-

2039 3882 2060 3905 «ε
2096 3875 2216 3913 rum
2246 3857 2614 3914 confitentium
2643 3857 2846 3912 nomini
2878 3857 3012 3924 ejus.
3045 3855 3423 3912 Beneficentim
3453 3865 3634 3911 autem

2036 3968 2058 3997 ‹
2095 3955 2146 4002 et
2177 3947 2571 4001 communionis
2601 3946 2764 4000 nolite
2795 3944 3062 4000 oblivisci.
3107 3945 3326 3999 Talibus
3357 3946 3502 4000 enim
3533 3947 3636 4000 ho-

2037 4058 2057 4081 «
2094 4035 2211 4089 stiis
2231 4043 2573 4105 promeretur
2603 4036 2770 4089 Deus.
2815 4033 3045 4088 Obedite
3077 4033 3384 4103 praepositis
3412 4033 3630 4099 vestris,

2037 4145 2058 4174 ¢
2095 4131 2146 4177 et
2175 4123 2446 4190 subjacete
2477 4123 2575 4176 eis.
2609 4123 2718 4192 Ipsi
2749 4122 2893 4176 enim
2923 4120 3252 4192 pervigilant
3283 4121 3437 4192 quasi
3468 4121 3635 4176 ratio-

2038 4235 2058 4260 α
2094 4227 2219 4265 nem
2246 4227 2348 4281 pro
2378 4210 2662 4265 animabus
2692 4210 2889 4265 vestris
2919 4209 3200 4278 reddituri,
3236 4216 3293 4263 ut
3333 4224 3457 4264 cum
3485 4225 3630 4280 gau-

2037 4321 2058 4349 ι
2091 4299 2180 4354 dio
2239 4299 2340 4353 hoc
2372 4298 2586 4361 faciant,
2640 4305 2692 4350 et
2722 4313 2831 4352 non
2858 4306 3161 4369 gementes.
3201 4298 3318 4352 Hoc
3348 4297 3492 4352 enim
3521 4314 3629 4354 non

333 4397 462 4444 tem.
495 4389 653 4443 Nunc
685 4387 881 4442 Paulus
931 4386 1149 4457 exponit
1175 4404 1187 4440 :
1228 4386 1377 4454 Quod
1406 4390 1598 4440 autem
1639 4386 1779 4441 dicit
1809 4402 1933 4456 pro-
1960 4382 2012 4441 D
2040 4410 2061 4439 α
2099 4387 2317 4457 expedit
2372 4386 2547 4441 vobis.
2582 4385 2746 4440 Orate
2777 4401 2876 4455 pro
2905 4386 3084 4440 nobis.
3116 4384 3452 4441 Confidimus
3485 4387 3630 4441 enim

334 4479 496 4548 pheta
525 4477 709 4533 adhuc
739 4480 795 4532 et
823 4477 1015 4540 semel,
1050 4490 1148 4544 per
1177 4474 1354 4529 adhuc
1385 4475 1642 4529 declarat
1685 4476 1934 4530 transla-

337 4569 549 4621 tionem
579 4566 891 4621 mobilium.
925 4563 1212 4617 Translata
1242 4563 1386 4616 enim
1409 4562 1692 4629 elementa,
1712 4562 1779 4616 de
1809 4577 1931 4616 mo-

334 4654 536 4709 bilitate
566 4653 696 4708 ﬁent
735 4651 1054 4707 immobilia.
1102 4650 1530 4705 Translationem
1579 4650 1702 4705 dico
1748 4650 1931 4704 mobi-

333 4742 464 4796 lium
498 4742 772 4814 tanquam
799 4744 1105 4812 factorum,
1131 4739 1186 4794 id
1217 4747 1298 4794 est
1331 4739 1468 4794 sicut
1499 4755 1688 4793 eorum
1705 4755 1822 4810 quae
1855 4738 1933 4793 fe-

335 4831 425 4885 cit.
462 4831 566 4899 Qui
597 4831 742 4886 enim
771 4845 836 4884 ea
865 4830 933 4884 de
983 4828 1151 4882 nihilo
1182 4827 1328 4892 fecit,
1360 4827 1498 4882 facta
1527 4827 1700 4882 levius
1744 4835 1930 4881 trans-

333 4919 476 4975 ferre
518 4920 708 4991 potuit.
757 4917 937 4973 Semel
982 4916 1112 4972 dicit
1167 4921 1232 4971 ut
1275 4915 1629 4970 translatione
1676 4915 1818 4970 facta
1865 4932 1931 4970 ea

334 5012 609 5063 maneant
654 5007 985 5071 immobilia,
1022 5021 1143 5075 qua:
1189 5004 1354 5058 modo
1405 5011 1530 5058 sunt
1578 5003 1816 5058 mobilia.
1866 5005 1933 5058 Et

337 5095 776 5168 quandoquidem
821 5093 1003 5148 omnia
1030 5094 1084 5146 in
1114 5092 1546 5146 immobilitatem
1595 5092 1930 5146 transferen-

335 5193 442 5252 tur,
463 5187 653 5256 itaque
669 5199 769 5238 nos
788 5183 1156 5253 suscipientes
1180 5197 1418 5251 regnum
1445 5181 1750 5244 immobile,
1773 5180 1829 5234 id
1849 5187 1933 5234 est

335 5289 435 5328 nos
457 5273 508 5326 in
533 5271 897 5326 immobilibus
918 5269 1222 5340 regnaturi,
1248 5269 1515 5325 habemus
1545 5269 1776 5337 aliquam
1805 5285 1931 5338 gra-

339 5364 481 5418 tiam
509 5363 572 5415 in
604 5359 760 5414 nobis
780 5376 809 5412 a
826 5361 941 5413 Deo
961 5358 1320 5428 praemissam.
1353 5355 1472 5410 Nisi
1494 5355 1636 5408 enim
1659 5355 1932 5425 praecede-

335 5458 417 5505 ret
442 5451 499 5505 in
525 5450 682 5504 nobis
709 5449 892 5520 aliqua
920 5447 1098 5520 gratia
1131 5447 1248 5513 Dei,
1284 5461 1394 5500 non
1437 5443 1833 5514 susciperemur
1861 5444 1930 5497 ab

336 5555 403 5596 eo
432 5538 487 5596 in
517 5537 891 5594 immobilitate
921 5535 1216 5610 regnaturi.
1253 5534 1350 5591 Vel
1380 5534 1476 5600 ita,
1511 5532 1639 5603 quia
1670 5531 1933 5588 translata

2035 4499 2057 4527 ‹(
2095 4475 2219 4546 quia
2277 4475 2474 4529 bonam
2530 4473 2920 4528 conscientiam
2966 4475 3249 4541 habemus,
3293 4475 3346 4528 in
3378 4476 3631 4529 omnibus

2035 4587 2056 4611 υ
2095 4564 2233 4618 bene
2283 4563 2527 4617 volentes
2568 4562 2899 4618 conversari.
2935 4563 3182 4631 Amplius
3214 4571 3394 4617 autem
3425 4563 3629 4633 depre-

2035 4675 2057 4698 α
2091 4668 2186 4707 cor
2214 4667 2310 4706 vos
2341 4653 2444 4706 hoc
2475 4650 2676 4716 facere,
2737 4667 2845 4722 quo
2877 4651 3113 4706 celerius
3153 4651 3408 4705 restituar
3438 4652 3619 4706 vobis.

2035 4763 2057 4787 α
2093 4742 2238 4795 Deus
2277 4748 2456 4794 autem
2506 4740 2678 4810 pacis,
2731 4740 2823 4810 qui
2868 4740 3051 4794 eduxit
3082 4739 3151 4793 de
3183 4739 3408 4792 mortuis
3442 4740 3629 4794 Pasto-

2033 4851 2054 4877 «ι
2092 4845 2209 4883 rem
2273 4844 2530 4899 magnum
2597 4829 2799 4890 ovium,
2874 4828 2930 4880 in
3005 4827 3269 4898 sanguine
3315 4828 3629 4882 testamenti

2033 4939 2055 4963 α
2090 4916 2274 4971 aeterni
2330 4916 2620 4970 Dominum
2654 4925 2896 4970 nostrum
2927 4916 3114 4968 Jesum
3156 4914 3446 4980 Christum,
3482 4923 3625 4985 aptet

2035 5021 2190 5059 «vos
2239 5004 2294 5057 in
2347 5003 2495 5058 omni
2551 5005 2712 5068 bono,
2775 5013 2831 5056 ut
2863 5002 3077 5057 faciatis
3127 5002 3458 5056 voluntatem
3489 5005 3626 5072 ejus,

2035 5115 2057 5139 «
2092 5091 2297 5148 faciens
2328 5092 2382 5145 in
2414 5092 2569 5147 vobis
2601 5093 2746 5163 quod
2776 5092 2994 5161 placeat
3025 5106 3210 5146 coram
3241 5080 3300 5146 se
3333 5108 3428 5162 per
3447 5093 3632 5146 Jesum

2034 5203 2056 5232 ι
2093 5181 2383 5246 Christum,
2446 5181 2531 5236 cui
2579 5189 2659 5236 est
2708 5180 2878 5253 gloria
2917 5180 2970 5233 in
3021 5180 3216 5234 saecula
3269 5181 3622 5236 saeculorum.

2034 5292 2056 5315 «
2092 5273 2290 5324 Amen.
2331 5271 2484 5341 Rogo
2517 5277 2697 5322 autem
2731 5284 2846 5334 vos,
2880 5268 3102 5330 fratres,
3136 5277 3193 5322 ut
3223 5268 3492 5322 sufferatis
3513 5285 3634 5323 ver-

2034 5380 2055 5404 κ
2091 5359 2220 5413 bum
2250 5358 2448 5413 solatii.
2490 5357 2702 5410 Etenim
2734 5357 3031 5426 perpaucis
3069 5357 3265 5425 scripsi
3297 5357 3477 5411 vobis.
3520 5358 3630 5413 Co-

2035 5469 2056 5493 ιι
2090 5445 2336 5518 gnoscite
2392 5445 2618 5500 fratrem
2676 5453 2918 5499 vestrum
2949 5446 3287 5499 Timotheum
3321 5444 3630 5511 dimissum,

2035 5557 2056 5583 ιι
2092 5550 2215 5590 cum
2244 5550 2350 5606 quo
2373 5535 2419 5588 si
2472 5534 2704 5591 celerius
2738 5535 2967 5603 venerit,
3004 5533 3200 5589 videbo
3233 5549 3350 5592 vos.
3388 5533 3632 5591 Salutate
