3966 6050
331 121 437 173 565

1293 116 1634 175 EPISTOLA
1671 118 1730 173 B.
1782 116 1990 175 PAULI
2018 96 2122 174 .m’
2151 116 2659 175 LAODICENSES.

3530 125 3633 177 566

327 246 413 295 est
434 247 588 295 extra
622 256 816 296 sensus
844 240 1154 312 voluptatis.
1187 240 1393 297 Sensus
1424 240 1569 296 enim
1597 248 1770 312 porta
1798 248 1923 296 sunt
1945 241 1995 301 A
2095 240 2239 296 Dixit
2278 239 2530 311 superius
2559 246 2710 295 orate
2738 255 2840 311 pro
2884 241 3042 295 nobis
3067 259 3081 307 ;
3122 258 3269 298 nunc
3310 247 3503 298 autem
3533 244 3630 299 de-

326 328 539 395 animze,
573 328 665 400 qui
709 345 807 399 per
835 328 1025 384 oculos
1063 328 1283 384 ducitur
1321 329 1391 383 ad
1435 329 1928 400 concupiscendum

323 416 470 487 quod
500 416 665 483 videt,
699 424 751 472 et
780 417 859 473 sic
899 433 1001 487 per
1031 425 1257 472 caeteros
1288 433 1508 472 sensus.
1548 418 1707 471 Jesus
1737 434 1930 488 passus

322 512 407 559 est
437 513 587 559 extra
618 513 853 576 portam,
885 505 1009 560 ideo
1041 510 1108 560 ut
1133 522 1236 578 per
1266 507 1559 578 pr0prium
1588 508 1929 577 sanguinem

324 594 715 662 sanctiﬁcaret
726 594 1023 666 populum.
1050 593 1189 661 Quia
1211 595 1237 646 J
1244 609 1368 647 esus
1388 600 1543 647 extra
1571 602 1785 663 portam
1804 610 1932 664 pas-

321 696 416 734 sus
435 689 539 745 est,
562 682 744 752 igitur
770 698 1043 737 exeamus
1065 682 1137 737 ad
1156 698 1305 747 eum,
1325 680 1486 751 positi
1516 685 1686 737 extra
1716 686 1925 747 castra,

320 767 378 822 id
410 776 494 823 est
523 778 675 824 extra
706 770 1013 840 voluptates
1054 769 1431 836 tabernaculi;
1462 784 1567 825 nec
1594 770 1699 825 hoc
1728 769 1925 836 solum,

321 857 423 911 sed
453 856 615 912 etiam
641 861 936 929 portantes
960 858 1027 927 (si
1055 874 1283 914 necesse
1313 857 1493 927 fuerit)
1524 859 1929 930 improperium

322 946 465 1015 ejus,
495 946 548 999 id
581 953 664 1000 est
692 953 921 1000 mortem
953 946 1153 1001 crucis.
1210 948 1276 999 Et
1322 946 1509 1017 utique
1548 946 1627 1001 sic
1665 946 1929 1000 debemus

324 1032 493 1100 exire,
530 1034 656 1104 quia
684 1034 847 1089 etiam
870 1034 915 1087 si
946 1034 1198 1089 volumus
1228 1033 1315 1089 hic
1343 1050 1589 1099 manere,
1624 1049 1740 1088 non
1774 1033 1931 1089 habe-

315 1137 445 1175 mus
478 1122 567 1177 hic
596 1125 927 1176 manentem
961 1109 1273 1187 civitatem,
1307 1123 1401 1177 sed
1446 1122 1791 1194 inquirimus
1827 1124 1928 1192 fu-

323 1213 535 1275 turam,
580 1209 633 1262 id
673 1217 755 1264 est
784 1217 1066 1264 aeternam.
1100 1211 1167 1264 Et
1214 1210 1651 1282 quandoquidem
1689 1209 1927 1263 futuram

318 1296 666 1368 inquirimus,
693 1313 825 1370 ergo
857 1306 914 1351 ut
945 1299 1417 1368 apprehendamus
1448 1314 1588 1365 eam,
1627 1299 1928 1368 offeramus

308 1401 416 1456 per
437 1387 625 1456 ipsum
653 1386 842 1440 Jesum
875 1385 1091 1441 hostias
1143 1386 1345 1449 laudis,
1383 1385 1438 1440 id
1465 1394 1551 1440 est
1575 1386 1767 1440 laudes
1818 1402 1927 1441 non

316 1472 498 1526 minus
530 1489 691 1545 quam
720 1473 910 1528 hostiae
932 1482 1309 1544 promerentes
1332 1476 1460 1540 Deo,
1482 1476 1657 1530 ethoc
1685 1491 1924 1547 semper.

2029 345 2226 401 precor
2256 346 2347 383 vos
2383 330 2628 401 amplius
2650 328 2749 385 hoc
2788 331 2998 399 facere,
3024 329 3077 383 id
3103 337 3183 383 est
3213 346 3372 385 orare
3393 346 3493 400 pro
3525 347 3628 386 no-

2030 417 2114 471 bis
2145 416 2447 483 instantius,
2483 432 2606 489 quo,
2631 417 2687 471 id
2711 424 2793 470 est
2815 432 2879 471 eo
2908 424 2964 470 ut
2995 419 3276 473 restituar
3318 409 3464 473 vobis
3487 420 3630 474 cele-

2029 507 2167 570 rius,
2207 504 2460 559 deferens
2508 521 2721 560 mecum
2770 504 2977 560 fructus
3036 506 3538 577 eleemosynarum,
3585 506 3631 560 si

2028 592 2168 648 forte
2218 592 2399 648 solvar
2428 608 2460 646 a
2488 592 2734 648 vinculis.
2781 594 2913 648 Dico
2965 601 3115 648 orate
3163 610 3263 664 pro
3313 595 3491 661 nobis,
3525 610 3629 667 ego

2029 688 2205 735 autem
2229 680 2308 735 sic
2336 696 2432 735 oro
2454 696 2554 750 pro
2576 681 2747 735 vobis.
2778 684 2918 735 Deus
2941 684 3099 752 pacis
3121 690 3266 753 aptet
3290 698 3385 737 vos
3408 683 3461 736 in
3483 682 3631 737 omni

2028 769 2191 835 bono,
2252 768 2346 840 qui
2385 770 2529 822 Deus
2563 769 2765 823 eduxit
2798 770 3101 824 Dominum
3146 774 3407 825 nostrum
3438 772 3629 826 Jesum

2032 856 2319 911 Christum
2346 858 2411 911 de
2442 858 2705 921 mortuis,
2728 856 2780 908 id
2809 865 2892 910 est
2935 873 2966 910 a
3006 874 3232 912 numero
3274 866 3625 913 mortuorum.

2027 944 2211 998 Jesum
2231 944 2353 998 dico
2382 947 2672 999 Pastorem
2704 961 2991 1014 magnum,
3018 946 3074 999 id
3121 954 3200 1000 est
3256 963 3422 1017 super
3447 947 3629 1001 omnia

2026 1030 2454 1103 magnificatum.
2520 1032 2796 1085 Pastorem
2854 1033 2975 1087 dico
3032 1049 3140 1087 non
3197 1034 3465 1104 luporum,
3529 1035 3626 1089 sed

2030 1120 2311 1187 ovium,id
2342 1127 2425 1174 est
2456 1127 2884 1173 mansuetorum.
2937 1123 3215 1175 Pastorem
3262 1122 3384 1175 dico
3428 1121 3627 1176 factum

2028 1210 2091 1263 in
2109 1209 2409 1277 sanguine,
2461 1207 2513 1260 id
2564 1215 2645 1261 est
2682 1224 2782 1277 per
2832 1209 3161 1262 oblationem
3204 1209 3483 1279 sanguinis
3523 1210 3625 1264 sui.

2029 1295 2363 1366 Sanguinem
2393 1295 2516 1350 dico
2546 1294 2990 1350 confirmatorem
3034 1300 3362 1352 testamenti
3401 1299 3625 1364 wterni,

2029 1384 2085 1439 id
2117 1392 2199 1439 est
2221 1383 2273 1436 in
2305 1392 2560 1438 aeternum
2591 1384 2855 1438 duraturi.
2892 1384 3009 1448 Hic,
3035 1384 3277 1455 inquam,
3304 1387 3449 1440 Deus
3472 1390 3631 1457 aptet

2029 1488 2122 1528 vos
2151 1474 2214 1527 in
2246 1472 2403 1527 omni
2434 1472 2589 1526 bono.
2622 1474 2852 1541 Aptatos
2884 1488 2978 1527 eos
3000 1472 3268 1545 intelligit,
3286 1474 3329 1525 si
3360 1474 3497 1528 bona
3526 1490 3628 1529 vo-

312 1560 385 1613 Et
416 1562 559 1632 quod
590 1561 712 1616 dico
742 1561 948 1615 hostias
990 1561 1195 1626 laudis,
1231 1570 1312 1616 est
1346 1562 1528 1616 dicere
1561 1578 1574 1615 :
1611 1560 1919 1617 Oﬂ'eramus
1946 1600 1999 1659 Β
2025 1560 2206 1615 luntas
2258 1561 2315 1613 in
2368 1560 2447 1614 eis
2503 1558 2687 1613 fuerit.
2761 1563 2921 1630 Aptet
2968 1561 3071 1625 ita,
3131 1566 3199 1615 ut
3242 1562 3472 1631 faciatis
3537 1579 3626 1617 vo-

311 1650 574 1718 f'ructum
608 1651 903 1705 labiorum.
958 1650 1061 1704 Per
1107 1650 1391 1718 labiorum,
1440 1649 1774 1716 facilitatem,
1823 1667 1920 1721 per

312 1738 554 1793 fructum
575 1738 829 1811 designat
857 1737 1161 1793 utilitatem.
1195 1738 1485 1793 Labiorum
1497 1738 1620 1793 dico
1642 1739 1920 1807 confiten-

322 1829 472 1882 tium
508 1828 749 1891 nomini,
775 1827 829 1880 id
861 1835 942 1881 est
972 1827 1166 1899 gloriae
1196 1828 1337 1897 ejus.
1371 1826 1681 1882 Offeramus
1709 1826 1920 1881 laudes.

320 1915 718 1983 Beneﬁcentiw
743 1919 955 1980 autem,
982 1915 1035 1969 id
1056 1923 1139 1969 est
1159 1915 1423 1987 largitatis
1453 1915 1921 1986 eleemosynarum

320 2008 379 2059 et
416 2005 832 2059 communionis
854 2005 1166 2075 (postquam
1196 2019 1305 2058 non
1350 2003 1591 2074 propria,
1639 2004 1736 2057 sed
1766 2019 1921 2059 com-

321 2092 507 2145 munia
535 2092 819 2161 dicebatis)
849 2094 1024 2147 nolite
1068 2092 1345 2147 oblivisci.
1382 2092 1497 2146 Nec
1542 2091 1754 2146 debetis
1784 2092 1923 2147 obli-

319 2179 474 2244 visci,
505 2182 637 2251 quia
667 2181 873 2235 talibus
919 2181 1137 2245 hostiis,
1174 2180 1230 2234 id
1261 2187 1344 2234 est
1373 2196 1470 2249 per
1509 2179 1920 2235 beneficentiam

319 2276 373 2322 et
404 2268 862 2324 communionem.
888 2269 1034 2323 Deus
1050 2272 1405 2340 promeretur
1423 2267 1478 2321 in
1494 2269 1716 2338 passiva
1743 2269 1920 2341 signi-

314 2355 585 2411 ficatione.
642 2355 709 2411 Ut.
747 2364 930 2411 autem
976 2357 1171 2411 horum
1208 2372 1483 2411 memores
1533 2356 1670 2423 sitis,
1704 2358 1919 2413 obedite

306 2446 631 2516 prrepositis
660 2446 883 2509 vestris,
909 2444 1002 2515 qui
1023 2442 1252 2515 perfecti
1274 2452 1414 2509 sunt,
1450 2452 1505 2499 et
1534 2445 1673 2500 bene
1701 2461 1799 2500 vos
1831 2447 1919 2498 in-

313 2540 544 2598 struunt,
579 2537 637 2587 et
664 2533 949 2602 subjacete
979 2534 1080 2597 eis,
1113 2532 1169 2586 id
1214 2540 1296 2587 est
1327 2532 1564 2598 Obedite,
1600 2540 1656 2586 ut
1700 2549 1919 2587 omnem

317 2620 712 2689 subjectionem
739 2624 910 2675 verbo
933 2628 987 2674 et
1018 2636 1183 2690 opere
1213 2621 1515 2675 exhibeatis
1542 2621 1667 2675 illis.
1696 2621 1920 2676 Debetis

314 2710 502 2780 utique
536 2710 821 2778 subjacere
843 2708 943 2778 eis,
966 2711 1099 2780 quia
1127 2710 1236 2781 ipsi
1257 2711 1601 2781 pervigilant
1628 2726 1730 2781 pro
1750 2710 1915 2777 vobis,

311 2800 473 2869 quasi
501 2798 581 2852 illi
608 2798 699 2869 qui
728 2798 1011 2854 reddituri
1034 2805 1158 2851 sunt
1184 2799 1438 2853 rationes
1455 2814 1558 2869 pro
1618 2798 1918 2854 animabus

316 2888 539 2953 vestris,
575 2886 677 2940 sibi
708 2885 1035 2941 commissis.
1078 2886 1147 2939 Et
1192 2884 1318 2939 ideo
1363 2885 1442 2940 sic
1483 2885 1758 2952 subjacete
1806 2886 1914 2952 eis,

314 2974 383 3025 ut
407 2971 630 3041 faciant
662 2970 797 3035 haec,
848 2970 906 3024 id
947 2977 1031 3023 est
1073 2968 1401 3040 pervigilant
1448 2984 1550 3038 pro
1592 2968 1749 3023 vobis
1786 2985 1917 3024 cum

311 3058 532 3127 gaudio,
566 3062 751 3113 etnon
776 3061 1082 3129 gementes,
1115 3072 1215 3127 pro
1236 3055 1429 3111 duritia
1462 3063 1516 3110 et
1545 3056 1917 3127 intemperan-

311 3146 384 3199 tia
414 3154 616 3201 vestra.
650 3146 783 3201 Dico
820 3162 930 3201 non
975 3152 1259 3216 gementes
1293 3163 1306 3210 ;
1341 3162 1458 3201 non
1489 3147 1644 3201 enim
1685 3146 1915 3217 expedit

310 3234 459 3291 vobis
487 3234 608 3301 hoc,
641 3242 698 3287 ut
729 3249 823 3288 eos
854 3250 1078 3304 gemere
1100 3232 1329 3289 faciatis.
1356 3232 1587 3289 Obedite
1608 3234 1914 3305 praepositis

313 3330 367 3377 et
397 3326 553 3377 orate
583 3338 683 3395 pro
705 3322 883 3377 nobis.
908 3322 1166 3377 Dicerent
1187 3321 1262 3374 illi
1289 3338 1300 3376 :
1323 3322 1401 3374 Tu
1430 3329 1651 3392 gentem
1673 3331 1912 3375 nostram

311 3418 364 3465 et
385 3410 518 3464 ritus
539 3418 758 3465 nostros
786 3409 1157 3481 persequeris,
1184 3417 1234 3463 et
1263 3408 1539 3480 quomodo
1568 3408 1725 3474 dicis,
1759 3416 1912 3465 orate

314 3516 416 3569 pro
438 3499 596 3553 nobis
617 3500 644 3553 ?
675 3498 758 3552 Ad
778 3500 883 3553 hoc
916 3498 1109 3551 Paulus
1142 3516 1155 3551 :
1192 3497 1361 3553 Orare
1396 3512 1499 3567 pro
1540 3497 1699 3551 nobis
1746 3498 1911 3552 debe-

312 3586 400 3641 tis.
434 3588 539 3642 Nos
568 3589 723 3642 enim
768 3586 1125 3655 confidimus,
1167 3585 1223 3639 id
1253 3593 1335 3640 est
1383 3585 1717 3641 confidenter
1758 3585 1913 3641 vobis

311 3674 543 3729 dicimus
574 3676 717 3747 quod
752 3675 1017 3730 habemus
1038 3675 1241 3728 bonam
1262 3674 1676 3730 conscientiam
1706 3675 1768 3729 in
1789 3690 1910 3729 om-

312 3764 501 3829 nibus,
534 3764 589 3817 id
619 3764 795 3818 estad
816 3778 1007 3817 omnes
1039 3763 1289 3818 volentes
1311 3764 1446 3818 bene
1491 3763 1814 3819 conversari
1847 3763 1913 3816 ad

311 3852 455 3907 illos.
488 3852 587 3907 Ubi
618 3858 801 3905 autem
832 3850 1169 3907 conscientia
1200 3867 1335 3921 pura
1364 3858 1466 3919 est,
1500 3859 1553 3906 et
1579 3866 1718 3922 opus
1742 3868 1911 3921 inun-

313 3941 445 3995 dum
478 3948 578 4008 est,
617 3956 682 3995 ne
712 3956 847 4013 ergo
877 3939 1093 3995 molesti
1115 3939 1233 3994 sitis
1263 3939 1414 3994 mihi.

2026 1651 2309 1704 luntatem
2330 1649 2450 1717 ejus
2478 1648 2594 1713 Dei,
2622 1664 2720 1702 nec
2742 1648 2944 1702 viribus
2962 1649 3174 1715 vestris,
3200 1650 3296 1703 sed
3315 1650 3388 1703 ita
3416 1648 3627 1703 faciatis

2020 1736 2269 1791 414
2299 1743 2353 1790 ut
2406 1736 2522 1806 ipse
2564 1736 2634 1789 sit
2674 1738 2894 1806 faciens
2930 1737 2991 1790 in
3034 1738 3179 1791 vobis
3223 1738 3365 1808 quod
3404 1738 3628 1808 placeat

2020 1840 2210 1880 coram
2240 1840 2317 1893 se,
2342 1825 2397 1878 id
2428 1833 2510 1879 est
2542 1825 2595 1877 in
2618 1825 2959 1894 beneplacito
2980 1825 3115 1893 ejus,
3150 1824 3356 1880 faciens
3387 1825 3510 1879 dico
3525 1840 3627 1895 per

2020 1913 2211 1968 Jesum
2237 1912 2543 1977 Christum,
2574 1914 2669 1983 qui
2717 1918 2800 1967 est
2826 1914 3009 1982 gloria
3050 1915 3111 1967 in
3146 1914 3355 1968 saecula
3388 1914 3625 1967 saeculo-

2019 2016 2169 2056 rum.
2204 2002 2405 2056 Amen.
2428 2000 2567 2068 Quia
2597 2000 2991 2071 aliquantulum
3022 2001 3266 2070 asperius
3309 2007 3627 2055 correxerat

2019 2089 2163 2155 illos,
2196 2106 2339 2143 nunc
2370 2088 2643 2143 blanditur
2672 2088 2770 2153 eis,
2808 2105 2875 2142 ne
2908 2098 3231 2143 moveantur
3254 2088 3369 2143 visa
3407 2088 3622 2158 asperi-

2020 2186 2129 2233 tate
2148 2179 2468 2242 verborum,
2490 2178 2679 2232 dicens
2707 2178 2886 2231 :BDeus
2909 2177 2955 2231 si
2976 2185 3123 2248 aptet
3140 2194 3255 2245 vos,
3287 2193 3390 2249 ego
3412 2181 3623 2243 autem,

2019 2270 2254 2337 fratres,
2280 2283 2407 2337 rogo
2429 2283 2537 2332 vos,
2564 2272 2629 2320 ut
2652 2268 2755 2322 hoc
2780 2268 3003 2322 verbum
3039 2283 3146 2321 non
3181 2266 3623 2335 reprehensionis

2021 2355 2101 2423 (ut
2129 2354 2263 2409 forte
2293 2354 2457 2425 aliqui
2487 2354 2556 2409 de
2587 2354 2742 2408 vobis
2779 2354 3129 2423 existimant),
3178 2354 3274 2408 sed
3324 2353 3622 2423 Epistolam

2019 2444 2212 2498 solatii
2233 2443 2539 2513 sufferatis,
2570 2442 2624 2496 id
2656 2450 2737 2497 est
2758 2443 2812 2496 in
2842 2443 2987 2497 omni
3005 2441 3262 2512 patientia
3292 2442 3620 2512 suscipiatis.

2020 2531 2086 2584 Et
2102 2530 2329 2600 potestis
2350 2530 2481 2584 satis
2502 2529 2744 2596 sufferre,
2766 2533 2897 2601 quia
2914 2531 3113 2601 scripsi
3135 2530 3281 2585 vobis
3298 2533 3617 2603 perpaucis.

2020 2618 2119 2673 Hic
2152 2618 2421 2690 significat
2451 2635 2547 2674 eos
2591 2618 2952 2688 impatientes,
3005 2619 3201 2689 quibus
3244 2621 3414 2672 multo
3462 2618 3623 2688 plura

2020 2706 2351 2775 scripsisset,
2384 2706 2430 2759 si
2452 2707 2721 2776 patienter
2748 2707 3029 2761 audituros
3064 2714 3445 2779 cognosceret.
3492 2705 3621 2761 Suf-

2019 2792 2151 2848 ferte
2199 2794 2425 2849 verbum
2456 2799 2513 2849 et
2531 2798 2774 2866 fratrem
2804 2799 3055 2850 vestrum
3100 2795 3503 2850 Timotheuma
3534 2810 3619 2849 me

2019 2882 2318 2937 dimissum
2345 2882 2415 2937 ad
2448 2899 2564 2950 vos,
2599 2883 2686 2937 vel
2720 2899 2752 2937 a
2780 2882 3010 2937 vinculis
3042 2882 3241 2953 quibus
3270 2882 3468 2951 ligatus
3498 2898 3619 2937 me-

1949 2952 1994 3012 Ο
2016 2985 2138 3024 cum
2169 2978 2304 3036 erat,
2339 2987 2481 3026 nunc
2510 2970 2813 3025 dimissum.
2846 2972 3004 3036 Eum,
3044 2952 3285 3041 inquam,
3321 2970 3619 3025 delatorem

2017 3057 2178 3125 hujus
2210 3059 2485 3128 Epistolae,
2511 3060 2844 3127 cognoscite,
2870 3059 2924 3113 id
2966 3067 3047 3113 est
3075 3057 3370 3113 honorifice
3409 3066 3461 3113 et
3494 3074 3619 3113 cum

2015 3145 2163 3200 omni
2193 3147 2456 3201 charitate
2477 3147 2753 3216 suscipite,
2802 3164 2932 3203 cum
2963 3164 3066 3219 quo
3100 3148 3287 3203 videbo
3322 3163 3435 3213 vos,
3478 3147 3618 3202 sicut

2015 3243 2255 3300 autumo,
2299 3237 2348 3290 si
2380 3236 2619 3290 celerius
2664 3244 2946 3291 revertens
2989 3253 3019 3290 a
3068 3236 3242 3304 vobis,
3286 3238 3504 3293 venerit
3546 3236 3615 3291 ad

2013 3339 2122 3380 me.
2144 3324 2400 3379 Salutate
2428 3337 2619 3378 omnes
2644 3325 2975 3395 prwpositos
3018 3330 3248 3380 vestros.
3285 3326 3423 3395 Ipsis
3444 3326 3609 3389 enim,

2015 3412 2139 3483 quia
2186 3410 2412 3482 perfecti
2453 3419 2628 3478 erant,
2670 3428 2779 3466 non
2828 3412 3099 3467 scribebat
3145 3413 3467 3483 Epistolam,
3518 3413 3614 3467 sed

2014 3500 2342 3571 quibusdam
2382 3500 2726 3555 subditorum
2772 3500 3104 3557 incorrectis.
3148 3501 3386 3556 Salutate
3435 3503 3613 3555 etiam

2017 3604 2212 3644 omnes
2242 3593 2464 3644 sanctos
2502 3588 2557 3641 in
2586 3589 2831 3644 Ecclesia
2860 3597 3066 3644 vestra.
3116 3591 3280 3643 Erant
3310 3589 3455 3642 enim
3486 3588 3612 3659 qui-

2014 3676 2141 3731 dam
2162 3676 2503 3731 subditorum
2527 3676 2774 3746 perfecti,
2809 3677 3005 3747 quibus
3035 3678 3280 3730 similiter
3324 3692 3432 3730 non
3464 3678 3606 3731 scri-

2015 3765 2197 3819 bebat.
2238 3766 2511 3820 Salutant
2553 3781 2643 3819 vos
2686 3768 2897 3835 fratres
2928 3764 2993 3821 de
3037 3767 3227 3821 Italia.
3276 3767 3472 3821 Gratia
3510 3767 3611 3820 Dei

2013 3869 2144 3909 cum
2193 3854 2448 3909 omnibus
2496 3854 2662 3909 vobis.
2725 3854 2923 3909 Amen.
2982 3854 3209 3928 Signum
3259 3854 3409 3909 Pauli
3466 3854 3609 3926 quod

2013 3941 2253 4012 Epistola
2275 3941 2447 4012 ipsius
2479 3949 2642 3998 esset.

833 4241 1382 4329 EPISTOLA
1447 4242 1543 4325 Bo
1620 4224 1950 4326 PAULI
2012 4243 2158 4327 AD
2264 4244 3063 4350 LAODICENSES,

1298 4399 1515 4480 Nuper
1547 4399 1609 4459 in
1638 4399 1892 4478 antiqua
1920 4398 2299 4460 bibliotheca
2328 4401 2577 4462 inventa
2614 4421 2626 4461 :

548 4537 675 4597 Sed
705 4538 865 4614 quia
893 4538 1069 4597 inter
1097 4536 1465 4595 catholicas
1494 4536 1694 4611 vulgo
1723 4552 1856 4593 non
1888 4535 2156 4612 legitur,
2188 4555 2323 4595 non
2353 4545 2444 4597 est
2474 4555 2515 4595 a
2554 4538 2629 4596 Β.
2664 4537 2976 4597 Brunone
3004 4540 3360 4599 elucidata.

380 4828 616 4896 Paulus,
650 4827 939 4899 apostolus
974 4843 1091 4883 non
1132 4827 1199 4881 ab
1238 4826 1576 4892 hominibus,
1610 4842 1786 4899 neque
1809 4842 1912 4897 per
1941 4829 1992 4888 D
2014 4841 2104 4881 vos
2122 4830 2388 4881 avertant
2409 4843 2442 4881 a
2461 4826 2697 4882 veritate
2719 4828 3024 4896 Evangelii,
3067 4826 3209 4898 quod
3229 4843 3263 4881 a
3282 4842 3370 4882 me
3390 4827 3602 4898 prcedi-

312 4916 617 4980 hominem,
651 4915 746 4970 sed
778 4931 882 4986 per
909 4917 1101 4970 Jesum
1151 4914 1459 4983 Christum,
1494 4916 1770 4985 fratribus
1813 4915 1909 4986 qui

308 5008 443 5058 sunt
465 5004 759 5059 Laodiciw.
795 5003 990 5058 Gratia
1010 5002 1155 5057 vobis
1184 5006 1241 5058 et
1269 5020 1387 5074 pax
1408 5021 1442 5057 a
1461 5004 1566 5057 Deo
1620 5005 1793 5058 Patre
1816 5017 1910 5057 no-

305 5096 422 5146 stro
451 5096 506 5146 et
524 5092 756 5147 Domino
785 5092 917 5147 Jesu
940 5090 1177 5145 Christo.
1198 5091 1421 5149 Gratias
1448 5108 1551 5162 ago
1576 5091 1791 5148 Christo
1806 5106 1913 5161 per

307 5196 531 5235 omnem
588 5182 901 5235 orationem
951 5195 1159 5245 meam,
1203 5194 1266 5234 eo
1322 5180 1464 5250 quod
1508 5182 1913 5249 permanentes

2009 4919 2193 4970 catur.
2216 4916 2283 4968 Et
2306 4930 2462 4970 nunc
2482 4916 2657 4984 faciet
2675 4917 2820 4969 Deus
2838 4920 2899 4969 ut
2921 4917 3168 4986 quisunt
3193 4932 3267 4970 ex
3285 4932 3372 4971 me
3393 4916 3465 4971 ad
3485 4933 3606 4986 pro-

2009 5005 2225 5073 fectum
2246 5003 2508 5057 veritatis
2531 5004 2842 5072 Evangelii,
2863 5003 3240 5058 deservientes
3262 5006 3402 5069 sint,
3428 5009 3483 5059 et
3502 5008 3599 5075 fa-

2012 5092 2226 5146 cientes
2252 5092 2628 5161 benignitates
2649 5107 2878 5163 ogerum
2914 5108 3034 5163 quer
3063 5097 3199 5147 sunt
3229 5094 3436 5148 salutis
3468 5095 3599 5148 vitae

2013 5184 2261 5234 aeternae.
2288 5182 2355 5233 Et
2379 5196 2532 5235 nunc
2546 5180 2741 5250 palam
2764 5184 2899 5235 sunt
2930 5182 3158 5236 vincula
3178 5199 3323 5246 mea,
3349 5199 3469 5253 qua:
3497 5197 3605 5251 pa-

304 5270 440 5324 cstis
460 5270 523 5323 in
554 5284 634 5333 eo,
679 5272 733 5322 et
751 5271 1176 5337 perseverantes
1196 5267 1259 5321 in
1279 5267 1534 5337 Operibus
1558 5267 1735 5331 bonis,
1777 5284 1907 5337 pro-
2007 5269 2121 5323 tior
2147 5268 2209 5321 in
2234 5267 2473 5331 Christo,
2496 5269 2691 5339 quibus
2715 5269 2879 5323 laetor
2899 5274 2953 5323 ct
2981 5272 3211 5340 gaudeo,
3236 5274 3293 5324 et
3325 5272 3424 5324 hoc
3464 5270 3607 5323 mihi

308 5359 544 5411 missum
585 5360 981 5427 exspectantes
1016 5357 1079 5411 in
1118 5356 1207 5411 die
1238 5355 1466 5426 judicii.
1509 5355 1692 5425 Neque
1725 5354 1903 5409 desti-
2002 5358 2227 5426 factum
2247 5359 2329 5410 est
2369 5356 2441 5410 ad
2462 5356 2707 5410 salutem
2730 5360 3088 5426 perpetuam,
3123 5357 3264 5428 quod
3294 5358 3479 5427 ipsum
3515 5360 3605 5426 fa-

312 5448 481 5501 tua-nt
510 5460 601 5502 vos
617 5446 985 5519 quorumdam
1014 5445 1339 5515 vaniloquia
1365 5443 1813 5512 insinuantium,
1837 5447 1904 5499 ut
2002 5448 2158 5499 ctum
2180 5444 2527 5500 orationibus
2556 5445 2771 5511 vestris,
2806 5447 2863 5499 et
2906 5443 3350 5501 administrante
3390 5444 3608 5516 Spiritu
