3948 6060
363 139 469 192 567

925 133 981 187 S.
1023 126 1379 187 BRUNONIS
1415 68 2064 180 CARTHUSIANORUM
2100 107 2585 169 INSTITUTORIS
2623 105 2777 162 OPP.
2818 102 2996 160 PARS
3032 102 3099 156 II.

3561 92 3718 151 568

364 262 585 324 sancto,
610 258 721 313 sive
743 271 843 328 per
862 256 1057 318 vitam,
1110 254 1223 308 sive
1251 266 1351 323 per
1393 252 1654 328 mortem.
1685 247 1779 328 iis!
1810 241 1963 328 enim
1991 241 2047 299 A
2070 240 2244 328 lucro.
2292 217 3711 328 Οζηηςξὲἱτέξμηςξίξὶφξξξηυίςξξςίῇἐρξξαςξι

366 313 511 386 inihi
542 313 754 390 vivere;
776 329 897 381 vita
928 328 988 379 in
1022 313 1262 397 Christo,
1296 326 1353 397 et
1379 321 1525 397 mori
1553 313 1961 397 gaudium'tvel

368 384 638 467 lucrum).
698 384 766 450 Et
813 398 933 470 ipse
965 398 1044 470 in
1092 384 1257 470 vobis
1284 392 1457 470 faciet
1510 384 1962 470 misericordiam

364 486 549 534 suam,
573 459 640 523 ut
672 459 919 522 eamdem
943 459 1300 519 dilectionem
1323 460 1572 536 habeatis
1594 462 1649 512 et
1670 459 1743 510 sit
1753 459 1799 509 is
1819 470 1963 536 una-

367 528 571 596 nimes.
606 540 763 607 Ergo,
798 536 1172 609 dilectissimi,
1207 538 1273 609 ut
1305 531 1550 609 audistis
1594 528 1962 609 ρζιερεηρὶαηξ

366 611 613 681 Domini,
637 597 721 681 ita
751 597 995 662 retinete
1027 610 1081 660 et
1111 597 1285 681 [eicite
1305 605 1378 681 in
1403 597 1606 681 timore
1626 599 1743 681 Dei,
1768 599 1824 650 et
1854 597 1965 681 erit

367 681 516 736 vobis
547 668 663 734 vita
691 678 755 731 in
778 681 1076 731 aeternum.
1101 668 1197 729 Est
1221 676 1374 728 enim
1405 674 1549 726 Deus
1579 670 1674 740 qui
1695 668 1964 738 operatur

369 753 433 807 in
464 750 692 813 vobis,et
712 749 889 820 facile
909 743 1431 820 sineretractupel
1447 742 1676 820 peccato
1695 751 1964 820 quiec-un.-

369 836 473 893 que
503 810 861 893 _facit_is'.__Et_
909 816 1052 893 quod
1110 820 1195 869 est
1245 810 1562 893 Optimumh
1589 810 1967 893 dilectissimi,

368 881 605 962 gaudete
636 890 699 943 in
734 881 971 953 Christo,
996 891 1052 942 et
1079 881 1390 957 prazcauete
1412 881 1661 939 sordidos
1694 891 1885 933 omnes
1908 881 1971 929 in

2068 311 2265 373 Deum,
2297 310 2351 361 et
2384 309 2556 360 estote
2588 293 2742 371 ﬁrmi
2770 303 2832 374 in
2862 315 3030 374 sensu
3063 293 3291 374 Christi,
3320 297 3532 374 et'qute
3563 293 3706 374 in:

2073 361 2264 448 lepra:
2294 381 2351 431 et
2398 392 2549 439 vera,
2588 361 2658 448 'et_
2696 372 2922 448 pudica,
2956 373 3011 423 et
3061 371 3241 448 casta,
3275 368 3331 448 et
3370 361 3582 448 juston
3606 361 3711 448 ,ξι

2070 436 2339 504 notabilia
2367 436 2737 514 suntV/actae.
2762 444 2832 496 Et
2850 456 2971 514 qua:
2992 437 3233 514 audistis
3250 440 3305 514 et
3336 436 3696 514 accepistis,

2069 522 2133 575 in
2162 518 2324 575 corde
2352 507 2616 580 retinete,
2638 518 2692 568 et
2716 514 2825 568 erit
2850 507 3151 587 pacispaac.
3188 507 3448 587 Salutate
3468 516 3705 558 omnes

2069 594 2280 659 fratres
2308 590 2372 660 in
2392 586 2578 660 osculo
2599 579 2816 660 sancto.
2839 582 3107 660 Salutant
3130 579 3427 660 uossancti
3447 588 3697 660 omnes.

2074 646 2267 715 Cratia
2326 657 2552 711 Domini
2604 656 2791 727 nostri
2840 654 2970 727 Iesu
3014 648 3240 727 _Ch1:is_ti
3294 646 3705 727 currtspiritzf

2070 734 2273 785 vestro.
2328 730 2401 782 Et
2474 728 2618 781 hanc
2679 725 2853 795 facite
2918 721 3027 789 legi
3103 715 3537 779 Colossensibus,
3612 717 3698 768 et

2075 799 2485 858 Colossensium
2517 796 2683 851 vobis.

2285 883 2434 923 FINIS
2461 877 2844 922 EPISTOLARUM
2874 877 2927 916 Β.
2959 874 3119 915 PAULI
3148 872 3436 913 APOSTOLI.

375 1021 2424 1061 ______________________________________..

508 1159 751 1217 415
796 1162 1616 1258 HEGATOSTICHON
1676 1149 2403 1248 APOLOGETIGUM
2459 1150 2548 1237 D-
2603 1146 2934 1236 JAGOBI
2974 1142 3534 1233 HIERONYMI

1243 1308 1743 1391 CAR’I‘HUSI/E
1799 1318 2308 1383 PARISIENSIS
2356 1316 2705 1389 ALUMNI,

380 1481 517 1553 Quo
546 1478 812 1540 Phrasin
842 1478 916 1537 B.
953 1477 1285 1549 Bnunoms,
1320 1492 1459 1555 quae
1489 1473 1731 1555 nasu_tis
1760 1469 2055 1555 humilior
2084 1470 2371 1530 videatur
2400 1485 2435 1527 a
2460 1465 2773 1555 calumnia
2803 1462 3100 1537 defendit,
3135 1468 3198 1523 et
3226 1461 3684 1523 sententiarum

1492 1552 1771 1631 pondera
1800 1551 1977 1612 lance
2016 1549 2187 1627 justa
2232 1546 2549 1627 appendit.

379 1843 515 1914 Quis
545 1858 719 1899 novus
748 1839 1065 1896 harmonioo
1094 1837 1339 1894 mulcens
1371 1835 1608 1891 stridore
1637 1834 1856 1907 lyristes

448 1932 809 2004 Allobrogum
838 1928 991 2001 longi
1022 1942 1153 1983 saxa
1181 1927 1373 1981 nivosa
1396 1924 1515 1995 jugi

377 2021 717 2077 Transiliens
745 2018 934 2084 colles,
970 2016 1171 2071 saliens
1202 2016 1257 2069 in
1284 2013 1558 2069 montibus
1577 2012 1604 2065 ?
1634 2011 1680 2067 Ο
1707 2026 1872 2083 quam

451 2111 557 2164 Per
585 2109 782 2164 coelum
811 2106 1014 2161 auritas
1045 2120 1206 2160 omne
1236 2110 1478 2157 moratur
1506 2116 1658 2169 aves,

383 2197 495 2253 Ore
527 2212 736 2262 senem,
769 2194 914 2250 cultu
945 2193 1225 2265 macieque
1255 2190 1533 2262 professus
1564 2204 1829 2255 eremum,

455 2285 526 2339 Et
555 2283 687 2338 nihil
720 2282 929 2355 agresti
959 2281 1173 2353 pectine
1204 2287 1422 2351 agreste
1454 2277 1689 2333 sonans!

384 2374 557 2430 Frons
597 2379 782 2427 erecta
810 2370 939 2442 polo
985 2378 1084 2437 est,
1118 2369 1348 2441 pedibus
1398 2367 1676 2424 calcantur
1724 2367 1982 2433 honores,

461 2462 755 2532 Septenum
786 2460 841 2514 in
871 2458 1063 2530 capitis
1094 2458 1294 2515 vertice
1324 2458 1475 2512 sidus
1502 2456 1663 2512 inest.

390 2549 615 2607 Deliciis
644 2549 904 2620 mollique
930 2557 1052 2603 toro
1082 2563 1243 2603 nemo
1271 2553 1463 2617 arguet
1490 2562 1667 2613 usum,

462 2640 578 2694 Nec
609 2637 903 2708 quidquam
934 2652 965 2691 a
996 2636 1188 2691 studiis
1219 2644 1272 2691 et
1297 2635 1496 2706 pietate
1527 2649 1747 2689 vacans.

389 2727 515 2782 Non
545 2741 738 2781 aurum
769 2724 942 2795 digiti,
977 2740 1077 2779 nec
1106 2724 1266 2777 habet
1296 2723 1409 2794 lyra
1438 2722 1528 2777 dia
1560 2721 1904 2793 smaragdos,

464 2815 580 2870 Nec
608 2812 790 2868 fucum
821 2812 1157 2883 allophylum
1190 2818 1372 2866 sancta
1404 2826 1631 2866 camena
1660 2811 1811 2881 petit.

395 2904 512 2959 Nec
541 2901 645 2957 sibi
673 2900 941 2957 calvitiem
972 2916 1133 2955 sacra
1162 2898 1517 2955 veridicentia
1545 2898 1695 2963 texit,

466 2992 584 3047 Nec
612 2989 809 3046 calami
840 2997 1034 3043 stratas
1064 2995 1241 3058 captat
1272 2988 1338 3043 ab
1370 2995 1482 3043 arte
1513 3002 1717 3043 comas.

398 3076 551 3136 Alter
581 3094 649 3133 an
683 3078 972 3149 Amphion,
1007 3076 1281 3133 redivivus
1324 3092 1395 3131 an
1442 3076 1674 3146 inclytus
1722 3074 1995 3148 Orpheus,

470 3167 750 3223 Illecebrze
779 3166 965 3222 nervis
994 3165 1162 3220 surda
1195 3165 1463 3220 elementa
1493 3164 1734 3231 trahens,

402 3256 713 3313 Restituens
747 3270 987 3322 sensum,
1024 3254 1221 3326 quibus
1253 3255 1397 3309 hunc
1430 3262 1621 3308 natura
1649 3253 1918 3328 negavit?

476 3347 560 3400 An
592 3344 705 3414 lyra
736 3350 939 3399 naturae
969 3343 1167 3399 robore
1196 3343 1370 3412 majus
1399 3344 1613 3398 habet?

408 3431 624 3504 Oppida
647 3432 759 3501 jam
788 3439 976 3503 putent
1004 3432 1229 3499 inculta,
1262 3432 1458 3487 arridet
1488 3448 1725 3487 eremus.

478 3522 621 3576 Dum
647 3520 826 3576 fremit
857 3536 1134 3575 armorum
1161 3520 1374 3575 turbine
1404 3520 1640 3575 mundus
1669 3520 1857 3575 hebes.

408 3607 551 3661 Dum
576 3615 683 3660 tam
716 3612 872 3677 grata
901 3612 1098 3661 canunt
1128 3605 1346 3675 superis
1378 3604 1625 3675 epinicea
1654 3604 1823 3671 silvae,

480 3693 867 3764 Angelicisque
896 3693 1119 3763 opplent
1148 3693 1294 3747 invia
1324 3693 1496 3746 lustra
1525 3692 1725 3759 choris,

382 3783 598 3839 .Militct
628 3790 685 3836 ut
717 3789 901 3837 sancto
925 3783 1040 3850 jam
1070 3782 1246 3835 omnis
1275 3782 1519 3837 doctrina
1549 3782 1762 3852 parenti

485 3870 729 3940 Spiritui,
763 3876 985 3924 vertens
1016 3869 1171 3939 signa
1201 3869 1437 3940 aquilina
1467 3870 1631 3925 cruci.

412 3957 460 4014 Ο
493 3957 707 4012 videam
736 3956 973 4012 charites
1005 3956 1188 4011 Cliisto
1218 3957 1489 4012 connubia
1519 3965 1723 4028 pactas,

486 4048 663 4116 Atque
694 4044 883 4100 eadem
914 4052 1092 4100 castas
1124 4043 1330 4100 foedera
1361 4046 1679 4102 Castalides.

415 4134 529 4189 Imo
559 4133 695 4188 adeo
726 4140 946 4188 cunctas
976 4133 1193 4188 deserto
1223 4133 1480 4190 Helicone
1510 4134 1726 4204 videbo,

488 4221 703 4277 Deserti
737 4220 999 4278 fabricam
1023 4222 1244 4294 jamque
1274 4222 1453 4279 levare
1482 4223 1628 4279 novi.

415 4310 701 4366 Alternum
730 4310 963 4366 miscere
992 4310 1166 4366 melos
1196 4312 1296 4365 sub
1325 4312 1546 4367 nomine
1578 4312 1797 4380 Christi,

488 4399 594 4453 Per
624 4398 885 4469 templum
913 4398 1094 4455 biﬁdis
1123 4416 1153 4455 e
1183 4400 1409 4473 regione
1438 4400 1636 4457 choris.

414 4487 533 4542 Nec
562 4485 737 4541 tacitis
767 4486 919 4542 cellis
949 4487 1119 4543 deerit
1149 4489 1472 4559 symphonia
1502 4489 1741 4559 psallens

492 4574 715 4645 Spiritu,
750 4582 801 4629 et
830 4575 1053 4631 alternae
1084 4576 1244 4632 lectio
1268 4578 1451 4645 juncta
1477 4576 1645 4647 preci.

418 4662 637 4719 Hiccine
669 4663 938 4729 Carthusi,
974 4665 1173 4732 Bruno,
1208 4672 1367 4735 caput
1396 4664 1623 4731 ordinis,
1656 4664 1785 4721 olim

493 4751 709 4807 Clarum
740 4752 1113 4823 agiographiae
1143 4768 1343 4807 nomen
1372 4752 1427 4806 in
1453 4754 1586 4808 orbe
1617 4770 1837 4825 gerens,

423 4840 545 4908 Quo
577 4839 764 4895 schola
797 4840 1133 4895 Francorum
1164 4856 1502 4910 nequaquam
1552 4841 1743 4896 invidit
1770 4842 2015 4913 Athenis,

494 4928 800 4998 Rostraque
832 4928 1073 4982 Romano
1104 4927 1179 4981 nil
1208 4928 1479 4984 theodoxa
1510 4928 1628 4985 foro
1647 4930 1675 4983 ?

422 5014 569 5070 Ecce
598 5022 781 5070 movet
805 5014 1060 5081 citharas,
1095 5023 1147 5069 et
1176 5016 1335 5070 naula
1365 5018 1684 5087 prephetica
1711 5019 1900 5074 ductor

497 5100 717 5156 Ordinis
750 5110 802 5156 et
832 5102 956 5158 vitae
985 5119 1224 5159 consona
1253 5105 1457 5174 plectra
1488 5122 1617 5160 suae.

423 5189 752 5259 Exemplum
783 5189 1110 5263 signumque
1141 5192 1254 5246 suis
1283 5192 1493 5247 illustre
1525 5193 1782 5264 relinquit

498 5279 714 5343 Vivere,
751 5286 803 5333 et
830 5279 1066 5334 aethereo
1097 5280 1345 5352 Principe
1375 5281 1539 5351 digna
1569 5282 1735 5354 loqui.

427 5367 768 5438 Compellare
798 5367 971 5421 virum
1002 5368 1368 5441 propriusque
1394 5370 1583 5425 audire
1608 5370 1836 5438 juvabit.

496 5456 707 5528 Nempe
737 5456 864 5529 (nisi
893 5456 1075 5513 auditu
1100 5456 1276 5530 fallor)
1307 5467 1360 5514 et
1387 5458 1504 5531 ipse
1529 5465 1706 5515 vocat.

2024 3193 2072 3254 Ο

2004 1834 2059 1893 Β
2077 1831 2314 1901 Aﬂluite,
2348 1836 2592 1885 errantes
2622 1827 2740 1899 (ait)
2772 1834 2932 1899 atque
2959 1825 3157 1893 audite,
3190 1825 3395 1895 tenelli,

2153 1921 2287 1975 Cum
2316 1918 2486 1990 lyrico
2516 1916 2735 1973 Domini
2764 1932 2899 1987 rege
2928 1916 3137 1972 docebo
3165 1910 3391 1970 metum.

2082 2009 2179 2065 Ille
2207 2024 2311 2080 ego
2343 2008 2435 2079 qui
2460 2006 2670 2061 malens
2699 2006 3000 2061 inhonorus
3029 2004 3329 2059 honoribus
3356 2003 3484 2060 illuc

2154 2098 2380 2163 Cedere,
2416 2112 2522 2167 quo
2551 2095 2775 2167 puppim
2803 2094 3040 2149 numinis
3074 2109 3205 2149 aura
3236 2101 3410 2149 vocat.

2085 2186 2276 2242 Parisii
2302 2186 2506 2241 mundo
2536 2183 2827 2256 profugum
2857 2199 3017 2256 quem
3046 2182 3278 2253 perpth
3311 2183 3503 2238 horror

2156 2275 2239 2331 4
2252 2274 2310 2330 1
2326 2274 2402 2329 6
2418 2273 2663 2342 Funeris,
2684 2281 2741 2327 ut
2762 2272 2887 2327 cmli
2901 2273 3021 2327 haec
3032 2272 3292 2342 septimus
3304 2279 3447 2326 astra
3459 2288 3665 2345 sequar
3675 2315 3689 2327 .

2087 2366 2247 2420 Astra
2276 2364 2476 2418 dedere
2504 2362 2665 2427 viam,
2702 2360 2812 2416 divi
2842 2360 3079 2415 arrisere
3111 2367 3188 2415 tot
3218 2375 3340 2416 esse

2159 2452 2345 2521 Millia,
2379 2451 2457 2507 sic
2486 2450 2664 2506 hamis
2694 2450 3034 2521 illaqueanda
3063 2450 3218 2505 meis.

2093 2541 2186 2597 His
2214 2557 2351 2613 agor
2380 2539 2656 2610 auspiciis.
2692 2539 2803 2596 Ceu
2833 2554 2936 2594 vox
2971 2538 3254 2594 clamantis
3283 2554 3488 2607 eremo,

2163 2628 2387 2685 Pertaesi
2416 2628 2675 2682 mundum
2706 2634 2888 2682 sterno
2919 2626 3175 2682 Tonantis
3204 2626 3326 2682 iter.

2093 2718 2345 2789 Baptistae
2374 2717 2685 2787 reparando
2714 2715 2830 2771 vias
2861 2715 3195 2787 disjectaque
3225 2717 3492 2785 membra,

2166 2807 2359 2861 Castra
2387 2804 2805 2875 monOptolemis
2835 2803 3045 2877 singula
3075 2805 3251 2860 condo
3282 2805 3438 2861 meis.

2095 2897 2326 2952 Deserto
2356 2894 2571 2949 deserta
2600 2894 2778 2964 placet
2809 2892 3093 2948 Carthusia
3120 2893 3354 2960 Christo,

2167 2983 2393 3039 Tuscala
2422 2982 2509 3038 cui
2538 2982 2759 3037 laudum
2790 2988 2950 3037 nocte
2982 2981 3176 3054 dieque
3204 2982 3395 3038 calent.

2098 3072 2250 3129 Invia
2278 3070 2612 3143 Psalmologi
2641 3071 2859 3126 deserta
2889 3070 3263 3142 inaquosaque
3294 3079 3443 3128 terra
3468 3080 3569 3142 est,

2173 3161 2289 3229 Qua
2318 3168 2499 3231 pateat
2527 3160 2698 3215 virtus
2728 3159 3011 3231 gloriaque
3041 3159 3182 3214 alma
3212 3160 3333 3216 Dei.

2102 3250 2255 3307 Unde
2286 3249 2610 3305 columbinis
2640 3248 2797 3305 avide
2828 3248 3001 3303 latera
3029 3248 3247 3303 instruit
3275 3249 3394 3318 alis,

2175 3339 2359 3394 Discat
2384 3346 2442 3393 ut
2464 3339 2572 3394 huc
2602 3336 2817 3410 fugiens
2847 3354 3014 3409 seque
3044 3338 3266 3410 Deoque
3298 3337 3425 3394 frui.

2103 3427 2394 3498 Discipulis
2425 3427 2615 3483 eadem
2645 3427 2817 3481 tribus
2847 3427 2965 3482 haec
2992 3427 3047 3481 in
3076 3436 3260 3483 monte
3290 3427 3503 3484 refulsit

2176 3516 2381 3582 Gloria,
2415 3532 2521 3587 quo
2550 3515 2663 3570 fieri
2694 3515 2804 3571 vult
2832 3516 2936 3570 tria
2965 3525 3147 3571 castra
3174 3517 3387 3572 Petrus.

2106 3606 2343 3660 Cernere
2373 3605 2662 3660 Zacchaeus
2690 3620 2790 3674 per
2819 3604 3034 3658 turbam
3061 3605 3233 3660 nescit
3262 3606 3483 3661 Jesum:

2179 3694 2295 3760 Cui,
2325 3693 2504 3748 Turba
2532 3693 2875 3763 opprimeris,
2907 3692 3268 3764 discipulique
3299 3704 3519 3750 canunt.

2109 3782 2216 3845 Sic,
2250 3782 2535 3849 monache,
2571 3780 2751 3835 infesti
2778 3781 2993 3851 fugiens
3022 3782 3292 3837 contraria
3321 3783 3529 3849 mundi,

2178 3869 2400 3925 Naviter
2431 3868 2679 3925 effectum
2707 3870 2943 3924 nominis
2972 3871 3129 3939 hujus
3160 3871 3321 3926 habe.

2110 3960 2285 4015 Hasce
2310 3959 2474 4029 igitur
2504 3966 2688 4029 partes
2717 3958 2847 4012 mihi
2878 3958 3154 4030 delegavit
3182 3961 3363 4026 Jesus,

2181 4047 2447 4118 Asperula
2476 4047 2530 4101 in
2560 4048 2753 4117 planas
2784 4054 3031 4103 sternere
3060 4048 3232 4103 lustra
3262 4049 3395 4105 vias.

2111 4135 2351 4208 Laeviget
2372 4143 2428 4189 ut
2458 4134 2671 4190 Christo
2703 4135 2906 4207 rigidos
2935 4135 3249 4191 citharaedia
3278 4136 3447 4192 saltus
3478 4152 3491 4192 :

2185 4223 2388 4279 Militiae
2418 4223 2614 4278 tollens
2640 4224 2730 4279 hic
2760 4239 2901 4279 nova
2932 4224 3090 4294 signa
3118 4224 3241 4295 piae.

2113 4313 2277 4368 Nulla
2306 4312 2681 4367 Madaurensis
2710 4312 2920 4366 Milesia
2952 4313 3215 4368 habemus
3245 4313 3420 4369 aselli.

2185 4400 2347 4457 Nulla
2374 4400 2711 4471 Lycambacae
2739 4400 2960 4455 conscia
2989 4401 3099 4456 tela
3127 4401 3297 4457 necis.

2120 4489 2341 4546 Semina
2372 4488 2569 4544 divinae
2598 4488 2729 4543 mihi
2759 4498 2881 4542 sunt
2912 4489 3188 4544 uberrima
3220 4490 3468 4557 ﬂammae,

2035 4550 2089 4609 Ῑ)
2189 4579 2395 4633 Devoto
2425 4577 2558 4631 nihil
2589 4585 2669 4632 est
2698 4577 2914 4648 dignius
2946 4578 3132 4633 otiolo.

2117 4668 2318 4732 Exuro,
2350 4665 2563 4738 gelidos
2596 4682 2892 4737 exsurgere
2922 4681 3063 4739 cogo
3088 4668 3374 4735 jacentes;

2188 4757 2258 4810 Et
2288 4770 2428 4809 nunc
2460 4754 2768 4817 illecebras,
2803 4770 2946 4810 nunc
2976 4771 3193 4826 quoque
3223 4756 3331 4811 vim
3362 4756 3521 4811 facio.

2117 4845 2274 4899 Nunc
2302 4844 2418 4915 lyra
2452 4843 2690 4910 Davidis,
2723 4858 2866 4897 nunc
2898 4844 3050 4897 Pauli
3080 4844 3309 4899 buccina
3338 4844 3501 4914 pleno

2192 4930 2298 4986 Ore
2328 4930 2543 5001 quidem
2573 4932 2708 4998 haec,
2742 4930 2925 5002 digitis
2955 4940 3250 5001 concrepat
3280 4932 3372 4986 illa
3403 4931 3560 4986 meis.

2123 5021 2268 5085 Haec,
2306 5019 2586 5084 Carthuse,
2622 5019 2715 5072 tibi
2746 5020 2880 5074 ratio
2913 5027 2993 5074 est
3024 5020 3343 5090 praescripta
3373 5020 3568 5075 silendi
3594 5040 3608 5086 ;

2192 5109 2279 5173 Ut,
2313 5107 2567 5162 claudens
2596 5107 2800 5161 homini
2830 5107 3004 5172 labra,
3037 5109 3263 5179 loquare
3295 5110 3428 5164 Deo.

2123 5195 2336 5265 Quippe
2355 5197 2425 5249 ad
2456 5211 2599 5259 eum,
2624 5196 2789 5250 Paulo
2819 5204 2908 5250 aut
2939 5196 3143 5251 Davide
3164 5197 3480 5268 interprete,
3504 5197 3607 5253 fari
3638 5206 3721 5254 est

2193 5285 2259 5338 Et
2285 5284 2491 5351 jactura
2522 5291 2669 5338 tuum
2700 5284 2843 5337 nulla
2873 5284 3035 5339 silere
3067 5285 3254 5356 quatit.

2122 5373 2240 5427 Nec
2268 5373 2428 5428 Latia:
2457 5371 2696 5427 offendat
2724 5372 2926 5444 linguae
2956 5374 3254 5445 neglectior
3283 5391 3431 5442 usus,

2195 5460 2371 5518 Dictio
2401 5461 2446 5515 si
2476 5460 2615 5517 tritae
2643 5470 2725 5518 est
2753 5462 3000 5535 corporis
3032 5478 3190 5535 aequa
3219 5471 3379 5535 togae.
