3966 6050
246 240 351 292 569

247 360 518 416 Sublimes
548 357 737 413 humili
768 372 961 413 sensus
1010 363 1310 426 attempero
1354 355 1595 426 lingua}:

318 450 432 504 Nec
461 448 593 502 mihi
623 448 693 501 ab
723 462 816 501 ore
848 446 947 500 sed
973 461 1038 500 ex
1067 452 1286 516 pectore
1316 445 1482 499 verba
1513 443 1702 497 ﬂuunt.

245 536 466 592 Niliacis
500 544 689 591 ornate
721 534 813 589 alii
845 533 1078 589 delubra
1109 533 1348 603 tropaeis,

320 625 541 689 Laudo;
575 624 671 678 sed
701 623 756 677 in
785 638 1032 692 praesens
1061 636 1223 676 causa
1256 620 1434 675 aliena
1464 619 1596 673 mihi
1638 626 1737 674 est.

245 714 505 768 Humana:
533 711 712 767 verbis
744 710 949 781 sophia:
976 710 1335 765 inclarescere
1366 708 1559 763 nolens
1582 748 1596 773 ,

318 800 516 856 Paulus
547 800 701 855 adest
729 798 905 854 doctis
935 798 1151 852 debitor
1180 804 1232 851 et
1279 796 1526 851 rudibus.

246 890 380 945 Cum
410 888 584 944 David
614 888 817 953 cinere,
851 895 903 941 et
930 886 1145 942 cilicino
1175 886 1457 940 horrescat
1484 884 1701 949 amictu,

318 976 624 1035 Rhetoricis
653 983 870 1047 compta
898 976 1021 1047 quis
1049 974 1195 1032 volet
1225 989 1349 1029 esse
1375 973 1517 1029 rosis
1537 974 1565 1027 Υ

1235 230 1470 287 SERMO
1510 230 1604 285 DE
1643 228 2067 287 CONTEMPTU
2123 231 2556 288 DIVITIARUM.

3442 236 3544 289 570

1865 356 1920 415 Α
1948 356 2069 410 Iam
2098 356 2228 409 mihi
2257 373 2429 428 purga
2461 372 2623 412 aures
2656 364 2818 428 atque
2848 365 3037 413 excute
3069 357 3200 414 faece
3248 357 3508 429 palatum,

2022 444 2120 499 Vel
2147 445 2322 517 magis
2353 446 2497 499 intra
2525 446 2688 500 animi
2720 455 2873 516 septa
2901 447 3075 501 redito
3106 446 3201 501 tui.

1948 533 2070 588 Non
2101 533 2321 604 linguae,
2357 534 2454 588 sed
2483 534 2664 589 cordis
2693 534 2761 588 ad
2790 536 2903 589 haec
2933 536 3178 589 delectus
3222 535 3504 589 habendus
3531 550 3543 589 :

2020 621 2158 673 Nam
2190 621 2322 674 mihi
2354 637 2477 676 cum
2508 622 2671 676 rebus
2702 630 2809 676 tota
2850 622 3098 692 palaestra
3144 622 3258 677 fuit.

1949 709 2031 763 Ne
2060 725 2225 763 sensu
2277 710 2392 764 haec
2424 709 2606 779 sapias
2630 753 2642 775 ,
2696 711 2791 765 sed
2823 727 2929 781 quo
2960 719 3080 765 sunt
3112 712 3327 781 prodita
3358 719 3547 784 gustes

2022 796 2245 867 Spiritu,
2280 805 2331 851 et
2362 799 2465 852 hoc
2496 798 2688 852 animae
2720 798 2932 853 viscera
2960 814 3122 870 pasce
3165 800 3327 855 bono.

1950 885 2266 941 Consultum
2299 886 2499 955 pariter
2546 887 2772 941 summis
2819 888 3166 959 minimisque
3195 889 3463 955 volebam,

2020 974 2088 1028 Et
2116 974 2252 1028 ratio
2282 982 2472 1045 captus
2503 976 2679 1029 omnis
2707 976 2956 1031 habenda
3000 976 3113 1031 fuit.

311 1288 575 1361 Sequitur
601 1288 664 1342 in
691 1286 938 1361 editione
966 1284 1292 1361 Coloniensi
1324 1288 1507 1361 tomus
1538 1300 1636 1361 seu
1660 1300 1794 1356 pars
1825 1283 1901 1361 III
1918 1285 2168 1361 _0pe_ru_m
2206 1285 2272 1361 S._
2312 1286 2613 1340 Brunonis.
2670 1286 2949 1361 Continet,
2996 1292 3206 1361 praeter
3255 1304 3540 1346 sermones

245 1355 532 1426 quosdam,
564 1358 832 1429 opuscula
855 1359 927 1411 De
961 1356 1218 1429 laudibus
1246 1356 1535 1429 Ecclesiae,
1562 1357 1637 1409 De
1652 1355 1880 1429 ornatu
1908 1355 2199 1429 Ecclesiae,
2238 1356 2311 1409 De
2341 1371 2479 1429 novo
2512 1357 2739 1429 mundo,
2775 1360 2848 1411 De
2874 1355 3283 1427 festivitatibus
3313 1362 3538 1429 festivi-

248 1432 464 1487 tatum.
499 1426 629 1495 Qua:
662 1432 993 1501 tamennon
1021 1429 1159 1501 sunt
1190 1426 1873 1501 BrunonisCarthusiani
1896 1465 1937 1501 ,_
1962 1426 2057 1479 sed
2102 1427 2384 1501 Brunonis
2415 1427 2663 1501 Astensis
2693 1429 2965 1501 episcOpi,
3008 1432 3064 1501 et
3112 1431 3231 1499 ejus
3274 1426 3539 1501 Operibus

245 1502 738 1556 annumerantur.
776 1499 935 1566 (Vide
951 1498 1120 1570 infra
1140 1496 1211 1550 ad
1230 1512 1450 1550 annum
1483 1496 1665 1570 11235.)
1692 1496 1975 1570 quseula
2001 1496 2332 1570 supradicta
2360 1498 2659 1570 excipiunt
2682 1496 2735 1553 S.
2756 1496 3058 1570 ABrunonis
3087 1496 3339 1569 epistolae
3370 1501 3534 1570 binae,

244 1572 437 1628 Sermo
467 1573 543 1626 De
573 1574 901 1641 contemptu
928 1568 1262 1623 divitiarum
1284 1570 1341 1622 et
1371 1567 1662 1639 appendix
1692 1567 1769 1621 De
1797 1566 2014 1636 origine
2044 1568 2191 1622 sacri
2225 1566 2639 1623 Carthusiensis
2668 1568 2898 1624 ordinis.

252 1720 3541 1748 _———————_————-—_————

1080 1802 1461 1964 DIVI

1662 1802 2704 1969 BRUNONIS

1490 2027 2010 2114 EPISTOL/E
2072 2030 2325 2125 BIN/E
2426 2130 2434 2137 _

250 2205 424 2278 Quas
454 2201 705 2282 scripsit
737 2217 814 2260 ex
842 2216 1052 2260 eremo
1085 2196 1388 2261 Calabriae
1419 2214 1560 2256 cum
1590 2212 1667 2255 ex
1697 2194 1853 2255 urbe
1884 2195 2083 2255 Roma
2128 2197 2207 2256 ad
2258 2215 2396 2258 eam
2447 2217 2516 2260 se
2563 2202 2983 2278 solitudinem,
3019 2205 3079 2264 in
3117 2222 3239 2284 qua
3269 2211 3329 2267 et
3364 2205 3533 2279 obiit,

1440 2301 1820 2381 postliminio
1866 2318 1935 2361 se
1982 2304 2350 2381 recepisset.

246 2640 331 2696 Ad
349 2642 705 2722 Radulphum
741 2643 1002 2722 Viridem,
1024 2641 1283 2722 Ecclesiae
1316 2640 1601 2722 ltememis
1629 2640 2019 2722 prapositum,
2054 2639 2126 2693 ad
2142 2644 2557 2722 'rontemptum_
2572 2647 2795 2717 mundi,
2830 2650 3005 2722 vitam
3034 2652 3387 2708 eremitieam
3408 2671 3539 2710 con-

608 2716 997 2788 templativam
1028 2716 1299 2785 Optimam
1328 2711 1518 2764 Mariae
1536 2710 1783 2781 partem,
1817 2712 2053 2781 insuper
2083 2710 2155 2764 ad
2188 2712 2301 2765 voti
2330 2710 2742 2785 impletionem,
2776 2710 3189 2777 exhortatoria.

983 2812 1141 2882 (Vide
1170 2812 1309 2865 inter
1332 2810 1471 2863 Acta
1502 2808 1557 2862 S.
1592 2808 1881 2875 Brunonis,
1913 2823 1976 2863 n.
2017 2810 2139 2875 683,
2175 2810 2334 2878 hujus
2366 2814 2497 2871 tomi
2527 2816 2631 2870 col.
2677 2818 2828 2887 420,)

1868 2965 1937 3021 II.

1379 3089 1459 3148 Ad
1486 3090 1636 3159 filios
1664 3106 1794 3146 suos
1826 3090 2048 3161 Majoris
2082 3087 2414 3144 Carthusice.

1503 3187 1662 3259 (Vide
1694 3188 1785 3243 ubi
1818 3203 1983 3259 supra
2012 3186 2117 3243 col.
2149 3185 2297 3254 418.)

938 3470 1278 3557 SERMO
1342 3473 1475 3557 DE
1540 3471 2163 3559 CONTEMPTU
2222 3468 2846 3556 DIVITIARUM.

312 3633 565 3688 Facilius
594 3636 679 3688 est
697 3635 981 3690 camelum
994 3651 1101 3707 per
1122 3637 1381 3705 foramen
1404 3653 1541 3692 acus
1574 3638 1842 3708 transire,
1872 3644 1926 3705 B
1948 3637 2214 3708 scripturn
2236 3643 2317 3691 est
2342 3653 2355 3689 :
2380 3636 2646 3690 Pecunia:
2666 3634 2933 3690 obediunt
2954 3633 3148 3689 omnia
3162 3633 3333 3702 (Eccl.
3358 3649 3409 3699 x,
3426 3636 3491 3686 19
3496 3645 3536 3702 ).

240 3736 411 3791 quam
441 3721 671 3776 divitem
698 3722 921 3778 intrare
948 3725 1011 3777 in
1042 3740 1278 3794 regnum
1310 3726 1577 3780 caelorum
1619 3726 1841 3796 (Matth.

239 3823 367 3875 xxx,
406 3810 519 3877 24).
566 3810 683 3864 Hoc
713 3818 894 3865 autem
942 3810 1287 3882 significabat
1329 3812 1419 3867 illa
1449 3815 1739 3883 amphora,
1791 3814 1845 3868 in

241 3911 353 3967 qua
381 3896 630 3967 impietas
659 3897 846 3953 clausa
874 3907 1027 3966 erat,
1079 3900 1147 3955 de
1180 3916 1285 3970 qua
1315 3918 1382 3955 ne
1413 3902 1603 3973 egredi
1634 3910 1842 3973 posset,

235 4000 421 4039 massa
450 3985 705 4056 plumbea
735 4003 797 4041 os
825 3988 1104 4058 amphorae
1134 3988 1419 4044 claudebat
1471 3992 1660 4061 (Zach.
1696 4007 1750 4057 v,
1789 3995 1840 4058 6,

239 4074 320 4143 '7).
370 4073 488 4142 Qua
526 4074 582 4130 in
641 4091 702 4129 re
741 4075 904 4130 datur
932 4076 1161 4149 intelligi
1216 4093 1377 4149 quam
1406 4078 1623 4135 diﬂicile
1672 4080 1740 4134 sit
1775 4080 1844 4135 de

238 4170 431 4219 ventre
462 4162 701 4218 avaritiae
728 4164 1005 4219 hominem
1038 4181 1264 4220 avarum
1287 4166 1373 4221 vel
1402 4168 1613 4223 extrahi
1643 4168 1731 4223 vel
1760 4184 1846 4224 se-

239 4251 421 4321 parari
466 4266 651 4321 posse.
701 4252 902 4307 Narrat
947 4254 1092 4308 enim
1139 4255 1427 4311 Zacharias
1475 4257 1739 4327 prepheta
1785 4273 1844 4312 se

239 4339 442 4394 vidisse
473 4341 789 4411 amphoram
820 4342 1225 4413 egredientem,
1278 4344 1347 4398 de
1379 4361 1483 4414 qua
1515 4360 1638 4400 cum
1670 4345 1842 4399 inter-

242 4436 465 4499 rogaret
485 4429 615 4499 quid
648 4438 815 4497 esset,
835 4430 1038 4485 dictum
1071 4439 1153 4486 est
1183 4432 1232 4487 ei
1266 4448 1278 4486 :
1312 4434 1435 4487 Haec
1458 4437 1544 4487 est
1573 4435 1845 4504 amphora

240 4517 550 4587 egrediens.
571 4522 625 4572 et
648 4519 738 4573 hic
760 4524 845 4575 est
859 4521 1055 4575 oculus
1073 4537 1264 4575 eorum
1280 4522 1339 4574 in
1358 4522 1622 4576 universa
1647 4525 1799 4576 terra
1824 4541 1842 4585 ,-

240 4608 300 4659 et
316 4620 438 4660 ecce
457 4606 740 4661 talentum
756 4608 979 4678 plumbi
994 4608 1335 4678 portabatur
1358 4628 1375 4662 :
1393 4612 1450 4662 et
1480 4625 1604 4663 eeee
1634 4610 1844 4663 mulier

242 4709 361 4747 una
380 4694 577 4748 sedens
601 4694 664 4748 in
690 4696 875 4751 medio
904 4696 1192 4767 amphora:
1239 4697 1440 4768 (ibid)
1479 4698 1560 4752 De
1591 4713 1698 4768 qua
1720 4713 1843 4752 cum

239 4780 604 4851 interrogaret
633 4798 754 4853 qum
783 4791 947 4850 esset,
980 4783 1184 4838 dictum
1216 4792 1298 4839 est
1330 4785 1378 4839 ei
1402 4786 1549 4856 quod
1578 4794 1724 4840 esset
1744 4786 1845 4839 im-

241 4868 438 4938 pietas.
485 4868 562 4923 Os
590 4878 769 4924 autem
797 4872 1073 4940 amphora}
1102 4888 1284 4926 massa
1314 4874 1569 4942 plumbea
1600 4874 1841 4928 clausum

242 4963 381 5060 erat.
399 4957 463 5011 Et
480 4959 745 5060 ecceduce
763 4960 1031 5013 mulieres
1045 4961 1414 5030 egredientes.
1431 4978 1551 5033 qua)
1568 4962 1843 5016 habebant
1868 5000 1913 5060 Ο

243 5044 360 5099 alas
378 5045 532 5115 quasi
553 5044 719 5110 milvi,
749 5047 1082 5101 levaverunt
1102 5049 1434 5120 amphoram
1455 5053 1611 5106 inter
1632 5056 1843 5106 terram

244 5137 299 5188 et
333 5134 535 5187 cazlum
554 5137 617 5188 ut
641 5134 956 5202 wdiﬁcetur
977 5137 1028 5189 ei
1056 5136 1253 5192 domus
1279 5138 1341 5191 in
1377 5142 1530 5194 terra
1563 5140 1842 5204 Sennaar,

242 5224 299 5275 et
329 5222 675 5286 stabiliatur,
702 5226 756 5276 et
776 5227 1027 5294 ponatur
1048 5225 1123 5277 ibi
1141 5242 1313 5296 super
1335 5226 1513 5281 basim
1530 5244 1711 5292 suam,
1734 5235 1837 5282 etc.

243 5307 384 5377 Quid
416 5310 556 5363 enim
589 5326 689 5380 per
718 5312 1041 5381 amphoram
1065 5312 1169 5367 nisi
1201 5313 1427 5368 avaritia
1458 5313 1795 5386 signiﬁcatur
1815 5318 1844 5371 ?

240 5398 341 5452 Hic
361 5399 559 5453 oculus
580 5414 795 5453 eorum.
823 5398 1066 5467 Quorum
1088 5416 1277 5456 eorum
1299 5404 1326 5457 ?
1355 5404 1557 5457 Eorum
1591 5403 1843 5460 videlicet

240 5484 332 5556 qui
362 5501 480 5540 eam
511 5486 745 5558 diligunt
794 5487 847 5541 in
878 5489 1137 5544 universa
1167 5498 1329 5545 terra.
1366 5490 1571 5547 Omnes
1600 5492 1743 5546 enim
1771 5493 1843 5548 ad

240 5588 359 5629 eam
390 5583 655 5644 spectant,
686 5591 876 5634 omnes
904 5578 971 5632 ad
1004 5594 1125 5635 eam
1154 5580 1398 5646 tendunt,
1426 5581 1684 5653 quoniam
1705 5581 1842 5639 sicut

1944 3729 2004 3782 1n
2052 3728 2151 3781 hac
2201 3732 2383 3779 autem
2432 3724 2585 3777 sedet
2633 3723 2911 3793 impietas,
2962 3722 3218 3793 quoniam
3266 3722 3460 3777 divites
3490 3728 3542 3776 et

1945 3815 2127 3880 avari,
2189 3814 2315 3884 quia
2347 3811 2773 3867 misericordiam
2807 3820 2859 3865 et
2886 3810 3139 3881 pietatem
3169 3826 3278 3865 non
3318 3811 3538 3875 habent,

1946 3919 2055 3958 non
2086 3902 2263 3957 solum
2292 3901 2461 3971 impii,
2487 3916 2677 3955 verum
2709 3900 2867 3954 etiam
2897 3899 3147 3969 impietas
3167 3907 3315 3955 recte
3342 3915 3542 3954 vocan-

1946 3999 2048 4045 tur.
2099 3991 2207 4046 Sed
2255 3990 2382 4061 quid
2433 3988 2625 4043 melius
2657 4004 2756 4058 per
2787 3988 2921 4042 duas
2968 3987 3087 4041 illas
3133 3987 3391 4043 mulieres
3421 4004 3540 4060 qua:

1946 4081 2264 4150 amphoram
2314 4076 2521 4143 ferunt,
2565 4092 2729 4148 quam
2760 4076 3065 4131 sollicitudo
3097 4084 3147 4131 et
3177 4076 3424 4146 deceptio
3453 4076 3541 4131 in-

1943 4168 2116 4240 telligi
2168 4166 2392 4237 potest?
2439 4166 2667 4235 Semper
2698 4165 2842 4219 enim
2872 4164 3023 4218 avari
3057 4164 3272 4218 solliciti
3317 4172 3438 4219 sunt
3486 4165 3544 4219 in

1944 4255 2299 4326 acquirendo,
2354 4261 2405 4307 et
2449 4254 2769 4322 deceptores
2814 4252 2994 4305 alieno
3042 4251 3222 4306 aliena
3260 4252 3540 4322 rapiendo.

1946 4344 2101 4399 Unde
2152 4351 2204 4397 et
2251 4342 2367 4397 alas
2414 4341 2563 4395 milvi
2610 4342 2694 4395 ba:
2741 4340 2999 4394 mulieres
3030 4339 3236 4395 habere
3266 4340 3539 4411 dicuntur,

1946 4431 2206 4503 quoniam
2260 4429 2457 4483 milvus
2488 4429 2629 4483 inter
2660 4428 2795 4482 alias
2825 4444 2958 4483 aves
2988 4428 3377 4498 rapacissimus
3423 4439 3541 4485 est:

1944 4519 2035 4591 qui
2066 4535 2286 4590 semper
2314 4517 2526 4587 pusillis
2576 4525 2627 4571 et
2676 4516 2980 4571 mansuetis
3009 4516 3199 4571 avibus
3235 4518 3538 4575 insidiatur.

1943 4609 2146 4663 Ferunt
2175 4616 2356 4661 autem
2384 4608 2467 4660 hae
2497 4605 2772 4671 mulieres,
2806 4605 2861 4660 id
2890 4613 2973 4660 est
3004 4606 3251 4676 deceptio
3292 4615 3344 4662 et
3375 4624 3544 4678 prava

1945 4696 2266 4763 sollicitudo,
2301 4696 2624 4766 amphoram
2652 4694 2705 4747 in
2735 4702 2939 4749 terram
2970 4694 3241 4761 Sennaar,
3287 4696 3400 4750 sive
3430 4697 3539 4750 Ba-

1944 4784 2191 4855 bylonis,
2244 4784 2367 4855 quia
2416 4784 2500 4838 his
2542 4784 2755 4839 duobus
2802 4782 2947 4838 vitiis
2977 4783 3172 4838 divites
3220 4790 3272 4837 et
3316 4784 3461 4838 avari
3485 4784 3541 4839 in

1942 4872 2298 4943 perditionem
2332 4872 2636 4941 rapiuntur.
2682 4872 2758 4926 De
2791 4873 2893 4926 hac
2924 4871 3066 4925 enim
3105 4871 3374 4941 Babylone
3406 4873 3543 4927 scri-

1944 4970 2093 5031 ptum
2126 4968 2207 5015 est
2234 4978 2245 5013 :
2273 4960 2504 5025 Cecidit,
2527 4960 2729 5014 cecidit
2749 4960 2992 5030 Babylon
3020 4960 3125 5014 illa
3146 4960 3422 5013 meretrix
3444 4979 3462 5014 :
3486 4965 3544 5016 et

1944 5052 2099 5119 facta
2117 5053 2200 5104 est
2222 5048 2496 5103 habitatio
2533 5048 2938 5103 daemoniorum
2964 5047 3151 5118 (Apoc.
3182 5063 3302 5113 xxv,
3328 5048 3401 5115 8).
3436 5048 3539 5103 Mi-

1945 5138 2052 5191 seri
2098 5136 2266 5209 igitur
2314 5144 2366 5190 et
2414 5152 2513 5205 per
2559 5136 2737 5189 omnia
2784 5134 3067 5202 infelices,
3122 5135 3213 5206 qui
3254 5135 3394 5191 inter
3423 5138 3540 5193 daa-

1944 5225 2123 5279 monia
2170 5224 2464 5279 habitaturi
2497 5223 2600 5277 sibi
2648 5224 2701 5277 in
2752 5232 2896 5278 terra
2929 5224 3171 5278 Sennaar
3199 5225 3419 5279 domum
3451 5226 3538 5280 in-

1943 5322 2225 5369 venerunt.
2298 5316 2341 5368 A
2401 5329 2509 5384 qua
2557 5329 2657 5367 nos
2701 5320 2855 5367 eruat
2902 5312 3217 5367 mitissimus
3276 5315 3539 5377 Dominus

1943 5410 2126 5457 noster
2179 5404 2376 5469 Jesus,
2439 5402 2531 5473 qui
2586 5417 2709 5456 curn
2768 5402 2923 5455 Patre
2981 5410 3035 5456 et
3091 5402 3292 5472 Spiritu
3350 5410 3536 5457 sancto

1942 5491 2073 5549 vivit
2103 5500 2155 5549 et
2186 5500 2378 5564 regnat
2408 5493 2555 5547 Deus
2585 5507 2686 5563 per
2713 5498 2916 5546 aeterna
2943 5490 3163 5549 saecula.
3196 5492 3388 5546 Amen.
