3966 6050
452 283 550 338 571

452 418 3459 461 m

1548 276 1912 335 APPENDIX
1950 276 2045 331 AD
2105 276 2161 330 S.
2229 271 2644 331 BRUNONEM.

3648 269 3755 326 572

1179 565 2004 681 CONFESSIO
2067 567 2169 675 S.
2233 558 3044 691 BRUNONIS.

1363 762 1571 833 (Edidit
1610 754 1868 827 Manum,
1915 728 2196 824 ληαιεσι.,
2241 773 2369 813 nov.
2409 757 2563 824 edit.,
2598 772 2653 827 p.
2687 755 2837 825 447.)

453 991 646 1047 Fidem
674 992 939 1062 magistri
969 995 1271 1062 Brunom’s,
1303 1012 1472 1068 quam
1502 995 1883 1051 communiter
1922 995 2042 1064 fra-
2063 994 2117 1052 Α
2146 997 2199 1044 et
2229 987 2549 1044 resurrexit.
2599 983 2858 1041 Ascendit
2903 983 2973 1039 ad
2998 981 3189 1049 caelos,
3221 980 3350 1038 inde
3376 987 3641 1037 venturus
3667 986 3751 1034 est

525 1080 706 1136 tribus
722 1082 842 1135 suis
856 1085 1211 1153 protestatus
1228 1087 1333 1149 est,
1358 1100 1489 1138 cum
1514 1083 1711 1138 horam
1733 1082 1837 1137 sibi
1854 1097 2053 1153 appro-

517 1170 794 1240 pinquare
815 1171 1102 1237 sensisset,
1119 1176 1183 1226 ut
1203 1173 1386 1227 omnis
1410 1174 1605 1227 carnis
1628 1172 1779 1227 viam
1800 1170 2051 1241 ingrede-

520 1260 699 1327 retur,
724 1260 1003 1328 scriptam
1041 1275 1262 1315 seruare
1300 1262 1726 1325 curavimus,eo
1744 1259 1885 1332 quod
1911 1260 2052 1313 satis

452 1422 455 1425 _
523 1346 728 1400 intime
757 1361 946 1401 coram
976 1347 1083 1403 Deo
1113 1364 1212 1403 nos
1243 1348 1403 1404 illius
1433 1349 1564 1417 ﬁdei
1598 1352 1768 1404 testes
1789 1362 1907 1403 esse
1958 1363 2051 1400 ro-

527 1437 710 1503 garet.

527 1598 706 1653 Credo
734 1596 961 1653 firmiter
988 1597 1044 1652 in
1074 1599 1312 1665 Patrem,
1362 1606 1415 1654 et
1444 1598 1658 1665 Filium,
1708 1606 1761 1653 et
1792 1598 2056 1669 Spiritum

458 1694 735 1752 sanctum,
786 1688 1004 1742 Patrem
1048 1686 1381 1759 ingenitum,
1441 1687 1633 1742 Filium
1690 1687 2050 1758 unigenitum,

459 1776 715 1847 Spiritum
763 1784 1007 1832 sanctum
1056 1792 1120 1830 ex
1170 1784 1403 1848 utroque
1430 1777 1839 1847 procedentem,
1874 1783 1927 1830 et
1953 1777 2055 1830 has

454 1872 571 1920 tres
613 1880 877 1935 personas
921 1881 1087 1919 unum
1118 1866 1312 1920 Deum.
1359 1865 1537 1920 Credo
1586 1866 1731 1937 quod
1779 1865 1923 1919 idem
1954 1864 2054 1919 Dei

454 1952 621 2008 Filius
651 1962 949 2023 conceptus
980 1954 1049 2007 sit
1077 1954 1144 2007 de
1174 1954 1373 2024 Spiritu
1403 1961 1592 2008 sancto
1623 1970 1688 2008 ex
1737 1953 1904 2007 Maria
1935 1953 2055 2006 Vir-

453 2039 602 2113 gine.
637 2042 811 2096 Credo
842 2042 988 2113 quod
1032 2042 1190 2114 virgo
1237 2041 1543 2097 castissima
1575 2041 1735 2095 fuerit
1765 2050 1890 2096 ante
1918 2057 2052 2111 par-

454 2136 601 2197 tum,
651 2129 808 2202 virgo
836 2130 893 2183 in
922 2136 1076 2199 partu
1096 2173 1108 2193 ,
1142 2137 1195 2184 et
1224 2137 1348 2200 post
1376 2137 1591 2199 partum
1625 2129 1778 2200 virgo
1806 2130 1859 2183 in
1890 2138 2053 2184 aeter-

452 2232 581 2270 num
610 2218 996 2288 permanserit.
1031 2218 1208 2273 Credo
1239 2218 1383 2289 quod
1414 2218 1556 2273 idem
1588 2218 1688 2272 Dei
1719 2218 1887 2272 Filius
1916 2233 2049 2274 con-

2147 1077 2393 1147 judicare
2441 1076 2596 1131 vivos
2640 1081 2694 1129 et
2742 1079 3009 1128 mortuos.
3043 1071 3223 1127 Credo
3250 1076 3599 1126 sacramenta
3628 1082 3750 1139 qua!

2155 1164 2421 1221 catholica
2458 1162 2630 1219 credit
2686 1170 2738 1215 et
2785 1167 3073 1216 veneratur
3102 1158 3388 1227 Ecclesia,
3419 1164 3473 1212 et
3501 1156 3752 1211 nomina-

2157 1254 2252 1308 tim
2286 1252 2433 1324 quod
2461 1258 2818 1306 consecratur
2845 1249 2900 1303 in
2930 1246 3109 1314 altari,
3158 1263 3344 1301 verum
3376 1260 3579 1315 corpus
3607 1260 3752 1311 esse,

2154 1357 2348 1398 veram
2378 1356 2597 1396 carnem
2616 1380 2631 1407 ,
2681 1346 2733 1393 et
2761 1353 2950 1394 verum
2980 1335 3303 1409 sanguinem
3334 1333 3554 1390 Domini
3582 1332 3754 1389 nostri

2152 1432 2284 1485 Jesu
2314 1428 2535 1494 Christi,
2569 1444 2732 1499 quem
2762 1433 2815 1482 et
2834 1442 2935 1481 nos
2964 1423 3261 1496 accipimus
3292 1424 3348 1478 in
3378 1422 3755 1478 remissionem

2154 1526 2507 1589 peccatorum
2554 1524 2866 1571 nostrorum
2891 1556 2907 1582 ,
2966 1514 3022 1569 in
3077 1528 3231 1584 spem
3277 1511 3465 1567 salutis
3510 1518 3751 1567 aeternas.

2156 1607 2335 1663 Credo
2366 1605 2548 1661 carnis
2570 1603 3048 1670 resurrectionem,
3072 1602 3235 1658 vitam
3256 1608 3535 1656 aeternam.
3558 1601 3751 1654 Amen.

2158 1694 2438 1751 Confiteor
2468 1702 2522 1748 et
2554 1693 2724 1749 credo
2753 1700 2997 1747 sanctam
3028 1698 3189 1762 atque
3217 1687 3547 1744 ineﬂ'abilem
3574 1686 3757 1742 Trini-

2156 1793 2322 1839 tatem
2347 1824 2361 1853 ,
2422 1785 2637 1838 Patrem
2661 1823 2675 1850 ,
2734 1788 2787 1835 et
2818 1780 3043 1848 Filium,
3096 1786 3150 1833 et
3196 1778 3453 1849 Spiritum
3483 1784 3754 1845 sanctum,

2153 1889 2324 1927 unum
2366 1872 2538 1926 Deum
2586 1868 2926 1937 naturalem,
2974 1867 3134 1923 unius
3184 1866 3535 1935 substantiae,
3594 1864 3756 1919 unius

2155 1969 2365 2016 natura:
2388 2002 2401 2026 ,
2455 1959 2618 2014 unius
2665 1957 2966 2026 majestatis
2993 1963 3153 2028 atque
3180 1954 3415 2011 virtutis.
3446 1955 3514 2009 Et
3546 1954 3759 2008 Patrem

2156 2050 2376 2121 quidem
2410 2063 2520 2104 non
2551 2046 2797 2118 genitum
2818 2087 2835 2113 ,
2885 2061 2994 2100 non
3022 2052 3294 2109 creatum,
3329 2043 3428 2099 sed
3457 2042 3763 2113 ingenitum

2155 2132 2495 2205 proﬁtemur.
2528 2133 2649 2202 Ipse
2682 2133 2841 2186 Pater
2877 2146 2910 2185 a
2947 2129 3095 2184 nullo
3150 2128 3420 2201 originem
3476 2127 3650 2193 ducit,
3691 2142 3762 2182 ex

2155 2237 2263 2293 quo
2299 2221 2465 2275 Filius
2495 2220 2828 2275 nativitatem
2854 2258 2868 2287 ,
2919 2226 2974 2273 et
3002 2216 3230 2287 Spiritus
3275 2224 3494 2271 sanctus
3534 2230 3764 2286 proces-

455 2312 644 2375 ceptus
707 2305 775 2359 sit
840 2305 982 2360 inter
1028 2306 1302 2371 homines,
1355 2314 1412 2359 ut
1468 2322 1631 2361 verus
1685 2307 1875 2372 homo,
1936 2306 2126 2406 sineB
2159 2310 2372 2365 sionem
2419 2309 2651 2379 accepit.
2686 2308 2829 2362 Fons
2876 2307 2995 2378 ipse
3026 2306 3188 2377 igitur
3218 2312 3271 2360 et
3299 2304 3457 2377 origo
3485 2311 3567 2359 est
3596 2302 3762 2358 totius

452 2400 697 2464 peccato.
748 2394 923 2448 Credo
968 2394 1114 2465 quod
1162 2394 1306 2449 idem
1364 2395 1463 2449 Dei
1519 2390 1681 2448 Filius
1727 2394 1993 2449 invidiose
2022 2411 2053 2449 a

453 2479 678 2552 perﬁdis
722 2482 925 2537 Iudaeis
972 2491 1159 2553 captus
1203 2483 1296 2547 sit,
1348 2482 1608 2551 injuriose
1651 2491 1930 2551 tractatus,
1962 2483 2053 2536 in-

448 2569 595 2639 juste
624 2570 847 2643 ligatus,
878 2578 1197 2641 consputus,
1230 2572 1536 2645 flagellatus
1556 2613 1570 2637 ,
1600 2580 1846 2626 mortuus
1876 2579 1927 2626 ct
1958 2588 2051 2627 se-

455 2658 658 2729 pultus.
689 2658 984 2714 Descendit
1009 2660 1078 2715 ad
1108 2659 1313 2715 inferos
1334 2703 1346 2727 ,
1396 2668 1455 2715 ut
1496 2660 1739 2731 captivos
1769 2675 1897 2715 suos
1926 2660 2052 2716 inde

455 2745 735 2814 liberaret,
768 2748 1050 2802 descendit
1078 2756 1300 2819 pr0pter
1324 2749 1755 2820 redemptionem
1783 2757 2047 2813 nostram,

718 3026 1700 3169 APPENDIX
1804 3027 2070 3169 AD
2179 3030 2315 3171 S.
2424 3024 3483 3173 BRUNONEM

548 3252 715 3354 DE
865 3251 1383 3352 ORIGINE
1518 3250 1887 3354 SACRI
2034 3249 3045 3358 CARTHUSIENSIS

2166 2397 2463 2462 divinitatis
2488 2412 2500 2451 :
2526 2397 2641 2467 ipse
2672 2411 2888 2467 quoque
2918 2393 3345 2449 Pateressentia
3372 2392 3594 2463 quidem
3622 2390 3763 2446 inef-

2168 2486 2373 2552 fabilis,
2432 2485 2728 2539 substantia
2776 2498 2877 2538 sua
2922 2482 3115 2537 Filium
3163 2481 3352 2554 genuit
3395 2479 3761 2546 ineffabiliter,

2167 2590 2271 2629 nec
2308 2583 2501 2629 tamen
2548 2573 2693 2627 aliud
2723 2587 2887 2643 quam
2915 2571 3061 2643 quod
3089 2570 3206 2641 ipse
3237 2578 3338 2625 est.
3390 2568 3590 2625 Genuit
3616 2569 3766 2623 Deus

2167 2663 2362 2729 Deum,
2411 2662 2503 2717 lux
2548 2661 2741 2717 lucem.
2774 2660 2858 2715 Ab
2886 2660 3007 2730 ipso
3038 2673 3173 2730 ergo
3219 2666 3302 2714 est
3349 2656 3527 2713 omn-is
3574 2664 3728 2729 pater

2167 2751 2307 2805 nitas
2336 2750 2392 2805 in
2420 2750 2561 2806 coelo
2592 2756 2645 2805 et
2673 2750 2729 2804 in
2759 2757 2922 2804 terra.
2961 2750 3155 2803 Amen.

3547 2902 3756 2916 —

3162 3246 3681 3351 ORDINIS

791 3414 1192 3480 AUCTORE
1231 3415 1668 3480 ZACHARIA
1698 3416 2204 3499 BENEDICTO,
2250 3417 2745 3497 VICENTINO,
2788 3413 3415 3480 CARTHUSIANO.

462 3658 597 3729 Quis
626 3659 957 3715 Carthusiaci
980 3658 1111 3727 jecit
1141 3657 1453 3713 fundamina
1499 3659 1737 3728 primum

464 3730 708 3795 Ordinis,
744 3738 795 3785 et
827 3746 945 3800 qua:
970 3745 1139 3784 causa
1165 3729 1274 3793 illi,
1321 3729 1403 3783 vis
1433 3745 1595 3783 nosse
1624 3730 1798 3784 viator
1819 3731 1847 3785 ?

464 3801 754 3854 Historiam
778 3801 918 3854 hanc
948 3815 1195 3871 sequere,
1221 3801 1320 3871 hos
1342 3800 1502 3853 etiam
1522 3809 1575 3853 tu
1596 3801 1822 3871 perlege
1843 3817 2057 3856 versus.

465 3871 719 3941 Fructum
750 3871 796 3924 si
824 3885 1053 3941 quaeras,
1087 3870 1271 3941 aderit
1295 3871 1640 3939 compunctio
1670 3870 1877 3927 sancta.

537 3941 597 3993 In
647 3940 939 4014 Senonum
968 3940 1147 4014 planis
1194 3940 1326 4014 urbs
1358 3941 1806 4014 praestantissima
1852 3942 2060 4014 campis

461 4010 783 4081 Emporium
816 4011 1049 4081 Sophim,
1085 4010 1275 4065 turrito
1303 4011 1505 4066 vertice
1536 4013 1746 4081 surgit;

464 4081 638 4150 Quam
668 4081 913 4153 Parides,
947 4081 1165 4153 fugiens
1191 4082 1422 4151 Trojana
1452 4081 1722 4150 incendia,
1757 4084 1929 4139 fertur

462 4152 838 4217 Exstruxisse,
870 4152 1145 4224 patrisque
1173 4168 1385 4224 memor
1417 4152 1620 4209 dixisse
1650 4155 1865 4211 Parisos

464 4223 731 4296 Cultores,
764 4223 979 4296 illisque
1009 4223 1244 4296 insignia
1274 4232 1327 4296 et
1346 4239 1511 4296 arma
1532 4224 1781 4296 dedisse.

467 4294 719 4366 Sequana
745 4294 1041 4349 vorticibus
1072 4294 1177 4365 qua
1202 4295 1388 4349 multis
1415 4295 1566 4349 alluit
1595 4312 1750 4351 arces

466 4365 535 4438 Fit
562 4365 857 4438 peregrina
886 4381 1013 4438 suas
1058 4366 1366 4438 transmittit
1395 4366 1464 4438 ad
1501 4383 1726 4438 aequora
1754 4382 1988 4422 merces.

463 4435 565 4490 Hic
593 4444 676 4490 est
702 4435 927 4491 assiduo
955 4435 1183 4492 fecunda
1214 4437 1493 4492 academia
1521 4435 1704 4503 cultu;

466 4507 584 4561 Huc
612 4514 664 4562 et
695 4507 1056 4577 Cecropidum
1084 4508 1342 4562 translata
1376 4516 1460 4561 est
1492 4508 1666 4562 Pallas
1696 4509 1763 4562 ab
1783 4507 1916 4573 oris,

464 4576 740 4649 Missaque
768 4578 851 4649 de
868 4576 1092 4631 summis
1124 4578 1319 4649 ingens
1350 4578 1618 4648 sapientia
1660 4579 1845 4633 rebus.

538 4648 641 4720 Hic
678 4648 986 4720 itauclarus
1040 4657 1152 4703 erat
1194 4648 1491 4705 virtutibus
1545 4650 1800 4703 omnibus
1828 4692 1843 4716 ,
1901 4655 2063 4720 atque

466 4719 565 4774 His
593 4718 893 4790 disciplinis
923 4720 1067 4791 (quae
1094 4719 1264 4774 libera
1296 4728 1538 4791 tempora
1562 4724 1813 4790 poscunt)

465 4791 762 4862 Doctorut,
793 4790 1020 4845 ascenSo
1050 4799 1312 4862 suggesta
1344 4790 1457 4862 sive
1501 4791 1775 4862 cathedra,

464 4862 605 4941 Esse
635 4861 910 4916 videretur
928 4860 1265 4941 magni'vort
1286 4860 1489 4941 inclvta
1534 4861 1701 4941 Pauli,

466 4934 641 5002 Atque
672 4931 995 4987 verecundis
1026 4930 1080 4984 in
1108 4931 1354 4985 moribus
1384 4930 1523 5002 alter
1551 4932 1775 5002 Joseph.

466 5001 640 5069 Hunc,
674 5002 837 5057 veluti
867 5002 991 5057 coeli
1019 5002 1204 5073 divum
1236 5002 1303 5055 de
1333 5001 1567 5073 culmine
1612 5001 1847 5073 lapsum,

464 5073 631 5127 Totus
659 5073 919 5126 adorabat
949 5072 1201 5142 populus,
1250 5087 1486 5142 namque
1516 5072 1607 5126 ille
1639 5072 1914 5128 sacerdos.

537 5143 738 5216 Inclyta
770 5143 1014 5216 Virginei
1040 5151 1159 5213 post
1189 5142 1515 5216 incunabula
1557 5153 1743 5213 partus

464 5213 682 5283 Elapsis
717 5212 1049 5268 annis'mille
1078 5213 1353 5283 octoginta
1382 5212 1612 5275 duobus,

466 5282 703 5357 Contigit
752 5285 878 5357 huic
920 5283 1130 5357 homini
1150 5282 1774 5357 pestr‘emumiclaudere
1821 5290 2057 5357 tempus.

464 5353 653 5435 Atque
688 5355 872 5435 subire
921 5370 1088 5434 grave
1118 5353 1440 5435 imperium,
1486 5354 1610 5423 jura
1658 5368 1850 5433 aspera
1907 5355 2057 5422 lethi,

464 5424 694 5498 Jamque
728 5426 880 5498 jacet
927 5424 1052 5481 vivo
1076 5424 1337 5498 gelidum
1369 5424 1485 5498 sine
1532 5424 1799 5498 sanguine
1827 5441 2060 5498 corpus;

466 5495 672 5552 Rumor
691 5496 893 5567 ubique
922 5495 1139 5567 strepit,
1174 5496 1333 5551 dolor
1358 5496 1549 5551 anxius
1580 5495 1817 5566 undique
1847 5495 2061 5564 mansit,

465 5567 536 5625 Et
564 5567 767 5641 gemini
798 5583 961 5623 sexus
992 5575 1253 5624 resonant
1281 5567 1520 5624 lamenta
1565 5584 1666 5641 per
1706 5568 1919 5624 urbem.

2089 3663 2135 3723 C
2156 3660 2273 3714 Heu
2298 3658 2309 3714 l
2345 3659 2521 3713 bonus
2549 3656 2753 3713 interiit
2782 3663 2987 3727 pastor,
3019 3655 3103 3727 vir
3135 3662 3356 3727 sanctus
3385 3654 3578 3727 obivit,

2160 3732 2262 3784 Per
2290 3728 2411 3784 fora
2439 3729 2758 3793 clamabant,
2783 3726 2954 3782 nemo
2983 3726 3133 3781 dabit
3164 3726 3396 3797 amplius
3434 3726 3528 3782 illa

2158 3802 2331 3856 Docta
2361 3800 2623 3854 salutiferi
2654 3798 2924 3853 sermonis
2954 3805 3006 3852 et
3035 3812 3202 3852 aurea
3229 3797 3419 3853 verba.

2167 3873 2181 3885 '
2232 3872 2458 3926 Funeris
2488 3870 2699 3942 interea
2731 3868 2981 3942 lugubris
3009 3884 3205 3942 pompa
3243 3876 3487 3938 paratur,

2162 3942 2446 4013 Exsequizn
2476 3941 2645 3995 multo
2660 3940 2812 4013 fiunt:
2834 3948 2888 3994 et
2934 3940 3099 4013 nenia
3144 3940 3284 4013 fastu

2159 4009 2498 4067 Conveniunt
2526 4012 2729 4082 passim
2762 4010 2930 4082 cives,
2962 4010 3161 4082 clerus,
3196 4009 3386 4064 schola
3434 4014 3543 4082 tota

2159 4084 2329 4139 Docta
2360 4082 2485 4148 coit,
2519 4078 2789 4152 crepitant
2817 4098 2882 4135 ex
2913 4081 3110 4136 ictibus
3152 4095 3267 4152 aera
3307 4078 3544 4152 sonoris.

2160 4154 2354 4208 Fertur
2382 4150 2705 4208 honoratum
2736 4153 2942 4220 majora
2972 4152 3041 4205 ad
3070 4151 3273 4222 templa
3302 4150 3558 4218 cadaver,

2161 4226 2431 4279 Marmore
2479 4224 2581 4278 sub
2611 4223 2771 4278 Pario
2797 4222 3142 4277 condendum
3182 4220 3239 4277 et
3277 4228 3520 4275 aromata
3547 4220 3760 4288 subter,

2160 4296 2337 4350 Triste
2368 4295 2686 4351 sacerdotes
2734 4293 3014 4349 recitando
3056 4292 3112 4346 in
3156 4293 3398 4348 carmine
3428 4290 3616 4358 fatum,

2162 4366 2430 4421 Ardentes
2459 4365 2682 4433 faculas,
2734 4373 2785 4419 et
2812 4380 2973 4420 cerea
3004 4364 3210 4418 lumina
3239 4370 3473 4434 portant,

2162 4437 2468 4491 Procedunt
2518 4435 2758 4507 querula:
2788 4435 2955 4507 longo
2987 4434 3147 4507 simul
3177 4433 3369 4489 ordine
3399 4440 3611 4507 turma,

2162 4510 2336 4578 Atque
2368 4507 2484 4578 vias
2530 4503 2722 4561 omnes
2752 4503 2909 4578 nigrd
2933 4506 3219 4578 velamine
3249 4503 3545 4575 complent.

2162 4574 2374 4632 Accidit
2406 4577 2546 4631 inter
2573 4585 2651 4631 tot
2680 4593 2770 4631 res
2800 4574 3117 4631 admiranda
3145 4574 3337 4642 relatu,

2161 4648 2428 4703 Judicium
2478 4648 2718 4713 coeleste,
2754 4655 2807 4702 et
2837 4646 3178 4701 formidabile
3218 4645 3428 4702 cunctis
3460 4662 3474 4698 :

2159 4719 2227 4797 Et
2246 4734 2387 4797 sane
2416 4718 2530 4797 ipsa
2562 4718 2662 4772 Dei
2689 4718 2974 4797 sententia,
3008 4717 3236 4797 grandis
3282 4716 3536 4797 abyssus,

2163 4788 2260 4843 Cui
2280 4789 2380 4844 soli
2402 4786 2615 4844 detecta
2636 4796 2853 4843 manent
2870 4786 3190 4843 abscondita
3212 4786 3397 4843 cordis
3415 4786 3532 4857 (Ps.
3554 4786 3762 4857 xxxv).

2164 4859 2312 4932 Quos
2342 4860 2446 4914 sibi
2472 4860 2694 4932 delegit,
2726 4858 2989 4932 vel_qu0§
3008 4858 3238 4932 privavit
3258 4858 3512 4932 _olympo,

2166 4931 2325 4985 Solus
2353 4932 2514 4985 habet
2543 4928 2722 4994 no'tos,
2758 4928 2906 4984 solus
2940 4928 3196 4984 discrevit
3224 4929 3291 4982 ab
3338 4943 3477 4983 aevo.

2082 5020 2135 5078 D
2163 5002 2277 5078 I_‘{os
2306 5002 2554 5078 homines
2585 5001 2715 5057 caeci
2733 5008 3169 5078 _rerum_secreta
3199 4998 3478 5078 videmus,

2164 5071 2314 5127 Sicut
2343 5072 2688 5142 Apollineum
2717 5071 2978 5127 discernit
3008 5079 3205 5142 noctua
3235 5069 3440 5124 lumen.

2164 5144 2304 5197 Ecce
2334 5144 2436 5196 sub
2467 5151 2696 5213 argento
2720 5142 2818 5213 qui
2851 5141 3171 5213 portabatur
3200 5149 3251 5194 et
3276 5148 3441 5213 ostro

2161 5213 2423 5281 Mortuus,
2454 5221 2505 5268 et
2534 5211 2679 5267 tanto
2710 5211 2885 5267 fuerat
2925 5211 3225 5266 cumulatus
3273 5212 3501 5274 honore,

2162 5286 2297 5339 Cum
2327 5283 2469 5339 foret
2499 5284 2569 5339 ad
2596 5283 2780 5338 fanum
2812 5282 3031 5337 sublimi
3066 5282 3120 5336 in
3164 5281 3307 5336 mole
3338 5281 3548 5336 locatus

2165 5354 2297 5423 Quo
2316 5356 2510 5409 melius
2541 5363 2725 5424 posset
2753 5354 2927 5421 cerni,
2961 5352 3275 5423 cunctisque
3322 5358 3548 5422 pateret,

2163 5420 2640 5508 liespondem‘ijii,
2676 5426 2807 5508 dum
2838 5424 3052 5496 legitur,
3087 5420 3339 5479 res'eccé
3368 5420 3653 5508 stupenda,

2164 5495 2390 5552 Eminus
2419 5496 2611 5551 attollit
2639 5495 2817 5550 vultus
2839 5537 2852 5561 ,
2884 5495 3272 5567 exsangueque
3301 5500 3512 5567 pectus,

2165 5571 2245 5624 Ac
2276 5567 2722 5639 circumapiciens
2751 5574 2908 5622 torvo
2937 5563 3292 5622 cum‘luniine
3308 5563 3319 5629 ί
3335 5563 3542 5629 turbas,
