3966 6050
237 250 343 304 573

224 373 475 432 Clamore
502 367 749 424 horribili
779 367 976 425 feretro
1005 369 1084 425 sic
1122 369 1255 424 dixit
1280 370 1347 425 ab
1369 371 1477 425 alto
1508 388 1522 425 :

226 442 465 522 Consilio
492 456 756 522 superum
788 448 1020 502 secreto,
1044 441 1352 522 et‘legibus
1392 440 1582 512 sequis,

227 516 351 569 Heu
382 529 467 567 me
492 510 505 565 l
542 518 849 577 accusatus,
882 520 1008 581 peto
1036 510 1242 567 Judicis
1273 527 1371 567 ora
1399 510 1683 566 tremendi.

228 584 599 655 Deposuitque
626 589 785 655 caput
815 582 1096 647 taciturus,
1130 591 1182 637 et
1212 582 1361 655 arida
1391 583 1656 655 membra.

227 653 566 711 Coutremuit
595 653 769 722 primo
800 661 1041 721 aspectu,
1076 668 1140 707 ac
1175 653 1443 707 obmutuit
1472 653 1667 717 omnis,

228 727 437 781 Cuncta
469 723 645 795 silent,
680 722 968 795 cunctique
999 731 1213 795 pavent,
1247 724 1402 792 plebs
1424 724 1623 795 arrigit
1649 739 1825 778 aures.

226 796 546 866 Prodigium
578 793 851 847 insuetum
882 794 980 866 vix
1000 793 1171 848 credit
1202 802 1380 848 mente
1421 793 1647 849 labanti.

226 868 383 922 Stant
404 864 757 935 pollinctores
787 864 1006 935 trepidi,
1041 872 1093 918 et
1123 870 1331 918 terrore
1379 865 1611 934 subacti,

224 934 549 1006 Anden’tque
572 934 878 989 exanimum
910 934 1089 988 minus
1121 935 1223 989 hoc
1251 935 1565 1006 contingere
1611 951 1825 1005 corpus.

227 1005 534 1078 Obriguere
563 1021 753 1078 comae,
808 1012 859 1059 et
910 1005 1159 1078 tremulis
1203 1020 1306 1078 vox
1350 1005 1599 1078 faucibus
1648 1006 1825 1060 haesit.

222 1074 483 1150 Ingentes
515 1076 771 1150 strepitus
802 1083 925 1146 post
946 1076 1062 1146 ipsa
1100 1075 1308 1150 silentia
1341 1074 1473 1130 fiunt

225 1147 499 1204 Co'nfusus
565 1147 1035 1218 sonituservocnm
1071 1215 1084 1218 _
1109 1147 1476 1217 juvenumque
1526 1162 1827 1218 senumque

223 1219 465 1289 Longius
495 1218 741 1289 auditur;
773 1216 1032 1289 discurrit
1061 1215 1207 1270 fama
1235 1233 1336 1289 per
1364 1215 1579 1271 urbem.

225 1287 377 1345 Gens
409 1303 622 1358 agoraea
654 1288 730 1410 (l2)
763 1288 927 1352 venit,
961 1288 1308 1357 properando
1348 1289 1545 1357 vulgus
1591 1287 1824 1342 anhelat.

226 1361 482 1410 Concava
512 1366 658 1410 temp
684 1374 717 1410 a
745 1366 964 1410 crenant
1012 1358 1178 1410 variis
1223 1358 1554 1410 rumoribus.
1588 1366 1642 1410 et
1689 1376 1824 1410 arens

226 1361 482 1415 Concava
512 1358 717 1427 templa
745 1366 964 1427 crepant
1012 1358 1178 1429 variis
1223 1358 1554 1424 rumoribus,
1588 1366 1642 1412 et
1689 1376 1827 1429 gens

222 1432 349 1486 Non
378 1429 607 1499 capitur,
627 1429 903 1552 ‘premitnr
932 1428 1068 1498 pede
1096 1444 1213 1497 pes,
1261 1437 1314 1482 et
1353 1436 1569 1508 tergore
1615 1428 1822 1500 tergus.

224 1502 291 1552 Vi
323 1500 525 1552 faciunt
557 1516 621 1552 au
664 1507 788 1552 itus.
825 1499 1186 1552 procumbunt
1216 1499 1438 1552 cardine
1485 1508 1690 1552 postes.

224 1502 291 1555 Vi
322 1500 525 1555 faciunt
557 1499 788 1567 auditus,
824 1499 1198 1570 procumbunt
1216 1499 1456 1553 cardine
1485 1508 1690 1570 postes.

224 1572 400 1643 Hique
449 1570 678 1643 gradus
717 1585 977 1643 summos,
1028 1569 1104 1622 illi
1139 1569 1438 1643 pinnacula
1490 1569 1822 1643 scandunt:

225 1643 296 1699 Ut
314 1639 472 1696 nova
499 1640 835 1711 prospiciaut
862 1640 1048 1711 isthmc
1078 1639 1341 1694 miracula
1370 1641 1439 1693 ab
1482 1641 1611 1695 alto.

296 1710 578 1767 Extollens
608 1712 798 1764 iterum
824 1710 1044 1764 liventia
1074 1718 1322 1764 mortuus
1353 1726 1467 1773 ora,

226 1782 761 1863 Hucquedllu‘equg
796 1791 966 1863 tuens,
1000 1782 1171 1836 oculis
1218 1781 1546 1863 terrentibus
1592 1782 1821 1854 omneis,

228 1852 437 1934 mugitu
467 1852 689 1934 insolito.
711 1852 843 1906 dixit
876 1867 887 1905 :
922 1853 1033 1934 Vae,
1071 1868 1150 1906 vae
1188 1852 1612 1934 mihi,‘namque

220 1922 489 1979 Iudicium
515 1924 630 1992 jam
676 1923 731 1975 in
787 1938 875 1976 me
926 1922 1095 1977 latum
1142 1931 1223 1976 est
1268 1938 1301 1975 a
1337 1922 1570 1977 Numine
1613 1933 1824 1983 sancto.

222 1996 403 2066 thue
432 1995 581 2064 prius
604 1993 775 2066 jacu‘it
806 1993 955 2066 nullo
988 2009 1112 2049 cum
1141 2009 1418 2047 murmure
1448 1994 1620 2049 vocis.

227 2063 344 2121 Ima
382 2063 583 2119 tremor
635 2063 850 2136 gelidus
894 2064 1231 2136 languorque
1278 2079 1378 2133 per
1420 2080 1548 2118 ossa
1591 2066 1830 2122 cucurrit

225 2136 403 2191 Corda
432 2142 649 2206 pavent,
682 2135 953 2204 trepidant
982 2135 1155 2205 pueri,
1190 2143 1462 2189 terrentur
1494 2144 1545 2189 et
1580 2136 1684 2206 ipsi

222 2208 341 2262 Hac
396 2205 629 2260 novitate
694 2221 892 2271 senes;
957 2213 1244 2275 nuptarum
1305 2205 1610 2275 implentur
1649 2208 1823 2264 acutis

224 2277 513 2342 Infantum,
584 2277 952 2347 juvenumque
1016 2291 1184 2332 sacrm
1225 2275 1553 2333 clamoribus
1589 2279 1748 2345 aulae,

224 2346 704 2427 Exorantnveniam
736 2346 1068 2427 superos,‘_et
1097 2354 1325 2426 pectora
1355 2348 1603 2413 tundunt,

220 2421 397 2499 ﬁtque
428 2417 549 2499 aliis
578 2417 859 2487 suspensis
888 2418 1113 2499 auribus
1143 2417 1292 2497 aiunt
1326 2435 1338 2469 :

220 2487 625 2561 Quidnamhoc
657 2504 779 2561 esse
800 2488 1019 2561 potest?
1038 2489 1126 2561 hic
1142 2488 1224 2561 vir
1244 2487 1585 2561 sanctissima
1603 2505 1823 2561 semper

220 2560 319 2613 His
347 2558 563 2630 populis
590 2559 839 2611 mandata
859 2558 1028 2626 dedit,
1060 2558 1300 2629 vixitque
1331 2560 1576 2628 probate,

219 2630 354 2684 Sese
387 2636 699 2685 accusatum
729 2636 927 2696 tamen,
961 2646 1023 2683 ac
1052 2629 1271 2683 audisse
1326 2645 1638 2698 supremum

216 2700 489 2755 Judicium
519 2716 549 2753 a
578 2700 789 2769 superis
818 2700 1131 2753 miseranda
1159 2716 1293 2754 voce
1349 2700 1567 2754 fatetur.

218 2772 349 2827 Haec
378 2778 631 2842 portenta
661 2770 862 2842 aliquid
893 2779 1041 2825 certe
1068 2770 1310 2842 mirabile
1341 2770 1578 2842 signant.

293 2841 612 2896 An’tumulo
643 2841 785 2895 tradi
816 2848 1030 2895 sacrato
1061 2841 1275 2905 debeat,
1312 2841 1489 2895 omnis

216 2913 459 2984 Ambigit
483 2932 496 2978 ;
529 2912 752 2984 ancipiti
779 2911 976 2981 praesul
1006 2911 1333 2984 venerabilis
1359 2912 1481 2966 urbi

218 2982 439 3038 Servari
470 2998 635 3053 supra
665 2982 915 3036 tellurem
947 2983 1201 3048 consulit,
1235 2998 1408 3053 usque

221 3054 364 3108 Dum
396 3055 542 3108 Deus
582 3070 648 3107 ex
676 3053 812 3124 alto,
837 3053 966 3123 quid
999 3054 1084 3124 sit,
1115 3054 1373 3118 declaret,
1417 3054 1708 3124 agendum.

216 3126 355 3178 Tum
399 3140 611 3197 rursum
663 3123 945 3178 exanimus
1002 3123 1213 3197 feretro
1246 3131 1408 3197 caput
1449 3123 1639 3180 extulit
1684 3126 1815 3197 alto,

217 3197 395 3266 Atque
424 3195 716 3261 infelicem,
745 3211 811 3266 se
835 3195 1274 3266 contemplando,
1307 3195 1539 3260 locutus,

216 3265 319 3321 Sic
338 3266 410 3319 ait
440 3266 707 3320 immenso
738 3265 886 3320 luctu
917 3265 1220 3336 grandique
1251 3266 1415 3318 boatu
1449 3282 1462 3317 :

216 3336 432 3391 Parcite
462 3336 761 3401 funeribus,
794 3335 936 3389 mihi
966 3336 1043 3389 nil
1091 3335 1356 3405 prodesse
1387 3335 1601 3390 valetis.

214 3405 605 3461 Infortnnatum
635 3423 734 3462 cur
763 3423 851 3460 me
899 3422 1142 3475 genuere
1193 3414 1452 3475 parentes
1472 3406 1500 3458 ?

214 3424 605 3461 inrortnnatum
635 3424 734 3462 cur
763 3424 851 3460 me
940 3424 1142 3461 enuere
1193 3424 1452 3475 parentes
1475 3424 1499 3458 τ

213 3478 300 3533 Ah
327 3476 337 3531 !
370 3477 534 3532 miser
564 3485 796 3532 aeternos
826 3424 969 3531 vago
1000 3477 1291 3531 damnatus
1322 3476 1391 3530 ad
1420 3477 1597 3546 ignes.

214 3547 455 3628 indeque
484 3548 743 3628 conticuit
775 3564 1008 3628 semper,
1035 3548 1315 3628 jacuitque
1355 3547 1601 3627 supinus.

210 3619 457 3673 Exstasis
488 3627 540 3673 et
572 3619 816 3689 planctus
846 3618 1030 3672 turbas
1060 3618 1284 3687 invadit,
1319 3626 1371 3671 et
1399 3618 1577 3672 omnis

212 3690 378 3761 IEdes
406 3704 565 3761 sacra
598 3698 751 3743 sonat
782 3689 997 3761 gemitu,
1021 3690 1285 3761 varioque
1317 3690 1564 3761 tumultu,

217 3759 488 3814 Femineis
517 3760 623 3813 late
653 3759 909 3814 resonant
946 3759 1238 3812 ululatibus
1277 3760 1450 3813 aedes.

215 3830 393 3909 Hique
424 3839 609 3909 tenent
638 3830 1109 3909 postes__amplexi,
1143 3830 1328 3909 illique
1372 3830 1671 3909 columnas,

208 3901 699 3972 Praegravibusque
717 3900 894 3972 oculis
911 3901 1067 3972 quasi
1080 3900 1291 3954 somnia
1313 3901 1513 3972 habere
1543 3902 1812 3957 videntur.

210 3971 473 4025 Mirantur
499 3972 636 4025 tanti
672 3972 739 4026 de
769 3971 1073 4040 perditione
1125 3971 1389 4040 magistri,

217 4042 516 4112 Mirarique
547 4042 679 4095 satis
709 4049 986 4111 nequeunt
1024 4041 1285 4095 exstincta
1329 4041 1497 4097 fuisse

212 4112 316 4166 Tot
343 4112 505 4175 bona,
541 4120 724 4183 totque
754 4113 873 4183 pios
900 4128 1002 4181 pro
1031 4112 1327 4183 relligione
1360 4112 1598 4165 labores.

288 4183 538 4253 Protinus
570 4199 599 4237 e
632 4182 792 4238 Sacro
823 4182 1124 4237 benedictae
1153 4182 1403 4253 margine
1436 4189 1616 4250 terrae,

216 4252 427 4307 Perfusi
456 4254 714 4323 lacrymis
741 4254 927 4323 populi
958 4261 1238 4307 extraxere
1270 4252 1524 4323 cadaver,

218 4271 427 4307 l’eI‘IUSl
456 4271 572 4308 iacr
612 4271 714 4307 mis
741 4271 927 4323 popuu
958 4271 1238 4307 extraxere
1270 4271 1524 4318 cadaver,

212 4326 392 4394 Atque
423 4324 478 4377 in
507 4271 712 4377 telluris
742 4322 958 4379 foveam
989 4324 1236 4378 clausere
1268 4322 1527 4394 profante.

213 4394 355 4464 Hinc
393 4395 687 4449 sambucus
718 4395 871 4448 olens
901 4395 1088 4461 oritur,
1122 4395 1399 4464 tristisque
1429 4393 1625 4449 cicuta.

212 4463 623 4518 Oceanitidibus
654 4464 806 4519 Titan
838 4481 898 4518 se
928 4473 1186 4519 merserat
1230 4463 1389 4519 undis

209 4534 473 4603 Deliaque
517 4535 763 4589 albentes
825 4536 1165 4589 monstrabat
1218 4536 1283 4588 ab
1353 4534 1553 4589 aethere
1588 4535 1788 4603 vultus,

212 4604 445 4677 Quando
476 4606 675 4677 vulgus
705 4606 871 4677 iners,
907 4607 1076 4670 cives,
1111 4606 1268 4659 simul
1297 4606 1513 4677 agmina
1543 4605 1704 4661 docta
1729 4650 1741 4674 ,

213 4674 484 4747 Mentibus
514 4674 753 4730 attonitis
784 4676 836 4729 in
868 4676 1092 4747 prOpria
1120 4684 1265 4731 tecta
1294 4674 1562 4736 redibant.

211 4746 492 4816 Languida
522 4762 645 4801 cum
676 4756 842 4801 strato
875 4746 1169 4802 cessissent
1198 4748 1443 4801 membra
1475 4747 1637 4801 cubili

212 4816 271 4889 in
304 4817 511 4871 somnis
539 4818 723 4889 videre
756 4816 922 4884 faces,
958 4818 1213 4889 dirasque
1243 4817 1466 4889 figuras,

212 4887 478 4959 Errantes
506 4888 687 4942 Erebo
718 4904 925 4953 manes,
958 4887 1234 4959 furiasque
1269 4887 1560 4952 triformes,

212 4956 347 5025 Quae
379 4958 532 5028 quasi
562 4959 818 5013 lethznum
852 4967 1017 5013 noctu
1049 4956 1328 5014 incussere
1359 4959 1631 5014 timorem.

210 5028 450 5099 Parisius
480 5045 579 5083 nec
611 5031 792 5084 adhuc
823 5030 1015 5083 horum
1049 5040 1129 5085 est
1152 5030 1313 5084 oblita
1346 5030 1579 5099 dierum,

208 5098 475 5167 Tempore
505 5100 575 5152 ab
591 5101 694 5154 hoc
715 5100 982 5170 siquidem
1008 5117 1234 5170 prorsus
1266 5098 1575 5155 tremefacta
1596 5110 1816 5158 recusat

208 5168 520 5242 (Responde
547 5170 713 5242 mihi)
747 5168 967 5225 cantare
1000 5168 1135 5237 haec,
1171 5171 1267 5224 sed
1298 5171 1458 5225 lectio
1491 5181 1684 5242 quarta

208 5239 404 5307 Incipit
431 5240 537 5294 hic.
572 5240 814 5308 Quantas
848 5242 1020 5295 habeo
1050 5261 1063 5305 ;
1097 5258 1183 5296 res
1215 5242 1411 5295 flebilis
1442 5239 1593 5296 sevo!

282 5310 462 5363 Bruno
484 5312 823 5365 sacerdotum
848 5312 1124 5381 splendor,
1161 5320 1449 5382 rectorque
1479 5313 1808 5382 scholarum,

208 5379 383 5447 Quem
415 5382 603 5451 genuit
632 5382 832 5437 celebri
864 5379 1125 5453 germana
1156 5379 1374 5437 colonia
1395 5390 1569 5453 partu.

274 5552 346 5620 (2)
389 5555 679 5636 ’Δγθρκῖοις²
713 5558 759 5608 id
787 5560 862 5608 est
893 5558 1128 5620 forensis.

1058 246 1152 301 DE
1201 244 1496 303 ORIGINE
1542 244 1743 302 SACRI
1784 243 2335 301 CARTHUSIENSIS
2384 244 2692 302 ORDINIS.

1845 371 1901 430 A
1928 369 2025 425 Vir
2052 370 2190 440 pius,
2225 376 2276 425 et
2306 370 2543 440 sapiens,
2575 385 2640 425 ac
2668 366 3145 440 praestantissimus
3173 367 3320 421 omni

3420 247 3522 301 574

1930 436 2153 494 Munere
2184 436 2461 507 doctrium,
2497 436 2685 510 templi
2714 436 2998 494 Remensis
3035 437 3306 510 alumnus,

1931 510 2080 565 Tunc
2109 526 2264 565 sacra
2295 513 2514 565 Parisiae
2544 508 2693 578 genti
2721 510 3051 563 documenta
3080 508 3318 578 legebat,

1930 581 2215 652 Exsequiis
2245 583 2430 636 aderat
2462 579 2630 636 multo
2661 579 3192 652 comitatushonore
3224 597 3236 631 :

1930 649 2214 723 Menteque
2245 660 2565 723 conceptum
2596 651 2862 721 nequiens
2893 650 3068 703 celare
3096 649 3342 723 dolorem

1929 720 2147 776 Talibus
2178 720 2430 789 ostentis,
2454 740 2580 776 mox
2612 730 2670 775 ut
2688 720 2795 774 sua
2825 729 2975 790 septa
3003 720 3207 788 petivit,

1932 792 2089 846 Solus
2120 793 2437 847 inexhausto
2467 794 2822 863 laerymarum
2852 791 3083 863 ﬂumine
3113 790 3335 863 planxit.

1929 862 2029 933 Hei
2057 863 2187 916 mihi
2220 863 2435 918 dicebat
2469 879 2481 916 :
2516 862 2629 928 Va),
2662 879 2743 917 vze
2773 862 2895 933 quia
2924 869 3168 930 tempora
3199 862 3343 915 trivi.

1931 931 2073 999 Quid
2104 933 2295 987 faciam
2326 935 2551 988 demens
2570 936 2597 987 ἲ)
2626 950 2689 988 ex
2723 931 2831 1003 quo
2853 932 2943 1002 qui
2967 939 3023 983 ut
3046 938 3266 986 sanctus
3287 933 3354 985 ab
3376 932 3522 988 omni

1930 1003 2093 1058 Plebe
2122 1004 2422 1069 colebatur,
2457 1006 2534 1058 sic
2564 1004 2853 1058 infeliciter
2882 1003 3057 1065 ardet,

1928 1074 2011 1128 Ad
2040 1074 2161 1129 loca
2189 1076 2445 1129 Cerberei
2477 1076 2663 1139 rictus,
2697 1075 2933 1127 immane
2964 1073 3280 1126 barathrum
3300 1074 3328 1126 ?

1928 1144 2132 1215 Hisque
2162 1145 2399 1198 animum
2431 1145 2633 1209 verbis,
2670 1162 2809 1198 nunc
2838 1146 2961 1207 huc,
2996 1158 3140 1197 nunc
3178 1144 3368 1198 dividit
3398 1144 3528 1199 illuc

1930 1214 2182 1287 Pervigil,
2212 1216 2265 1269 in
2297 1216 2494 1270 melius
2523 1217 2749 1285 cupiens
2781 1223 3100 1287 convertere
3129 1214 3314 1287 vitam.

1999 1285 2152 1339 Mane
2183 1287 2399 1341 scholas
2429 1295 2683 1356 repetens
2712 1287 2910 1350 Brnno,
2946 1285 3311 1339 circumdatus
3337 1285 3522 1356 amplo

1930 1356 2219 1411 Servorum
2250 1373 2494 1420 numero,
2529 1357 2839 1411 cathedram
2870 1356 3201 1425 conscendit,
3235 1356 3462 1411 amictus

1930 1426 2160 1499 Cyclade
2191 1428 2430 1499 lugubri,
2465 1426 2751 1497 defixaque
2781 1427 2983 1479 lumina
3014 1426 3176 1499 terris

1927 1498 2068 1562 Fert,
2103 1506 2153 1552 et
2184 1497 2341 1553 erant
2368 1499 2536 1552 multo
2568 1504 2729 1551 rubra
2757 1505 2917 1567 atque
2950 1497 3211 1567 tumentia
3240 1497 3406 1563 luctu,

1928 1567 2117 1635 Qualia
2150 1570 2325 1623 somni
2355 1586 2552 1639 expers
2583 1566 2858 1639 habet,ut
2886 1566 3124 1639 crudelia
3155 1567 3358 1621 dudum

1927 1639 2225 1709 Pervigiles
2255 1641 2393 1694 inter
2419 1638 2610 1695 noctes
2640 1638 2875 1709 suspiria
2904 1638 3073 1691 duxit.

1855 1720 1907 1778 Β
1928 1711 2369 1782 ᾼεετθάίῑιιιηυρ
2401 1728 2531 1765 suos
2564 1711 2653 1764 tali
2684 1724 2937 1782 sermone
2968 1723 3251 1778 sequaces,

1927 1778 2248 1852 innumerus
2280 1778 2436 1852 quasi
2467 1789 2640 1836 coetus
2669 1788 2801 1852 erat,
2838 1779 3141 1852 tacitusque
3171 1778 3421 1834 manebat
3452 1799 3470 1835 :

1926 1850 2041 1906 Huc
2073 1868 2176 1922 ego
2208 1849 2317 1905 nou
2350 1853 2475 1907 veni
2502 1852 2744 1906 facturus
2774 1850 2952 1922 inania
2991 1849 3170 1922 verba.

1926 1920 2194 1976 Hactenus
2222 1924 2471 1976 humanis
2504 1922 2649 1977 soliti
2679 1921 2980 1975 rationibus
3011 1920 3105 1984 uti,

1925 1990 1971 2046 Ο
2003 1993 2144 2047 docti
2169 1994 2421 2063 juvenes,
2452 2009 2643 2048 omnes
2673 1992 2972 2047 erravimus
3004 2006 3126 2063 una,

1925 2062 2033 2135 Sed
2060 2064 2187 2117 satis
2217 2072 2378 2135 atque
2410 2081 2575 2134 super
2598 2083 2613 2130 ;
2647 2065 2830 2117 divum
2849 2063 3011 2135 modo
3027 2062 3180 2135 jussa
3203 2075 3516 2135 sequamur.

1923 2134 2041 2189 Huc
2061 2135 2205 2199 veni,
2232 2132 2550 2189 utreferam
2582 2135 2709 2205 quid
2734 2134 2925 2198 sentio,
2951 2132 3203 2255 quodque
3223 2133 3520 2187 tenendum

1924 2204 2221 2255 Consilium
2254 2206 2400 2255 duxi-
2434 2206 2767 2255 auidnuidve
2799 2206 2865 2255 sit
2895 2205 2970 2255 uti
2997 2219 3026 2255 e
3057 2203 3235 2255 nobis.

1924 2204 2221 2258 Consilium
2254 2206 2400 2271 duxi,
2434 2203 2767 2275 quidquidve
2799 2206 2865 2256 sit
2895 2203 3235 2275 utilenobis,

1924 2276 1994 2329 Ut
2016 2276 2239 2344 pedicas
2268 2277 2427 2343 hujus
2455 2273 2601 2331 secli
2620 2276 2905 2345 fugiamus,
2950 2282 3001 2327 et
3030 2273 3162 2345 illud

1922 2346 2202 2400 Hesternae
2232 2346 2369 2401 lucis
2400 2347 2600 2411 dirum,
2634 2344 3022 2400 etimiserabile
3046 2344 3233 2397 fatum.

1924 2414 2078 2484 Quis,
2110 2432 2317 2485 precor,
2355 2434 2419 2471 ex
2460 2418 2617 2471 nobis
2667 2417 2941 2471 hominem
2987 2421 3275 2485 pensasset
3320 2413 3521 2470 iturum

1921 2488 2003 2540 Ad
2037 2484 2237 2557 Styga,
2274 2488 2567 2558 Cocytique
2598 2487 2843 2541 ardentia
2872 2484 3111 2558 guttura,
3146 2484 3304 2558 tantis

1922 2556 2162 2611 Moribus
2192 2556 2765 2628 illustremjtantoque
2797 2557 2969 2610 nitore
3001 2556 3231 2628 docendi

1921 2628 2297 2696 Perspicuum,
2332 2637 2383 2683 et
2411 2630 2571 2683 tantis
2603 2625 2810 2682 naturae
2847 2628 3063 2681 dotibus
3095 2625 3341 2680 almum?

1921 2699 2187 2764 Vidimus,
2222 2699 2362 2754 heu!
2400 2707 2657 2769 quantum
2702 2715 2801 2752 nos
2832 2698 2969 2769 lipin
3006 2697 3261 2769 fallimur,
3296 2704 3351 2752 et
3388 2699 3518 2766 quot

1919 2770 2120 2850 Ijostra
2150 2767 2501 2850 pererrores
2526 2777 2783 2850 versatur
2828 2767 3013 2850 opinio
3044 2767 3230 2821 fallax.

1921 2839 2064 2912 Quid
2082 2839 2309 2912 emiseris
2339 2841 2497 2895 nobis
2526 2841 2691 2912 longo
2720 2839 3075 2910 peccantibus
3104 2856 3206 2892 usu

1920 2911 2169 2975 Eveniet,
2202 2912 2247 2965 si
2278 2920 2421 2965 tanta
2448 2911 2653 2965 homini
2686 2912 2958 2964 damnatio
2998 2925 3197 2979 perpes

1920 2982 2016 3034 Est
2038 2982 2161 3054 data
2182 2984 2208 3035 ἱ)
2225 2982 2271 3054 si
2293 2984 2346 3036 in
2369 2982 2693 3054 viridiligno
2715 2983 2817 3037 hoc
2833 2978 3154 3054 factumeSt,
3177 2978 3305 3050 quid
3326 2978 3381 3031 in
3396 2978 3515 3049 ipso

1920 3052 2107 3105 Arenti
2135 3051 2223 3106 fiet
2243 3053 2271 3105 ?
2302 3055 2455 3121 (Luc.
2486 3051 2732 3123 25)'quae
2764 3068 2864 3106 nos
2894 3051 3130 3106 vindicta
3160 3057 3423 3118 moretur,

1921 3123 2136 3193 Cernite
2159 3123 2407 3193 discipuli
2437 3123 2645 3189 dulces,
2678 3123 2868 3176 librate
2899 3137 3209 3192 parumper,

1921 3192 2138 3261 Quanta
2166 3201 2243 3248 tot
2274 3192 2522 3265 ingentes
2552 3194 2862 3265 purgabnnt
2884 3192 3075 3265 februa
3107 3192 3320 3265 sordes.

1920 3264 2090 3332 Hujus
2119 3265 2188 3318 ad
2218 3266 2321 3319 hoc
2340 3263 2551 3318 etenim
2583 3263 2768 3318 mundi
2800 3264 3060 3333 sapientia
3090 3263 3165 3316 nil
3196 3270 3281 3317 est

1917 3336 1988 3389 Et
2011 3335 2216 3402 justum
2248 3351 2515 3405 apparere
2543 3335 2675 3389 foris
2700 3342 3057 3405 sanctumque
3089 3334 3283 3388 videri.

1991 3405 2036 3459 Ο
2069 3405 2220 3460 ehari
2248 3407 2495 3471 comites,
2527 3414 2738 3460 vestros
2767 3406 3105 3459 miserescite
3136 3420 3299 3458 casus
3333 3420 3347 3457 :

1917 3475 2154 3539 Cernite,
2189 3477 2365 3531 vicino
2395 3492 2544 3531 mors
2574 3484 2655 3529 est
2687 3476 2742 3529 in
2773 3476 2976 3541 limine,
3010 3490 3233 3530 curvam

1921 3547 2236 3618 Extendens
2261 3548 2487 3617 harpen,
2520 3545 3161 3618 viridesqueesecabitin
3188 3545 3408 3613 herbas,

1916 3617 2161 3670 Temnite
2190 3615 2424 3682 divitias,
2459 3633 2593 3687 quas
2622 3615 2965 3671 nec'deferre
3004 3615 3196 3670 valetis

1918 3688 2211 3742 Vobiscum
2239 3696 2360 3757 post
2390 3684 2519 3751 fata,
2554 3704 2768 3757 precor,
2802 3687 2847 3740 si
2878 3688 3048 3741 verba
3090 3684 3339 3757 magistri

1919 3758 2158 3811 Penditis
2184 3777 2196 3822 ;
2231 3766 2283 3811 et
2313 3758 2357 3811 si
2389 3774 2475 3812 me
2506 3758 2673 3828 digno
2714 3758 2942 3813 servatis
2973 3759 3199 3822 honore,

1915 3828 2165 3899 Linquite
2203 3829 2555 3897 Pentapolim,
2589 3829 2927 3900 fugitivaque
2959 3828 3155 3900 saecula
3188 3843 3421 3900 mecum,

1916 3898 2092 3970 Atque
2123 3915 2321 3969 specus
2353 3916 2477 3954 cum
2508 3901 2622 3964 Lot,
2658 3898 2979 3971 montesque
3010 3898 3186 3971 subite
3215 3898 3472 3952 latentes.

1916 3970 2193 4041 Aspicitis,
2228 3979 2489 4040 quantum
2520 3987 2762 4041 praesens
2794 3970 2910 4025 haec
2944 3970 3434 4041 vitacaducaest;

1918 4040 2051 4109 Quae
2081 4039 2307 4095 dicenda
2338 4039 2690 4112 magisﬁmors
2722 4050 2803 4095 est
2833 4058 2989 4111 quam
3023 4040 3146 4103 vita,
3183 4039 3417 4112 fatebor.

1916 4112 2125 4181 Erigite
2157 4113 2226 4166 ad
2256 4110 2455 4166 malum
2486 4119 2731 4176 mentes;
2765 4110 3046 4181 ibi’patria
3078 4110 3255 4175 nobis,

1916 4183 2116 4237 Nostra
2147 4183 2299 4253 quies
2328 4183 2457 4247 illic,
2493 4192 2804 4252 aeternaque
2836 4181 3044 4236 mansio
3073 4181 3226 4251 pacis
3261 4198 3274 4233 :

1917 4253 2037 4307 Vita
2068 4254 2185 4307 haec
2215 4253 2461 4306 exsilium
2492 4254 2669 4318 nobis,
2702 4261 2753 4305 et
2783 4254 2994 4322 pondus
3016 4253 3284 4321 iniquum,

1920 4324 2055 4378 Sunt
2084 4324 2173 4376 ubi
2204 4331 2277 4377 tot
2305 4323 2512 4387 clades,
2547 4331 2732 4393 totque
2761 4323 3109 4377 adversantia
3134 4322 3263 4376 tela.

1846 4427 1897 4485 D
1920 4394 2133 4485 gstAubi
2166 4402 2241 4447 tot
2262 4395 2546 4485 ‘quqndam
2577 4398 2826 4485 terranue
2852 4394 3096 4485 triamque
3126 4400 3375 4463 potentes

1920 4465 2055 4519 Sunt
2080 4481 2242 4535 reges
2262 4463 2302 4517 ἵ
2320 4464 2431 4528 ubi,
2466 4480 2669 4534 quaeso,
2702 4465 2868 4520 duces
2887 4464 2915 4517 ?
2943 4464 3196 4518 diadema
3226 4463 3519 4534 superbum

1918 4534 2365 4605 Induperatorum
2398 4543 2507 4589 toto
2542 4534 2839 4604 spectabile
2864 4536 3066 4590 mundo
3086 4536 3114 4587 ‘?

1916 4604 2072 4660 Nunc
2101 4606 2191 4658 ubi
2221 4605 2482 4660 bellorum
2518 4606 2789 4676 quondam
2821 4605 3016 4660 virtute
3046 4604 3250 4676 periti?

1916 4679 2021 4729 Aut
2052 4684 2293 4730 oratores
2324 4676 2417 4729 ubi
2449 4685 2591 4740 sunt,
2626 4676 2864 4747 clarique
2892 4686 3068 4746 poetae
3089 4678 3117 4731 ἱ)

1916 4747 2171 4819 Pictores,
2205 4746 2516 4817 medicique
2545 4763 2760 4818 graves,
2784 4746 3119 4819 sephizeque
3153 4746 3446 4819 magistri?

1915 4817 1980 4869 Hi
2011 4816 2222 4885 periere
2254 4816 2465 4882 omnes,
2499 4816 2827 4888 pessumque
2859 4816 3047 4872 abiere
3075 4819 3177 4872 sub
3208 4816 3348 4871 imas

1914 4888 2200 4941 Terrarum
2234 4903 2448 4953 caveas,
2483 4887 2577 4942 ubi
2607 4887 2755 4942 mors
2786 4889 3090 4943 truculenta
3122 4898 3379 4955 moratur,

1913 4958 1981 5029 Et
2011 4957 2185 5029 solum
2214 4958 2548 5012 monimenta
2579 4959 2661 5029 sui
2694 4959 2902 5029 liquere
2935 4960 3203 5029 sepulcra,

1914 5028 2465 5099 Immundosecineres
2497 5037 2547 5082 et
2576 5028 3011 5099 fetida’corpora’
3033 5031 3231 5084 bustis.

1912 5099 2028 5172 Heu
2048 5098 2188 5172 vita
2218 5098 2431 5153 fallacis
2461 5115 2613 5152 amor
2638 5099 2777 5172 liqui
2812 5098 3077 5172 spargere
3106 5101 3271 5156 flores

1912 5169 1980 5221 Et
2011 5169 2182 5223 violas
2210 5187 2309 5238 per
2338 5185 2522 5239 agros,
2558 5186 2621 5225 ac
2642 5169 2755 5224 lilia
2786 5169 2969 5225 odora'
2994 5172 3212 5238 videris,

1912 5242 2086 5309 Atque
2120 5240 2277 5293 metis
2307 5242 2510 5309 spinas,
2548 5249 2701 5295 texos
2733 5250 2785 5295 et
2816 5243 2990 5296 toxica
3020 5243 3239 5297 demum

1912 5310 2257 5383 Etirisumin
2288 5312 2462 5380 ﬂetus,
2494 5320 2545 5366 et
2576 5313 2775 5383 gaudia
2804 5314 2859 5367 in
2892 5314 3048 5366 anxia
3080 5316 3266 5369 vertis.

1983 5381 2196 5436 Viventi
2228 5383 2432 5439 servire
2464 5381 2937 5439 Deo'suavissima
2968 5400 3058 5439 res
3090 5394 3193 5441 est.
