3966 6050
489 224 593 282 575

486 353 624 428 Sunt
648 353 905 427 lacrymte
935 357 1140 425 dulces,
1174 359 1407 428 suspiria
1445 361 1643 428 dulcia,
1677 364 1865 419 dulces

488 427 716 482 Prolian
747 428 1008 493 excubiae,
1034 430 1236 497 jejunia
1266 427 1463 495 dulcia,
1497 433 1655 488 dulce

487 498 745 574 Subdere
763 515 822 552 se
852 499 1109 569 imperiis,
1144 509 1306 574 atque
1338 502 1479 574 inter
1514 514 1662 574 septa
1694 509 1920 562 morari.

488 567 823 641 Quiddebet
854 567 996 624 nunc
1028 587 1149 641 esse
1180 567 1336 641 polis,
1372 573 1462 627 ubi
1492 567 1650 631 carne
1682 579 1843 632 soluti

487 640 555 718 Et
586 638 800 718 miseris
831 640 1000 718 curis,
1031 638 1263 718 locaque
1290 643 1345 695 in
1373 660 1566 698 secura
1596 650 1798 718 recepti

490 710 635 787 Laeta
656 710 847 787 vident
873 711 1041 787 claris
1063 710 1354 787 obtutubus
1387 730 1485 768 ora
1515 710 1754 787 supremi

488 780 761 861 Principis
790 799 802 835 :
838 782 986 861 unde
1010 782 1179 861 ﬂuunt
1210 782 1391 861 felicia
1416 780 1615 861 gaudia
1647 806 1889 861 semper.

488 849 629 930 Quid
661 849 1090 930 facimus,_chari
1120 854 1345 908 comites
1367 854 1394 907 ‘I
1419 849 1488 930 ad
1522 858 1752 914 claustra
1765 849 1968 930 ‘quieta

487 922 603 995 Nos
634 922 760 977 citat
790 923 1150 995 omnipotens,
1183 940 1283 993 per
1312 932 1388 978 tot
1416 926 1699 995 miracula,
1742 922 1974 987 Numen.

491 993 597 1065 Cur
627 1009 809 1065 sumus
838 992 1023 1065 ignavi
1055 992 1276 1049 tanti’ad
1309 996 1617 1065 spiraminis
1644 992 1831 1055 auram
1853 1003 1880 1057 ?

490 1063 828 1142 Pergendum
862 1063 967 1142 quo
996 1064 1181 1142 dextra
1215 1063 1401 1120 vocant
1431 1084 1529 1122 nos
1560 1070 1763 1137 sidera,
1797 1088 1904 1142 quo
1931 1086 2031 1127 nos

490 1133 704 1209 [lorifer
730 1133 957 1209 impellit
986 1137 1253 1209 zephyrus
1283 1153 1590 1209 caurusque
1620 1133 1902 1197 secundat.

488 1202 757 1281 Cedamus
784 1202 973 1281 patria,
1006 1202 1195 1261 m'on'iti
1223 1208 1450 1281 meliora
1478 1202 1805 1281 sequamur;

484 1273 696 1351 Quippe
724 1273 855 1351 mihi
884 1293 1039 1351 mens
1066 1279 1383 1351 est__urbana
1414 1273 1721 1351 relinquere
1750 1273 1908 1351 tecta,

488 1347 558 1402 Et
586 1354 772 1416 petere
802 1347 1034 1401 incultos
1065 1347 1298 1411 auditus,
1334 1347 1702 1416 taciturnaque
1731 1369 1865 1408 saxa
1897 1347 1910 1407 ξ

491 1421 666 1488 Atque
696 1418 835 1471 inter
865 1418 1096 1485 Faunos,
1134 1426 1184 1471 et
1216 1419 1421 1473 semina
1451 1421 1586 1475 dura
1615 1418 1835 1479 leonum

489 1488 688 1544 Antoni
718 1503 900 1541 mores
931 1488 1202 1557 amplecti,
1240 1498 1290 1544 et
1319 1491 1489 1544 nitrea
1522 1493 1670 1547 Pauli

492 1560 683 1613 Lustra
715 1559 816 1612 sub
848 1558 1025 1632 exesis
1053 1558 1277 1632 latitabo
1307 1560 1613 1632 incognitus
1642 1564 1829 1621 antris.

492 1632 562 1707 At
591 1644 713 1707 vos,
742 1629 949 1707 egregii
979 1629 1203 1683 comites
1233 1629 1500 1707 generosa
1530 1650 1793 1707 propago,

492 1700 716 1773 Experti
747 1700 902 1773 toties
934 1700 1167 1773 humana
1198 1700 1437 1770 pericula
1470 1700 1679 1759 mecum
1704 1700 1728 1773 ξ

494 1772 651 1824 Mene
678 1771 833 1841 sequi
864 1770 1025 1825 vultis
1056 1787 1154 1841 per
1185 1779 1260 1826 tot
1290 1773 1601 1828 discrimina
1634 1770 1817 1831 rerum
1836 1776 1865 1830 Ῡ

490 1844 649 1896 Mene
670 1840 854 1913 juvat,_
875 1841 1040 1913 veluti
1069 1858 1287 1912 semper
1317 1842 1541 1913 fecistis,
1576 1846 1776 1903 habere

492 1913 808 1989 Ductorem.
830 1911 1104 1984 fidumque
1123 1911 1353 1989 patrem,
1371 1911 1692 1988 dulcemque
1712 1918 2035 1989 magistrum
2056 1917 2083 1971 ?

494 1984 616 2039 Dux
644 1999 750 2055 ego
781 1991 961 2055 vester
990 1999 1105 2055 ero.
1138 1985 1315 2051 Nunc,
1350 2002 1495 2041 nunc
1523 1984 1831 2044 comitabor
1870 1997 2078 2044 euntes.

494 2054 584 2109 Sic
614 2053 769 2126 aitet
790 2054 1308 2126 tepidosfundentia
1340 2056 1544 2111 lumina
1572 2058 1749 2126 ﬂetus,

497 2125 707 2194 Saepius
735 2125 954 2179 admoto
982 2124 1148 2178 siccat
1179 2125 1446 2180 velamine
1477 2129 1674 2185 Bruno.

564 2197 610 2250 E
639 2210 866 2269 numero
897 2203 1046 2269 tanto
1076 2211 1167 2269 sex
1200 2212 1485 2251 surrexere
1516 2199 1726 2269 priores

494 2265 722 2342 Ingenio
753 2266 1043 2342 et_s0phia,
1079 2266 1366 2342 rebusque
1382 2283 1445 2322 ac
1477 2265 1743 2342 sanguine
1773 2270 1955 2341 prisco
1991 2288 2004 2324 :

493 2337 776 2411 Andrzeas,
812 2337 1077 2411 H_ugo_que
1110 2352 1284 2411 sacer,
1326 2337 1669 2411 Vegetusque
1701 2337 1960 2405 Ga'rinus,

494 2407 805 2482 Laudunus,
840 2406 1143 2482 Stephanus
1172 2406 1487 2482 Burgensis,
1520 2406 1756 2482 itemque
1788 2412 2022 2466 Diensis.

494 2479 561 2533 Hi
590 2479 698 2533 duo
728 2478 988 2547 postremi
1019 2478 1202 2548 Libyci
1234 2479 1475 2533 doctoris
1506 2478 1731 2547 alumni,

494 2551 564 2605 Et
597 2564 865 2604 canonum
897 2548 1127 2603 asseclae
1158 2550 1343 2619 magni
1363 2550 1431 2605 de
1463 2552 1650 2607 calibe
1681 2552 1816 2607 Rut’ﬁ

496 2620 777 2683 Coenobio,
812 2620 952 2693 mira
983 2627 1034 2673 et
1064 2618 1341 2693 pollebant
1370 2621 1643 2691 dogmatis
1675 2632 1809 2693 arte,

499 2693 567 2747 Et
599 2690 905 2745 successive
936 2706 1133 2759 rupere
1163 2690 1393 2758 silentia,
1427 2693 1518 2747 tali

499 2762 705 2817 Ordine
739 2776 751 2814 :
786 2762 1115 2829 Praeceptor,
1147 2761 1232 2814 cui
1262 2777 1371 2815 non
1403 2771 1485 2815 est
1515 2762 1648 2817 alter
1674 2764 1728 2816 in
1761 2765 1897 2819 orbe

498 2831 836 2903 Equandus,
866 2838 918 2886 te
950 2847 1049 2884 nos
1082 2846 1269 2903 sumus
1301 2847 1333 2885 a
1364 2833 1662 2901 puerilibus
1693 2835 1851 2889 annis

500 2900 720 2966 Sectati,
756 2910 807 2957 et
839 2917 1058 2971 semper
1087 2900 1283 2973 fuimus
1312 2900 1510 2972 parere
1537 2905 1711 2973 parati

499 2973 769 3052 imperiis,
803 2972 1071 3052 dictisque
1105 2972 1239 3052 tuis,
1263 2989 1361 3052 per
1388 2972 1631 3052 numina,
1664 2991 1760 3045 per
1791 2983 1866 3030 tot

498 3042 637 3114 Quot
670 3061 770 3116 per
796 3042 1133 3114 olympiacos
1164 3042 1454 3116 scintillant
1485 3042 1680 3099 sidera“
1702 3053 1907 3101 tractus

497 3114 800 3181 Testamur,
834 3116 952 3187 sine
990 3122 1042 3169 te
1068 3129 1357 3183 possemus
1388 3114 1573 3187 yivere
1602 3133 1898 3187 nunquam.

498 3188 606 3243 Per
635 3172 843 3260 medios
872 3185 1049 3257 ignes,
1068 3172 1134 3239 ἰθ
1149 3201 1270 3260 _per_
1283 3172 1465 3240 media
1494 3202 1650 3260 arma
1681 3172 1993 3260 se‘quemur,

499 3258 727 3314 Eveniat
754 3256 1093 3329 quaecunque
1121 3256 1217 3310 tibi
1246 3256 1461 3311 fortuna
1489 3258 1703 3312 sinistra

500 3330 658 3395 Fare,
689 3328 827 3383 mori
854 3336 1035 3382 tecum
1064 3343 1220 3381 mens
1249 3337 1350 3395 est,
1385 3335 1438 3382 et
1464 3329 1667 3384 ducere
1696 3330 1877 3384 vitam.

569 3399 746 3455 Vivite
768 3398 974 3463 felices,
1010 3414 1247 3470 veraque
1276 3398 1328 3452 in
1361 3414 1495 3468 pace
1525 3399 1722 3467 valete,

502 3472 549 3529 Ο
582 3471 825 3544 comites,
859 3478 1005 3523 tanto
1025 3486 1142 3544 non
1176 3486 1467 3544 possumus
1497 3470 1712 3544 absque
1734 3471 1999 3544 magistro

500 3546 717 3615 Degere
746 3542 846 3596 sub
876 3541 1153 3615 membris,
1187 3548 1241 3594 et
1270 3548 1425 3615 grata
1454 3540 1574 3596 luce
1604 3540 1784 3612 potiri.

501 3611 721 3672 Inc'edat
749 3628 1073 3685 quocunque
1102 3612 1252 3685 libet,
1284 3611 1605 3667 comitamur
1633 3620 1879 3667 ovantes.

450 3738 466 3753 ,
500 3689 614 3742 Nos
643 3683 807 3755 igitur
837 3684 1034 3755 pariter
1063 3683 1259 3752 spelaea
1289 3690 1536 3751 petemus
1566 3690 1619 3755 et
1648 3690 1819 3736 antra.

501 3759 614 3812 Vos
652 3752 851 3810 iterum
874 3754 1028 3817 socii,
1062 3769 1159 3807 vos
1192 3761 1243 3806 et
1277 3760 1488 3806 terrena
1515 3752 1691 3806 valete
1726 3770 1738 3805 :

502 3830 691 3897 Tuque
724 3824 966 3897 Parisina
995 3824 1143 3897 urbs,
1178 3830 1490 3897 nostrorum
1522 3823 1681 3877 theca
1720 3822 1987 3879 laborum.

503 3893 765 3972 Germani
796 3894 1027 3972 valeant,
1058 3894 1273 3948 valeant
1303 3893 1518 3972 utrique
1549 3901 1819 3972 perentes.

502 3968 716 4024 Divitias
745 3974 905 4035 atque
934 3965 1149 4029 domus,
1182 3972 1234 4016 et
1263 3963 1487 4033 pinguia
1514 3981 1652 4028 rura,
1689 3965 1882 4019 valete.

501 4041 617 4095 Nos
648 4036 929 4107 sequimur
959 4050 1202 4103 superos,
1237 4035 1509 4107 pereuntia
1539 4035 1830 4088 temnimus
1860 4052 2023 4103 arva;

502 4111 618 4164 No-s
658 4104 896 4179 fugimus
927 4114 1145 4179 terram,
1179 4112 1231 4158 et
1260 4104 1383 4179 coeli
1413 4121 1773 4179 properamus
1802 4107 1870 4161 ad
1895 4123 2095 4162 arcem.

506 4176 799 4243 Finierant,
833 4176 1121 4246 cunctique
1149 4183 1305 4228 ruunt
1337 4176 1389 4228 in
1421 4176 1600 4230 dulcia
1628 4177 1778 4246 pacis

505 4250 726 4315 Oscula,
774 4256 823 4303 et
852 4245 1132 4319 amplexus
1160 4246 1522 4319 lacrymisque
1554 4245 1796 4319 rigantur
1824 4245 2096 4319 utrinque.

509 4323 706 4391 Sicque
738 4325 1075 4391 revertentes
1104 4317 1156 4371 in
1188 4317 1408 4391 propria
1437 4326 1579 4391 tecta
1608 4318 1918 4391 gemebant.

576 4389 752 4446 Bruno
782 4390 927 4458 capit
952 4389 1155 4442 nullam
1188 4389 1349 4442 tacita
1380 4389 1478 4442 sub
1510 4398 1668 4443 nocte
1698 4389 1932 4459 quietem
1959 4407 1973 4454 ;

511 4462 619 4519 Sed
648 4461 860 4531 qualem
893 4460 1130 4528 reperire
1162 4460 1341 4514 locum
1369 4460 1500 4531 (quo
1531 4467 1676 4513 tutus
1707 4461 1777 4512 ab
1808 4459 1955 4514 omni

509 4534 589 4588 Sit
620 4530 845 4601 strepitu
875 4531 1073 4601 gentis,
1104 4538 1425 4599 maneatque
1459 4530 1729 4598 latentior)
1758 4545 1959 4598 anceps

508 4604 741 4674 Cogitat,
778 4610 831 4674 et
863 4616 1044 4654 secum
1088 4609 1289 4674 versat,
1324 4601 1526 4674 c_rebro_
1548 4609 1705 4674 atque
1737 4608 1997 4654 reversat.

506 4670 747 4731 Vertitur
778 4673 982 4726 interea
1012 4671 1229 4738 coelum,
1264 4679 1315 4725 et
1346 4671 1565 4724 Latonia
1597 4670 1827 4739 lampas,
1920 4726 1923 4729 ,

510 4745 808 4816 Oppositas
828 4742 1007 4816 primo
1040 4742 1267 4796 nebulas
1302 4742 1581 4816 scindebat
1612 4740 1667 4793 in
1690 4748 1830 4816 ortu,

510 4810 752 4884 Cumque
784 4810 876 4868 diu
905 4822 1115 4867 orasset
1146 4828 1398 4884 superos,
1431 4811 1648 4884 arisque
1677 4810 1919 4884 dedisset

508 4881 730 4957 Mystica
765 4882 1428 4957 cumgemitulibamina,
1461 4883 1655 4950 jusque
1686 4881 1942 4957 Minervae

509 4952 782 5021 Pasceret,
818 4952 1099 5010 ardentem
1134 4954 1387 5023 lychnum
1424 4968 1685 5023 suspensa
1714 4952 1950 5016 tenebat,

511 5029 571 5081 In
601 5027 825 5080 multam
856 5026 1003 5080 solus
1032 5022 1260 5095 vigilans
1291 5022 1596 5095 primordia
1627 5030 1840 5095 noctem
1876 5037 1887 5095 :_

512 5097 847 5166 Opprimitur
875 5092 1173 5157 sumno,'et
1203 5094 1381 5162 tepido
1413 5093 1507 5166 dat
1539 5093 1781 5146 membra
1811 5092 1974 5166 cubili
2017 5108 2029 5146 :

513 5163 823 5239 Procumbit
852 5167 1135 5239 languens,
1170 5172 1223 5239 et
1253 5180 1375 5239 mox
1406 5172 1463 5215 ut
1497 5164 1697 5239 lumina
1729 5163 1857 5216 texit

509 5238 770 5293 Matutina
800 5234 974 5309 quies,
1007 5238 1174 5291 facies
1208 5234 1462 5309 incedere
1492 5234 1664 5288 cernit

512 5304 1133 5386 Angelicas_,'_labiisque_
1158 5306 1302 5360 sales
1324 5305 1567 5386 .miscere
1596 5304 1877 5360 modestis.

514 5375 695 5435 Aﬂi'xit
724 5380 907 5433 nitidae
938 5375 1059 5431 fidei
1093 5376 1374 5447 signacula
1406 5375 1586 5447 fronti,

515 5455 693 5521 Atque
723 5451 792 5503 ait
830 5465 841 5501 :
878 5448 954 5521 Ο.»
988 5449 1078 5500 tali
1112 5444 1231 5517 quin
1264 5462 1359 5500 vos
1393 5447 1493 5521 sub
1520 5446 1759 5514 imagine
1790 5444 1963 5521 ferltis,

516 5515 832 5577 Gaudentes
872 5519 1084 5583 animae,
1130 5515 1252 5587 'per
1296 5517 1532 5572 maxima
1597 5525 1808 5585 sceptra
1853 5515 2106 5587 Tonantis

515 5592 741 5661 Adjuro,
773 5606 804 5645 a
834 5589 1037 5661 Stygiis
1065 5585 1195 5645 estis
1224 5588 1310 5643 vel
1342 5588 1521 5643 missas
1551 5588 1618 5641 ab
1648 5585 1913 5658 olympo?

1613 239 1972 297 APPENDlX
2009 238 2102 295 AD
2141 236 2195 294 S.
2238 237 2645 295 BRUNONEM.

2104 1715 2157 1774 B

2126 4422 2178 4480 D

3672 241 3784 295 576

2104 367 2159 425 Α
2180 362 2291 418 Illae
2316 363 2486 417 alacri
2515 363 2684 429 vultu,
2717 362 2965 434 facieque
2993 370 3044 417 et
3073 363 3249 418 fronte
3279 363 3500 430 decora,

2179 434 2261 487 Ne
2292 434 2521 503 trepida,
2554 435 2740 488 dixere
2776 448 2787 487 :
2824 434 2922 488 Dei
2955 442 3165 488 sacrate
3196 434 3457 499 minister,

2180 504 2440 558 Mittimur
2474 506 2577 560 huc
2606 504 2805 559 etenim
2839 505 3063 558 summis
3094 521 3123 559 e
3154 505 3376 559 sedibus
3406 506 3476 560 ad
3503 513 3575 559 te.

2181 575 2249 628 Et
2279 574 2601 644 paradisiaci
2632 575 2854 629 ferimus
2883 575 3134 629 mandata
3168 576 3432 630 Parentis.

2183 645 2228 698 Ο
2262 654 2311 698 te
2343 644 2769 716 felicem,,quem
2795 646 2862 699 dc
2896 654 2969 700 tot
2992 646 3230 699 millibus
3257 662 3428 699 unum

2181 715 2416 785 Elegere
2443 716 2572 785 poli,
2606 715 2902 771 monachos
2931 732 3185 785 reparare
3215 717 3460 771 labantes
3485 715 3496 771 l

2183 786 2378 857 Perge,
2412 793 2561 840 tuum
2595 787 2866 856 completo
2897 787 3154 853 animum,
3187 795 3275 841 tua
3306 796 3431 841 vota
3460 788 3717 853 secunda,

2182 856 2421 910 Hoc’tibi
2455 857 2670 911 divinus
2704 858 2864 911 Sator
2892 857 3139 927 imperat,
3174 858 3247 911 ito
3277 858 3474 912 citatus

2185 927 2560 996 Granopolim,
2594 928 2778 982 dicunt
2808 927 3016 997 vulgari
3045 928 3296 982 idiomale
3326 927 3490 993 Galli,

2183 997 2575 1068 Hugonemque
2605 1007 2755 1067 petas
2788 998 3100 1056 antistitem.
3127 1007 3178 1052 et
3209 999 3298 1053 ille
3328 997 3563 1063 docebit,

2185 1066 2358 1134 Quem
2388 1066 2855 1123 tibi—condidimus
2886 1069 3103 1122 sublimi
3134 1069 3187 1122 in
3218 1069 3419 1124 vertice
3448 1084 3721 1139 campum,

2184 1139 2331 1193 Voce
2362 1139 2461 1191 sub
2494 1139 2724 1193 Hebraea
2754 1140 3038 1194 Carthusia
3067 1139 3284 1209 dicitur,
3320 1139 3418 1195 hoc
3449 1144 3549 1204 est,

2187 1209 2449 1263 Sermone
2477 1209 2735 1276 Ausonio,
2769 1210 3011 1279 perfecta
3041 1210 3251 1265 vocatio
3284 1210 3493 1264 divum.

2186 1280 2295 1334 Vos
2324 1294 2538 1350 quoque
2567 1280 2791 1334 sumatis
2819 1288 2967 1334 tanto
2998 1280 3066 1334 de
3097 1281 3315 1334 nomine
3344 1295 3563 1345 nomen,

2182 1351 2250 1404 Et
2279 1350 2613 1405 Curthusiaci
2645 1350 2811 1405 vestri
2839 1350 3177 1420 appellentur
3206 1351 3429 1405 alumni.

2184 1420 2334 1475 Vade
2362 1420 2525 1491 igitur
2552 1420 2698 1483 felix,
2735 1430 2784 1475 te
2813 1429 2956 1475 totus
2986 1422 3215 1475 honorat
3245 1421 3497 1491 Olympus

2185 1492 2381 1556 Bruno,
2415 1491 2616 1561 tibique
2645 1492 2794 1545 dabit
2823 1491 3061 1545 divinum
3091 1492 3145 1545 in
3177 1492 3377 1547 saecula
3407 1507 3625 1547 nomen.

2186 1561 2406 1617 Talibus
2436 1560 2576 1615 eﬂ‘a’ti
2608 1562 2813 1615 fluxere
2844 1562 2897 1615 in
2926 1562 3111 1615 nubila
3141 1561 3319 1616 vultus

2187 1631 2453 1701 Angelici,
2488 1640 2540 1686 et
2572 1640 2797 1701 sumpta
2827 1633 3053 1687 densato
3083 1649 3148 1687 ex
3180 1648 3309 1687 aere
3340 1631 3553 1687 formas.

2185 1704 2308 1773 Mox
2339 1702 2544 1771 abiere,
2577 1710 2835 1773 torusque
2866 1703 3043 1757 omnis
3070 1703 3295 1771 spiravit
3323 1718 3560 1758 amomo.

2187 1772 2283 1827 Ille
2305 1789 2553 1842 gemens,
2586 1773 2828 1843 tantique
2855 1773 3044 1827 labans
3075 1774 3363 1828 dulcedine
3392 1774 3567 1841 verbi,

2187 1843 2420 1912 Corripit
2449 1860 2478 1897 e
2510 1851 2681 1897 strato
2713 1860 2931 1913 corpus,
2966 1844 3243 1915 tenditque
3275 1844 3498 1913 supinas

2186 1915 2270 1994 Ad
2298 1911 2523 1994 superos
2555 1930 2675 1994 cum
2708 1911 2839 1994 voce
2870 1930 3080 1994 manus,
3103 1911 3407 1994 gratesque
3438 1911 3707 1994 rependit.

2186 1984 2423 2066 Numina
2454 1986 2589 2066 (tum
2622 1984 2775 2066 dixit)
2804 1986 2924 2066 coeli
2952 2001 3072 2055 quae
3101 1984 3266 2066 limen
3303 1984 3537 2066 habetis,

2189 2056 2245 2109 Si
2276 2055 2406 2108 mihi
2428 2055 2542 2127 sint
2574 2056 2794 2127 totidem
2821 2056 3024 2125 linguas
3052 2066 3178 2127 quot
3208 2056 3410 2127 lumina
3440 2055 3614 2127 fertur

2190 2127 2249 2205 in
2279 2126 2538 2205 membris
2568 2126 2821 2205 habuisse
2851 2129 3047 2205 Argus,
3070 2125 3393 2205 persolvere
3424 2125 3621 2205 dignas

2188 2196 2343 2250 Haud
2371 2212 2591 2266 possem
2623 2197 2830 2262 laudes,
2859 2196 3001 2250 istud
3033 2198 3178 2266 quod
3206 2213 3403 2250 munus
3428 2196 3580 2251 obire

2188 2269 2272 2321 Me
2304 2264 2475 2321 facitis
2506 2267 2760 2337 dignum;
2793 2275 2885 2320 tua
2916 2264 3186 2322 sunt—haec
3218 2283 3441 2322 munera
3465 2310 3477 2331 ,
3512 2264 3746 2320 Christe.

2189 2339 2287 2391 Est
2318 2337 2449 2390 nihil
2480 2338 2753 2391 excellens
2783 2337 2837 2390 in
2868 2352 2976 2401 me,
3010 2352 3107 2392 vos
3135 2338 3316 2392 omnia
3348 2337 3520 2401 fertis,

2191 2408 2410 2479 Optima
2439 2415 2616 2479 coapta
2643 2408 2785 2473 date,
2816 2424 3149 2479 gressusque
3179 2414 3370 2479 parate
3399 2409 3693 2477 secundos,

2191 2478 2480 2541 leicolac,
2516 2478 2712 2541 quibus
2732 2487 2816 2532 est
2844 2478 3089 2532 humana:
3119 2494 3253 2533 cura
3278 2478 3483 2532 salutis.

2262 2550 2444 2603 Bruno
2468 2549 2622 2616 jubet
2651 2549 2831 2603 socios
2861 2549 2931 2603 ad
2964 2564 3023 2603 se
3052 2549 3153 2602 sub
3183 2564 3342 2602 mane
3372 2549 3579 2605 vocari.

2194 2620 2458 2675 Continuo
2488 2619 2798 2685 adveniunt,
2832 2618 2939 2673 illis
2971 2635 3035 2674 ea
3074 2619 3286 2689 singula
3318 2628 3522 2675 narrat.

2193 2690 2434 2761 lrriguos
2464 2689 2602 2761 inter
2629 2690 2806 2753 ﬂetus,
2840 2706 3104 2759 roresque
3132 2698 3399 2761 tepentes,

2194 2760 2339 2814 Inter
2369 2760 2702 2828 complexus,
2737 2760 2878 2814 inter
2906 2769 3087 2815 sancta
3115 2760 3321 2827 oscula,
3355 2761 3574 2814 dextras

2195 2833 2336 2911 Dant
2366 2829 2585 2911 pariter,
2622 2829 2858 2901 fideique
2888 2832 3106 2911 arrhas,
3140 2839 3193 2885 et
3216 2830 3395 2911 foedus
3425 2830 3649 2886 amoris.

2195 2901 2534 2956 Constituere
2565 2916 2755 2956 omnes
2786 2917 2923 2970 opus
2955 2901 3259 2958 accelerare
3288 2901 3548 2967 futurum,

2196 2976 2373 3041 Atque
2406 2972 2696 3026 reservatis
2723 2972 2909 3041 paucis
2939 2972 3008 3025 ad
3038 2971 3162 3026 fana
3192 2972 3466 3037 struenda,

2198 3044 2409 3097 Cretera
2438 3042 2765 3166 pauperibus
2795 3042 2935 3097 bona
2965 3042 3290 3097 distribuere
3320 3059 3417 3113 per
3445 3042 3653 3097 urbem.

2198 3113 2515 3166 Praecipiunt
2566 3113 2760 3166 amulis
2788 3120 2844 3166 ut
2873 3130 3044 3166 equos
3073 3113 3345 3166 adducere
3375 3122 3575 3166 certent

2195 3113 2515 3184 Praecipiunt
2545 3113 2760 3184 famulis
2788 3120 2844 3167 ut
2873 3130 3044 3183 equos
3073 3113 3345 3168 adducere
3375 3122 3575 3168 certent

2193 3187 2271 3239 Ac
2303 3185 2464 3238 sellas
2495 3191 2545 3238 et
2573 3183 2725 3238 frena
2756 3192 2987 3253 parent;
3022 3193 3148 3239 tunc
3177 3184 3329 3239 ocius
3360 3199 3551 3239 omnes

2194 3256 2428 3323 Imperio
2458 3271 2653 3324 parere
2685 3256 2919 3320 student,
2949 3263 3003 3309 et
3026 3254 3182 3323 jussa
3211 3253 3502 3310 facessunt.

2195 3325 2486 3380 Codicibus
2510 3326 2752 3393 jumenta
2781 3334 3011 3379 onerant
3038 3334 3089 3379 et
3120 3326 3361 3393 plaustra
3393 3325 3563 3379 citati.

2194 3396 2278 3450 Fit
2310 3396 2584 3465 strepitus.
2620 3411 2888 3467 vocesque
2918 3412 3014 3465 per
3045 3396 3213 3449 ardua
3245 3403 3387 3451 tecta
3416 3396 3660 3450 volutant

2194 3468 2457 3521 Mirantur
2485 3467 2691 3520 subitos
2721 3467 3063 3521 dominorum
3094 3483 3159 3519 ex
3190 3467 3305 3520 aade
3337 3482 3609 3533 recessus,

2196 3538 2428 3612 Paccere
2460 3552 2561 3592 nec
2591 3545 2818 3612 possunt
2850 3537 3122 3612 lacrymis,
3147 3537 3456 3612 miseroque
3486 3536 3682 3612 dolori.

2195 3608 2522 3663 Convertere
2550 3608 2671 3678 pios
2698 3609 2766 3661 ad
2796 3624 3008 3661 summa
3037 3608 3238 3677 palatia
3269 3608 3463 3671 vultus,

2198 3679 2557 3748 Singultuque
2586 3678 2761 3749 gravi,
2797 3687 2849 3732 et
2877 3679 3081 3748 gemitu
3112 3678 3299 3749 dixere
3327 3678 3550 3747 patenti,

2197 3750 2337 3803 Aula
2376 3748 2629 3818 superba,
2663 3748 2805 3813 vale,
2840 3749 3091 3803 redimita
3122 3748 3317 3813 aulaea,
3352 3749 3548 3812 valete,

2196 3820 2320 3874 Non
2348 3820 2501 3873 eritis
2526 3835 2627 3889 per
2657 3834 2756 3873 nos
2786 3819 2924 3873 ultra
2954 3820 3199 3882 visenda,
3234 3820 3444 3873 colonis

2198 3890 2512 3961 Linquimus
2543 3890 2780 3943 externis
2808 3906 2906 3944 vos
2937 3906 3059 3944 esse
3090 3890 3403 3961 habitanda,
3438 3889 3640 3944 valete.

2199 3960 2345 4014 Imus
2374 3961 2441 4014 ad
2475 3960 2687 4031 ignotas
2716 3962 3124 4032 (nunquamque
3155 3960 3474 4032 redibimus)
3505 3976 3654 4015 oras.

2200 4032 2398 4100 Sicque
2428 4029 2571 4085 viam
2603 4040 2848 4100 carpunt,
2874 4029 2932 4085 et
2962 4029 3119 4101 equis
3149 4031 3387 4085 calcaria
3418 4029 3608 4100 figunt.

2271 4104 2392 4155 Mox
2424 4101 2589 4171 igitur
2619 4110 2825 4171 septem
2857 4101 3040 4155 stellas
3071 4117 3137 4155 ex
3175 4102 3377 4154 aethere
3410 4117 3624 4155 summo

2199 4173 2483 4226 Demisere
2521 4171 2650 4242 poli,
2680 4172 2876 4242 quibus
2906 4188 3015 4226 una
3045 4172 3300 4225 nitentior
3330 4172 3439 4225 ibat

2198 4246 2337 4297 Ante
2367 4242 2521 4304 alias,
2557 4257 2659 4296 nec
2687 4258 2795 4296 non
2829 4243 3015 4296 Phoebi
3045 4242 3316 4296 nascentis
3348 4242 3417 4294 ab
3447 4250 3585 4309 ortu,

2199 4315 2365 4367 Ferre
2396 4313 2680 4366 videbatur
2708 4329 2957 4383 gressum
2987 4312 3057 4367 ad
3079 4312 3501 4383 sublimiaitecta

2204 4385 2453 4438 Przesulis
2483 4382 2746 4452 Hugonis,
2780 4383 3122 4453 rigidumque
3151 4382 3451 4437 ascendere
3482 4383 3694 4449 callem,

2202 4454 2307 4520 Qui
2337 4454 2545 4509 vicinus
2576 4461 2708 4516 erat,
2744 4454 2999 4520 celsoque
3026 4453 3343 4507 incumbere
3371 4468 3525 4508 saxo.

2200 4524 2366 4591 Talia,
2401 4541 2520 4578 cum
2552 4524 2694 4577 dulci
2716 4523 3065 4578 decumberet
3096 4523 3185 4577 ille
3217 4539 3435 4592 sopore,

2201 4595 2453 4664 Suscipit.
2480 4598 2522 4665 Λ
2555 4610 2746 4665 somno
2778 4603 3062 4663 postquam
3093 4594 3502 4665 expergiscitur,
3534 4609 3697 4648 omne

2202 4667 2379 4719 Mente
2410 4664 2579 4734 agitat
2610 4664 2829 4727 factum,
2862 4672 3054 4734 pensat
3080 4680 3263 4719 secum
3313 4673 3472 4734 atque
3518 4673 3793 4733 repensat.

2202 4735 2347 4803 Quid
2378 4736 2519 4789 bone
2550 4735 2661 4788 vult
2690 4736 2853 4798 Deus,
2889 4736 3012 4800 hoc,
3048 4735 3219 4805 inquit
3249 4734 3499 4788 mirabile
3532 4736 3754 4804 signum
3773 4736 3800 4788 ?

2203 4805 2362 4873 Quid,
2398 4821 2555 4876 rogo,
2588 4806 2916 4874 portendunt
2943 4807 3058 4860 haec
3088 4813 3295 4874 septem
3326 4806 3513 4876 sidera
3547 4806 3803 4876 mundo?

2204 4877 2376 4931 Altius
2406 4875 2523 4930 haec
2558 4876 2718 4945 igitur
2746 4876 3127 4947 dumcogitat,
3164 4876 3408 4947 imminet
3438 4875 3578 4947 urbi,

2205 4948 2310 5003 Sex
2341 4947 2504 5001 sociis
2534 4947 2728 5001 doctor
2754 4946 3059 5009 comitatus,
3094 4954 3146 4998 et
3177 4946 3361 4999 introit
3390 4946 3538 5000 aedes

2205 5017 2498 5079 Pontiﬁcis,
2535 5034 2693 5087 quem
2734 5033 2794 5071 se
2823 5025 3034 5071 secreto
3064 5015 3315 5069 affamine
3345 5015 3478 5087 dixit

2205 5089 2396 5165 Visere
2425 5086 2582 5165 velle.
2618 5089 2761 5165 Intra
2792 5087 3092 5165 penetralia
3121 5086 3516 5165 duciturl‘aulae.

2207 5161 2273 5213 Et
2304 5158 2527 5212 comites
2559 5158 2675 5210 seni
2706 5174 2765 5211 se
2795 5156 3077 5217 inclinant,
3109 5157 3295 5211 oscula
3327 5156 3444 5227 figit

2208 5229 2449 5284 Sacratis
2477 5228 2723 5281 manibus
2756 5229 2950 5291 Bruno,
2988 5229 3174 5297 sicque
3205 5227 3391 5295 incipit
3418 5242 3515 5281 ore
3549 5244 3561 5278 :

2280 5300 2499 5354 Grande
2531 5300 2699 5353 decus
2729 5296 2876 5365 ﬁdei,
2908 5298 3208 5352 rectissima
3239 5313 3434 5351 norma
3469 5299 3758 5351 Parentum

2209 5372 2388 5442 llugo.
2418 5371 2492 5442 ab,
2513 5369 2831 5442 Olympiacis
2861 5369 3044 5423 moniti
3076 5384 3176 5437 per
3207 5368 3420 5442 somnia
3444 5368 3611 5434 divis,

2210 5438 2468 5495 Venimus
2486 5441 2591 5494 huc
2611 5441 2677 5494 ad
2694 5449 2761 5505 te,
2779 5447 3016 5494 nostram
3030 5455 3245 5509 quoque
3263 5438 3547 5508 pandimus
3559 5454 3802 5504 omnem,

2211 5510 2386 5578 Quam
2420 5511 2605 5580 superi
2636 5511 2864 5580 tetigere
2893 5526 2993 5563 suo
3023 5509 3333 5578 spiramine,
3367 5516 3624 5562 mentem.

2209 5582 2421 5637 Terruit
2451 5580 2722 5635 horrendo
2751 5596 2851 5633 nos
2880 5595 3091 5635 summa
3120 5580 3359 5650 potentia
3385 5588 3649 5647 monstro,
