3948 6060
139 219 245 273 577

143 341 307 408 Quod
336 349 466 411 puto
499 359 605 396 non
644 342 810 397 lateat

143 414 258 467 Hac
278 413 517 466 novitate
548 414 623 467 rei
651 413 835 467 multis
874 415 940 467 sit
987 413 1153 483 plena
1209 415 1420 471 diebus.

144 483 200 556 9A
230 498 395 556 quam
444 484 614 538 cruda
662 484 800 549 dies,
856 486 1158 556 grandique
1207 486 1485 541 tremenda
1517 500 1740 556 pavore,

146 552 390 624 Illa’fuit,
426 570 546 624 qua}
584 570 683 609 nos
714 552 1135 611 tanto'calefecit
1162 572 1365 612 amore.

145 623 386 697 Singula
404 623 459 677 tu
475 625 613 697 nosti
632 626 844 693 melius,
864 627 1203 681 sanctissime
1222 638 1422 697 pastor,

147 692 326 759 Quem
356 694 501 748 Deus
523 694 781 749 illustrem
813 696 1005 763 majori
1036 692 1240 752 lumine
1280 698 1423 753 fecit.

146 764 213 836 ili
231 780 343 836 sex
370 764 622 836 discipuli
652 765 882 836 rigidum
905 768 1275 822 conscendere
1291 776 1535 823 montem

147 834 471 909 iielligionis
499 835 554 888 in
584 835 686 909 his_
706 834 933 909 frnecum
965 838 1279 909 regionibus
1329 847 1531 909 optant.

148 906 270 959 Uno
300 905 482 959 animo
511 906 690 960 cuncti
718 906 772 959 in
792 915 944 962 vasta
972 905 1236 963 vellemus
1266 905 1448 964 eremo

149 976 366 1049 Degere
400 984 456 1049 et
482 976 535 1028 in
566 976 756 1049 rigidis
778 977 943 1049 vitam
973 979 1244 1034 deducere
1273 980 1461 1049 septis.

147 1046 269 1098 Jam
290 1047 463 1100 saturi
494 1046 716 1111 mundo,
750 1063 851 1101 nos
878 1048 1179 1103 fastidimus
1208 1051 1262 1103 in
1302 1046 1394 1104 illo

149 1115 429 1189 Quidquid
460 1117 634 1183 adest,
656 1133 969 1189 omnesque
987 1120 1103 1188 pari
1116 1120 1516 1174 inﬂammamur
1527 1133 1712 1172 amore
1735 1135 1747 1170 :

150 1188 301 1270 Illrge
332 1186 510 1241 locum
540 1187 698 1270 nobis
739 1186 941 1259 aptum,
976 1186 1132 1269 Pater
1160 1191 1376 1270 inclyte,
1408 1189 1603 1270 pande,

151 1256 558 1330 Bande,__r_ogo.
610 1256 822 1313 Scimus
885 1261 1141 1330 quoniam
1191 1256 1445 1330 patefecit
1500 1259 1749 1330 Olympus

150 1328 319 1401 '_I‘_anta
348 1327 460 1391 tibi,
478 1327 763 1401 ’temetque
787 1327 1060 1401 juvamina
1107 1327 1263 1401 grata
1290 1332 1537 1385 daturum

152 1396 354 1469 Hociin
385 1412 542 1467 Opus,
578 1396 845 1469 nobisque
887 1400 1079 1456 ducem
1110 1396 1178 1454 ad
1234 1403 1452 1456 deserta
1492 1401 1744 1453 futurum.

154 1468 468 1541 Siepruno.
503 1470 569 1521 At
598 1468 778 1541 verbis
809 1471 943 1524 socii
983 1487 1274 1526 assensere
1312 1471 1603 1541 loquentis.

225 1537 322 1590 llis
353 1538 509 1611 Pater
536 1540 735 1611 auditis
764 1541 969 1611 nequiit
1000 1543 1257 1596 cohibere
1280 1537 1536 1596 cadentes

152 1610 235 1663 Ex
266 1608 440 1681 oculis
462 1609 674 1673 ﬂuvios,
707 1608 936 1681 levatae
964 1612 1302 1681 amplectitur
1322 1613 1462 1673 illos,

156 1677 585 1751 suspiciensque
632 1680 806 1749 polos,
868 1698 991 1735 mox
1056 1677 1223 1736 verba
1280 1683 1459 1751 erupit
1497 1682 1551 1735 in
1596 1680 1744 1735 ista:

154 1750 200 1804 Ο
233 1764 487 1816 supreme
515 1751 703 1815 Dator,
737 1752 1033 1806 devolvens
1058 1753 1271 1807 mtheris
1284 1750 1465 1819 orbes,

156 1820 397 1873 Inﬂuxus
413 1820 467 1872 in
496 1835 610 1891 eos,
646 1820 737 1890 qui
765 1829 1012 1891 tempora
1040 1823 1163 1877 lana
1180 1824 1502 1888 ministrant,

156 1895 444 1963 Aureaque
466 1889 636 1963 effusa
665 1889 939 1945 deducunt
967 1894 1168 1947 saecula
1196 1910 1329 1963 pace
1355 1893 1366 1947 l

157 1959 325 2031 Quali
348 1959 453 2032 ego
477 1969 527 2014 te
548 1961 713 2031 digne
733 1962 901 2016 verbo
931 1963 1153 2017 laudare
1177 1959 1262 2018 vel
1289 1972 1431 2027 actu,

156 2033 441 2091 Aﬁ‘ectuve
471 2047 683 2101 queam,
718 2041 906 2087 nostro
938 2034 1028 2103 qui
1060 2042 1205 2087 tanta
1225 2035 1325 2087 sub
1353 2049 1470 2089 aevo

156 2105 291 2159 Mira
311 2103 466 2175 facis,
502 2109 758 2175 tantoque
791 2104 1066 2175 hominem
1091 2105 1330 2175 dignaris
1360 2118 1541 2175 amore

156 2176 399 2230 Demere
430 2172 498 2227 de
522 2172 698 2237 luteis,
736 2180 787 2226 et
806 2174 873 2226 ad
905 2190 1062 2227 axem
1095 2172 1343 2230 atiellere
1375 2174 1540 2229 curis.

156 2246 286 2301 Visa
318 2244 449 2299 mihi
469 2243 522 2295 in
552 2242 759 2314 somnis
781 2258 846 2314 ea
864 2252 1072 2314 septem
1096 2246 1296 2300 sidera.
1333 2245 1474 2312 Quid
1506 2245 1532 2297 τ
1558 2242 1613 2296 ni

156 2318 340 2372 Ilosce
361 2315 505 2368 viros
525 2313 760 2385 signant,
794 2313 911 2368 hac
931 2313 1140 2385 septem
1172 2324 1393 2385 pectora
1430 2320 1751 2378 monstrant,

156 2389 328 2465 i’lena
350 2387 485 2447 Deo,
528 2383 788 2465 occiduas
818 2383 1199 2465 collustratura
1229 2394 1455 2465 penates

154 2459 406 2528 Namque
437 2469 565 2528 suos
596 2453 665 2507 ad
695 2470 795 2507 nos
826 2455 1008 2510 oriens
1026 2453 1327 2528 transmisit
1351 2457 1612 2528 honores,

158 2524 341 2602 Gallia
363 2534 419 2579 tu
449 2524 595 2589 felix,
628 2541 750 2602 qua}
778 2532 924 2602 tanto
947 2527 1195 2602 germine
1222 2526 1452 2596 gaudes,

159 2598 410 2673 Quamve
438 2594 729 2673 peregrino
758 2594 1013 2649 decorant
1041 2613 1072 2649 a
1092 2594 1306 2673 climate
1336 2606 1549 2667 gentes.

163 2664 288 2723 Mox
320 2666 427 2721 illis
455 2664 602 2719 dulci
633 2664 711 2718 sic
740 2674 821 2718 est
856 2682 1108 2721 sermone
1140 2664 1363 2722 locutus
1389 2682 1401 2721 :

157 2739 423 2807 Arbitror
439 2751 571 2807 esse
601 2734 798 2802 locum,
837 2737 990 2790 vobis
1020 2738 1274 2791 divinitus
1306 2747 1493 2807 aptum

157 2808 275 2876 Qua
308 2806 647 2861 declinarunt
676 2814 885 2875 septem
916 2807 982 2861 de
1013 2809 1248 2862 nubidus
1270 2806 1438 2863 astra.

159 2882 285 2949 Ipse
316 2878 475 2949 situm
505 2876 1072 2949 recole,_metnorique
1101 2879 1156 2932 in
1184 2887 1403 2949 pectore
1433 2896 1622 2944 servo;

157 2946 346 3005 Ardua
374 2946 591 3019 deducit
619 2946 958 3019 gibbosaque
978 2950 1166 3002 semita
1184 2946 1350 3019 ‘rupis

162 3021 322 3086 Illuc,
356 3017 546 3089 effetus
579 3016 730 3089 locus
757 3026 839 3071 est
861 3016 912 3072 et
933 3018 1184 3089 frigidus,
1206 3016 1349 3073 ulira

160 3092 343 3158 Quam
374 3088 680 3160 dicipossit
705 3106 717 3151 ;
753 3096 876 3141 sunt
904 3088 1029 3142 saxa
1051 3090 1288 3143 albentia
1309 3104 1546 3160 semper,

159 3159 415 3216 Assiduis
445 3158 668 3228 nivibus
689 3167 949 3228 surgente
971 3161 1211 3214 carentia
1234 3161 1368 3225 sole,

159 3232 321 3286 Mane
352 3229 595 3300 soporati
630 3227 1036 3294 simul’ibimus,
1068 3231 1441 3300 inspiciemus,

163 3300 444 3370 Quidquid
473 3298 594 3362 erit,
626 3314 851 3371 campos
880 3300 953 3353 ibi
978 3298 1470 3371 contemplabimur
1489 3306 1687 3355 arctos.

161 3375 378 3427 Interea
407 3385 639 3433 mecum,
676 3370 803 3435 nati,
846 3372 1113 3425 maneatis
1144 3372 1198 3425 in
1228 3372 1369 3435 aula,

160 3445 232 3497 Et
260 3456 536 3512 memores
562 3447 741 3512 estote
761 3441 887 3512 mei,
922 3458 1298 3512 memoresque
1316 3457 1582 3496 meorum.

163 3513 367 3583 Sicque
397 3511 714 3583 quieverunt
732 3510 816 3564 hic
836 3510 978 3566 facto
1000 3511 1105 3566 ﬁne
1124 3510 1405 3583 loquendi.

238 3581 484 3651 Cumque
514 3581 709 3634 diurna
738 3597 878 3636 novo
908 3583 1024 3637 sole
1052 3581 1333 3637 intervalla
1366 3582 1628 3650 redirent,

162 3654 305 3730 Tum
332 3659 588 3707 montana
616 3659 804 3730 petunt
831 3668 1022 3730 omnes
1050 3654 1334 3709 etculmen
1352 3653 1597 3723 apricum

162 3725 251 3779 Ad
283 3738 598 3793 supremum
622 3721 793 3793 igitur
822 3724 1037 3778 tandem
1059 3741 1254 3781 venere
1270 3721 1548 3780 cacumen.

164 3792 408 3867 Hernica
426 3808 559 3847 saxa
576 3792 782 3867 vident,
816 3794 1213 3867 horrentesque
1240 3796 1482 3867 undique
1510 3811 1691 3866 rupes.

164 3866 294 3921 Non
311 3864 551 3936 arbusta
572 3862 703 3936 illic,
736 3880 852 3936 non
874 3864 1026 3936 ligna
1054 3862 1281 3920 ferentia
1310 3862 1532 3922 fructus.

162 3936 268 4009 Yix
288 3934 364 3989 ibi
390 3942 511 4009 sunt
540 3933 724 4009 herbae
755 3933 978 4009 virides,
1017 3936 1630 4009 humilesquegenista.

164 4006 378 4079 Iiicque
407 4005 590 4079 rigore
613 4003 739 4079 loci
755 4007 955 4074 praesul
982 4003 1319 4079 perterritus,
1361 4003 1548 4079 inquit,

166 4077 217 4132 Ο
249 4073 509 4148 quantum
538 4074 697 4148 doleo
714 4073 939 4130 fratrum
970 4073 1168 4132 dilecta
1186 4094 1409 4146 corona,

166 4145 307 4202 Tam
338 4146 552 4217 steriles
584 4145 783 4200 adiisse
821 4148 992 4214 sinus,
1028 4148 1278 4201 sublimia
1310 4156 1480 4217 septa.

166 4219 255 4289 En
277 4216 583 4289 infecunda:
607 4216 807 4289 vallant
838 4233 938 4271 nos
966 4218 1204 4289 undique
1231 4216 1433 4273 cautes.

168 4288 274 4341 Vix
305 4287 477 4342 solem
505 4287 815 4359 aspicimus,
850 4287 1151 4359 vesperque
1171 4306 1391 4343 manere
1415 4287 1629 4359 videtur

978 220 1072 275 DE
1120 219 1419 276 ORIGINE
1458 219 1659 275 SACRI
1699 216 2251 272 CARTHUSIENSIS
2300 189 2605 271 ORDINIS.

858 360 1073 415 quoque
1113 352 1183 411 te,
1243 361 1363 400 cum
1413 343 1588 399 Gallia
1635 344 1817 401 totaA
1846 338 2044 415 iibsiti
2066 339 2396 415 sumpotius
2423 340 2720 415 discrimen
2753 342 2927 395 iturus
2947 342 3000 396 in
3021 357 3199 415 omne.

3341 218 3444 271 5'78

1847 412 1944 466 Hic
1974 410 2139 482 igitur
2168 411 2237 464 sit
2267 419 2455 464 nostra
2475 412 2646 481 quies,
2674 421 2725 466 et
2758 422 2941 467 sancta
2961 413 3227 482 voluptas.

1845 482 2004 545 Dixit,
2042 491 2093 534 et
2123 482 2407 535 unanimes
2438 483 2615 536 cuncti
2650 498 2937 537 assensere
2973 483 3231 553 loquenti.

1914 554 2022 624 Res
2053 553 2409 624 memoranda
2432 554 2611 624 statim
2642 554 2722 607 vir
2750 554 3232 623 praestantissimus
3263 554 3440 624 Hugo,

1845 624 1979 678 Cum
2009 623 2258 677 Brunone
2289 622 2449 676 simul
2478 622 2795 693 cunctisque
2812 625 3106 688 sodalibus,
3128 624 3232 678 ista

1846 695 1955 749 Ore
1987 710 2095 747 uno
2124 694 2306 746 dixere
2346 694 2555 748 alacres
2584 695 2637 746 in
2668 696 2908 749 carmine
2945 696 3113 749 verba
3145 709 3158 748 :

1847 764 1893 819 Ο
1934 764 2080 818 salve
2109 780 2325 832 semper
2354 764 2503 833 regio
2526 765 2789 819 tutissima
2809 766 3014 831 mundi,

1848 836 1893 890 Ο
1923 834 2073 889 salve
2096 834 2320 904 quaesita
2346 834 2458 897 diu,
2495 842 2549 887 tu
2589 851 2751 889 saxea
2783 837 2975 902 moles,

1847 907 2150 977 Purgatura
2180 905 2294 977 pias
2314 904 2479 975 longa
2509 919 2542 977 a
2573 906 2824 977 rubigine
2854 915 3082 971 mentes,

1847 976 1916 1029 Et
1942 975 2142 1029 multos
2172 976 2407 1028 missura
2436 975 2647 1029 animos
2668 975 2720 1028 in
2739 985 2880 1031 tecta
2901 978 3152 1032 deorum.

1849 1046 1894 1101 Ο
1926 1046 2095 1118 salve,
2130 1061 2386 1118 superum
2417 1061 2574 1118 mons
2598 1046 2966 1118 impinguatus
2989 1064 3195 1114 amore,

1849 1117 2015 1189 Cujus
2044 1124 2204 1180 terra,
2240 1115 2360 1170 licet
2378 1116 2677 1189 sterilescat
2706 1115 2932 1172 munere
2961 1118 3154 1189 glebae,

1849 1187 2178 1263 gulturaque
2210 1201 2405 1263 carens
2438 1194 2493 1263 et
2530 1186 2798 1263 frugibus,
2824 1186 2987 1263 haud‘
3002 1196 3180 1244 tamen
3210 1206 3445 1263 unquam

1848 1260 1947 1312 Est
1975 1257 2211 1311 caritura
2234 1256 2340 1309 illis
2371 1255 2635 1328 fruticetis
2651 1267 2810 1328 atque
2842 1259 3020 1313 virore
3304 1255 3321 1263 ’
3399 1260 3402 1264 ’

1849 1328 1965 1393 Illo,
2000 1343 2063 1381 cx
2096 1342 2202 1396 quo
2237 1327 2409 1380 sancti
2438 1327 2737 1398 gignuntur
2764 1330 2817 1381 in
2849 1330 3049 1383 aethere
3078 1328 3302 1387 fructus.

1849 1398 2045 1477 ﬂerbis
2069 1406 2183 1450 aret
2205 1398 2419 1463 humus,
2441 1398 2538 1450 sed
2555 1414 2686 1477 ager
2703 1398 2988 1477 virtutibus
3009 1400 3166 1477 almis

1852 1469 2173 1540 Pinguescet
2204 1483 2445 1540 semper,
2476 1469 2682 1522 meritis
2716 1470 3021 1524 cumulatus
3053 1471 3268 1540 Opimis.

1851 1539 2081 1611 Salvete,
2117 1553 2147 1592 ο
2180 1537 2554 1611 tacitzesilvae,
2579 1546 2877 1609 tenuesque
2910 1537 3163 1611 myricae:

1850 1609 2053 1663 Sumite
2081 1624 2180 1662 nos
2210 1607 2369 1660 hilari
2399 1617 2582 1661 vestra
2613 1610 2664 1662 in
2697 1607 3162 1678 con—sortia'vultu,

1769 1691 1820 1749 Β
1851 1680 2110 1735 Venimus
2148 1679 2252 1732 huc
2274 1678 2463 1749 victuri
2497 1694 2705 1744 omnes,
2742 1680 2902 1734 simul
2931 1690 2983 1735 et
3014 1682 3279 1737 morituri.

1922 1752 2049 1804 Post
2078 1750 2194 1803 haec
2222 1746 2457 1802 artifices
2488 1764 2702 1818 coepere
2731 1752 2984 1805 excidere
3006 1767 3138 1805 saxa

1852 1821 2075 1875 Cotibus
2104 1836 2169 1872 ex
2200 1820 2341 1879 altis.
2377 1818 2687 1889 calcemque
2716 1837 2911 1889 parere
2948 1830 3215 1877 tenacem.

1852 1838 2075 1875 bOllDus
2104 1838 2169 1872 ex
2200 1838 2341 1879 aius.
2377 1838 2687 1942 calcemque
2716 1838 2911 1889 parere
2948 1838 3215 1877 tenacem.

1852 1892 1918 1945 Hi
1948 1890 2176 1957 fodiunt,
2214 1898 2295 1943 ast
2326 1888 2424 1961 hic
2443 1905 2602 1945 cumu
2626 1907 2688 1944 os
2709 1892 2984 1961 componit
3013 1908 3216 1947 arenae.

1853 1962 1948 2016 llle
1971 1960 2146 2021 solum
2178 1959 2388 2026 sternit,
2412 1958 2606 2014 lateres
2637 1962 2726 2016 hic
2756 1958 2932 2031 portat
2963 1971 3015 2016 et
3044 1964 3235 2017 undas.

1854 2032 2074 2102 Scalpra
2105 2039 2320 2097 sonant,
2353 2031 2701 2101 dolabrasque
2722 2048 2937 2101 graves,
2971 2034 3227 2104 duraeque
3257 2033 3345 2087 bi-

2338 2143 2344 2153 .
3059 2120 3066 2159 Ι
3082 2120 3287 2159 oennes
3298 2145 3306 2155 .

2338 2143 2344 2153 .
3118 2120 3237 2158 enni

1855 2171 2339 2251 I_.ongius_auditur
2368 2171 2639 2251 strepitus,
2665 2189 2959 2251 rumprque
2981 2103 3237 2240 virlcii'um,

1857 2242 2077 2297 Planitie
2098 2242 2152 2294 in
2182 2257 2393 2295 summa
2423 2242 2682 2312 cellzeque
2702 2252 2755 2297 et
2782 2242 2905 2297 fana
2953 2253 3230 2299 struuntur
3260 2262 3275 2299 :

1857 2313 2315 2383 Christiparteque
2338 2328 2549 2366 sacrum
2571 2314 2820 2383 genitrici
2850 2331 2912 2370 ac
2941 2331 3033 2368 ara
3081 2315 3310 2371 dicatur.

1856 2384 1951 2437 Ille
1969 2384 2120 2437 locus
2152 2382 2392 2451 privatus
2422 2390 2536 2436 erat
2564 2382 2892 2451 pluvialibus
2917 2385 3094 2439 undis.

1855 2454 1979 2508 Non
1999 2454 2074 2506 ibi
2094 2453 2359 2517 cisternae,
2387 2461 2690 2523 puteusque
2712 2470 2811 2509 nec
2832 2455 2969 2509 ullus
2987 2456 3189 2510 ibidem
3223 2472 3236 2510 :

1858 2526 1920 2578 In
1950 2523 2109 2577 fovea
2137 2530 2344 2594 tantum
2372 2522 2862 2594 pluvialislympha
2883 2526 3134 2581 manebat

1859 2596 2063 2649 Mortua
2095 2604 2116 2645 :'
2141 2601 2193 2646 et
2222 2593 2487 2646 interdum
2511 2593 2657 2648 luteo
2675 2593 2876 2649 fetebat
2905 2597 3094 2651 odore.

1862 2668 1919 2719 In
1949 2679 2183 2718 maerore
2214 2679 2403 2718 omnes
2434 2664 2778 2719 incommoda
2798 2674 2943 2719 tanta
2975 2666 3238 2721 ferebant.

1862 2736 1980 2807 Sed
2001 2734 2295 2807 quidcerta
2328 2733 2463 2789 ﬁdes
2485 2750 2593 2788 non
2611 2736 2855 2805 impetrat
2878 2746 3038 2807 atque
3060 2744 3298 2792 meretur
3322 2738 3350 2792 ?

1862 2807 1932 2878 Se
1952 2804 2098 2859 dedit
2128 2804 2183 2857 in
2209 2804 2499 2878 lacrymas.
2532 2806 2817 2878 oravitque
2845 2804 3077 2878 inclytus
3117 2808 3209 2863 ille

1862 2877 2069 2949 Cultus,
2102 2882 2152 2928 et
2184 2875 2412 2949 obtinuit
2434 2876 2672 2949 supplex
2691 2875 2836 2947 thod
2865 2880 2933 2931 ab
2959 2875 3061 2933 axe
3089 2878 3296 2949 petivit.

1860 2948 2105 3016 Namque
2126 2946 2303 2999 statim
2334 2947 2389 3019 in
2417 2946 2555 3019 dura
2578 2945 2769 3019 fodere
2787 2950 3066 3018 crepidine
3089 2945 3262 3019 rupis.

1795 3038 1841 3096 ο
1864 3018 2180 3096 ljec_mora,
2214 3017 2469 3096 continue
2501 3017 2921 3096 laticeshfluxer‘e
2951 3017 3220 3096 recentes,

1866 3090 1931 3142 Et
1959 3087 2103 3141 rivos
2133 3103 2296 3157 egere
2325 3088 2554 3156 amplos,
2588 3089 2657 3141 ad
2688 3088 2924 3144 ﬂuminis
2953 3091 3140 3157 instar,

1866 3158 2074 3231 Lambit
2104 3157 2283 3231 adhuc
2314 3173 2481 3212 curvo
2513 3157 2632 3231 fons
2664 3158 2752 3231 ille
2781 3162 3062 3215 cacumina
3091 3175 3276 3231 cursu,

1867 3229 2241 3297 Cellarumque
2272 3228 2454 3281 hortos
2485 3228 2657 3283 vitreo
2675 3229 3000 3286 circumfluit
3020 3248 3198 3289 amne.

1865 3300 2036 3374 Durat
2065 3298 2241 3374 adhuc
2270 3298 2486 3374 signum
2509 3314 2773 3374 renovans
2811 3301 3072 3358 miracula
3092 3306 3277 3374 Mosis,

1866 3370 1971 3438 Qui
1990 3368 2161 3422 sterili
2190 3368 2409 3421 deduxit
2438 3384 2609 3437 aquas
2640 3370 2706 3424 de
2748 3387 3021 3427 marmore
3052 3374 3240 3431 dulces
3262 3368 3284 3430 ἐ

1868 3439 2095 3514 Quando
2125 3439 2350 3514 Hebraea
2380 3440 2575 3514 cohors
2605 3441 2825 3495 arabum
2856 3442 3073 3498 deserta
3108 3447 3313 3514 petivit.

1936 3511 2165 3591 Jamque
2196 3509 2603 3591 diessolemnis
2625 3518 2759 3576 erat,
2794 3528 2901 3582 quo
2930 3509 3177 3591 machina
3222 3533 3459 3591 surgens

1865 3580 2111 3650 Hospitio
2132 3587 2342 3648 poterat
2360 3582 2656 3635 monachos
2679 3598 2736 3636 se
2746 3580 2902 3637 rvare
2922 3584 3157 3640 decenti.

1866 3653 2024 3722 Hugo
2055 3650 2159 3704 ciet
2188 3650 2413 3722 clerum,
2447 3651 2703 3722 civesque
2725 3652 2915 3707 invitat
2941 3656 3011 3709 ab
3040 3656 3176 3711 urbe

1865 3723 1949 3796 ᾼᾴ
1964 3720 2233 3796 summos
2252 3720 2452 3796 aditus,
2489 3720 2793 3796 incultaque
2825 3723 3007 3779 limina
3027 3728 3245 3796 mentis,

1866 3793 2092 3846 Visuros
2113 3790 2238 3865 fieri
2278 3790 2460 3865 festivi
2485 3790 2724 3865 encaenia
2754 3796 2960 3865 templi,

1868 3866 2045 3934 Atque
2063 3862 2222 3934 iviros
2241 3869 2419 3917 tantos
2450 3863 2689 3918 habitum
2710 3862 3027 3934 persumerc
3044 3877 3248 3926 sanctae

1867 3933 2221 4009 Rusticitatis,
2250 3941 2308 4009 _et
2338 3949 2534 4009 exesas
2558 3933 2770 3989 latitare
2800 3954 2900 4006 per
2928 3938 3100 4009 alpes.

1784 4048 1787 4051 .
1869 4008 1993 4085 ipso
2025 4005 2186 4085 igitur
2204 4004 2366 4085 sciero
2397 4006 2716 4085 comitante,
2752 4004 3033 4085 cacumina
3063 4010 3213 4085 silvae

1871 4075 2128 4151 scandit;
2162 4084 2218 4130 at
2247 4075 2334 4131 hic
2363 4092 2512 4151 aagre
2543 4076 3053 4151 Brunofratresque
3084 4081 3331 4138 ferebant

1868 4146 2099 4218 Agmina
2127 4153 2205 4218 tot
2232 4147 2430 4216 gentis,
2464 4155 2542 4202 tot
2569 4164 2669 4217 per
2698 4148 2787 4218 pia
2819 4146 3269 4207 tecta'tumultus.

1870 4216 2073 4291 Ijrazsul
2103 4217 2278 4291 adest,
2310 4234 2493 4291 sacras
2514 4216 2673 4291 solito
2698 4216 2845 4291 capit
2874 4221 3065 4276 ordine
3087 4230 3288 4291 vestes,

1870 4289 1937 4362 Εἰ
1967 4288 2388 4362 decus_imponit
2418 4290 2597 4362 capiti,
2633 4289 2962 4362 biﬁdamque
3009 4293 3199 4348 tiaram
3234 4310 3247 4349 :

167 4359 272 4447 ilic
303 4374 538 4426 semper,
585 4357 904 4447 nebulzeque
933 4357 1129 4439 graves
1151 4400 1188 4439 ,ο
1210 4360 1299 4414 hic
1324 4359 1489 4447 "nulla
1534 4358 1767 4414 ferarum
1789 4388 1842 4447 D
1872 4360 2070 4447 [furnus
2091 4358 2346 4447 odoratus
2365 4357 2588 4447 veniens
2620 4376 2649 4414 e
2679 4362 2836 4447 thure
2858 4357 3066 4428 Sabaeo,

167 4431 365 4483 Lustra
383 4437 522 4492 tuor,
556 4427 735 4481 nullos
763 4427 962 4496 aditus,
996 4429 1226 4496 vestigia
1247 4429 1411 4483 nulla.

168 4502 298 4555 Non
327 4498 463 4564 avis,
487 4498 611 4563 huc,
643 4514 752 4552 non
782 4499 884 4564 vir,
916 4515 1024 4553 non
1056 4498 1237 4554 bellua
1266 4500 1489 4555 forsitan
1518 4500 1629 4554 ulla

168 4574 495 4643 Accessere,
528 4570 747 4643 horrent
778 4585 907 4624 sane
935 4571 1051 4625 haec
1088 4570 1217 4643 loca
1237 4571 1452 4643 frigida,
1485 4587 1699 4643 semper

172 4639 457 4710 Perpetuis
487 4639 700 4694 nivibus
731 4648 985 4710 surgente
1015 4641 1259 4696 carentia
1280 4639 1413 4697 sole.

168 4712 326 4782 Ergo
338 4710 823 4782 hominesvivent,
849 4780 856 4782 Α
884 4720 1118 4766 renuunt
1160 4712 1251 4765 ubi
1282 4712 1466 4768 vivere
1494 4712 1691 4767 bruta?

172 4779 404 4837 Pandite
435 4779 783 4851 quidrfacitis,
815 4780 970 4851 sique
999 4782 1087 4837 hic
1115 4782 1359 4838 habitare
1390 4783 1621 4838 valetis?

170 4852 374 4923 Sicque
404 4850 741 4923 loquebatur.
758 4850 1127 4923 iRep’ctentem
1147 4853 1359 4923 singula
1380 4855 1558 4909 Bruno

173 4925 272 4978 [Iis
288 4921 586 4993 interrupit
616 4921 799 4995 verbis
833 4921 927 4995 πρ
959 4924 1191 4995 candide
1207 4921 1483 4995 princeps,

170 4996 370 5049 Nonne
398 4991 555 5062 putas
584 4993 777 5047 melius
806 4991 1037 5047 sufferre
1065 4991 1415 5049 incommoda
1429 4994 1630 5049 montis

175 5065 368 5131 Hujus,
403 5072 454 5117 et
485 5064 704 5134 algores
736 5063 949 5132 gelidos
976 5080 1135 5134 quam
1166 5064 1306 5119 ferre
1336 5065 1421 5120 vel
1451 5082 1559 5121 uno

175 5133 380 5188 Inferni
412 5133 696 5205 tormenta
716 5134 821 5197 die,
843 5133 1150 5205 variusque
1190 5135 1408 5189 dolores
1436 5136 1463 5189 ‘I

174 5207 261 5259 Ad
294 5219 525 5273 superos
555 5203 736 5257 attollo
773 5204 938 5269 acies,
972 5214 1025 5259 et
1053 5203 1232 5261 mente
1262 5207 1481 5262 revolvo

170 5276 454 5330 Iucundos
488 5274 603 5348 sine
630 5282 801 5348 morte
832 5275 969 5340 dies,
994 5284 1046 5330 et
1067 5293 1527 5348 munerasemper

174 5348 455 5400 Duratura
485 5345 631 5416 olim,
661 5345 977 5416 nullumque
1014 5347 1249 5401 videntia
1276 5345 1458 5403 tinem.

176 5419 301 5470 Huc
323 5422 481 5470 vocat
511 5415 869 5485 Omnipotens
892 5415 1028 5482 nos,
1064 5426 1116 5471 et
1146 5418 1433 5474 manifesta
1472 5419 1675 5474 dedere

177 5488 360 5560 _S_i_gna_
386 5486 514 5560 p_oii,
536 5494 602 5560 _et
632 5486 859 5560 modicis
888 5488 1095 5560 damnis
1123 5490 1448 5546 terrebimur
1476 5490 1634 5560 hujus

173 5556 318 5613 Vitae
346 5556 598 5629 infelicis,
631 5557 862 5629 vitaeque
902 5558 1102 5616 decore
1122 5561 1358 5618 carentis
1378 5561 1406 5615 σε

1870 4429 2055 4503 ᾼΗίιιβΔ
2070 4428 2335 4503 ascendit,
2368 4427 2587 4499 fanique
2618 4432 2891 4503 volumina
2911 4427 3166 4503 complet.

1870 4498 2114 4579 i’ontiﬁci
2139 4499 2453 4579 cathedram
2475 4498 2752 4579 paratille,
2787 4502 2874 4579 hic
2903 4498 3145 4579 stragula
3178 4509 3387 4579 sternit,

1866 4571 2095 4641 Jamque
2126 4570 2443 4625 sacerdotes
2473 4586 2626 4641 aequo
2681 4572 2992 4629 discrimine
3021 4570 3222 4633 vocum

1869 4640 2139 4716 incipiunt
2168 4649 2373 4716 cantus,
2407 4640 2867 4716 rutilasassurgit
2895 4644 2963 4699 ad
2984 4662 3109 4701 aras

1868 4712 2075 4788 Pastor,
2109 4718 2161 4765 et
2191 4712 2384 4788 erectis
2404 4712 2529 4766 coeli
2559 4712 2624 4767 ad
2664 4712 2885 4788 fastigia
2914 4717 3109 4786 palmis

1870 4782 2090 4855 Mystica
2120 4790 2309 4855 sancta
2332 4782 2463 4849 litat,
2500 4785 2710 4855 superis
2731 4794 2783 4841 et
2796 4782 3039 4842 'munera
3068 4788 3221 4843 libat.

1872 4852 2096 4930 Dedicat
2125 4852 2611 4930 intereaternplum
2640 4856 3049 4930 claustrumque
3080 4858 3353 4930 sacerdos,

1874 4924 2061 4994 Sitque
2092 4939 2247 4977 novre
2275 4924 2460 4978 domui
2484 4941 2684 4981 nomen
2712 4924 3009 4994 Carthusia,
3055 4929 3275 4983 mandat
3304 4945 3318 4985 :

1871 4994 2304 5064 Condendasque
2334 4995 2526 5049 domos
2558 4997 2839 5052 habituras
2870 5014 3069 5052 nomen
3100 5000 3166 5053 ab
3192 5000 3311 5056 illa.

1872 5064 2081 5140 Praedia
2102 5064 2341 5133 donavit,
2367 5066 2587 5140 donavit
2617 5068 2840 5140 pinguia
2870 5068 3012 5140 villae

1871 5136 2073 5210 Iugera
2091 5150 2198 5210 quo
2224 5136 2840 5210 menachisine'questu
2864 5139 3043 5193 vivere
3062 5152 3314 5210 possent.

1990 5222 2091 5281 unc
2123 5206 2283 5281 adyta
2305 5206 2833 5281 ingredituriBruno,
2866 5206 3091 5281 senique
3121 5213 3361 5272 sodales.

1874 5276 2131 5348 Singulus
2159 5276 2385 5332 exuitur
2405 5280 2657 5348 pretiosis
2694 5296 2868 5348 usque
2896 5276 3127 5337 lacernis

1874 5297 1965 5330 mn
2011 5297 2131 5331 uius
2159 5297 2376 5332 exuitur
2405 5297 2657 5348 preuosns
2694 5297 2758 5333 us
2801 5297 2868 5335 ue
2896 5297 3127 5337 lacernis

1874 5297 2143 5421 liiol‘iibus,
2179 5359 2336 5421 atque
2358 5350 2575 5404 trahunt
2604 5297 2855 5421 crepidas
2887 5368 2915 5406 e
2947 5354 3194 5408 cruribus
3225 5371 3418 5413 omnes

1877 5419 2192 5484 Confestim,
2219 5419 2443 5475 tondent
2474 5419 2742 5484 generoso
2767 5437 2797 5474 e
2822 5424 3028 5478 vertice
3059 5423 3261 5484 crines.

1875 5492 2147 5564 Apparent
2166 5492 2427 5558 juvenum
2456 5491 2697 5564 formosa
2718 5498 2768 5544 et
2798 5491 2973 5549 lactea
2992 5493 3263 5564 membra,

1874 5561 2183 5631 Nudatique
2212 5569 2453 5630 manent,
2484 5562 2851 5635 gentibusque
2899 5572 2951 5620 et
2978 5577 3208 5635 corpore
3240 5561 3389 5626 flexi.
