3948 6060
155 133 281 190 581

167 259 523 331 Spreverunt
551 257 785 328 penitus,
819 276 917 329 per
943 259 1213 331 inhospita
1236 275 1364 314 saxa
1402 260 1572 316 secuti

165 330 514 393 Brunonem,
536 344 873 400 quocunque
903 330 1306 386 manus’divina
1334 339 1604 387 vocasset.

168 400 430 470 Purpura
469 399 710 470 calcatur
743 417 756 453 :
789 399 967 456 Bruno
1014 401 1244 456 feliciter
1276 411 1421 456 artus

167 469 352 542 Yeste
383 470 514 542 tegit
541 469 718 542 nivea,
757 471 848 525 dat
868 473 1189 527 vestimenta
1227 473 1434 527 salutis.

169 541 463 607 Insontes,
501 541 841 613 humilesque
879 550 1074 598 notans
1103 545 1202 598 hos
1242 561 1363 598 esse
1411 544 1644 609 futuros,

167 613 304 684 ﬂos
334 620 522 684 tenues
560 612 809 684 habitare
839 630 1056 684 specus,
1093 624 1144 668 et
1173 614 1342 668 lustra
1370 615 1618 670 docebat.

166 683 306 755 Hoc
328 681 755 755 fervoreianimi,
789 681 896 755 quo
929 701 1024 739 sex
1044 685 1371 740 instruxerat
1393 695 1538 753 ante,

256 753 399 806 Dum
424 754 785 827 Carthusiacis
810 753 990 810 Bruno
1020 756 1255 827 degebat
1287 757 1340 808 in
1372 757 1558 811 antris.

169 825 517 895 Pernemus
547 826 880 895 umbrosum
940 827 1045 881 sibi
1102 825 1454 883 construxere
1499 844 1788 895 cavernas,

171 893 412 968 Finibus
445 894 498 948 in
528 894 770 968 Calabris
805 911 816 950 :
851 912 977 968 nam
1009 905 1329 968 paupertate
1378 899 1571 964 coacti,

169 964 316 1019 Non
345 973 593 1034 poterant
623 965 790 1020 cellas
837 964 1054 1020 sublimi
1084 964 1330 1022 attollere
1367 976 1530 1024 tecto.

253 1037 324 1088 At
355 1035 612 1110 princeps
651 1036 884 1090 Calabra
913 1037 1145 1110 fungens
1175 1038 1377 1110 ditione
1408 1040 1676 1110 Rogerus,

174 1102 246 1176 in
282 1102 476 1160 neinus
504 1102 582 1176 ire
610 1115 765 1175 parat
794 1102 1064 1162 venatum.
1101 1109 1244 1163 La2ta
1272 1102 1542 1176 juventus.

171 1174 350 1249 Retia
379 1192 502 1249 rara
530 1174 728 1249 ferunt,
761 1178 1047 1244 venabula,
1081 1179 1249 1233 odora
1276 1174 1592 1249 canumque

172 1247 426 1319 égmina
456 1247 748 1319 deducunt,
785 1249 1006 1319 sonipes
1031 1251 1340 1318 spumantia
1369 1247 1577 1305 mandit

165 1315 382 1390 Efena,
403 1326 563 1390 ruunt
593 1318 802 1390 equites
832 1315 1024 1374 cinctis
1053 1315 1121 1374 ad
1149 1327 1303 1390 terga
1327 1321 1614 1389 pharetris,

171 1387 482 1461 Fostquam
512 1387 795 1444 t'rondiferi
815 1398 1034 1461 ventum
1083 1398 1164 1444 est
1185 1387 1263 1444 ad
1299 1387 1531 1445 culmina
1561 1393 1779 1461 montis,

171 1457 348 1512 Invia
369 1457 539 1528 lustra
567 1467 769 1528 patent,
803 1460 1028 1528 dejectze
1047 1477 1077 1513 a
1108 1461 1312 1516 vertice
1359 1462 1492 1526 saxi,

173 1529 334 1603 Ecce
368 1527 502 1603 ferae
527 1527 827 1603 aufugiunt,
854 1527 906 1585 et
925 1531 1298 1600 pulverulenta
1347 1531 1573 1603 fatigant

174 1546 334 1583 noce
368 1546 496 1582 teras
527 1546 648 1583 auiu

173 1599 362 1671 Crura
386 1599 557 1671 jugis,
592 1546 694 1654 κνθῇ

173 1669 314 1745 Tela
356 1669 576 1745 sonant,
601 1669 941 1745 clamantque
971 1672 1092 1745 viri,
1129 1669 1454 1743 volitantque
1476 1669 1704 1745 sagittis.

176 1741 441 1814 Dantque
473 1740 693 1814 lycisca;
715 1740 895 1814 agiles
913 1741 1098 1814 saltus,
1123 1740 1420 1814 cervosque
1444 1740 1744 1813 sequuntur
1767 1760 1780 1797 :

175 1813 363 1884 {intra
384 1818 571 1884 petunt
591 1811 683 1864 ubi
714 1811 892 1884 Bruno
913 1812 1060 1884 latet,
1093 1811 1372 1884 sanctique
1403 1811 1636 1868 sodales.

177 1881 472 1946 Majestate
505 1881 676 1935 virum
707 1883 856 1946 moti,
878 1882 1071 1938 tellure
1099 1881 1358 1938 cadentes

174 1952 454 2024 inﬂexere
483 1967 650 2024 genu,
685 1953 995 2024 caudasque
1033 1955 1302 2009 movendo
1333 1954 1435 2008 sub
1467 1954 1592 2024 illis,

176 2022 406 2075 Numen
429 2023 744 2088 adorarunt,
778 2022 1001 2092 implent
1031 2024 1313 2078 latratibus
1355 2041 1536 2080 auras.

174 2092 250 2166 Et
282 2092 398 2166 dun
428 2101 569 2147 errat
599 2109 741 2166 equo
770 2094 964 2166 mediis
994 2095 1049 2148 in
1078 2095 1309 2148 vallibus
1339 2105 1499 2166 atque

178 2162 461 2236 Qaubatus
494 2162 678 2218 varios
708 2164 876 2236 audit,
912 2163 1207 2236 forsanque
1231 2162 1500 2234 repertum

181 2233 380 2306 Credit
405 2250 614 2306 aprum,
649 2242 740 2288 aut
770 2235 1007 2306 aliquem
1039 2233 1371 2290 descendere
1392 2253 1525 2306 rupe
1546 2237 1779 2292 leonem.

254 2303 569 2376 insequitur
590 2320 755 2359 cursu
782 2303 1032 2376 nuncque
1064 2307 1183 2372 hos,
1217 2323 1361 2361 nunc
1381 2303 1618 2376 praeterit
1637 2308 1780 2362 illos.

176 2373 265 2448 Ad
289 2374 528 2448 latebras
559 2376 777 2448 tandem
806 2373 1072 2448 pervenit,
1107 2391 1328 2448 easque,
1370 2373 1605 2448 l‘yciscas

177 2444 397 2517 {aspicit
426 2445 600 2517 oranti
621 2444 821 2517 caudis
837 2447 1168 2517 applaudere
1182 2444 1389 2516 sancto,

178 2514 506 2585 Popliteque
536 2516 757 2571 incurvo
789 2514 927 2571 fixos
951 2518 1274 2572 accumbere
1296 2514 1466 2574 terra.

177 2585 308 2660 Mox
344 2585 624 2660 descendit
653 2588 1065 2660 equo,rfaciemr
1092 2589 1375 2660 vultusque
1406 2589 1680 2644 verendos

176 2655 640 2732 Contemplatus,
693 2655 840 2732 humi
899 2659 1095 2714 cecidit
1152 2655 1486 2732 causamque
1540 2660 1781 2732 requirit,

177 2727 319 2780 Tam
350 2734 506 2781 vasta
538 2729 774 2784 audendi
804 2730 1021 2784 deserta
1049 2738 1256 2785 tenere.
1290 2727 1485 2784 Beatus

180 2796 421 2871 Singula
450 2799 691 2871 narravit
715 2800 926 2868 doctor,
958 2801 1290 2871 verbumque
1313 2801 1502 2854 salutis

179 2867 418 2940 Protulit
446 2876 609 2940 atque
641 2869 835 2925 ducem
865 2867 1119 2940 superum
1165 2867 1378 2926 calfecit
1432 2887 1638 2926 amore.

181 2937 459 3022 ἕρξᾼὶἰωί
488 2937 716 3022 delubra
738 2941 906 3022 jubet,
931 2937 1216 3012 'cellasque
1248 2942 1569 3022 domosque,

177 3008 525 3092 pivitiasque
555 3010 721 3078 dedit,
754 3019 1036 3092 terrasque
1064 3008 1361 3092 ac;0ppida_
1405 3008 1678 3092 princeps,

176 3079 452 3153 {umente
466 3088 625 3153 atque
657 3097 826 3151 pecus
856 3079 1084 3153 varium.
1119 3079 1574 3138 Carthusianobis

182 3150 297 3224 Ista
307 3150 558 3224 fecunda
577 3150 688 3224 fuit
717 3153 1009 3224 virtutibus,
1041 3152 1239 3224 inclyta
1287 3155 1492 3208 multis.

249 3221 395 3296 Hinc
423 3223 530 3277 dux
560 3223 827 3296 Brunonis
849 3221 1522 3296 precibus,‘bomitumque
1569 3224 1784 3296 piorum

179 3290 438 3366 Conﬁsus
469 3295 726 3366 sperabat
753 3290 930 3364 opem,
967 3295 1012 3348 si
1042 3296 1259 3366 quando
1290 3290 1517 3350 necesse

182 3363 242 3435 In
263 3363 448 3435 dubiis
478 3364 774 3435 quidquam
790 3363 1370 3420 bellorum'eventibus
1399 3373 1566 3420 esset.

178 3434 339 3488 Hunc
371 3434 533 3490 etiam
563 3434 668 3492 nec
695 3453 842 3508 spes,
878 3454 979 3492 nec
1008 3437 1191 3508 Opinio
1229 3453 1365 3492 vana
1393 3435 1602 3506 fefellit,

881 135 1106 191 GUIGO
1154 137 1178 191 Ι
1226 135 1632 192 CARTHUSIE
1678 134 1973 191 MAIORIS
2023 133 2234 191 PRIOR
2280 135 2346 190 ν.
2380 134 2788 199 —-.NOTITIA.

1806 267 1855 326 Α
1887 259 2112 331 Quando
2143 257 2370 331 quidem
2392 259 2592 330 Capuae
2622 251 2976 331 dum_'muros
3005 254 3252 331 undique
3275 253 3484 331 circum

3383 131 3487 184 582

1892 323 2140 396 Obsidet,
2160 323 2486 402 agminibus
2514 331 2621 402 late
2651 329 2883 402 implens
2914 323 3328 402 oppidamultis
3365 342 3379 379 :

1894 401 2139 472 Sergius,
2173 396 2417 472 eicubiis
2449 401 2631 472 noctis
2651 396 2966 472 praefectus
2991 398 3060 472 ab
3090 396 3202 461 illo,

1893 469 2090 526 Sancta
2119 472 2256 526 data:
2285 470 2411 526 fidei
2443 469 2663 525 violavit
2683 470 2906 538 fmdera,
2943 469 3077 522 falso

1892 542 2024 610 Quae
2048 544 2354 609 juramento
2383 543 2566 595 divum
2593 542 2920 610 promiserat
2968 540 3093 593 aris.

1891 613 2122 682 Principi
2152 612 2294 667 enim
2317 615 2515 682 Capuaa
2546 614 2707 666 tacita
2741 613 2842 665 sub
2883 619 3041 664 nocte
3090 610 3347 682 latentes,

1893 685 1962 738 Se
1992 679 2488 754 patefacturum—ad
2535 684 2637 736 sibi
2670 683 2874 738 credita
2894 688 3086 754 castra
3118 679 3345 750 Rogeri.

1890 752 2007 809 Rcs'
2027 753 2275 808 infanda!
2313 755 2488 808 aditus
2521 755 2700 807 animo
2731 752 2978 822 promisit
3014 766 3197 806 avaro.

1887 826 2113 893 Jamjam
2143 842 2249 880 nox
2279 826 2484 890 aderat,
2519 840 2623 896 qua
2647 825 2887 894 proditor
2907 822 3102 896 impius
3115 836 3342 896 omnem

1890 891 2206 950 Patraturus
2239 906 2355 951 erat
2387 897 2463 964 (ni
2517 891 2795 951 obstarent
2833 891 3076 960 numina)
3107 891 3372 945 fraudem.

1890 967 2167 1036 Oppositae
2200 968 2408 1020 stabant
2439 969 2603 1034 acies,
2631 966 2957 1036 properabat
2979 964 3195 1034 iniquus

1889 1037 2114 1106 Sergius
2145 1037 2366 1090 hostiles
2399 1037 2577 1090 furtim
2605 1038 2951 1091 introducere
3006 1043 3232 1087 turmas.

1892 1103 2019 1161 Dux'
2037 1115 2252 1160 tenuem
2281 1107 2335 1160 in
2367 1122 2612 1161 somnum
2641 1116 2764 1161 tunc
2805 1107 3102 1161 declinarat
3149 1103 3372 1158 ocellos.

1885 1179 2064 1232 Bruno
2098 1178 2398 1247 quiescenti
2428 1180 2539 1247 (res
2563 1178 2922 1247 admiranda),
2959 1183 3183 1246 repente

1885 1196 2064 1232 nruno
2098 1196 2398 1301 quiescenti
2428 1196 2539 1247 tres
2563 1196 2922 1247 admiranda),
2959 1196 3150 1246 repent

1884 1249 2064 1302 Astitit
2094 1249 2110 1301 i
2136 1249 2464 1318 lacrymans,
2490 1256 2542 1303 et
2573 1249 2758 1303 scissis
2780 1249 3022 1303 vestibus
3044 1248 3153 1300 iras

1889 1319 2180 1372 Denudans
2211 1319 2266 1372 in
2293 1335 2415 1372 eum
2448 1320 2684 1389 Capuani
2716 1318 2917 1384 militis,
2950 1319 3120 1388 inquit
3165 1332 3176 1369 :

1886 1389 2079 1460 Surge,
2112 1405 2248 1458 cape
2275 1406 2443 1452 arma,
2475 1385 2619 1455 vide,
2655 1390 2931 1460 princeps,
2967 1385 3268 1441 sinumina
3320 1385 3446 1441 οωΙί

1885 1460 2069 1530 Teque
2099 1467 2326 1530 tuosque
2361 1460 2522 1515 velint
2552 1478 2580 1513 a
2631 1461 2938 1530 proditione
2970 1466 3159 1527 parata

1885 1531 2126 1599 Eripere,
2154 1531 2422 1583 Attonitus
2443 1547 2634 1584 somno
2665 1547 2786 1585 sese
2817 1530 3034 1594 excutit,
3070 1543 3267 1598 agmen

681 1601 869 1680 lesque
898 1609 1109 1680 petunt,
1143 1601 1473 1680 camposque
1507 1609 1776 1680 patentes.
1813 1621 1864 1680 B
1887 1602 2115 1680 Excitat,
2152 1609 2226 1680 ut,
2261 1601 2534 1680 v‘eriquid
2573 1602 2802 1680 haberet
2837 1601 3006 1680 _visio,
3056 1607 3261 1679 nosset.

1885 1675 2050 1725 Arma
2080 1671 2238 1740 capit,
2271 1670 2405 1723 ﬁunt
2436 1672 2708 1741 strepitus,
2734 1672 2774 1724 it
2804 1672 3012 1725 clamor
3062 1670 3116 1722 in
3145 1684 3324 1723 auras.

1883 1742 2052 1795 Anxia
2085 1742 2240 1795 turba
2269 1742 2466 1796 ducem
2497 1743 2754 1812 sequitur,
2780 1741 2904 1795 licet
2933 1741 3105 1795 inscia
3125 1747 3302 1794 motus

1881 1814 2010 1865 Tam
2043 1812 2225 1878 subiti,
2258 1813 2450 1866 castris
2487 1829 2611 1866 mox
2644 1813 2867 1882 Sergius
2887 1820 3046 1881 atque
3075 1827 3338 1882 sequaces

1879 1882 2195 1953 Aufugiunt,
2230 1883 2579 1952 Capuamque
2608 1881 2813 1951 petunt,
2847 1883 2954 1934 dux
2987 1881 3222 1953 impiger
3249 1881 3368 1935 illos

1882 1950 2228 2023 Persequitur
2256 1950 2506 2022 Capuaui
2524 1950 2740 2017 obsunt,
2784 1959 3055 2023 pugnatur
3098 1950 3366 2022 utrinque.

1883 2025 2014 2078 Tela
2044 2022 2240 2077 sonant
2270 2025 2410 2077 telis.
2445 2025 2687 2077 Tandem
2718 2022 2924 2078 victore
2972 2022 3211 2093 Rogero.

1884 2095 2150 2148 Detexere
2178 2095 2332 2148 dolos
2362 2094 2479 2147 istis
2512 2094 2844 2160 incursibus,
2879 2094 3062 2147 hostes

1884 2165 2090 2219 Devicti
2119 2164 2391 2235 captique.
2422 2165 2629 2218 Memor
2657 2173 2946 2235 certusque
2981 2164 3263 2235 .Rogerns,

1886 2235 2042 2304 Quod
2073 2231 2339 2288 Brunon’is
2369 2251 2472 2304 ope
2523 2237 2661 2290 hanc
2704 2231 2946 2289 fraudem
2987 2231 3272 2296 evasisset,
3307 2231 3478 2304 adivit

1885 2308 2058 2370 Hunc,
2094 2313 2146 2359 et
2174 2306 2242 2359 ob
2274 2306 2328 2359 id
2358 2303 2545 2375 grates
2577 2306 2792 2376 magnis
2837 2322 2958 2360 cum
2997 2304 3225 2376 vocibus
3257 2303 3397 2375 egit.

1885 2378 2008 2431 Non
2038 2391 2163 2446 ego,
2186 2377 2378 2448 Bruno
2410 2376 2600 2448 inquit,
2639 2375 2756 2441 sed,
2783 2376 2905 2431 calli
2936 2376 3132 2448 missus
3160 2375 3230 2428 ab
3249 2390 3376 2448 _axe

1886 2450 2082 2501 Astans
2115 2446 2466 2516 principibus,
2491 2446 2768 2501 bellorum
2813 2455 3057 2515 tempore
3106 2446 3330 2500 fraudes

1886 2518 2148 2586 Angelus,
2182 2518 2235 2570 in
2267 2518 2472 2571 somnis
2506 2518 2598 2571 tibi
2627 2517 3068 2586 praemonstravit
3103 2516 3340 2587 iniquas.

1958 2589 2138 2660 Brimo
2169 2597 2293 2657 post
2322 2589 2473 2660 longi
2503 2589 2744 2660 victricia
2775 2587 2914 2660 bella
2944 2586 3164 2653 laboris,

1885 2658 2211 2712 Coalestibus
2240 2658 2479 2714 sanetam
2509 2659 2712 2728 delegit
2742 2658 2975 2712 reddere
3006 2665 3262 2728 mentem,

1888 2731 2297 2798 Innocuumque
2327 2730 2568 2783 animum
2613 2727 2836 2784 caenoso
2887 2743 2918 2781 a
2966 2727 3142 2782 carnis
3172 2727 3361 2795 odore,

1888 2801 2052 2867 Cujus
2085 2808 2136 2853 et
2162 2801 2398 2854 illustres
2427 2801 2622 2865 obitus,
2666 2799 2917 2853 sublimia
2967 2798 3191 2868 passim.

1887 2870 2122 2941 Agmina
2153 2872 2435 2940 spirituum
2466 2879 2628 2926 cantu
2657 2878 2911 2925 venerata
2942 2883 3197 2938 superno,

1811 2973 1856 3033 Ο
1889 2943 2077 3033 iisque
2100 2941 2167 2994 ad
2198 2942 2440 3033 sidereos
2470 2941 2721 2996 comitata
2767 2941 2918 2995 fuere
2952 2948 3192 3033 senatus:

1891 3010 2008 3079 Qua
2041 3013 2195 3066 Pater
2232 3013 2478 3067 excelsos
2535 3021 2741 3066 aeterna
2782 3027 2914 3081 pace
2969 3010 3268 3081 triumphos

1889 3083 2111 3152 Aspicit,
2147 3091 2199 3136 et
2237 3084 2392 3138 divos
2423 3084 2561 3137 mira
2602 3080 2887 3137 dulcedine
2933 3080 3110 3135 vultus
3145 3097 3158 3134 :

1888 3150 1986 3207 Hic
2015 3169 2115 3222 pro
2147 3154 2452 3208 eremicolis
2498 3169 2697 3224 magno
2743 3154 2836 3224 dat
2861 3160 2988 3206 vota
3011 3150 3258 3224 Tonanti.

1887 3224 2193 3278 Innumeris
2223 3225 2383 3294 etiam
2415 3233 2538 3293 post
2585 3222 2780 3294 inclyta
2798 3222 2999 3294 funera
3031 3222 3198 3294 claret

1886 3295 2175 3364 Prodigiis,
2209 3311 2332 3347 nam
2356 3291 2476 3348 fons
2507 3294 2663 3348 vivus
2693 3291 2761 3347 de
2782 3293 2934 3347 fauce
2965 3291 3200 3362 sepulcri

1885 3365 2148 3436 Continuo
2180 3374 2414 3432 emanat,
2447 3364 2628 3418 multis
2658 3364 3010 3436 languoribus
3041 3371 3200 3432 aptus

1886 3435 2172 3502 Curandis,
2207 3443 2259 3489 et
2287 3436 2466 3490 adhuc
2497 3435 2771 3488 Brunonia
2797 3435 3020 3504 lympha
3050 3441 3292 3488 vocatur.

1459 3733 1613 3774 ANNO
1670 3734 1872 3775 DOMINI
1926 3735 2196 3773 MXXXVII.

1268 3845 2382 4052 GUIGOI

699 4079 1200 4146 GARTHUSUE
1241 4081 1611 4146 MAJORIS
1653 4082 1922 4146 PRIOR
1967 4083 2453 4148 GENERALIS
2497 4080 2898 4159 QUINTUS.

1428 4296 2226 4432 NOTITIA.

821 4488 1138 4570 (Histoire
1195 4491 1528 4551 littéraire
1574 4492 1653 4550 de
1699 4493 1768 4550 la
1813 4493 2091 4570 France,
2140 4495 2293 4550 tom.
2334 4491 2449 4570 XI,
2483 4508 2622 4569 pag.
2657 4490 2825 4566 646.)

777 4755 808 4827 ἓ
846 4757 889 4811 Ι.
921 4786 991 4797 -
1040 4757 1178 4813 Vita.

251 4895 518 4969 Guigues,
553 4900 888 4967 sumommé,
921 4897 1073 4953 selon
1091 4898 1170 4952 les
1200 4913 1323 4963 uns,
1357 4897 1430 4952 du
1461 4898 1774 4965 Chatel;se-

182 4963 268 5021 lon
303 4963 392 5022 les'
412 4963 616 5032 autres,
650 4969 724 5024 du
757 4963 881 5034 Pin,
905 4969 1107 5036 naquit,
1143 4969 1254 5023 l’an
1286 4972 1442 5036 1083,
1493 4963 1663 5025 (ἰύῐιε
1685 4969 1772 5025 fa-

180 5037 328 5110 rnille
359 5039 521 5094 noble
551 5048 605 5094 et
633 5048 943 5103 vertueuse,
976 5037 1112 5093 dans
1167 5039 1220 5094 le
1273 5040 1449 5110 bourg
1491 5041 1558 5094 de
1591 5041 1772 5096 Saint-

181 5106 420 5195 Romain,
446 5127 521 5195 au
536 5110 772 5195 diccese
788 5111 857 5195 dc
869 5111 1142 5195 I_Yalcnce,
1169 5127 1239 5195 en
1251 5106 1539 5195 Pauphiné
1560 5114 1634 5195 (1M
1639 5127 1763 5167 nar.

180 5195 326 5253 amp.
364 5182 500 5236 Coll.
533 5189 578 5235 t.
618 5183 706 5247 VI,
739 5198 794 5252 p.
833 5185 930 5236 163
953 5201 966 5245 ;
993 5183 1176 5264 Lanae
1200 5183 1313 5236 Βίὺ.
1339 5199 1469 5236 mss.
1492 5191 1531 5236 t.
1561 5183 1601 5246 Ι,
1635 5199 1762 5253 pag.

181 5251 274 5305 639
493 5251 686 5333 Carth.
712 5253 890 5333 ;lllrn.
924 5253 1128 5333 S_crzpt.
1164 5268 1303 5333 pag.
1363 5254 1514 5333 431.)
1546 5254 1585 5333 ll
1616 5262 1771 5333 recut

177 5335 276 5392 une
315 5321 607 5378 education
635 5322 920 5378 conforme
941 5325 974 5377 Α
1005 5321 1068 5377 sa
1088 5321 1376 5378 naissance
1407 5331 1458 5378 et
1487 5325 1519 5377 εἰ
1549 5323 1599 5375 la
1628 5324 1771 5392 piété

177 5389 240 5473 dc
252 5408 340 5448 ses
362 5402 604 5473 parents.
625 5393 809 5473 Stirlc
819 5394 967 5464 point
988 5394 1317 5473 de_s'établir
1327 5394 1534 5473 dans-le
1546 5389 1764 5473 mande,

177 5460 268 5533 ille
290 5460 464 5536 quitta
491 5465 624 5535 (l'an
656 5460 832 5536 4107)‘
848 5481 987 5537 pour
1025 5465 1162 5522 aller
1193 5465 1511 5522 s’ensevelir
1551 5463 1688 5518 dans
1716 5464 1768 5520 le

1801 4769 1854 4828 1)
1876 4756 2060 4811 désert
2079 4757 2147 4812 de
2177 4756 2228 4810 la
2244 4755 2836 4812 Grande-Chartreuse.
2863 4757 2935 4812 Le
2961 4757 3129 4812 détail
3158 4757 3255 4811 des
3287 4765 3471 4828 vertus

1874 4828 2002 4900 qu‘il
2023 4828 2276 4900 pratiqua
2295 4829 2432 4900 dans
2454 4835 2592 4900 cette
2615 4828 2809 4898 simple
2829 4829 3048 4883 retraite
3063 4829 3200 4900 n'est
3221 4827 3373 4896 point
3403 4828 3475 4900 du

1875 4898 2081 4954 r'essort
2110 4899 2177 4952 de
2209 4906 2362 4952 notre
2421 4898 2666 4953 histoire.
2711 4900 2860 4953 Nous
2914 4915 3053 4952 nous
3111 4899 3413 4952 bornerons
3443 4899 3475 4952 ἐι

1875 4971 1994 5024 dire
2024 4986 2129 5040 que
2157 4969 2358 5041 l’étude
2380 4969 2565 5041 ,_celle
2616 4969 2708 5041 qui
2765 4969 3076 5041 convientia
3104 4986 3176 5023 un
3196 4969 3471 5041 solitaire,

1873 5057 1941 5095 ne
1971 5039 2055 5094 fut
2079 5040 2228 5110 point
2258 5039 2452 5095 bannie
2481 5041 2548 5097 de
2570 5039 2660 5095 ses
2679 5040 2978 5095 exercices.
3013 5040 3098 5094 On
3130 5039 3232 5094 sait
3255 5056 3361 5110 que
3392 5041 3474 5096 les

1871 5111 2446 5182 premiersChartreux
2470 5111 2855 5182 employaient,
2887 5113 2917 5165 ὰ
2947 5111 3133 5181 c0pier
3159 5111 3257 5166 des
3281 5111 3470 5178 livres,

1871 5181 1919 5236 le
1941 5191 2260 5263 _tcmp_s_que
2280 5182 2342 5262 .la
2363 5181 2688 5263 prierclcur
2717 5181 2940 5263 laissait.
2967 5183 3040 5263 Ge
3075 5199 3245 5263 genre
3274 5183 3477 5263 de_tra-_-

1871 5253 1976 5309 vail
1995 5253 2118 5325 plut
2141 5252 2496 5325 iritinimenta
2517 5253 2762 5325 Guigues
2793 5269 2891 5323 par
2907 5253 2966 5325 la
2995 5252 3195 5308 facilité
3238 5254 3366 5325 qu’il
3396 5253 3473 5307 lui

1912 5322 2146 5378 rocurait
2178 5325 2246 5378 de
2277 5340 2335 5378 se
2364 5322 2711 5378 familiariser
2739 5322 2875 5381 avec
2904 5324 2959 5378 la
2987 5325 3178 5393 parole
3208 5322 3390 5378 divine
3421 5331 3476 5376 et

1869 5341 1951 5448 Pes
1981 5395 2106 5448 nlus
2139 5395 2312 5448 beaux
2345 5400 2690 5448 monuments
2719 5393 2794 5448 de
2821 5396 2870 5448 la
2907 5395 3179 5448 tradition.
3218 5396 3260 5448 ll
3291 5408 3476 5446 amas-

1892 5412 1951 5449 es
1981 5395 2106 5464 plus
2139 5395 2312 5450 beaux
2345 5400 2690 5450 monuments
2719 5393 2794 5448 de
2821 5396 2870 5450 la
2907 5395 3179 5449 tradition.
3218 5396 3260 5448 ll
3291 5408 3480 5464 amas:

1872 5462 2164 5532 sait—ainsi,
2197 5467 2336 5521 dans
2365 5465 2416 5522 le
2447 5467 2674 5530 silence,
2707 5479 2792 5519 un
2819 5469 2993 5522 tresor
3021 5465 3090 5519 de
3132 5464 3313 5520 savoir
3350 5462 3484 5531 qu‘il
