3966 6050
270 128 374 180 593

1726 128 2080 189 EPISTOLE
2092 174 2105 188 .

3459 144 3562 199 59L

250 275 395 353 verit
426 284 480 353 e_t
507 277 561 331 in
574 294 751 353 unum
775 278 1243 353 ‘comportaverit.
1277 279 1545 353 Guigonis
1580 282 1680 338 hac
1710 282 1778 337 de
1808 298 1868 337 re
1888 292 1938 349 Α
1976 282 2242 353 prioratus
2272 282 2355 336 sui
2384 296 2567 351 xxvn,
2598 282 2684 339 vel
2714 283 2945 350 circiter,
2976 301 3083 341 non
3122 286 3239 342 sine
3268 291 3565 350 sanctitatis

254 347 542 427 epistolam
574 349 745 427 habes
775 350 862 404 hic
909 347 975 427 ex
1017 357 1163 405 tomo
1193 352 1213 404 Ι
1245 347 1644 427 Analéctorum.
1692 354 1867 427 Porro

252 420 768 499 quinquagesimum
799 420 972 475 aetatis
1004 436 1176 499 agens
1206 436 1428 499 annurr,
1462 424 1654 499 _inquit
1685 424 1862 489 Sutor,

254 488 350 542 lib.
387 488 425 543 ti
457 488 559 544 Vit.
594 489 803 560 Carth.,
851 505 973 561 cap.
1027 488 1077 557 5',
1130 488 1505 549 conversionis
1544 488 1674 548 vero
1719 488 1862 561 xxx,

1972 353 2224 477 Opinione
2254 353 2500 433 spiritum
2528 354 3014 434 Dominoreddidit
3040 372 3128 437 an.
3154 359 3370 415 Domini
3403 366 3558 431 1137,

1972 439 1999 477 a
2071 424 2412 477 inchoatione
2438 440 2568 477 vero
2598 426 2805 477 OI‘dlnlS
2832 441 2944 477 Lm.
2976 428 3051 477 Ita
3084 428 3193 477 ille-

1969 424 2040 478 ab
2071 424 2412 480 inchoatione
2438 440 2568 480 vero
2598 425 2805 480 ordinis
2832 441 2944 482 Lm.
2976 428 3052 482 Ita
3083 428 3193 485 ille.

264 636 3046 680 m

1382 784 2264 919 GUIGONIS
2382 788 2413 917 Ι

661 995 1159 1061 CARTHUSL/E
1207 1001 1555 1065 MAJORIS
1607 1002 1814 1065 POST
1866 1003 1932 1063 S.
1986 1002 2447 1064 BRUNONEM
2494 1002 2821 1065 PRIORIS
2868 1004 3141 1076 QUINTI

1564 1166 2247 1270 EPISTOL/E.

1030 1350 1078 1405 Ι.

246 1481 333 1537 Ad
358 1481 750 1540 Durbonensea
772 1483 851 1556 (3)
881 1488 1188 1557 βαίνει-
1204 1488 1279 1544 De
1308 1490 1682 1562 supposititiis
1712 1492 1861 1550 beati

698 1573 1023 1647 Hieronymi
1051 1577 1323 1650 epistolis.

465 1696 718 1765 (ΜΑΒιιι.
752 1699 1009 1756 Analect.
1040 1717 1168 1758 nov.
1202 1701 1353 1767 edit.,
1386 1718 1442 1772 p.
1490 1704 1639 1773 464.)

322 1817 524 1874 Amicis
555 1827 608 1873 et
663 1818 929 1876 fratribus
959 1823 1015 1877 in
1063 1823 1274 1879 Christo
1319 1823 1706 1882 dilectissimis.
1755 1827 1857 1882 LA-

247 1920 388 1960 zaao
419 1907 767 1963 Durbonensi
798 1910 984 1980 priori,
1021 1918 1073 1966 et
1104 1912 1315 1967 caeteris
1346 1912 1399 1967 in
1448 1913 1639 1968 eadem
1671 1931 1855 1970 eremo

243 1994 364 2049 Deo
395 1994 798 2063 famulantibus,
860 1998 1158 2055 Carthusiae
1201 2000 1353 2071 prior
1393 2009 1618 2057 vocatus
1648 2002 1851 2069 GUIGO,

244 2090 506 2138 aeternam
528 2099 558 2137 a
588 2085 821 2140 Domino
853 2086 1099 2143 salutem.

319 2171 468 2227 Inter
495 2180 695 2228 caetera
725 2174 1116 2230 catholicorum
1136 2175 1399 2243 virorum,
1424 2194 1545 2249 quae
1574 2177 1645 2234 ad
1674 2179 1852 2235 erudi-

245 2260 452 2316 tionem
463 2259 704 2316 ﬁdelium
722 2262 1346 2335 elaboraveruntOpera,
1368 2282 1487 2336 quae
1499 2274 1687 2322 nostra
1709 2284 1850 2339 quo-

241 2364 350 2420 que
365 2349 605 2421 parvitas
627 2365 971 2423 congregare
996 2353 1204 2408 studuit
1225 2353 1312 2410 vel
1334 2354 1661 2421 emendare;
1687 2356 1850 2411 etiam

242 2436 505 2507 epistolas
536 2438 681 2494 beati
722 2440 1055 2512 Hieronymi,
1109 2450 1372 2514 quotquot
1419 2444 1711 2514 potuimus,
1743 2462 1848 2500 un-

240 2525 529 2598 decunque
558 2527 827 2598 quaesitas,
864 2536 916 2584 et
946 2545 1047 2599 pro
1076 2544 1343 2586 concessa
1373 2545 1405 2585 a
1436 2531 1551 2586 Deo
1594 2531 1847 2589 facultate

236 2614 538 2669 mendaciis
568 2624 918 2688 expurgatas,
952 2618 1007 2671 in
1037 2634 1202 2673 unum
1233 2618 1445 2691 grande
1476 2620 1731 2676 volumen
1751 2639 1842 2678 re-

1873 1358 1926 1418 B
1957 1365 2039 1412 est
2074 1372 2085 1411 :
2120 1365 2233 1412 tum
2281 1357 2404 1428 quia
2450 1356 2661 1428 praefati
2708 1358 2963 1413 doctores
3009 1373 3279 1429 nunquam
3322 1359 3465 1415 inter
3501 1377 3561 1416 se

1962 1446 2378 1516 praesentialiter
2406 1453 2529 1500 sunt
2574 1445 2759 1515 locuti,
2791 1454 2903 1500 tum
2933 1446 3061 1517 quia
3108 1447 3300 1502 eadem
3331 1449 3558 1521 questio

1960 1550 2061 1589 nec
2091 1534 2233 1605 apud
2263 1551 2377 1602 eos,
2411 1549 2513 1590 nec
2544 1534 2687 1605 apud
2726 1542 2953 1590 caeteros
3003 1533 3129 1590 ﬁdei
3159 1536 3440 1593 catholicae
3469 1554 3556 1594 se-

1960 1630 2192 1679 ctatores
2222 1624 2400 1679 adhuc
2429 1639 2604 1694 usque
2651 1623 2820 1693 potuit
2848 1622 3055 1694 liquido
3104 1622 3333 1680 deﬁniri.
3382 1626 3553 1694 Hujus

1958 1712 2337 1782 disputationis
2367 1711 2474 1766 tale
2522 1711 2788 1781 reperitur
2825 1710 3153 1782 principium
3182 1729 3195 1766 :
3233 1713 3372 1769 Cum
3399 1716 3551 1786 apud

1958 1817 2048 1857 vos
2085 1800 2325 1857 caelestis
2355 1800 2674 1872 eloquentia
2703 1800 2999 1871 purissimi
3034 1800 3235 1870 fontis.
3256 1801 3341 1856 Ne
3371 1810 3553 1858 autem

1956 1888 2202 1960 praedicti
2259 1888 2499 1943 doctoris
2559 1887 2802 1959 epistolae
2865 1887 2982 1942 sine
3026 1887 3331 1944 rationabili
3381 1906 3549 1947 causa

1956 1978 2102 2047 apud
2152 1976 2432 2047 imperitos
2476 1991 2575 2031 suo
2640 1976 2928 2032 videantur
2974 1992 3203 2033 numero
3250 1978 3545 2048 diminutas,

1954 2067 2054 2120 has
2085 2072 2288 2121 nostrae
2312 2064 2590 2134 parvitatis
2617 2064 2824 2120 litteras
2868 2065 2923 2119 in
2952 2064 3219 2137 principio
3263 2067 3544 2124 collocate.

1954 2153 2159 2210 Valete.
2194 2153 2362 2209 Orate
2384 2168 2483 2224 pro
2514 2153 2692 2209 nobis.

2716 2296 2782 2351 ΙΙ.

2021 2420 2104 2477 Ad
2120 2423 2354 2477 Petrum
2387 2420 2782 2485 Venerabilem,
2817 2419 3245 2475 Cluniacenaem
3265 2420 3536 2477 abbatem.

2231 2490 2599 2562 (Bibliotheca
2630 2492 3037 2556 Cluniacensis,
3071 2507 3125 2561 p.
3169 2490 3332 2561 653.)

2020 2615 2251 2671 Domino
2282 2623 2333 2672 et
2362 2613 2503 2670 Patri
2532 2615 2587 2669 in
2634 2614 2849 2670 Christo
2892 2614 3334 2671 reverentissimo
3363 2613 3546 2668 abbati

238 2702 514 2775 degimus.
563 2704 911 2759 Abscidimus
940 2714 1118 2760 autem
1167 2706 1236 2761 ab
1267 2706 1346 2762 eis
1375 2708 1662 2780 quasdam,
1708 2726 1843 2782 quas
1871 2716 1917 2776 ο
1947 2705 2288 2762 Cluniacensi
2314 2705 2521 2771 Parno,
2552 2703 2885 2777 dignationis
2930 2703 3045 2771 ejus
3075 2719 3268 2758 servus
3298 2709 3350 2758 et
3378 2701 3539 2772 ﬁlius,

238 2792 327 2846 vel
366 2807 432 2847 ex
462 2791 689 2849 aliorum
730 2792 1013 2849 doctorum
1057 2795 1287 2865 scriptis,
1322 2796 1407 2850 vel
1443 2812 1509 2851 ex
1559 2798 1680 2868 styli
1711 2814 1843 2855 sen-

237 2880 640 2953 tentiarumque
671 2881 945 2949 distantia,
986 2884 1144 2940 titulo
1184 2882 1315 2938 tanti
1344 2883 1446 2938 viri
1476 2886 1841 2956 comperimus

235 2968 538 3041 indignas:
572 2986 637 3024 ex
688 2970 886 3041 quibus
933 2970 1028 3026 illa
1073 2977 1155 3025 est
1202 2971 1357 3039 cujus
1405 2980 1488 3027 est
1535 2973 1723 3028 titulus
1772 2975 1840 3030 ad

236 3058 661 3125 Demetriadem,
696 3059 799 3113 hoc
826 3058 1035 3114 habens
1066 3058 1276 3113 initium
1305 3075 1315 3113 :
1342 3062 1401 3117 Si
1428 3074 1645 3118 summa
1676 3064 1839 3134 inge-

237 3147 335 3202 nio
364 3148 599 3219 parique
616 3148 800 3210 fretus
822 3149 1088 3203 scientia.
1125 3148 1274 3203 Hanc
1297 3148 1495 3219 quippe
1519 3150 1709 3205 beatus
1730 3154 1840 3205 Au-

237 3235 485 3308 gustinus
514 3234 570 3287 in
598 3248 764 3304 opere
793 3243 979 3290 contra
1008 3234 1289 3306 Pelagium
1322 3238 1400 3292 De
1433 3237 1613 3309 gratia
1643 3239 1838 3294 Christi

239 3331 293 3379 et
322 3323 393 3380 de~
418 3330 645 3394 peccato
676 3322 949 3395 originali,
986 3324 1229 3393 ejusdem
1262 3325 1465 3397 Pelagii
1514 3342 1638 3382 esse
1686 3327 1834 3397 dicit,

237 3410 487 3482 quadam
517 3410 688 3481 ipsius
734 3410 935 3466 frustra
966 3412 1215 3468 tractatui
1265 3429 1364 3468 suo
1393 3414 1715 3469 interferens
1749 3423 1835 3470 at-

238 3515 345 3569 que
376 3498 737 3571 redarguens.
773 3499 909 3555 Huic
939 3501 1210 3555 adduntur
1240 3509 1293 3555 et
1318 3502 1456 3569 istae,
1490 3502 1558 3557 ad
1587 3503 1836 3558 Titatium

233 3587 303 3641 de
331 3596 505 3642 morte
526 3586 666 3655 ﬁlim,
694 3588 851 3655 cujus
872 3587 1084 3643 initium
1106 3588 1212 3644 tale
1237 3597 1317 3643 est
1344 3606 1355 3643 :
1386 3589 1693 3647 Charitati:
1724 3596 1836 3649 tua:

229 3676 449 3747 scripta
472 3676 719 3748 percepi.
752 3676 835 3730 Ad
869 3676 1144 3733 Oceanum
1176 3678 1567 3743 consolatoria,
1603 3680 1707 3735 tale
1737 3681 1834 3735 ha-

227 3762 369 3819 bens
398 3764 603 3818 initium
639 3782 652 3819 :
681 3765 1039 3822 Diuersarum
1078 3768 1401 3837 opprobria,
1438 3768 1833 3824 tribulationes

228 3853 601 3924 multiplices.
634 3853 717 3909 Ad
764 3851 1007 3921 viduam,
1042 3870 1161 3925 quae
1192 3854 1272 3910 sic
1312 3854 1497 3925 incipit
1534 3869 1546 3909 :
1576 3857 1833 3927 Magnam

231 3939 549 3997 humilitati
570 3946 781 3997 nostra:
803 3942 1072 4009 ﬁduciam
1092 3943 1392 3998 scribendi.
1419 3943 1502 3997 Ad
1532 3943 1822 4016 virginem,

224 4028 342 4084 sive
374 4029 444 4085 ad
472 4028 641 4085 ﬁliam
672 4030 908 4086 Mauricii
954 4030 1265 4101 (dupliciter
1318 4030 1520 4104 quippe
1564 4030 1831 4090 intitulata

227 4118 521 4189 reperitur)
569 4118 855 4174 exordium
902 4119 1046 4173 istud
1098 4118 1373 4189 accipiens
1409 4135 1421 4172 :
1456 4121 1737 4186 Quantam
1768 4122 1829 4177 in

226 4206 543 4263 calestibus
563 4207 996 4264 beatitudinem.
1022 4208 1155 4263 Item
1176 4207 1243 4262 de
1263 4206 1421 4278 lapsu
1442 4206 1691 4279 virginis,
1715 4209 1830 4265 sive

221 4295 293 4352 de
322 4295 653 4365 pcenitentia,
689 4297 758 4350 ad
812 4297 1116 4352 Susannam
1150 4313 1165 4351 :
1198 4304 1428 4368 uterque
1472 4296 1617 4351 enim
1644 4297 1830 4353 titulus

220 4384 278 4438 in
309 4384 541 4439 diversis
571 4384 853 4440 codicibus
882 4384 1175 4440 invenitur.
1202 4383 1337 4451 Quae
1359 4391 1469 4439 tam
1496 4384 1730 4441 diversis
1762 4386 1830 4441 ti-

224 4471 423 4528 tulatur
453 4473 786 4538 auctoribus,
830 4481 888 4526 ut
941 4488 1132 4528 eorum
1178 4472 1378 4529 nullius
1411 4473 1480 4528 sit
1522 4474 1828 4530 decoranda

224 4560 516 4626 vocabulo,
552 4562 705 4630 cujus
735 4562 841 4617 hoc
871 4568 952 4616 est
979 4561 1034 4616 in
1053 4561 1381 4632 quibusdam
1409 4562 1565 4617 libris
1594 4563 1823 4619 initium.

1947 2792 2410 2849 Carthusiensium
2449 2807 2752 2863 pauperum
2802 2790 3009 2846 inutilis
3056 2790 3237 2847 Gurao
3285 2789 3537 2859 famulus,

1943 2890 2205 2953 perpetua
2233 2897 2369 2952 pace
2401 2881 2639 2954 gaudere
2668 2896 2768 2951 per
2797 2879 3089 2935 Christum.

2015 2969 2363 3036 Cruciﬁxum,
2409 2967 2702 3025 cruciﬁxus
2753 2976 2805 3024 et
2848 2968 2983 3040 ipse,
3015 2966 3402 3040 cruciﬁgendis
3430 2968 3538 3023 mi-

1943 3058 2109 3114 sistis.
2144 3058 2359 3114 Gratias
2400 3058 2580 3131 itaque
2621 3057 2920 3120 reddimus.
2970 3071 3069 3128 pro
3116 3056 3369 3130 qualitate
3410 3073 3535 3112 mu-

1941 3147 2107 3213 neris,
2142 3146 2392 3203 charitati
2421 3146 2800 3203 muneratoris.
2853 3146 3239 3211 Verumtamen
3268 3154 3452 3202 vestra
3479 3146 3535 3201 in

1938 3234 2132 3291 litteris
2160 3250 2295 3307 quas
2324 3234 2547 3290 misistis
2593 3249 2852 3306 expressa
2900 3236 3157 3301 charitas,
3204 3242 3407 3292 nostras
3434 3234 3534 3291 etsi

1938 3340 2194 3396 magnam
2221 3331 2437 3395 praestat
2468 3323 2895 3379 consolationem
2935 3321 3250 3389 inﬁrmitati,
3283 3339 3393 3379 non
3422 3323 3530 3379 mi-

1937 3429 2128 3469 norem
2158 3422 2340 3468 tamen
2370 3412 2641 3467 humilitas
2690 3410 3063 3467 confusionem
3101 3410 3298 3482 ingerit
3345 3419 3527 3468 extre-

1936 3502 2128 3556 mitati.
2159 3501 2315 3558 Unde
2344 3501 2577 3572 petimus
2598 3516 2696 3571 per
2724 3515 2865 3565 eam,
2917 3516 3020 3571 qua
3049 3499 3105 3554 in
3140 3514 3241 3555 nos
3271 3499 3525 3572 indignos

1936 3600 2113 3647 vestra
2140 3590 2353 3646 fervent
2382 3589 2612 3655 viscera,
2660 3588 3022 3653 dilectionem,
3072 3594 3130 3643 ut
3177 3588 3393 3659 quando
3421 3602 3525 3643 no-

1936 3687 2063 3735 stra:
2119 3678 2395 3751 exiguitati
2442 3685 2624 3734 vestra
2663 3677 2904 3733 scribere
2951 3676 3207 3749 dignatur
3235 3676 3520 3743 serenitas,

1934 3767 2005 3823 ita
2031 3768 2099 3823 de
2130 3768 2349 3839 propria
2390 3766 2638 3839 cogitetis
2686 3764 3041 3821 aediﬁcatione
3070 3773 3128 3819 ut
3156 3763 3523 3820 inﬁrmitatem

1932 3865 2174 3913 nostram
2222 3854 2524 3926 periculosa
2580 3870 2691 3911 non
2736 3853 2937 3909 infletis
2985 3853 3233 3909 elatione.
3277 3853 3347 3907 Et
3393 3852 3524 3910 illud

1932 3962 2043 4016 prae
2073 3944 2325 4000 omnibus
2355 3951 2407 3998 et
2448 3959 2614 4013 super
2657 3942 2837 3999 omnia
2885 3956 3215 4013 qumsumus,
3250 3948 3302 3996 et
3331 3940 3522 3997 deﬁxis

1859 4033 1985 4128 Din
2017 4041 2215 4089 terram
2246 4033 2478 4104 genibus
2508 4032 2876 4098 obsecramus,
2900 4046 2968 4085 ne
2998 4029 3253 4085 vilitatem
3286 4038 3524 4084 nostram

1931 4122 2104 4177 Patris
2149 4121 2369 4176 nomine
2413 4120 2637 4192 dignam
2676 4119 2897 4175 ulterius
2933 4118 3233 4174 mstimetis.
3293 4117 3437 4173 Satis
3465 4127 3519 4176 et

1929 4226 2115 4281 super,
2147 4209 2280 4264 satis
2309 4216 2410 4277 est,
2444 4208 2489 4262 si
2519 4207 2702 4274 frater,
2736 4208 2782 4262 si
2811 4207 3035 4275 amicus,
3072 4205 3119 4261 si
3156 4204 3298 4261 ﬁlius
3326 4206 3521 4279 appel-

1927 4297 2086 4363 letur,
2120 4298 2209 4369 qui
2239 4310 2341 4351 nec
2371 4296 2515 4352 servi
2539 4294 2757 4351 nomine
2787 4295 2988 4368 dignus
3027 4294 3273 4351 habetur.
3307 4294 3513 4352 Valete.

1930 4386 2165 4442 Salutate
2196 4384 2526 4441 reverendos
2555 4385 2741 4439 Patres
2770 4392 2823 4439 et
2853 4383 3102 4440 dominos
3130 4392 3363 4452 nostros,
3397 4383 3519 4455 qui-

1929 4476 2031 4530 bus
2060 4482 2344 4545 paternam
2374 4488 2558 4529 curam
2608 4472 2939 4543 impenditis,
2981 4489 3211 4545 quorum
3238 4473 3438 4544 pariter
3468 4481 3521 4529 et

1926 4564 2125 4619 vestris
2154 4562 2411 4635 precibus
2440 4568 2681 4617 nostram
2730 4560 3025 4616 illuminari
3063 4561 3377 4627 caecitatem,
3426 4577 3520 4617 ro-

1927 4652 2106 4708 borari
2135 4650 2501 4706 inﬁrmitatem
2530 4659 2583 4706 et
2616 4650 2821 4707 aboleri
2873 4650 3108 4720 petimus
3158 4649 3517 4720 iniquitatem.

1926 4740 2125 4796 Domni
2166 4740 2379 4796 Arberti
2427 4739 2651 4808 majoris
2697 4738 2900 4810 prioris
2944 4736 3363 4803 inﬁrmitatibus,
3396 4746 3519 4791 tan-

223 4651 370 4705 Puto
398 4651 512 4705 leve
534 4666 650 4706 esse
670 4651 909 4707 crimen.
944 4650 1005 4704 In
1026 4650 1146 4705 aliis
1164 4650 1306 4705 istud
1341 4666 1353 4703 :
1389 4652 1527 4719 Quid
1542 4653 1677 4722 agis,
1702 4655 1828 4708 ani-

224 4742 364 4794 ma?
392 4740 523 4811 quid
538 4739 969 4810 cogitationibus
990 4742 1198 4795 aestuas
1216 4745 1240 4794 Ρ
1269 4739 1352 4793 Ad
1385 4739 1729 4795 Desiderium
1757 4742 1826 4796 de

220 4841 305 4881 xu
335 4826 633 4883 lectoribus
666 4842 699 4882 a
735 4826 923 4883 nescio
972 4842 1079 4897 quo
1110 4827 1164 4881 in
1210 4827 1520 4883 irrisionem
1549 4828 1828 4883 doctorum
1925 4845 2089 4901 quam
2147 4828 2353 4901 antiqui
2411 4844 2473 4883 ac
2521 4827 2801 4883 familiaris
2862 4825 3043 4892 amici,
3099 4825 3520 4881 nostro'dolore

220 4916 543 4986 composita.
571 4916 652 4970 Ad
681 4915 979 4971 Celantiam
1012 4915 1361 4986 sicincipiens
1395 4934 1407 4969 :
1451 4918 1657 4972 Veteris
1678 4918 1825 4973 scri-
1926 4917 2307 4988 compatimur.
2340 4918 2611 4972 Domuum
2654 4932 2870 4988 quoque
2918 4917 3157 4980 Petrum,
3203 4913 3399 4970 vestris
3420 4914 3520 4968 lit-

213 5008 402 5077 ptura:
429 5005 710 5060 celebrata
730 5007 1022 5060 sententia
1040 5008 1146 5060 est.
1172 5006 1301 5060 Haec
1322 5004 1461 5075 stylo
1484 5005 1702 5077 quidem
1721 5022 1823 5061 no-
1926 5006 2053 5061 teris
2085 5004 2393 5076 Specialiter
2439 5004 2689 5070 inditum,
2740 5002 3054 5075 specialiter
3095 5010 3147 5058 et
3175 5002 3277 5074 ipsi
3308 5003 3518 5059 saluta-

216 5093 415 5148 biliore
443 5102 526 5147 est
550 5093 771 5163 scripta,
806 5093 905 5148 sed
935 5108 1038 5148 nec
1069 5093 1149 5147 sic
1176 5093 1339 5149 beato
1371 5093 1701 5164 Hieronymo
1729 5095 1817 5149 di-
1924 5111 2064 5149 mus.
2099 5095 2202 5149 Pro
2250 5092 2551 5150 visitatione
2600 5093 2763 5148 etiam
2827 5108 2989 5163 quam
3026 5091 3183 5147 nobis
3225 5090 3310 5147 vir
3354 5108 3520 5163 egre-

215 5197 345 5254 gna.
401 5182 681 5236 Postrema
729 5188 813 5236 est
860 5181 929 5236 de
976 5180 1191 5254 origine
1251 5182 1445 5236 animae
1487 5182 1819 5253 disputatio,
1924 5184 2047 5255 gius
2076 5183 2228 5253 prior
2256 5181 2613 5237 claustrensis
2663 5190 2715 5237 et
2744 5181 2978 5237 domnus
3010 5182 3168 5254 Hugo
3199 5180 3267 5236 de
3299 5180 3524 5236 Creceio

213 5269 372 5342 quasi
401 5270 543 5324 inter
574 5270 762 5323 beatos
794 5270 1185 5339 Hieronymum
1217 5278 1270 5325 et
1300 5270 1697 5341 Augustinum,
1732 5270 1824 5325 ubi
1924 5284 2096 5339 nuper
2125 5267 2440 5333 exhibuere,
2472 5267 2777 5338 paternitati
2826 5274 3022 5322 vestrae
3069 5265 3274 5338 gratias
3304 5264 3521 5336 agimus

212 5357 343 5414 licet
371 5358 537 5413 multa
567 5373 633 5413 ex
663 5372 852 5414 eorum
899 5358 1116 5430 scriptis
1145 5366 1428 5431 ponantur,
1475 5356 1609 5413 falsa
1639 5367 1821 5416 tamen
1923 5356 2259 5414 Incolumem
2288 5371 2387 5414 vos
2422 5356 2646 5413 assiduo
2694 5355 2952 5412 virtutum
2998 5354 3266 5427 profectu,
3317 5353 3387 5408 ad
3414 5366 3521 5407 no-

284 5510 361 5577 (5)
410 5511 675 5563 Carthusia
726 5511 1059 5564 Durboneusis
1136 5512 1185 5562 in
1254 5512 1505 5564 Provincia
1530 5551 1546 5575 ,
1610 5511 1831 5565 ditecesis
1856 5511 2199 5576 Vapincensis.
