  <div class='ocr_page' id='page_1' title='image "/cluster/home/n/w/nwhite01/storage/ocr_20150623/153/hvd.32044054760111/303.png"; bbox 0 0 3966 6050; ppageno 0'>
   <div class='ocr_carea' id='block_1_1' title="bbox 460 223 564 276">
    <p class='ocr_par' dir='ltr' id='par_1_1' title="bbox 460 223 564 276">
     <span class='ocr_line' id='line_1_1' title="bbox 460 223 564 276; baseline 0 0"><span class='ocrx_word' id='word_1_1' title='bbox 460 223 564 276; x_wconf 78' lang='lat'>595</span> 
     </span>
    </p>
   </div>
   <div class='ocr_carea' id='block_1_2' title="bbox 1272 211 2891 278">
    <p class='ocr_par' dir='ltr' id='par_1_2' title="bbox 1272 211 2891 278">
     <span class='ocr_line' id='line_1_2' title="bbox 1272 211 2891 278; baseline -0.007 0"><span class='ocrx_word' id='word_1_2' title='bbox 1272 218 1614 278; x_wconf 85' lang='lat' dir='ltr'>GUIGONIS</span> <span class='ocrx_word' id='word_1_3' title='bbox 1661 219 1686 274; x_wconf 90' lang='grc' dir='ltr'>Ι</span> <span class='ocrx_word' id='word_1_4' title='bbox 1728 211 2137 273; x_wconf 71' lang='grc' dir='ltr'>ΟΛΒΤΗΠΞῙΕ</span> <span class='ocrx_word' id='word_1_5' title='bbox 2181 211 2476 268; x_wconf 71' lang='grc' dir='ltr'>ΜΑΙΟΒΙΞ</span> <span class='ocrx_word' id='word_1_6' title='bbox 2502 211 2779 268; x_wconf 82' lang='lat' dir='ltr'>PRIORIS</span> <span class='ocrx_word' id='word_1_7' title='bbox 2826 212 2891 266; x_wconf 86' lang='lat' dir='ltr'>V.</span> 
     </span>
    </p>
   </div>
   <div class='ocr_carea' id='block_1_3' title="bbox 3637 211 3746 264">
    <p class='ocr_par' dir='ltr' id='par_1_3' title="bbox 3637 211 3746 264">
     <span class='ocr_line' id='line_1_3' title="bbox 3637 211 3746 264; baseline 0 0"><span class='ocrx_word' id='word_1_8' title='bbox 3637 211 3746 264; x_wconf 78' lang='lat'>596</span> 
     </span>
    </p>
   </div>
   <div class='ocr_carea' id='block_1_4' title="bbox 459 333 3748 416">
    <p class='ocr_par' dir='ltr' id='par_1_4' title="bbox 459 333 3748 416">
     <span class='ocr_line' id='line_1_4' title="bbox 459 333 3748 416; baseline -0.003 -17"><span class='ocrx_word' id='word_1_9' title='bbox 459 353 632 399; x_wconf 85' lang='lat' dir='ltr'>stram</span> <span class='ocrx_word' id='word_1_10' title='bbox 654 351 708 399; x_wconf 90' lang='lat' dir='ltr'>et</span> <span class='ocrx_word' id='word_1_11' title='bbox 738 343 896 399; x_wconf 85' lang='lat' dir='ltr'>totius</span> <span class='ocrx_word' id='word_1_12' title='bbox 925 343 1188 400; x_wconf 67' lang='lat' dir='ltr'>Ecclesiae</span> <span class='ocrx_word' id='word_1_13' title='bbox 1229 345 1504 416; x_wconf 83' lang='lat' dir='ltr'>gaudium,</span> <span class='ocrx_word' id='word_1_14' title='bbox 1528 341 1812 398; x_wconf 85' lang='lat' dir='ltr'>clementia</span> <span class='ocrx_word' id='word_1_15' title='bbox 1859 338 2043 395; x_wconf 87' lang='lat' dir='ltr'>divina</span> <span class='ocrx_word' id='word_1_16' title='bbox 2070 339 2121 398; x_wconf 75' lang='grc' dir='ltr'>Α</span> <span class='ocrx_word' id='word_1_17' title='bbox 2148 351 2314 390; x_wconf 85' lang='lat' dir='ltr'>suum</span> <span class='ocrx_word' id='word_1_18' title='bbox 2335 337 2402 391; x_wconf 85' lang='lat' dir='ltr'>de</span> <span class='ocrx_word' id='word_1_19' title='bbox 2421 340 2614 392; x_wconf 86' lang='lat' dir='ltr'>monte</span> <span class='ocrx_word' id='word_1_20' title='bbox 2638 336 2774 392; x_wconf 83' lang='lat' dir='ltr'>Oreb</span> <span class='ocrx_word' id='word_1_21' title='bbox 2795 334 2995 406; x_wconf 74' lang='lat' dir='ltr'>(Exod.</span> <span class='ocrx_word' id='word_1_22' title='bbox 3017 348 3224 398; x_wconf 78' lang='lat' dir='ltr'>xxxiii,</span> <span class='ocrx_word' id='word_1_23' title='bbox 3249 335 3323 403; x_wconf 81' lang='grc'>5).</span> <span class='ocrx_word' id='word_1_24' title='bbox 3351 333 3590 404; x_wconf 86' lang='lat' dir='ltr'>itemque</span> <span class='ocrx_word' id='word_1_25' title='bbox 3607 333 3748 388; x_wconf 86' lang='lat' dir='ltr'>alias</span> 
     </span>
    </p>
   </div>
   <div class='ocr_carea' id='block_1_5' title="bbox 460 429 2047 503">
    <p class='ocr_par' dir='ltr' id='par_1_5' title="bbox 460 429 2047 503">
     <span class='ocr_line' id='line_1_5' title="bbox 460 429 2047 503; baseline -0.004 -15"><span class='ocrx_word' id='word_1_26' title='bbox 460 441 764 488; x_wconf 81' lang='lat' dir='ltr'>conservet.</span> <span class='ocrx_word' id='word_1_27' title='bbox 799 433 954 503; x_wconf 83' lang='lat' dir='ltr'>Apud</span> <span class='ocrx_word' id='word_1_28' title='bbox 987 432 1179 487; x_wconf 80' lang='lat' dir='ltr'>fratres</span> <span class='ocrx_word' id='word_1_29' title='bbox 1209 444 1427 488; x_wconf 89' lang='lat' dir='ltr'>nostros</span> <span class='ocrx_word' id='word_1_30' title='bbox 1465 441 1644 486; x_wconf 88' lang='lat' dir='ltr'>nostra</span> <span class='ocrx_word' id='word_1_31' title='bbox 1693 429 2047 485; x_wconf 88' lang='lat' dir='ltr'>commenda-</span> 
     </span>
    </p>
   </div>
   <div class='ocr_carea' id='block_1_6' title="bbox 458 515 2050 592">
    <p class='ocr_par' dir='ltr' id='par_1_6' title="bbox 458 515 2050 592">
     <span class='ocr_line' id='line_1_6' title="bbox 458 515 2050 592; baseline -0.003 -18"><span class='ocrx_word' id='word_1_32' title='bbox 458 520 602 576; x_wconf 81' lang='lat' dir='ltr'>tione</span> <span class='ocrx_word' id='word_1_33' title='bbox 642 536 749 575; x_wconf 91' lang='lat' dir='ltr'>non</span> <span class='ocrx_word' id='word_1_34' title='bbox 798 521 1071 591; x_wconf 77' lang='lat' dir='ltr'>indigetis.</span> <span class='ocrx_word' id='word_1_35' title='bbox 1138 523 1370 592; x_wconf 90' lang='lat' dir='ltr'>Ipsemet</span> <span class='ocrx_word' id='word_1_36' title='bbox 1416 521 1559 575; x_wconf 89' lang='lat' dir='ltr'>enim</span> <span class='ocrx_word' id='word_1_37' title='bbox 1607 519 1800 574; x_wconf 88' lang='lat' dir='ltr'>vestris</span> <span class='ocrx_word' id='word_1_38' title='bbox 1845 515 2050 571; x_wconf 89' lang='lat' dir='ltr'>meritis</span> 
     </span>
    </p>
   </div>
   <div class='ocr_carea' id='block_1_7' title="bbox 460 609 2047 680">
    <p class='ocr_par' dir='ltr' id='par_1_7' title="bbox 460 609 2047 680">
     <span class='ocr_line' id='line_1_7' title="bbox 460 609 2047 680; baseline -0.001 -18"><span class='ocrx_word' id='word_1_39' title='bbox 460 609 764 680; x_wconf 80' lang='lat' dir='ltr'>vestrisque</span> <span class='ocrx_word' id='word_1_40' title='bbox 795 609 986 663; x_wconf 77' lang='lat' dir='ltr'>litteris</span> <span class='ocrx_word' id='word_1_41' title='bbox 1015 625 1202 664; x_wconf 88' lang='lat' dir='ltr'>eorum</span> <span class='ocrx_word' id='word_1_42' title='bbox 1233 609 1537 664; x_wconf 74' lang='lat' dir='ltr'>visceribus</span> <span class='ocrx_word' id='word_1_43' title='bbox 1572 615 1807 662; x_wconf 80' lang='lat' dir='ltr'>vestram</span> <span class='ocrx_word' id='word_1_44' title='bbox 1834 619 2047 660; x_wconf 86' lang='lat' dir='ltr'>memo-</span> 
     </span>
    </p>
   </div>
   <div class='ocr_carea' id='block_1_8' title="bbox 460 697 1299 770">
    <p class='ocr_par' dir='ltr' id='par_1_8' title="bbox 460 697 1299 770">
     <span class='ocr_line' id='line_1_8' title="bbox 460 697 1299 770; baseline 0.001 -19"><span class='ocrx_word' id='word_1_45' title='bbox 460 697 597 752; x_wconf 88' lang='lat' dir='ltr'>riam</span> <span class='ocrx_word' id='word_1_46' title='bbox 628 697 986 753; x_wconf 89' lang='lat' dir='ltr'>insolubiliter</span> <span class='ocrx_word' id='word_1_47' title='bbox 1013 697 1299 770; x_wconf 87' lang='lat' dir='ltr'>alligastis.</span> 
     </span>
    </p>
   </div>
   <div class='ocr_carea' id='block_1_9' title="bbox 1237 841 1326 894">
    <p class='ocr_par' dir='ltr' id='par_1_9' title="bbox 1237 841 1326 894">
     <span class='ocr_line' id='line_1_9' title="bbox 1237 841 1326 894; baseline 0 0"><span class='ocrx_word' id='word_1_48' title='bbox 1237 841 1326 894; x_wconf 85' lang='grc' dir='ltr'><strong>ΙΙΙ.</strong></span> 
     </span>
    </p>
   </div>
   <div class='ocr_carea' id='block_1_10' title="bbox 457 969 2046 1042">
    <p class='ocr_par' dir='ltr' id='par_1_10' title="bbox 457 969 2046 1042">
     <span class='ocr_line' id='line_1_10' title="bbox 457 969 2046 1042; baseline -0.004 -16"><span class='ocrx_word' id='word_1_49' title='bbox 457 971 540 1026; x_wconf 81' lang='lat' dir='ltr'>Ad</span> <span class='ocrx_word' id='word_1_50' title='bbox 581 972 975 1042; x_wconf 80' lang='lat' dir='ltr'>Haymericum</span> <span class='ocrx_word' id='word_1_51' title='bbox 1014 970 1366 1042; x_wconf 74' lang='lat' dir='ltr'>cardinalem</span> <span class='ocrx_word' id='word_1_52' title='bbox 1394 973 1452 1042; x_wconf 81' lang='lat' dir='ltr'>et</span> <span class='ocrx_word' id='word_1_53' title='bbox 1483 969 1914 1042; x_wconf 83' lang='lat' dir='ltr'>cancellarium.</span> <span class='ocrx_word' id='word_1_54' title='bbox 1978 997 2046 1042; x_wconf 52' lang='grc' dir='ltr'>-ῖ</span> 
     </span>
    </p>
   </div>
   <div class='ocr_carea' id='block_1_11' title="bbox 530 1038 2045 1111">
    <p class='ocr_par' dir='ltr' id='par_1_11' title="bbox 530 1038 2045 1111">
     <span class='ocr_line' id='line_1_11' title="bbox 530 1038 2045 1111; baseline -0.004 -15"><span class='ocrx_word' id='word_1_55' title='bbox 530 1038 710 1096; x_wconf 81' lang='lat' dir='ltr'>Monet</span> <span class='ocrx_word' id='word_1_56' title='bbox 740 1042 876 1096; x_wconf 87' lang='lat' dir='ltr'>duos</span> <span class='ocrx_word' id='word_1_57' title='bbox 916 1057 1031 1096; x_wconf 86' lang='lat' dir='ltr'>esse</span> <span class='ocrx_word' id='word_1_58' title='bbox 1079 1039 1265 1096; x_wconf 80' lang='lat' dir='ltr'>hostes</span> <span class='ocrx_word' id='word_1_59' title='bbox 1309 1041 1635 1111; x_wconf 81' lang='lat' dir='ltr'>quibuscum</span> <span class='ocrx_word' id='word_1_60' title='bbox 1676 1040 1929 1111; x_wconf 72' lang='lat' dir='ltr'>maxime</span> <span class='ocrx_word' id='word_1_61' title='bbox 1971 1038 2045 1091; x_wconf 87' lang='lat' dir='ltr'>sit</span> 
     </span>
    </p>
   </div>
   <div class='ocr_carea' id='block_1_12' title="bbox 525 1109 2046 1183">
    <p class='ocr_par' dir='ltr' id='par_1_12' title="bbox 525 1109 2046 1183">
     <span class='ocr_line' id='line_1_12' title="bbox 525 1109 2046 1183; baseline -0.003 -17"><span class='ocrx_word' id='word_1_62' title='bbox 525 1112 915 1183; x_wconf 84' lang='lat' dir='ltr'>pugnandum,</span> <span class='ocrx_word' id='word_1_63' title='bbox 951 1115 1006 1166; x_wconf 90' lang='lat' dir='ltr'>et</span> <span class='ocrx_word' id='word_1_64' title='bbox 1027 1109 1522 1183; x_wconf 20' lang='grc' dir='ltr'>υοηιναᾳιξέοιεες-ἱ-ιε</span> <span class='ocrx_word' id='word_1_65' title='bbox 1550 1109 1898 1183; x_wconf 82' lang='lat' dir='ltr'>adversarios</span> <span class='ocrx_word' id='word_1_66' title='bbox 1930 1123 2046 1183; x_wconf 82' lang='lat' dir='ltr'>non</span> 
     </span>
    </p>
   </div>
   <div class='ocr_carea' id='block_1_13' title="bbox 527 1180 2046 1305">
    <p class='ocr_par' dir='ltr' id='par_1_13' title="bbox 527 1180 2046 1305">
     <span class='ocr_line' id='line_1_13' title="bbox 527 1180 2046 1305; baseline -0.003 -69"><span class='ocrx_word' id='word_1_67' title='bbox 527 1180 705 1305; x_wconf 38' lang='lat' dir='ltr'>agr—ni;</span> <span class='ocrx_word' id='word_1_68' title='bbox 734 1183 1136 1253; x_wconf 81' lang='lat' dir='ltr'>corporalibus,</span> <span class='ocrx_word' id='word_1_69' title='bbox 1160 1180 1258 1236; x_wconf 81' lang='lat' dir='ltr'>sed</span> <span class='ocrx_word' id='word_1_70' title='bbox 1275 1181 1604 1236; x_wconf 79' lang='lat' dir='ltr'>humilitate</span> <span class='ocrx_word' id='word_1_71' title='bbox 1622 1183 1677 1233; x_wconf 87' lang='lat' dir='ltr'>et</span> <span class='ocrx_word' id='word_1_72' title='bbox 1708 1181 2046 1248; x_wconf 67' lang='lat' dir='ltr'>paenitentia</span> 
     </span>
     <span class='ocr_line' id='line_1_14' title="bbox 527 1267 825 1305; baseline 0 0"><span class='ocrx_word' id='word_1_73' title='bbox 527 1267 565 1305; x_wconf 90' lang='lat' dir='ltr'>u</span> <span class='ocrx_word' id='word_1_74' title='bbox 597 1268 665 1305; x_wconf 88' lang='lat' dir='ltr'>en</span> <span class='ocrx_word' id='word_1_75' title='bbox 710 1269 825 1305; x_wconf 85' lang='lat' dir='ltr'>um.</span> 
     </span>
    </p>
   </div>
   <div class='ocr_carea' id='block_1_14' title="bbox 526 1255 825 1306">
    <p class='ocr_par' dir='ltr' id='par_1_14' title="bbox 526 1255 825 1306">
     <span class='ocr_line' id='line_1_15' title="bbox 526 1255 825 1306; baseline 0 0"><span class='ocrx_word' id='word_1_76' title='bbox 526 1255 825 1306; x_wconf 83' lang='lat' dir='ltr'>utendum.</span> 
     </span>
    </p>
   </div>
   <div class='ocr_carea' id='block_1_15' title="bbox 525 1345 1974 1418">
    <p class='ocr_par' dir='ltr' id='par_1_15' title="bbox 525 1345 1974 1418">
     <span class='ocr_line' id='line_1_16' title="bbox 525 1345 1974 1418; baseline -0.003 -16"><span class='ocrx_word' id='word_1_77' title='bbox 525 1346 691 1418; x_wconf 89' lang='lat' dir='ltr'>(Opp.</span> <span class='ocrx_word' id='word_1_78' title='bbox 726 1347 782 1402; x_wconf 92' lang='lat' dir='ltr'>S.</span> <span class='ocrx_word' id='word_1_79' title='bbox 818 1349 984 1402; x_wconf 86' lang='lat' dir='ltr'>Bern.</span> <span class='ocrx_word' id='word_1_80' title='bbox 1024 1346 1150 1402; x_wconf 89' lang='lat' dir='ltr'>edit.</span> <span class='ocrx_word' id='word_1_81' title='bbox 1187 1347 1440 1411; x_wconf 78' lang='grc' dir='ltr'><strong>ΜΑΒιι.ι.,</strong></span> <span class='ocrx_word' id='word_1_82' title='bbox 1473 1345 1582 1399; x_wconf 92' lang='lat' dir='ltr'>vol.</span> <span class='ocrx_word' id='word_1_83' title='bbox 1603 1345 1668 1412; x_wconf 87' lang='lat' dir='ltr'>II,</span> <span class='ocrx_word' id='word_1_84' title='bbox 1701 1360 1754 1416; x_wconf 93' lang='lat' dir='ltr'>p.</span> <span class='ocrx_word' id='word_1_85' title='bbox 1792 1346 1974 1414; x_wconf 77' lang='grc'>1051.)</span> 
     </span>
    </p>
   </div>
   <div class='ocr_carea' id='block_1_16' title="bbox 526 1476 2045 1543">
    <p class='ocr_par' dir='ltr' id='par_1_16' title="bbox 526 1476 2045 1543">
     <span class='ocr_line' id='line_1_17' title="bbox 526 1476 2045 1543; baseline -0.002 -9"><span class='ocrx_word' id='word_1_86' title='bbox 526 1483 576 1535; x_wconf 82' lang='lat' dir='ltr'>l.</span> <span class='ocrx_word' id='word_1_87' title='bbox 602 1480 836 1534; x_wconf 88' lang='lat' dir='ltr'>Domino</span> <span class='ocrx_word' id='word_1_88' title='bbox 855 1488 908 1535; x_wconf 91' lang='lat' dir='ltr'>et</span> <span class='ocrx_word' id='word_1_89' title='bbox 928 1479 1104 1534; x_wconf 89' lang='lat' dir='ltr'>amico</span> <span class='ocrx_word' id='word_1_90' title='bbox 1134 1479 1188 1532; x_wconf 90' lang='lat' dir='ltr'>in</span> <span class='ocrx_word' id='word_1_91' title='bbox 1219 1477 1434 1534; x_wconf 86' lang='lat' dir='ltr'>Christo</span> <span class='ocrx_word' id='word_1_92' title='bbox 1455 1476 1929 1543; x_wconf 88' lang='lat' dir='ltr'>reverendissimo,</span> <span class='ocrx_word' id='word_1_93' title='bbox 1953 1492 2045 1532; x_wconf 87' lang='lat' dir='ltr'>se-</span> 
     </span>
    </p>
   </div>
   <div class='ocr_carea' id='block_1_17' title="bbox 451 1565 2045 1638">
    <p class='ocr_par' dir='ltr' id='par_1_17' title="bbox 451 1565 2045 1638">
     <span class='ocr_line' id='line_1_18' title="bbox 451 1565 2045 1638; baseline -0.002 -17"><span class='ocrx_word' id='word_1_94' title='bbox 451 1566 536 1621; x_wconf 90' lang='lat' dir='ltr'>dis</span> <span class='ocrx_word' id='word_1_95' title='bbox 566 1567 880 1638; x_wconf 78' lang='lat' dir='ltr'>apostolicae</span> <span class='ocrx_word' id='word_1_96' title='bbox 919 1565 1243 1622; x_wconf 89' lang='lat' dir='ltr'>cancellario</span> <span class='ocrx_word' id='word_1_97' title='bbox 1293 1567 1635 1631; x_wconf 62' lang='lat' dir='ltr'>Ilsvunmco,</span> <span class='ocrx_word' id='word_1_98' title='bbox 1665 1565 1822 1619; x_wconf 87' lang='lat' dir='ltr'>amici</span> <span class='ocrx_word' id='word_1_99' title='bbox 1853 1566 1921 1631; x_wconf 92' lang='lat' dir='ltr'>(si</span> <span class='ocrx_word' id='word_1_100' title='bbox 1961 1572 2045 1618; x_wconf 89' lang='lat' dir='ltr'>ta-</span> 
     </span>
    </p>
   </div>
   <div class='ocr_carea' id='block_1_18' title="bbox 2149 421 3737 494">
    <p class='ocr_par' dir='ltr' id='par_1_18' title="bbox 2149 421 3737 494">
     <span class='ocr_line' id='line_1_19' title="bbox 2149 421 3737 494; baseline 0.001 -18"><span class='ocrx_word' id='word_1_101' title='bbox 2149 423 2278 477; x_wconf 87' lang='lat' dir='ltr'>luxit</span> <span class='ocrx_word' id='word_1_102' title='bbox 2311 425 2560 494; x_wconf 90' lang='lat' dir='ltr'>populus,</span> <span class='ocrx_word' id='word_1_103' title='bbox 2592 432 2645 479; x_wconf 88' lang='lat' dir='ltr'>et</span> <span class='ocrx_word' id='word_1_104' title='bbox 2683 424 2862 478; x_wconf 89' lang='lat' dir='ltr'>nullus</span> <span class='ocrx_word' id='word_1_105' title='bbox 2899 439 3087 478; x_wconf 90' lang='lat' dir='ltr'>eorum</span> <span class='ocrx_word' id='word_1_106' title='bbox 3117 421 3334 475; x_wconf 87' lang='lat' dir='ltr'>indutus</span> <span class='ocrx_word' id='word_1_107' title='bbox 3365 430 3446 475; x_wconf 87' lang='lat' dir='ltr'>est</span> <span class='ocrx_word' id='word_1_108' title='bbox 3486 438 3550 476; x_wconf 83' lang='lat' dir='ltr'>ex</span> <span class='ocrx_word' id='word_1_109' title='bbox 3590 423 3737 477; x_wconf 85' lang='lat' dir='ltr'>culto</span> 
     </span>
    </p>
   </div>
   <div class='ocr_carea' id='block_1_19' title="bbox 2148 510 3742 582">
    <p class='ocr_par' dir='ltr' id='par_1_19' title="bbox 2148 510 3742 582">
     <span class='ocr_line' id='line_1_20' title="bbox 2148 510 3742 582; baseline -0.001 -16"><span class='ocrx_word' id='word_1_110' title='bbox 2148 527 2268 566; x_wconf 92' lang='lat' dir='ltr'>suo.</span> <span class='ocrx_word' id='word_1_111' title='bbox 2293 512 2439 567; x_wconf 88' lang='lat' dir='ltr'>Sicut</span> <span class='ocrx_word' id='word_1_112' title='bbox 2461 521 2510 566; x_wconf 91' lang='lat' dir='ltr'>et</span> <span class='ocrx_word' id='word_1_113' title='bbox 2526 511 2880 568; x_wconf 89' lang='lat' dir='ltr'>Ninivitarum</span> <span class='ocrx_word' id='word_1_114' title='bbox 2905 527 3019 579; x_wconf 86' lang='lat' dir='ltr'>rex,</span> <span class='ocrx_word' id='word_1_115' title='bbox 3046 511 3207 564; x_wconf 92' lang='lat' dir='ltr'>homo</span> <span class='ocrx_word' id='word_1_116' title='bbox 3229 510 3468 582; x_wconf 80' lang='lat' dir='ltr'>gentilis,</span> <span class='ocrx_word' id='word_1_117' title='bbox 3493 511 3562 563; x_wconf 88' lang='lat' dir='ltr'>ad</span> <span class='ocrx_word' id='word_1_118' title='bbox 3581 511 3742 564; x_wconf 89' lang='lat' dir='ltr'>unius</span> 
     </span>
    </p>
   </div>
   <div class='ocr_carea' id='block_1_20' title="bbox 2149 599 3746 672">
    <p class='ocr_par' dir='ltr' id='par_1_20' title="bbox 2149 599 3746 672">
     <span class='ocr_line' id='line_1_21' title="bbox 2149 599 3746 672; baseline 0 -18"><span class='ocrx_word' id='word_1_119' title='bbox 2149 600 2382 654; x_wconf 88' lang='lat' dir='ltr'>hominis</span> <span class='ocrx_word' id='word_1_120' title='bbox 2413 601 2583 672; x_wconf 89' lang='lat' dir='ltr'>ignoti</span> <span class='ocrx_word' id='word_1_121' title='bbox 2602 616 2791 655; x_wconf 91' lang='lat' dir='ltr'>vocem</span> <span class='ocrx_word' id='word_1_122' title='bbox 2813 604 2866 654; x_wconf 87' lang='lat' dir='ltr'>et</span> <span class='ocrx_word' id='word_1_123' title='bbox 2901 599 3172 667; x_wconf 76' lang='lat' dir='ltr'>naufragi,</span> <span class='ocrx_word' id='word_1_124' title='bbox 3205 599 3488 653; x_wconf 80' lang='lat' dir='ltr'>descendit</span> <span class='ocrx_word' id='word_1_125' title='bbox 3512 599 3578 652; x_wconf 88' lang='lat' dir='ltr'>de</span> <span class='ocrx_word' id='word_1_126' title='bbox 3607 600 3746 654; x_wconf 86' lang='lat' dir='ltr'>solio</span> 
     </span>
    </p>
   </div>
   <div class='ocr_carea' id='block_1_21' title="bbox 2147 686 3744 757">
    <p class='ocr_par' dir='ltr' id='par_1_21' title="bbox 2147 686 3744 757">
     <span class='ocr_line' id='line_1_22' title="bbox 2147 686 3744 757; baseline -0.002 -14"><span class='ocrx_word' id='word_1_127' title='bbox 2147 704 2268 751; x_wconf 79' lang='lat' dir='ltr'>suo,</span> <span class='ocrx_word' id='word_1_128' title='bbox 2302 693 2358 743; x_wconf 87' lang='lat' dir='ltr'>et</span> <span class='ocrx_word' id='word_1_129' title='bbox 2387 689 2589 757; x_wconf 78' lang='lat' dir='ltr'>abiecit</span> <span class='ocrx_word' id='word_1_130' title='bbox 2614 690 2953 744; x_wconf 85' lang='lat' dir='ltr'>vestimenta</span> <span class='ocrx_word' id='word_1_131' title='bbox 2992 704 3094 742; x_wconf 88' lang='lat' dir='ltr'>sua</span> <span class='ocrx_word' id='word_1_132' title='bbox 3117 704 3152 741; x_wconf 92' lang='lat' dir='ltr'>a</span> <span class='ocrx_word' id='word_1_133' title='bbox 3181 703 3270 750; x_wconf 77' lang='lat' dir='ltr'>se,</span> <span class='ocrx_word' id='word_1_134' title='bbox 3305 691 3361 740; x_wconf 88' lang='lat' dir='ltr'>et</span> <span class='ocrx_word' id='word_1_135' title='bbox 3390 686 3625 741; x_wconf 86' lang='lat' dir='ltr'>indutus</span> <span class='ocrx_word' id='word_1_136' title='bbox 3655 691 3744 741; x_wconf 85' lang='lat' dir='ltr'>est</span> 
     </span>
    </p>
   </div>
   <div class='ocr_carea' id='block_1_22' title="bbox 2149 775 3745 848">
    <p class='ocr_par' dir='ltr' id='par_1_22' title="bbox 2149 775 3745 848">
     <span class='ocr_line' id='line_1_23' title="bbox 2149 775 3745 848; baseline -0.001 -18"><span class='ocrx_word' id='word_1_137' title='bbox 2149 792 2327 843; x_wconf 83' lang='lat' dir='ltr'>sacco,</span> <span class='ocrx_word' id='word_1_138' title='bbox 2361 776 2572 831; x_wconf 87' lang='lat' dir='ltr'>etsedit</span> <span class='ocrx_word' id='word_1_139' title='bbox 2602 777 2664 830; x_wconf 87' lang='lat' dir='ltr'>in</span> <span class='ocrx_word' id='word_1_140' title='bbox 2683 778 2934 848; x_wconf 80' lang='lat' dir='ltr'>puluere,</span> <span class='ocrx_word' id='word_1_141' title='bbox 2967 779 3022 831; x_wconf 89' lang='lat' dir='ltr'>et</span> <span class='ocrx_word' id='word_1_142' title='bbox 3043 775 3310 830; x_wconf 83' lang='lat' dir='ltr'>clamavit</span> <span class='ocrx_word' id='word_1_143' title='bbox 3341 775 3412 828; x_wconf 87' lang='lat' dir='ltr'>ad</span> <span class='ocrx_word' id='word_1_144' title='bbox 3445 777 3745 829; x_wconf 87' lang='lat' dir='ltr'>Dominum</span> 
     </span>
    </p>
   </div>
   <div class='ocr_carea' id='block_1_23' title="bbox 2150 861 3746 934">
    <p class='ocr_par' dir='ltr' id='par_1_23' title="bbox 2150 861 3746 934">
     <span class='ocr_line' id='line_1_24' title="bbox 2150 861 3746 934; baseline -0.003 -14"><span class='ocrx_word' id='word_1_145' title='bbox 2150 865 2296 934; x_wconf 86' lang='lat' dir='ltr'>(Jon.</span> <span class='ocrx_word' id='word_1_146' title='bbox 2323 879 2403 930; x_wconf 87' lang='grc' dir='ltr'><strong>ιιι,</strong></span> <span class='ocrx_word' id='word_1_147' title='bbox 2437 865 2528 934; x_wconf 90' lang='lat'>6);</span> <span class='ocrx_word' id='word_1_148' title='bbox 2563 864 2809 919; x_wconf 87' lang='lat' dir='ltr'>eamdem</span> <span class='ocrx_word' id='word_1_149' title='bbox 2829 863 3192 918; x_wconf 85' lang='lat' dir='ltr'>austeritatem</span> <span class='ocrx_word' id='word_1_150' title='bbox 3225 878 3332 916; x_wconf 88' lang='lat' dir='ltr'>non</span> <span class='ocrx_word' id='word_1_151' title='bbox 3363 861 3538 916; x_wconf 92' lang='lat' dir='ltr'>solum</span> <span class='ocrx_word' id='word_1_152' title='bbox 3568 863 3746 916; x_wconf 91' lang='lat' dir='ltr'>omnis</span> 
     </span>
    </p>
   </div>
   <div class='ocr_carea' id='block_1_24' title="bbox 2147 950 3743 1020">
    <p class='ocr_par' dir='ltr' id='par_1_24' title="bbox 2147 950 3743 1020">
     <span class='ocr_line' id='line_1_25' title="bbox 2147 950 3743 1020; baseline -0.003 -13"><span class='ocrx_word' id='word_1_153' title='bbox 2147 953 2321 1007; x_wconf 65' lang='lat' dir='ltr'>aetatis</span> <span class='ocrx_word' id='word_1_154' title='bbox 2353 960 2404 1006; x_wconf 90' lang='lat' dir='ltr'>et</span> <span class='ocrx_word' id='word_1_155' title='bbox 2437 969 2598 1006; x_wconf 87' lang='lat' dir='ltr'>sexus</span> <span class='ocrx_word' id='word_1_156' title='bbox 2630 952 2892 1015; x_wconf 85' lang='lat' dir='ltr'>homines,</span> <span class='ocrx_word' id='word_1_157' title='bbox 2928 951 3024 1005; x_wconf 87' lang='lat' dir='ltr'>sed</span> <span class='ocrx_word' id='word_1_158' title='bbox 3069 951 3310 1020; x_wconf 87' lang='lat' dir='ltr'>jumenta</span> <span class='ocrx_word' id='word_1_159' title='bbox 3359 950 3542 1004; x_wconf 89' lang='lat' dir='ltr'>subire</span> <span class='ocrx_word' id='word_1_160' title='bbox 3586 965 3743 1005; x_wconf 91' lang='lat' dir='ltr'>com-</span> 
     </span>
    </p>
   </div>
   <div class='ocr_carea' id='block_1_25' title="bbox 2149 1038 3746 1112">
    <p class='ocr_par' dir='ltr' id='par_1_25' title="bbox 2149 1038 3746 1112">
     <span class='ocr_line' id='line_1_26' title="bbox 2149 1038 3746 1112; baseline -0.003 -18"><span class='ocrx_word' id='word_1_161' title='bbox 2149 1039 2377 1110; x_wconf 88' lang='lat' dir='ltr'>pellens.</span> <span class='ocrx_word' id='word_1_162' title='bbox 2410 1042 2475 1094; x_wconf 88' lang='lat' dir='ltr'>Et</span> <span class='ocrx_word' id='word_1_163' title='bbox 2507 1056 2606 1094; x_wconf 89' lang='lat' dir='ltr'>nos</span> <span class='ocrx_word' id='word_1_164' title='bbox 2635 1040 2815 1112; x_wconf 88' lang='lat' dir='ltr'>itaque</span> <span class='ocrx_word' id='word_1_165' title='bbox 2853 1039 3119 1094; x_wconf 88' lang='lat' dir='ltr'>Dominici</span> <span class='ocrx_word' id='word_1_166' title='bbox 3171 1038 3431 1108; x_wconf 88' lang='lat' dir='ltr'>corporis,</span> <span class='ocrx_word' id='word_1_167' title='bbox 3485 1038 3626 1108; x_wconf 90' lang='lat' dir='ltr'>quod</span> <span class='ocrx_word' id='word_1_168' title='bbox 3659 1046 3746 1091; x_wconf 89' lang='lat' dir='ltr'>est</span> 
     </span>
    </p>
   </div>
   <div class='ocr_carea' id='block_1_26' title="bbox 2148 1125 3743 1197">
    <p class='ocr_par' dir='ltr' id='par_1_26' title="bbox 2148 1125 3743 1197">
     <span class='ocr_line' id='line_1_27' title="bbox 2148 1125 3743 1197; baseline -0.001 -16"><span class='ocrx_word' id='word_1_169' title='bbox 2148 1127 2412 1194; x_wconf 83' lang='lat' dir='ltr'>Ecclesia,</span> <span class='ocrx_word' id='word_1_170' title='bbox 2446 1136 2726 1182; x_wconf 88' lang='lat' dir='ltr'>cruentam</span> <span class='ocrx_word' id='word_1_171' title='bbox 2775 1127 3118 1193; x_wconf 90' lang='lat' dir='ltr'>scissionem,</span> <span class='ocrx_word' id='word_1_172' title='bbox 3165 1142 3328 1197; x_wconf 88' lang='lat' dir='ltr'>quam</span> <span class='ocrx_word' id='word_1_173' title='bbox 3376 1125 3590 1180; x_wconf 89' lang='lat' dir='ltr'>nonnisi</span> <span class='ocrx_word' id='word_1_174' title='bbox 3637 1141 3743 1180; x_wconf 86' lang='lat' dir='ltr'>no-</span> 
     </span>
    </p>
   </div>
   <div class='ocr_carea' id='block_1_27' title="bbox 2148 1214 3744 1278">
    <p class='ocr_par' dir='ltr' id='par_1_27' title="bbox 2148 1214 3744 1278">
     <span class='ocr_line' id='line_1_28' title="bbox 2148 1214 3744 1278; baseline 0 -10"><span class='ocrx_word' id='word_1_175' title='bbox 2148 1216 2276 1269; x_wconf 81' lang='lat' dir='ltr'>stris</span> <span class='ocrx_word' id='word_1_176' title='bbox 2306 1216 2556 1270; x_wconf 85' lang='lat' dir='ltr'>evenisse</span> <span class='ocrx_word' id='word_1_177' title='bbox 2587 1216 2917 1271; x_wconf 86' lang='lat' dir='ltr'>credendum</span> <span class='ocrx_word' id='word_1_178' title='bbox 2966 1223 3047 1270; x_wconf 91' lang='lat' dir='ltr'>est</span> <span class='ocrx_word' id='word_1_179' title='bbox 3091 1214 3314 1278; x_wconf 90' lang='lat' dir='ltr'>meritis,</span> <span class='ocrx_word' id='word_1_180' title='bbox 3362 1229 3466 1269; x_wconf 90' lang='lat' dir='ltr'>nec</span> <span class='ocrx_word' id='word_1_181' title='bbox 3509 1214 3744 1268; x_wconf 90' lang='lat' dir='ltr'>immotis</span> 
     </span>
    </p>
   </div>
   <div class='ocr_carea' id='block_1_28' title="bbox 2150 1301 3738 1373">
    <p class='ocr_par' dir='ltr' id='par_1_28' title="bbox 2150 1301 3738 1373">
     <span class='ocr_line' id='line_1_29' title="bbox 2150 1301 3738 1373; baseline -0.002 -16"><span class='ocrx_word' id='word_1_182' title='bbox 2150 1303 2467 1367; x_wconf 79' lang='lat' dir='ltr'>visceribus,</span> <span class='ocrx_word' id='word_1_183' title='bbox 2514 1318 2615 1358; x_wconf 92' lang='lat' dir='ltr'>nec</span> <span class='ocrx_word' id='word_1_184' title='bbox 2663 1303 2824 1358; x_wconf 91' lang='lat' dir='ltr'>siccis</span> <span class='ocrx_word' id='word_1_185' title='bbox 2871 1301 3196 1373; x_wconf 86' lang='lat' dir='ltr'>aspiciamus</span> <span class='ocrx_word' id='word_1_186' title='bbox 3242 1301 3452 1367; x_wconf 89' lang='lat' dir='ltr'>oculis;</span> <span class='ocrx_word' id='word_1_187' title='bbox 3503 1301 3738 1372; x_wconf 87' lang='lat' dir='ltr'>alioquin</span> 
     </span>
    </p>
   </div>
   <div class='ocr_carea' id='block_1_29' title="bbox 2146 1388 3742 1462">
    <p class='ocr_par' dir='ltr' id='par_1_29' title="bbox 2146 1388 3742 1462">
     <span class='ocr_line' id='line_1_30' title="bbox 2146 1388 3742 1462; baseline -0.001 -18"><span class='ocrx_word' id='word_1_188' title='bbox 2146 1391 2402 1461; x_wconf 91' lang='lat' dir='ltr'>pretiosis</span> <span class='ocrx_word' id='word_1_189' title='bbox 2433 1391 2607 1446; x_wconf 90' lang='lat' dir='ltr'>ornati</span> <span class='ocrx_word' id='word_1_190' title='bbox 2636 1391 2897 1455; x_wconf 90' lang='lat' dir='ltr'>vestibus,</span> <span class='ocrx_word' id='word_1_191' title='bbox 2933 1391 3215 1446; x_wconf 86' lang='lat' dir='ltr'>herminiis</span> <span class='ocrx_word' id='word_1_192' title='bbox 3241 1399 3294 1445; x_wconf 87' lang='lat' dir='ltr'>et</span> <span class='ocrx_word' id='word_1_193' title='bbox 3314 1389 3510 1462; x_wconf 88' lang='lat' dir='ltr'>griseis</span> <span class='ocrx_word' id='word_1_194' title='bbox 3540 1388 3742 1444; x_wconf 80' lang='lat' dir='ltr'>confoti</span> 
     </span>
    </p>
   </div>
   <div class='ocr_carea' id='block_1_30' title="bbox 2148 1477 3736 1551">
    <p class='ocr_par' dir='ltr' id='par_1_30' title="bbox 2148 1477 3736 1551">
     <span class='ocr_line' id='line_1_31' title="bbox 2148 1477 3736 1551; baseline -0.002 -18"><span class='ocrx_word' id='word_1_195' title='bbox 2148 1479 2399 1550; x_wconf 84' lang='lat' dir='ltr'>pellibus,</span> <span class='ocrx_word' id='word_1_196' title='bbox 2450 1479 2758 1534; x_wconf 83' lang='lat' dir='ltr'>numerosis</span> <span class='ocrx_word' id='word_1_197' title='bbox 2801 1488 2853 1534; x_wconf 89' lang='lat' dir='ltr'>et</span> <span class='ocrx_word' id='word_1_198' title='bbox 2920 1479 3199 1551; x_wconf 86' lang='lat' dir='ltr'>exquisitis</span> <span class='ocrx_word' id='word_1_199' title='bbox 3256 1477 3443 1533; x_wconf 81' lang='lat' dir='ltr'>refecti</span> <span class='ocrx_word' id='word_1_200' title='bbox 3490 1478 3736 1549; x_wconf 87' lang='lat' dir='ltr'>dapibus,</span> 
     </span>
    </p>
   </div>
   <div class='ocr_carea' id='block_1_31' title="bbox 2146 1566 3740 1638">
    <p class='ocr_par' dir='ltr' id='par_1_31' title="bbox 2146 1566 3740 1638">
     <span class='ocr_line' id='line_1_32' title="bbox 2146 1566 3740 1638; baseline 0 -18"><span class='ocrx_word' id='word_1_201' title='bbox 2146 1567 2342 1638; x_wconf 91' lang='lat' dir='ltr'>plumis</span> <span class='ocrx_word' id='word_1_202' title='bbox 2372 1568 2541 1621; x_wconf 87' lang='lat' dir='ltr'>instar</span> <span class='ocrx_word' id='word_1_203' title='bbox 2581 1567 2935 1638; x_wconf 88' lang='lat' dir='ltr'>Sardanapali</span> <span class='ocrx_word' id='word_1_204' title='bbox 2986 1584 3094 1623; x_wconf 89' lang='lat' dir='ltr'>non</span> <span class='ocrx_word' id='word_1_205' title='bbox 3140 1577 3248 1621; x_wconf 89' lang='lat' dir='ltr'>tam</span> <span class='ocrx_word' id='word_1_206' title='bbox 3292 1566 3529 1637; x_wconf 87' lang='lat' dir='ltr'>impositi</span> <span class='ocrx_word' id='word_1_207' title='bbox 3577 1582 3740 1636; x_wconf 90' lang='lat' dir='ltr'>quam</span> 
     </span>
    </p>
   </div>
   <div class='ocr_carea' id='block_1_32' title="bbox 454 1652 3738 1748">
    <p class='ocr_par' dir='ltr' id='par_1_32' title="bbox 454 1652 3738 1748">
     <span class='ocr_line' id='line_1_33' title="bbox 454 1652 3738 1748; baseline -0 -39"><span class='ocrx_word' id='word_1_208' title='bbox 454 1671 580 1709; x_wconf 91' lang='lat' dir='ltr'>men</span> <span class='ocrx_word' id='word_1_209' title='bbox 609 1656 834 1726; x_wconf 86' lang='lat' dir='ltr'>dignum</span> <span class='ocrx_word' id='word_1_210' title='bbox 863 1656 966 1727; x_wconf 91' lang='lat' dir='ltr'>est)</span> <span class='ocrx_word' id='word_1_211' title='bbox 997 1656 1134 1726; x_wconf 87' lang='lat' dir='ltr'>ejus,</span> <span class='ocrx_word' id='word_1_212' title='bbox 1167 1661 1222 1710; x_wconf 86' lang='lat' dir='ltr'>et</span> <span class='ocrx_word' id='word_1_213' title='bbox 1248 1655 1330 1709; x_wconf 91' lang='lat' dir='ltr'>sui</span> <span class='ocrx_word' id='word_1_214' title='bbox 1374 1655 1788 1710; x_wconf 87' lang='lat' dir='ltr'>Carthasienses</span> <span class='ocrx_word' id='word_1_215' title='bbox 1826 1652 2041 1719; x_wconf 82' lang='lat' dir='ltr'>fratres,</span> <span class='ocrx_word' id='word_1_216' title='bbox 2065 1689 2116 1748; x_wconf 83' lang='lat' dir='ltr'><strong>B</strong></span> <span class='ocrx_word' id='word_1_217' title='bbox 2149 1655 2389 1710; x_wconf 90' lang='lat' dir='ltr'>immersi</span> <span class='ocrx_word' id='word_1_218' title='bbox 2419 1656 2692 1723; x_wconf 91' lang='lat' dir='ltr'>mollibus,</span> <span class='ocrx_word' id='word_1_219' title='bbox 2723 1656 2959 1710; x_wconf 89' lang='lat' dir='ltr'>divinam</span> <span class='ocrx_word' id='word_1_220' title='bbox 3008 1656 3436 1728; x_wconf 83' lang='lat' dir='ltr'>indignationem</span> <span class='ocrx_word' id='word_1_221' title='bbox 3469 1655 3738 1726; x_wconf 89' lang='lat' dir='ltr'>quomodo</span> 
     </span>
    </p>
   </div>
   <div class='ocr_carea' id='block_1_33' title="bbox 453 1743 1598 1814">
    <p class='ocr_par' dir='ltr' id='par_1_33' title="bbox 453 1743 1598 1814">
     <span class='ocr_line' id='line_1_34' title="bbox 453 1743 1598 1814; baseline -0.001 -17"><span class='ocrx_word' id='word_1_222' title='bbox 453 1751 671 1799; x_wconf 90' lang='lat' dir='ltr'>terrena</span> <span class='ocrx_word' id='word_1_223' title='bbox 701 1744 1006 1814; x_wconf 89' lang='lat' dir='ltr'>despicere,</span> <span class='ocrx_word' id='word_1_224' title='bbox 1038 1750 1091 1799; x_wconf 91' lang='lat' dir='ltr'>et</span> <span class='ocrx_word' id='word_1_225' title='bbox 1121 1759 1304 1798; x_wconf 89' lang='lat' dir='ltr'>amare</span> <span class='ocrx_word' id='word_1_226' title='bbox 1334 1743 1598 1798; x_wconf 72' lang='lat' dir='ltr'>cmlestia.</span> 
     </span>
    </p>
   </div>
   <div class='ocr_carea' id='block_1_34' title="bbox 527 1830 2046 1905">
    <p class='ocr_par' dir='ltr' id='par_1_34' title="bbox 527 1830 2046 1905">
     <span class='ocr_line' id='line_1_35' title="bbox 527 1830 2046 1905; baseline -0.004 -17"><span class='ocrx_word' id='word_1_227' title='bbox 527 1832 705 1900; x_wconf 87' lang='lat' dir='ltr'>Quam</span> <span class='ocrx_word' id='word_1_228' title='bbox 734 1841 889 1905; x_wconf 87' lang='lat' dir='ltr'>grata</span> <span class='ocrx_word' id='word_1_229' title='bbox 920 1831 1074 1886; x_wconf 84' lang='lat' dir='ltr'>fuerit</span> <span class='ocrx_word' id='word_1_230' title='bbox 1103 1832 1258 1887; x_wconf 91' lang='lat' dir='ltr'>nobis</span> <span class='ocrx_word' id='word_1_231' title='bbox 1311 1839 1488 1886; x_wconf 90' lang='lat' dir='ltr'>vestra</span> <span class='ocrx_word' id='word_1_232' title='bbox 1537 1830 1828 1901; x_wconf 72' lang='lat' dir='ltr'>prrrsentia</span> <span class='ocrx_word' id='word_1_233' title='bbox 1857 1845 2046 1886; x_wconf 86' lang='lat' dir='ltr'>recor—</span> 
     </span>
    </p>
   </div>
   <div class='ocr_carea' id='block_1_35' title="bbox 451 1919 2044 1991">
    <p class='ocr_par' dir='ltr' id='par_1_35' title="bbox 451 1919 2044 1991">
     <span class='ocr_line' id='line_1_36' title="bbox 451 1919 2044 1991; baseline -0.004 -13"><span class='ocrx_word' id='word_1_234' title='bbox 451 1923 668 1978; x_wconf 89' lang='lat' dir='ltr'>datione</span> <span class='ocrx_word' id='word_1_235' title='bbox 697 1921 959 1975; x_wconf 86' lang='lat' dir='ltr'>sentimus</span> <span class='ocrx_word' id='word_1_236' title='bbox 988 1920 1151 1984; x_wconf 89' lang='lat' dir='ltr'>unde,</span> <span class='ocrx_word' id='word_1_237' title='bbox 1185 1936 1517 1991; x_wconf 71' lang='lat' dir='ltr'>quarsumus,</span> <span class='ocrx_word' id='word_1_238' title='bbox 1554 1919 1631 1974; x_wconf 94' lang='lat' dir='ltr'>sic</span> <span class='ocrx_word' id='word_1_239' title='bbox 1663 1919 1808 1991; x_wconf 81' lang='lat' dir='ltr'>agite</span> <span class='ocrx_word' id='word_1_240' title='bbox 1839 1927 1894 1972; x_wconf 93' lang='lat' dir='ltr'>ut</span> <span class='ocrx_word' id='word_1_241' title='bbox 1923 1934 2044 1974; x_wconf 88' lang='lat' dir='ltr'>cum</span> 
     </span>
    </p>
   </div>
   <div class='ocr_carea' id='block_1_36' title="bbox 452 2007 2044 2080">
    <p class='ocr_par' dir='ltr' id='par_1_36' title="bbox 452 2007 2044 2080">
     <span class='ocr_line' id='line_1_37' title="bbox 452 2007 2044 2080; baseline -0.005 -13"><span class='ocrx_word' id='word_1_242' title='bbox 452 2011 524 2067; x_wconf 86' lang='lat' dir='ltr'>ab</span> <span class='ocrx_word' id='word_1_243' title='bbox 552 2011 637 2064; x_wconf 88' lang='lat' dir='ltr'>his</span> <span class='ocrx_word' id='word_1_244' title='bbox 665 2010 858 2064; x_wconf 89' lang='lat' dir='ltr'>diebus</span> <span class='ocrx_word' id='word_1_245' title='bbox 885 2009 977 2080; x_wconf 90' lang='lat' dir='ltr'>qui</span> <span class='ocrx_word' id='word_1_246' title='bbox 1025 2009 1321 2063; x_wconf 89' lang='lat' dir='ltr'>secundum</span> <span class='ocrx_word' id='word_1_247' title='bbox 1366 2007 1684 2078; x_wconf 83' lang='lat' dir='ltr'>Apostolum</span> <span class='ocrx_word' id='word_1_248' title='bbox 1731 2007 1856 2060; x_wconf 90' lang='lat' dir='ltr'>mali</span> <span class='ocrx_word' id='word_1_249' title='bbox 1901 2015 2044 2074; x_wconf 91' lang='lat' dir='ltr'>sunt,</span> 
     </span>
    </p>
   </div>
   <div class='ocr_carea' id='block_1_37' title="bbox 452 2093 2047 2158">
    <p class='ocr_par' dir='ltr' id='par_1_37' title="bbox 452 2093 2047 2158">
     <span class='ocr_line' id='line_1_38' title="bbox 452 2093 2047 2158; baseline -0.004 -4"><span class='ocrx_word' id='word_1_250' title='bbox 452 2108 505 2156; x_wconf 90' lang='lat' dir='ltr'>et</span> <span class='ocrx_word' id='word_1_251' title='bbox 535 2098 832 2153; x_wconf 88' lang='lat' dir='ltr'>secundum</span> <span class='ocrx_word' id='word_1_252' title='bbox 883 2096 1220 2151; x_wconf 90' lang='lat' dir='ltr'>Psalmistam</span> <span class='ocrx_word' id='word_1_253' title='bbox 1265 2096 1402 2149; x_wconf 89' lang='lat' dir='ltr'>sicut</span> <span class='ocrx_word' id='word_1_254' title='bbox 1451 2095 1641 2148; x_wconf 90' lang='lat' dir='ltr'>umbra</span> <span class='ocrx_word' id='word_1_255' title='bbox 1671 2094 1944 2158; x_wconf 71' lang='lat' dir='ltr'>deficiunt,</span> <span class='ocrx_word' id='word_1_256' title='bbox 1979 2093 2047 2148; x_wconf 90' lang='lat' dir='ltr'>ad</span> 
     </span>
    </p>
   </div>
   <div class='ocr_carea' id='block_1_38' title="bbox 452 2183 2048 2248">
    <p class='ocr_par' dir='ltr' id='par_1_38' title="bbox 452 2183 2048 2248">
     <span class='ocr_line' id='line_1_39' title="bbox 452 2183 2048 2248; baseline -0.004 -5"><span class='ocrx_word' id='word_1_257' title='bbox 452 2188 571 2243; x_wconf 90' lang='lat' dir='ltr'>dies</span> <span class='ocrx_word' id='word_1_258' title='bbox 619 2187 792 2240; x_wconf 90' lang='lat' dir='ltr'>bonos</span> <span class='ocrx_word' id='word_1_259' title='bbox 841 2192 893 2239; x_wconf 88' lang='lat' dir='ltr'>et</span> <span class='ocrx_word' id='word_1_260' title='bbox 939 2200 1109 2238; x_wconf 89' lang='lat' dir='ltr'>annos</span> <span class='ocrx_word' id='word_1_261' title='bbox 1154 2192 1389 2238; x_wconf 63' lang='lat' dir='ltr'>internas</span> <span class='ocrx_word' id='word_1_262' title='bbox 1437 2183 1772 2248; x_wconf 84' lang='lat' dir='ltr'>transieritis,</span> <span class='ocrx_word' id='word_1_263' title='bbox 1826 2199 1932 2237; x_wconf 92' lang='lat' dir='ltr'>non</span> <span class='ocrx_word' id='word_1_264' title='bbox 1980 2183 2048 2236; x_wconf 90' lang='lat' dir='ltr'>de</span> 
     </span>
    </p>
   </div>
   <div class='ocr_carea' id='block_1_39' title="bbox 456 2269 2046 2344">
    <p class='ocr_par' dir='ltr' id='par_1_39' title="bbox 456 2269 2046 2344">
     <span class='ocr_line' id='line_1_40' title="bbox 456 2269 2046 2344; baseline -0.004 -16"><span class='ocrx_word' id='word_1_265' title='bbox 456 2282 637 2330; x_wconf 86' lang='lat' dir='ltr'>nostra</span> <span class='ocrx_word' id='word_1_266' title='bbox 659 2272 813 2344; x_wconf 90' lang='lat' dir='ltr'>(quid</span> <span class='ocrx_word' id='word_1_267' title='bbox 845 2273 989 2327; x_wconf 89' lang='lat' dir='ltr'>enim</span> <span class='ocrx_word' id='word_1_268' title='bbox 1019 2287 1118 2326; x_wconf 89' lang='lat' dir='ltr'>nos</span> <span class='ocrx_word' id='word_1_269' title='bbox 1167 2271 1253 2326; x_wconf 85' lang='lat' dir='ltr'>vel</span> <span class='ocrx_word' id='word_1_270' title='bbox 1287 2287 1471 2324; x_wconf 89' lang='lat' dir='ltr'>sumus</span> <span class='ocrx_word' id='word_1_271' title='bbox 1521 2270 1607 2325; x_wconf 89' lang='lat' dir='ltr'>vel</span> <span class='ocrx_word' id='word_1_272' title='bbox 1653 2270 1920 2340; x_wconf 81' lang='lat' dir='ltr'>erimus?)</span> <span class='ocrx_word' id='word_1_273' title='bbox 1950 2269 2046 2323; x_wconf 91' lang='lat' dir='ltr'>sed</span> 
     </span>
    </p>
   </div>
   <div class='ocr_carea' id='block_1_40' title="bbox 455 2357 2048 2417">
    <p class='ocr_par' dir='ltr' id='par_1_40' title="bbox 455 2357 2048 2417">
     <span class='ocr_line' id='line_1_41' title="bbox 455 2357 2048 2417; baseline -0.004 0"><span class='ocrx_word' id='word_1_274' title='bbox 455 2363 523 2417; x_wconf 90' lang='lat' dir='ltr'>de</span> <span class='ocrx_word' id='word_1_275' title='bbox 553 2360 696 2415; x_wconf 91' lang='lat' dir='ltr'>illius</span> <span class='ocrx_word' id='word_1_276' title='bbox 745 2359 952 2414; x_wconf 87' lang='lat' dir='ltr'>visione</span> <span class='ocrx_word' id='word_1_277' title='bbox 983 2366 1036 2414; x_wconf 90' lang='lat' dir='ltr'>et</span> <span class='ocrx_word' id='word_1_278' title='bbox 1083 2358 1341 2414; x_wconf 87' lang='lat' dir='ltr'>societate</span> <span class='ocrx_word' id='word_1_279' title='bbox 1391 2372 1515 2413; x_wconf 90' lang='lat' dir='ltr'>cum</span> <span class='ocrx_word' id='word_1_280' title='bbox 1554 2359 1756 2412; x_wconf 87' lang='lat' dir='ltr'>sanctis</span> <span class='ocrx_word' id='word_1_281' title='bbox 1796 2357 2048 2411; x_wconf 87' lang='lat' dir='ltr'>omnibus</span> 
     </span>
    </p>
   </div>
   <div class='ocr_carea' id='block_1_41' title="bbox 456 2445 2047 2518">
    <p class='ocr_par' dir='ltr' id='par_1_41' title="bbox 456 2445 2047 2518">
     <span class='ocr_line' id='line_1_42' title="bbox 456 2445 2047 2518; baseline -0.004 -14"><span class='ocrx_word' id='word_1_282' title='bbox 456 2448 729 2511; x_wconf 69' lang='lat' dir='ltr'>laetemini,</span> <span class='ocrx_word' id='word_1_283' title='bbox 797 2455 1017 2518; x_wconf 91' lang='lat' dir='ltr'>propter</span> <span class='ocrx_word' id='word_1_284' title='bbox 1065 2462 1226 2518; x_wconf 89' lang='lat' dir='ltr'>quem</span> <span class='ocrx_word' id='word_1_285' title='bbox 1274 2454 1516 2500; x_wconf 89' lang='lat' dir='ltr'>nostram</span> <span class='ocrx_word' id='word_1_286' title='bbox 1563 2453 1615 2500; x_wconf 89' lang='lat' dir='ltr'>et</span> <span class='ocrx_word' id='word_1_287' title='bbox 1661 2445 2047 2500; x_wconf 84' lang='lat' dir='ltr'>obscuritatem</span> 
     </span>
    </p>
   </div>
   <div class='ocr_carea' id='block_1_42' title="bbox 454 2534 2048 2606">
    <p class='ocr_par' dir='ltr' id='par_1_42' title="bbox 454 2534 2048 2606">
     <span class='ocr_line' id='line_1_43' title="bbox 454 2534 2048 2606; baseline -0.004 -12"><span class='ocrx_word' id='word_1_288' title='bbox 454 2553 637 2603; x_wconf 90' lang='lat' dir='ltr'>nosse,</span> <span class='ocrx_word' id='word_1_289' title='bbox 707 2544 760 2592; x_wconf 87' lang='lat' dir='ltr'>et</span> <span class='ocrx_word' id='word_1_290' title='bbox 807 2535 1186 2592; x_wconf 89' lang='lat' dir='ltr'>necessitatem</span> <span class='ocrx_word' id='word_1_291' title='bbox 1238 2535 1514 2606; x_wconf 84' lang='lat' dir='ltr'>supplere,</span> <span class='ocrx_word' id='word_1_292' title='bbox 1568 2543 1638 2600; x_wconf 91' lang='lat' dir='ltr'>et,</span> <span class='ocrx_word' id='word_1_293' title='bbox 1689 2534 1835 2605; x_wconf 90' lang='lat' dir='ltr'>quod</span> <span class='ocrx_word' id='word_1_294' title='bbox 1883 2534 2048 2606; x_wconf 89' lang='lat' dir='ltr'>longe</span> 
     </span>
    </p>
   </div>
   <div class='ocr_carea' id='block_1_43' title="bbox 453 2621 2048 2698">
    <p class='ocr_par' dir='ltr' id='par_1_43' title="bbox 453 2621 2048 2698">
     <span class='ocr_line' id='line_1_44' title="bbox 453 2621 2048 2698; baseline -0.003 -18"><span class='ocrx_word' id='word_1_295' title='bbox 453 2625 621 2698; x_wconf 90' lang='lat' dir='ltr'>pluris</span> <span class='ocrx_word' id='word_1_296' title='bbox 652 2624 921 2692; x_wconf 88' lang='lat' dir='ltr'>ducimus,</span> <span class='ocrx_word' id='word_1_297' title='bbox 969 2631 1048 2678; x_wconf 88' lang='lat' dir='ltr'>tot</span> <span class='ocrx_word' id='word_1_298' title='bbox 1090 2631 1142 2678; x_wconf 90' lang='lat' dir='ltr'>et</span> <span class='ocrx_word' id='word_1_299' title='bbox 1189 2623 1352 2677; x_wconf 90' lang='lat' dir='ltr'>tantis</span> <span class='ocrx_word' id='word_1_300' title='bbox 1398 2621 1798 2689; x_wconf 88' lang='lat' dir='ltr'>ecclesiasticis,</span> <span class='ocrx_word' id='word_1_301' title='bbox 1851 2622 2048 2693; x_wconf 90' lang='lat' dir='ltr'>quibus</span> 
     </span>
    </p>
   </div>
   <div class='ocr_carea' id='block_1_44' title="bbox 455 2711 2044 2785">
    <p class='ocr_par' dir='ltr' id='par_1_44' title="bbox 455 2711 2044 2785">
     <span class='ocr_line' id='line_1_45' title="bbox 455 2711 2044 2785; baseline -0.003 -17"><span class='ocrx_word' id='word_1_302' title='bbox 455 2730 731 2785; x_wconf 85' lang='lat' dir='ltr'>nunquam</span> <span class='ocrx_word' id='word_1_303' title='bbox 765 2713 980 2781; x_wconf 88' lang='lat' dir='ltr'>caretis,</span> <span class='ocrx_word' id='word_1_304' title='bbox 1015 2711 1346 2781; x_wconf 83' lang='lat' dir='ltr'>interpositis</span> <span class='ocrx_word' id='word_1_305' title='bbox 1391 2711 1645 2780; x_wconf 88' lang='lat' dir='ltr'>negotiis,</span> <span class='ocrx_word' id='word_1_306' title='bbox 1677 2711 1913 2764; x_wconf 88' lang='lat' dir='ltr'>latebras</span> <span class='ocrx_word' id='word_1_307' title='bbox 1942 2726 2044 2764; x_wconf 90' lang='lat' dir='ltr'>no-</span> 
     </span>
    </p>
   </div>
   <div class='ocr_carea' id='block_1_45' title="bbox 455 2799 2044 2872">
    <p class='ocr_par' dir='ltr' id='par_1_45' title="bbox 455 2799 2044 2872">
     <span class='ocr_line' id='line_1_46' title="bbox 455 2799 2044 2872; baseline -0.002 -16"><span class='ocrx_word' id='word_1_308' title='bbox 455 2810 613 2872; x_wconf 86' lang='lat' dir='ltr'>stras,</span> <span class='ocrx_word' id='word_1_309' title='bbox 648 2817 756 2856; x_wconf 87' lang='lat' dir='ltr'>non</span> <span class='ocrx_word' id='word_1_310' title='bbox 803 2801 979 2856; x_wconf 92' lang='lat' dir='ltr'>solum</span> <span class='ocrx_word' id='word_1_311' title='bbox 1025 2800 1315 2866; x_wconf 85' lang='lat' dir='ltr'>humiliter,</span> <span class='ocrx_word' id='word_1_312' title='bbox 1351 2800 1447 2853; x_wconf 90' lang='lat' dir='ltr'>sed</span> <span class='ocrx_word' id='word_1_313' title='bbox 1478 2807 1530 2853; x_wconf 90' lang='lat' dir='ltr'>et</span> <span class='ocrx_word' id='word_1_314' title='bbox 1572 2799 1842 2852; x_wconf 90' lang='lat' dir='ltr'>laboriose</span> <span class='ocrx_word' id='word_1_315' title='bbox 1873 2815 2044 2868; x_wconf 86' lang='lat' dir='ltr'>pene—</span> 
     </span>
    </p>
   </div>
   <div class='ocr_carea' id='block_1_46' title="bbox 455 2887 2045 2960">
    <p class='ocr_par' dir='ltr' id='par_1_46' title="bbox 455 2887 2045 2960">
     <span class='ocr_line' id='line_1_47' title="bbox 455 2887 2045 2960; baseline -0.003 -16"><span class='ocrx_word' id='word_1_316' title='bbox 455 2898 617 2951; x_wconf 85' lang='lat' dir='ltr'>trare.</span> <span class='ocrx_word' id='word_1_317' title='bbox 651 2905 861 2960; x_wconf 91' lang='lat' dir='ltr'>nosque</span> <span class='ocrx_word' id='word_1_318' title='bbox 891 2889 1039 2959; x_wconf 93' lang='lat' dir='ltr'>ipsos</span> <span class='ocrx_word' id='word_1_319' title='bbox 1069 2888 1227 2943; x_wconf 91' lang='lat' dir='ltr'>oculo</span> <span class='ocrx_word' id='word_1_320' title='bbox 1248 2887 1314 2941; x_wconf 90' lang='lat' dir='ltr'>ad</span> <span class='ocrx_word' id='word_1_321' title='bbox 1335 2887 1549 2942; x_wconf 90' lang='lat' dir='ltr'>oculum</span> <span class='ocrx_word' id='word_1_322' title='bbox 1584 2887 1836 2950; x_wconf 82' lang='lat' dir='ltr'>invisere,</span> <span class='ocrx_word' id='word_1_323' title='bbox 1871 2893 1922 2941; x_wconf 90' lang='lat' dir='ltr'>et</span> <span class='ocrx_word' id='word_1_324' title='bbox 1949 2902 2045 2941; x_wconf 93' lang='lat' dir='ltr'>ore</span> 
     </span>
    </p>
   </div>
   <div class='ocr_carea' id='block_1_47' title="bbox 453 2974 2045 3049">
    <p class='ocr_par' dir='ltr' id='par_1_47' title="bbox 453 2974 2045 3049">
     <span class='ocr_line' id='line_1_48' title="bbox 453 2974 2045 3049; baseline -0.004 -16"><span class='ocrx_word' id='word_1_325' title='bbox 453 2979 518 3033; x_wconf 90' lang='lat' dir='ltr'>ad</span> <span class='ocrx_word' id='word_1_326' title='bbox 552 2994 615 3034; x_wconf 92' lang='lat' dir='ltr'>os</span> <span class='ocrx_word' id='word_1_327' title='bbox 646 2977 811 3049; x_wconf 90' lang='lat' dir='ltr'>loqui,</span> <span class='ocrx_word' id='word_1_328' title='bbox 848 2992 954 3032; x_wconf 89' lang='lat' dir='ltr'>non</span> <span class='ocrx_word' id='word_1_329' title='bbox 979 2984 1058 3031; x_wconf 91' lang='lat' dir='ltr'>est</span> <span class='ocrx_word' id='word_1_330' title='bbox 1087 2976 1380 3048; x_wconf 84' lang='lat' dir='ltr'>dedignata</span> <span class='ocrx_word' id='word_1_331' title='bbox 1428 2984 1609 3030; x_wconf 86' lang='lat' dir='ltr'>vestra</span> <span class='ocrx_word' id='word_1_332' title='bbox 1647 2974 1984 3041; x_wconf 86' lang='lat' dir='ltr'>sublimitas;</span> <span class='ocrx_word' id='word_1_333' title='bbox 2016 2991 2045 3028; x_wconf 90' lang='lat' dir='ltr'>a</span> 
     </span>
    </p>
   </div>
   <div class='ocr_carea' id='block_1_48' title="bbox 2147 1744 3738 1815">
    <p class='ocr_par' dir='ltr' id='par_1_48' title="bbox 2147 1744 3738 1815">
     <span class='ocr_line' id='line_1_49' title="bbox 2147 1744 3738 1815; baseline -0.002 -17"><span class='ocrx_word' id='word_1_334' title='bbox 2147 1745 2350 1798; x_wconf 86' lang='lat' dir='ltr'>nostris</span> <span class='ocrx_word' id='word_1_335' title='bbox 2378 1752 2632 1814; x_wconf 88' lang='lat' dir='ltr'>putamus</span> <span class='ocrx_word' id='word_1_336' title='bbox 2661 1744 2985 1814; x_wconf 87' lang='lat' dir='ltr'>placandam</span> <span class='ocrx_word' id='word_1_337' title='bbox 3033 1744 3332 1815; x_wconf 83' lang='lat' dir='ltr'>precibus?</span> <span class='ocrx_word' id='word_1_338' title='bbox 3371 1752 3421 1797; x_wconf 90' lang='lat' dir='ltr'>et</span> <span class='ocrx_word' id='word_1_339' title='bbox 3468 1758 3574 1797; x_wconf 93' lang='lat' dir='ltr'>non</span> <span class='ocrx_word' id='word_1_340' title='bbox 3626 1757 3738 1796; x_wconf 89' lang='lat' dir='ltr'>ma-</span> 
     </span>
    </p>
   </div>
   <div class='ocr_carea' id='block_1_49' title="bbox 2148 1830 3740 1903">
    <p class='ocr_par' dir='ltr' id='par_1_49' title="bbox 2148 1830 3740 1903">
     <span class='ocr_line' id='line_1_50' title="bbox 2148 1830 3740 1903; baseline -0.001 -17"><span class='ocrx_word' id='word_1_341' title='bbox 2148 1833 2233 1903; x_wconf 90' lang='lat' dir='ltr'>gis</span> <span class='ocrx_word' id='word_1_342' title='bbox 2262 1833 2549 1886; x_wconf 89' lang='lat' dir='ltr'>metuimus</span> <span class='ocrx_word' id='word_1_343' title='bbox 2580 1849 2647 1886; x_wconf 85' lang='lat' dir='ltr'>ne</span> <span class='ocrx_word' id='word_1_344' title='bbox 2679 1840 2787 1886; x_wconf 88' lang='lat' dir='ltr'>tum</span> <span class='ocrx_word' id='word_1_345' title='bbox 2836 1833 3154 1903; x_wconf 86' lang='lat' dir='ltr'>prOpbetica</span> <span class='ocrx_word' id='word_1_346' title='bbox 3185 1841 3370 1886; x_wconf 89' lang='lat' dir='ltr'>contra</span> <span class='ocrx_word' id='word_1_347' title='bbox 3418 1846 3515 1886; x_wconf 89' lang='lat' dir='ltr'>nos</span> <span class='ocrx_word' id='word_1_348' title='bbox 3545 1830 3740 1902; x_wconf 62' lang='lat' dir='ltr'>dirigao</span> 
     </span>
    </p>
   </div>
   <div class='ocr_carea' id='block_1_50' title="bbox 2147 1920 3742 1992">
    <p class='ocr_par' dir='ltr' id='par_1_50' title="bbox 2147 1920 3742 1992">
     <span class='ocr_line' id='line_1_51' title="bbox 2147 1920 3742 1992; baseline 0.001 -18"><span class='ocrx_word' id='word_1_349' title='bbox 2147 1930 2235 1974; x_wconf 92' lang='lat' dir='ltr'>tur</span> <span class='ocrx_word' id='word_1_350' title='bbox 2263 1921 2515 1985; x_wconf 89' lang='lat' dir='ltr'>invectio,</span> <span class='ocrx_word' id='word_1_351' title='bbox 2549 1921 2869 1992; x_wconf 88' lang='lat' dir='ltr'>dicaturque</span> <span class='ocrx_word' id='word_1_352' title='bbox 2902 1937 2913 1975; x_wconf 87' lang='lat'><strong>:</strong></span> <span class='ocrx_word' id='word_1_353' title='bbox 2957 1923 3040 1976; x_wconf 69' lang='lat' dir='ltr'>Vw</span> <span class='ocrx_word' id='word_1_354' title='bbox 3060 1923 3154 1992; x_wconf 88' lang='lat' dir='ltr'>qui</span> <span class='ocrx_word' id='word_1_355' title='bbox 3203 1922 3462 1992; x_wconf 80' lang='lat' dir='ltr'>apulo-nti</span> <span class='ocrx_word' id='word_1_356' title='bbox 3500 1920 3633 1974; x_wconf 88' lang='lat' dir='ltr'>estis</span> <span class='ocrx_word' id='word_1_357' title='bbox 3679 1922 3742 1975; x_wconf 85' lang='lat' dir='ltr'>in</span> 
     </span>
    </p>
   </div>
   <div class='ocr_carea' id='block_1_51' title="bbox 2147 2009 3743 2078">
    <p class='ocr_par' dir='ltr' id='par_1_51' title="bbox 2147 2009 3743 2078">
     <span class='ocr_line' id='line_1_52' title="bbox 2147 2009 3743 2078; baseline -0.001 -14"><span class='ocrx_word' id='word_1_358' title='bbox 2147 2011 2300 2073; x_wconf 84' lang='lat' dir='ltr'>Sion,</span> <span class='ocrx_word' id='word_1_359' title='bbox 2326 2014 2380 2064; x_wconf 89' lang='lat' dir='ltr'>et</span> <span class='ocrx_word' id='word_1_360' title='bbox 2402 2010 2691 2077; x_wconf 82' lang='lat' dir='ltr'>conﬁditis</span> <span class='ocrx_word' id='word_1_361' title='bbox 2713 2011 2774 2064; x_wconf 87' lang='lat' dir='ltr'>in</span> <span class='ocrx_word' id='word_1_362' title='bbox 2795 2013 2986 2064; x_wconf 87' lang='lat' dir='ltr'>monte</span> <span class='ocrx_word' id='word_1_363' title='bbox 2998 2009 3286 2072; x_wconf 60' lang='lat' dir='ltr'>Samaria,</span> <span class='ocrx_word' id='word_1_364' title='bbox 3313 2010 3632 2078; x_wconf 72' lang='lat' dir='ltr'>Optimates,</span> <span class='ocrx_word' id='word_1_365' title='bbox 3657 2023 3743 2062; x_wconf 88' lang='lat' dir='ltr'>ca-</span> 
     </span>
    </p>
   </div>
   <div class='ocr_carea' id='block_1_52' title="bbox 2146 2096 3739 2170">
    <p class='ocr_par' dir='ltr' id='par_1_52' title="bbox 2146 2096 3739 2170">
     <span class='ocr_line' id='line_1_53' title="bbox 2146 2096 3739 2170; baseline 0.001 -21"><span class='ocrx_word' id='word_1_366' title='bbox 2146 2099 2268 2168; x_wconf 75' lang='lat' dir='ltr'>pita</span> <span class='ocrx_word' id='word_1_367' title='bbox 2309 2098 2665 2170; x_wconf 84' lang='lat' dir='ltr'>populorum,</span> <span class='ocrx_word' id='word_1_368' title='bbox 2723 2097 3108 2166; x_wconf 88' lang='lat' dir='ltr'>ingredientes</span> <span class='ocrx_word' id='word_1_369' title='bbox 3159 2097 3472 2168; x_wconf 78' lang='lat' dir='ltr'>pompatice</span> <span class='ocrx_word' id='word_1_370' title='bbox 3517 2096 3739 2151; x_wconf 87' lang='lat' dir='ltr'>domum</span> 
     </span>
    </p>
   </div>
   <div class='ocr_carea' id='block_1_53' title="bbox 2149 2183 3740 2258">
    <p class='ocr_par' dir='ltr' id='par_1_53' title="bbox 2149 2183 3740 2258">
     <span class='ocr_line' id='line_1_54' title="bbox 2149 2183 3740 2258; baseline 0 -20"><span class='ocrx_word' id='word_1_371' title='bbox 2149 2186 2319 2240; x_wconf 84' lang='lat' dir='ltr'>Israel</span> <span class='ocrx_word' id='word_1_372' title='bbox 2339 2192 2356 2240; x_wconf 74' lang='grc' dir='ltr'><strong>,ν</strong></span> <span class='ocrx_word' id='word_1_373' title='bbox 2389 2187 2483 2258; x_wconf 86' lang='lat' dir='ltr'>qui</span> <span class='ocrx_word' id='word_1_374' title='bbox 2513 2186 2805 2240; x_wconf 84' lang='lat' dir='ltr'>comeditis</span> <span class='ocrx_word' id='word_1_375' title='bbox 2827 2201 3036 2256; x_wconf 86' lang='lat' dir='ltr'>agnum</span> <span class='ocrx_word' id='word_1_376' title='bbox 3056 2185 3120 2240; x_wconf 85' lang='lat' dir='ltr'>de</span> <span class='ocrx_word' id='word_1_377' title='bbox 3149 2202 3332 2255; x_wconf 84' lang='lat' dir='ltr'>grege,</span> <span class='ocrx_word' id='word_1_378' title='bbox 3366 2188 3420 2239; x_wconf 88' lang='lat' dir='ltr'>et</span> <span class='ocrx_word' id='word_1_379' title='bbox 3454 2185 3657 2238; x_wconf 88' lang='lat' dir='ltr'>vitulos</span> <span class='ocrx_word' id='word_1_380' title='bbox 3676 2183 3740 2238; x_wconf 85' lang='lat' dir='ltr'>de</span> 
     </span>
    </p>
   </div>
   <div class='ocr_carea' id='block_1_54' title="bbox 2147 2272 3742 2344">
    <p class='ocr_par' dir='ltr' id='par_1_54' title="bbox 2147 2272 3742 2344">
     <span class='ocr_line' id='line_1_55' title="bbox 2147 2272 3742 2344; baseline 0 -18"><span class='ocrx_word' id='word_1_381' title='bbox 2147 2273 2327 2328; x_wconf 87' lang='lat' dir='ltr'>medio</span> <span class='ocrx_word' id='word_1_382' title='bbox 2345 2275 2615 2332; x_wconf 88' lang='lat' dir='ltr'>armenti.</span> <span class='ocrx_word' id='word_1_383' title='bbox 2641 2275 2737 2344; x_wconf 90' lang='lat' dir='ltr'>qui</span> <span class='ocrx_word' id='word_1_384' title='bbox 2747 2273 3007 2328; x_wconf 87' lang='lat' dir='ltr'>dormitis</span> <span class='ocrx_word' id='word_1_385' title='bbox 3030 2275 3091 2327; x_wconf 86' lang='lat' dir='ltr'>in</span> <span class='ocrx_word' id='word_1_386' title='bbox 3118 2274 3278 2328; x_wconf 81' lang='lat' dir='ltr'>lectis</span> <span class='ocrx_word' id='word_1_387' title='bbox 3298 2273 3572 2337; x_wconf 82' lang='lat' dir='ltr'>eburneis,</span> <span class='ocrx_word' id='word_1_388' title='bbox 3589 2276 3644 2326; x_wconf 83' lang='lat' dir='ltr'>et</span> <span class='ocrx_word' id='word_1_389' title='bbox 3662 2272 3742 2326; x_wconf 91' lang='lat' dir='ltr'>la-</span> 
     </span>
    </p>
   </div>
   <div class='ocr_carea' id='block_1_55' title="bbox 2148 2360 3736 2430">
    <p class='ocr_par' dir='ltr' id='par_1_55' title="bbox 2148 2360 3736 2430">
     <span class='ocr_line' id='line_1_56' title="bbox 2148 2360 3736 2430; baseline -0.003 -14"><span class='ocrx_word' id='word_1_390' title='bbox 2148 2363 2362 2416; x_wconf 84' lang='lat' dir='ltr'>seivitis</span> <span class='ocrx_word' id='word_1_391' title='bbox 2393 2363 2453 2415; x_wconf 85' lang='lat' dir='ltr'>in</span> <span class='ocrx_word' id='word_1_392' title='bbox 2483 2365 2682 2418; x_wconf 83' lang='lat' dir='ltr'>stratis</span> <span class='ocrx_word' id='word_1_393' title='bbox 2705 2362 2944 2416; x_wconf 87' lang='lat' dir='ltr'>vestris!</span> <span class='ocrx_word' id='word_1_394' title='bbox 2975 2361 3162 2430; x_wconf 80' lang='lat' dir='ltr'>(Amos</span> <span class='ocrx_word' id='word_1_395' title='bbox 3202 2376 3277 2424; x_wconf 74' lang='lat' dir='ltr'>vr,</span> <span class='ocrx_word' id='word_1_396' title='bbox 3323 2361 3434 2428; x_wconf 82' lang='grc'>10.)</span> <span class='ocrx_word' id='word_1_397' title='bbox 3456 2361 3523 2414; x_wconf 91' lang='lat' dir='ltr'>de</span> <span class='ocrx_word' id='word_1_398' title='bbox 3541 2360 3736 2430; x_wconf 88' lang='lat' dir='ltr'>quibus</span> 
     </span>
    </p>
   </div>
   <div class='ocr_carea' id='block_1_56' title="bbox 2149 2449 3737 2522">
    <p class='ocr_par' dir='ltr' id='par_1_56' title="bbox 2149 2449 3737 2522">
     <span class='ocr_line' id='line_1_57' title="bbox 2149 2449 3737 2522; baseline 0 -18"><span class='ocrx_word' id='word_1_399' title='bbox 2149 2449 2506 2517; x_wconf 90' lang='lat' dir='ltr'>concluditur,</span> <span class='ocrx_word' id='word_1_400' title='bbox 2539 2454 2593 2505; x_wconf 92' lang='lat' dir='ltr'>et</span> <span class='ocrx_word' id='word_1_401' title='bbox 2625 2451 2774 2504; x_wconf 86' lang='lat' dir='ltr'>nihil</span> <span class='ocrx_word' id='word_1_402' title='bbox 2802 2451 3174 2522; x_wconf 82' lang='lat' dir='ltr'>patiebantur</span> <span class='ocrx_word' id='word_1_403' title='bbox 3203 2466 3373 2521; x_wconf 81' lang='lat' dir='ltr'>super</span> <span class='ocrx_word' id='word_1_404' title='bbox 3393 2451 3737 2504; x_wconf 83' lang='lat' dir='ltr'>contritione</span> 
     </span>
    </p>
   </div>
   <div class='ocr_carea' id='block_1_57' title="bbox 2147 2539 2364 2610">
    <p class='ocr_par' dir='ltr' id='par_1_57' title="bbox 2147 2539 2364 2610">
     <span class='ocr_line' id='line_1_58' title="bbox 2147 2539 2364 2610; baseline -0.014 -15"><span class='ocrx_word' id='word_1_405' title='bbox 2147 2539 2364 2610; x_wconf 74' lang='lat' dir='ltr'>Ioseph.</span> 
     </span>
    </p>
   </div>
   <div class='ocr_carea' id='block_1_58' title="bbox 2219 2625 3735 2697">
    <p class='ocr_par' dir='ltr' id='par_1_58' title="bbox 2219 2625 3735 2697">
     <span class='ocr_line' id='line_1_59' title="bbox 2219 2625 3735 2697; baseline -0.001 -17"><span class='ocrx_word' id='word_1_406' title='bbox 2219 2630 2271 2680; x_wconf 92' lang='lat'>3.</span> <span class='ocrx_word' id='word_1_407' title='bbox 2305 2627 2704 2682; x_wconf 86' lang='lat' dir='ltr'>Erubescamus</span> <span class='ocrx_word' id='word_1_408' title='bbox 2723 2626 2928 2692; x_wconf 86' lang='lat' dir='ltr'>adhoc,</span> <span class='ocrx_word' id='word_1_409' title='bbox 2968 2625 3299 2692; x_wconf 89' lang='lat' dir='ltr'>dulcissime,</span> <span class='ocrx_word' id='word_1_410' title='bbox 3346 2642 3466 2680; x_wconf 88' lang='lat' dir='ltr'>sero</span> <span class='ocrx_word' id='word_1_411' title='bbox 3498 2625 3735 2697; x_wconf 83' lang='lat' dir='ltr'>cognite,</span> 
     </span>
    </p>
   </div>
   <div class='ocr_carea' id='block_1_59' title="bbox 2148 2714 3739 2785">
    <p class='ocr_par' dir='ltr' id='par_1_59' title="bbox 2148 2714 3739 2785">
     <span class='ocr_line' id='line_1_60' title="bbox 2148 2714 3739 2785; baseline 0 -17"><span class='ocrx_word' id='word_1_412' title='bbox 2148 2714 2300 2769; x_wconf 87' lang='lat' dir='ltr'>brevi</span> <span class='ocrx_word' id='word_1_413' title='bbox 2331 2724 2641 2784; x_wconf 88' lang='lat' dir='ltr'>conspecte,</span> <span class='ocrx_word' id='word_1_414' title='bbox 2689 2715 2796 2769; x_wconf 92' lang='lat' dir='ltr'>cito</span> <span class='ocrx_word' id='word_1_415' title='bbox 2845 2723 3015 2785; x_wconf 87' lang='lat' dir='ltr'>rapte,</span> <span class='ocrx_word' id='word_1_416' title='bbox 3050 2722 3100 2769; x_wconf 91' lang='lat' dir='ltr'>et</span> <span class='ocrx_word' id='word_1_417' title='bbox 3149 2714 3520 2784; x_wconf 89' lang='lat' dir='ltr'>corporalibus</span> <span class='ocrx_word' id='word_1_418' title='bbox 3569 2714 3739 2768; x_wconf 87' lang='lat' dir='ltr'>oculis</span> 
     </span>
    </p>
   </div>
   <div class='ocr_carea' id='block_1_60' title="bbox 2148 2802 3739 2873">
    <p class='ocr_par' dir='ltr' id='par_1_60' title="bbox 2148 2802 3739 2873">
     <span class='ocr_line' id='line_1_61' title="bbox 2148 2802 3739 2873; baseline -0.001 -17"><span class='ocrx_word' id='word_1_419' title='bbox 2148 2818 2424 2873; x_wconf 87' lang='lat' dir='ltr'>nunquam</span> <span class='ocrx_word' id='word_1_420' title='bbox 2453 2803 2711 2872; x_wconf 86' lang='lat' dir='ltr'>deinceps</span> <span class='ocrx_word' id='word_1_421' title='bbox 2763 2803 2899 2857; x_wconf 78' lang='lat' dir='ltr'>forte</span> <span class='ocrx_word' id='word_1_422' title='bbox 2943 2803 3325 2873; x_wconf 83' lang='lat' dir='ltr'>conSpiciende</span> <span class='ocrx_word' id='word_1_423' title='bbox 3361 2817 3374 2855; x_wconf 85' lang='lat'>:</span> <span class='ocrx_word' id='word_1_424' title='bbox 3424 2803 3490 2855; x_wconf 91' lang='lat' dir='ltr'>ab</span> <span class='ocrx_word' id='word_1_425' title='bbox 3538 2802 3739 2856; x_wconf 89' lang='lat' dir='ltr'>amoris</span> 
     </span>
    </p>
   </div>
   <div class='ocr_carea' id='block_1_61' title="bbox 2147 2891 3740 2961">
    <p class='ocr_par' dir='ltr' id='par_1_61' title="bbox 2147 2891 3740 2961">
     <span class='ocr_line' id='line_1_62' title="bbox 2147 2891 3740 2961; baseline -0.001 -16"><span class='ocrx_word' id='word_1_426' title='bbox 2147 2899 2328 2945; x_wconf 89' lang='lat' dir='ltr'>tamen</span> <span class='ocrx_word' id='word_1_427' title='bbox 2394 2891 2562 2946; x_wconf 88' lang='lat' dir='ltr'>nostri</span> <span class='ocrx_word' id='word_1_428' title='bbox 2610 2891 2984 2961; x_wconf 79' lang='lat' dir='ltr'>complexibus</span> <span class='ocrx_word' id='word_1_429' title='bbox 3051 2891 3211 2945; x_wconf 84' lang='lat' dir='ltr'>nullis</span> <span class='ocrx_word' id='word_1_430' title='bbox 3273 2891 3509 2956; x_wconf 87' lang='lat' dir='ltr'>casibus,</span> <span class='ocrx_word' id='word_1_431' title='bbox 3576 2891 3740 2944; x_wconf 89' lang='lat' dir='ltr'>nullis</span> 
     </span>
    </p>
   </div>
   <div class='ocr_carea' id='block_1_62' title="bbox 2147 2979 3740 3050">
    <p class='ocr_par' dir='ltr' id='par_1_62' title="bbox 2147 2979 3740 3050">
     <span class='ocr_line' id='line_1_63' title="bbox 2147 2979 3740 3050; baseline 0.001 -18"><span class='ocrx_word' id='word_1_432' title='bbox 2147 2979 2431 3034; x_wconf 76' lang='lat' dir='ltr'>avellende</span> <span class='ocrx_word' id='word_1_433' title='bbox 2464 2979 2816 3049; x_wconf 89' lang='lat' dir='ltr'>temporibus.</span> <span class='ocrx_word' id='word_1_434' title='bbox 2840 2980 3245 3034; x_wconf 87' lang='lat' dir='ltr'>Erubescamus</span> <span class='ocrx_word' id='word_1_435' title='bbox 3272 2980 3340 3033; x_wconf 90' lang='lat' dir='ltr'>ad</span> <span class='ocrx_word' id='word_1_436' title='bbox 3372 2980 3492 3044; x_wconf 90' lang='lat' dir='ltr'>hoc,</span> <span class='ocrx_word' id='word_1_437' title='bbox 3529 2995 3740 3050; x_wconf 82' lang='lat' dir='ltr'>nOSque</span> 
     </span>
    </p>
   </div>
   <div class='ocr_carea' id='block_1_63' title="bbox 452 3041 3739 3166">
    <p class='ocr_par' dir='ltr' id='par_1_63' title="bbox 452 3041 3739 3166">
     <span class='ocr_line' id='line_1_64' title="bbox 452 3041 3739 3166; baseline -0.001 -44"><span class='ocrx_word' id='word_1_438' title='bbox 452 3083 559 3138; x_wconf 90' lang='lat' dir='ltr'>quo</span> <span class='ocrx_word' id='word_1_439' title='bbox 591 3067 708 3121; x_wconf 90' lang='lat' dir='ltr'>solo</span> <span class='ocrx_word' id='word_1_440' title='bbox 739 3081 952 3120; x_wconf 91' lang='lat' dir='ltr'>summo</span> <span class='ocrx_word' id='word_1_441' title='bbox 982 3063 1243 3119; x_wconf 82' lang='lat' dir='ltr'>beneficio</span> <span class='ocrx_word' id='word_1_442' title='bbox 1275 3071 1328 3119; x_wconf 91' lang='lat' dir='ltr'>et</span> <span class='ocrx_word' id='word_1_443' title='bbox 1358 3063 1519 3130; x_wconf 89' lang='lat' dir='ltr'>bono,</span> <span class='ocrx_word' id='word_1_444' title='bbox 1554 3064 1808 3117; x_wconf 88' lang='lat' dir='ltr'>societate</span> <span class='ocrx_word' id='word_1_445' title='bbox 1838 3062 2048 3117; x_wconf 90' lang='lat' dir='ltr'>scilicet</span> <span class='ocrx_word' id='word_1_446' title='bbox 2077 3041 2122 3101; x_wconf 70' lang='grc' dir='ltr'>Ο</span> <span class='ocrx_word' id='word_1_447' title='bbox 2146 3067 2311 3137; x_wconf 83' lang='lat' dir='ltr'>ipsos,</span> <span class='ocrx_word' id='word_1_448' title='bbox 2348 3068 2738 3166; x_wconf 64' lang='lat' dir='ltr'>si.possumus,</span> <span class='ocrx_word' id='word_1_449' title='bbox 2771 3067 3087 3136; x_wconf 82' lang='lat' dir='ltr'>deﬂeamus,</span> <span class='ocrx_word' id='word_1_450' title='bbox 3121 3068 3265 3138; x_wconf 89' lang='lat' dir='ltr'>quod</span> <span class='ocrx_word' id='word_1_451' title='bbox 3298 3077 3347 3122; x_wconf 92' lang='lat' dir='ltr'>et</span> <span class='ocrx_word' id='word_1_452' title='bbox 3377 3067 3653 3121; x_wconf 84' lang='lat' dir='ltr'>Judaicam</span> <span class='ocrx_word' id='word_1_453' title='bbox 3685 3074 3739 3120; x_wconf 89' lang='lat' dir='ltr'>et</span> 
     </span>
    </p>
   </div>
   <div class='ocr_carea' id='block_1_64' title="bbox 451 3151 2045 3222">
    <p class='ocr_par' dir='ltr' id='par_1_64' title="bbox 451 3151 2045 3222">
     <span class='ocr_line' id='line_1_65' title="bbox 451 3151 2045 3222; baseline -0.004 -12"><span class='ocrx_word' id='word_1_454' title='bbox 451 3163 505 3210; x_wconf 90' lang='lat' dir='ltr'>et</span> <span class='ocrx_word' id='word_1_455' title='bbox 536 3155 742 3210; x_wconf 89' lang='lat' dir='ltr'>visione</span> <span class='ocrx_word' id='word_1_456' title='bbox 774 3154 894 3218; x_wconf 90' lang='lat' dir='ltr'>Dei,</span> <span class='ocrx_word' id='word_1_457' title='bbox 927 3169 1034 3208; x_wconf 91' lang='lat' dir='ltr'>non</span> <span class='ocrx_word' id='word_1_458' title='bbox 1083 3152 1267 3222; x_wconf 90' lang='lat' dir='ltr'>spatiis</span> <span class='ocrx_word' id='word_1_459' title='bbox 1315 3151 1558 3206; x_wconf 90' lang='lat' dir='ltr'>locorum</span> <span class='ocrx_word' id='word_1_460' title='bbox 1606 3159 1698 3206; x_wconf 90' lang='lat' dir='ltr'>aut</span> <span class='ocrx_word' id='word_1_461' title='bbox 1744 3159 2045 3222; x_wconf 90' lang='lat' dir='ltr'>temporum</span> 
     </span>
    </p>
   </div>
   <div class='ocr_carea' id='block_1_65' title="bbox 450 3239 2044 3316">
    <p class='ocr_par' dir='ltr' id='par_1_65' title="bbox 450 3239 2044 3316">
     <span class='ocr_line' id='line_1_66' title="bbox 450 3239 2044 3316; baseline -0.004 -18"><span class='ocrx_word' id='word_1_462' title='bbox 450 3245 694 3316; x_wconf 89' lang='lat' dir='ltr'>(semper</span> <span class='ocrx_word' id='word_1_463' title='bbox 720 3243 866 3298; x_wconf 91' lang='lat' dir='ltr'>enim</span> <span class='ocrx_word' id='word_1_464' title='bbox 896 3250 978 3296; x_wconf 91' lang='lat' dir='ltr'>est</span> <span class='ocrx_word' id='word_1_465' title='bbox 1024 3248 1077 3295; x_wconf 89' lang='lat' dir='ltr'>et</span> <span class='ocrx_word' id='word_1_466' title='bbox 1122 3240 1344 3312; x_wconf 92' lang='lat' dir='ltr'>ubique,</span> <span class='ocrx_word' id='word_1_467' title='bbox 1379 3248 1431 3294; x_wconf 90' lang='lat' dir='ltr'>et</span> <span class='ocrx_word' id='word_1_468' title='bbox 1462 3239 1580 3311; x_wconf 90' lang='lat' dir='ltr'>ipso</span> <span class='ocrx_word' id='word_1_469' title='bbox 1623 3239 1871 3304; x_wconf 79' lang='lat' dir='ltr'>vivimus,</span> <span class='ocrx_word' id='word_1_470' title='bbox 1921 3255 2044 3293; x_wconf 84' lang='lat' dir='ltr'>mo-</span> 
     </span>
    </p>
   </div>
   <div class='ocr_carea' id='block_1_66' title="bbox 451 3329 2042 3400">
    <p class='ocr_par' dir='ltr' id='par_1_66' title="bbox 451 3329 2042 3400">
     <span class='ocr_line' id='line_1_67' title="bbox 451 3329 2042 3400; baseline -0.004 -13"><span class='ocrx_word' id='word_1_471' title='bbox 451 3348 646 3388; x_wconf 89' lang='lat' dir='ltr'>vemur</span> <span class='ocrx_word' id='word_1_472' title='bbox 675 3339 728 3386; x_wconf 90' lang='lat' dir='ltr'>et</span> <span class='ocrx_word' id='word_1_473' title='bbox 757 3332 964 3400; x_wconf 90' lang='lat' dir='ltr'>sumus)</span> <span class='ocrx_word' id='word_1_474' title='bbox 1007 3331 1104 3386; x_wconf 88' lang='lat' dir='ltr'>sed</span> <span class='ocrx_word' id='word_1_475' title='bbox 1148 3329 1357 3384; x_wconf 89' lang='lat' dir='ltr'>meritis</span> <span class='ocrx_word' id='word_1_476' title='bbox 1405 3329 1742 3400; x_wconf 86' lang='lat' dir='ltr'>sejungimur</span> <span class='ocrx_word' id='word_1_477' title='bbox 1790 3335 2042 3398; x_wconf 88' lang='lat' dir='ltr'>peccato-</span> 
     </span>
    </p>
   </div>
   <div class='ocr_carea' id='block_1_67' title="bbox 449 3417 2044 3490">
    <p class='ocr_par' dir='ltr' id='par_1_67' title="bbox 449 3417 2044 3490">
     <span class='ocr_line' id='line_1_68' title="bbox 449 3417 2044 3490; baseline -0.003 -16"><span class='ocrx_word' id='word_1_478' title='bbox 449 3437 590 3484; x_wconf 89' lang='lat' dir='ltr'>rum,</span> <span class='ocrx_word' id='word_1_479' title='bbox 623 3420 761 3477; x_wconf 90' lang='lat' dir='ltr'>sicut</span> <span class='ocrx_word' id='word_1_480' title='bbox 790 3420 1053 3490; x_wconf 91' lang='lat' dir='ltr'>scriptum</span> <span class='ocrx_word' id='word_1_481' title='bbox 1082 3427 1164 3474; x_wconf 91' lang='lat' dir='ltr'>est</span> <span class='ocrx_word' id='word_1_482' title='bbox 1197 3433 1209 3472; x_wconf 94' lang='lat'><strong>:</strong></span> <span class='ocrx_word' id='word_1_483' title='bbox 1247 3419 1366 3474; x_wconf 86' lang='lat' dir='ltr'>Non</span> <span class='ocrx_word' id='word_1_484' title='bbox 1396 3422 1477 3472; x_wconf 84' lang='lat' dir='ltr'>est</span> <span class='ocrx_word' id='word_1_485' title='bbox 1498 3417 1816 3472; x_wconf 84' lang='lat' dir='ltr'>abbreviata</span> <span class='ocrx_word' id='word_1_486' title='bbox 1838 3432 2044 3470; x_wconf 86' lang='lat' dir='ltr'>manus</span> 
     </span>
    </p>
   </div>
   <div class='ocr_carea' id='block_1_68' title="bbox 449 3505 2042 3580">
    <p class='ocr_par' dir='ltr' id='par_1_68' title="bbox 449 3505 2042 3580">
     <span class='ocr_line' id='line_1_69' title="bbox 449 3505 2042 3580; baseline -0.004 -16"><span class='ocrx_word' id='word_1_487' title='bbox 449 3509 692 3574; x_wconf 87' lang='lat' dir='ltr'>Domini,</span> <span class='ocrx_word' id='word_1_488' title='bbox 718 3512 782 3563; x_wconf 90' lang='lat' dir='ltr'>ut</span> <span class='ocrx_word' id='word_1_489' title='bbox 802 3510 1020 3563; x_wconf 87' lang='lat' dir='ltr'>salvare</span> <span class='ocrx_word' id='word_1_490' title='bbox 1041 3511 1282 3580; x_wconf 87' lang='lat' dir='ltr'>nequeat</span> <span class='ocrx_word' id='word_1_491' title='bbox 1307 3526 1324 3571; x_wconf 90' lang='lat'>;</span> <span class='ocrx_word' id='word_1_492' title='bbox 1355 3522 1532 3578; x_wconf 84' lang='lat' dir='ltr'>neque</span> <span class='ocrx_word' id='word_1_493' title='bbox 1562 3509 1864 3576; x_wconf 81' lang='lat' dir='ltr'>aggravata</span> <span class='ocrx_word' id='word_1_494' title='bbox 1885 3505 2042 3559; x_wconf 83' lang='lat' dir='ltr'>auris</span> 
     </span>
    </p>
   </div>
   <div class='ocr_carea' id='block_1_69' title="bbox 451 3593 2044 3671">
    <p class='ocr_par' dir='ltr' id='par_1_69' title="bbox 451 3593 2044 3671">
     <span class='ocr_line' id='line_1_70' title="bbox 451 3593 2044 3671; baseline -0.005 -17"><span class='ocrx_word' id='word_1_495' title='bbox 451 3600 592 3671; x_wconf 85' lang='lat' dir='ltr'>ejus,</span> <span class='ocrx_word' id='word_1_496' title='bbox 613 3601 678 3652; x_wconf 90' lang='lat' dir='ltr'>ut</span> <span class='ocrx_word' id='word_1_497' title='bbox 696 3615 808 3652; x_wconf 90' lang='lat' dir='ltr'>non</span> <span class='ocrx_word' id='word_1_498' title='bbox 831 3597 1106 3652; x_wconf 72' lang='lat' dir='ltr'>exaudiat</span> <span class='ocrx_word' id='word_1_499' title='bbox 1127 3617 1144 3652; x_wconf 93' lang='lat'><em>:</em></span> <span class='ocrx_word' id='word_1_500' title='bbox 1167 3597 1262 3650; x_wconf 88' lang='lat' dir='ltr'>sed</span> <span class='ocrx_word' id='word_1_501' title='bbox 1275 3599 1506 3667; x_wconf 86' lang='lat' dir='ltr'>peccata</span> <span class='ocrx_word' id='word_1_502' title='bbox 1527 3597 1709 3648; x_wconf 87' lang='lat' dir='ltr'>vestra</span> <span class='ocrx_word' id='word_1_503' title='bbox 1729 3593 2044 3647; x_wconf 82' lang='lat' dir='ltr'>diviserunt</span> 
     </span>
    </p>
   </div>
   <div class='ocr_carea' id='block_1_70' title="bbox 451 3680 2043 3767">
    <p class='ocr_par' dir='ltr' id='par_1_70' title="bbox 451 3680 2043 3767">
     <span class='ocr_line' id='line_1_71' title="bbox 451 3680 2043 3767; baseline -0.005 -25"><span class='ocrx_word' id='word_1_504' title='bbox 451 3688 607 3742; x_wconf 87' lang='lat' dir='ltr'>inter</span> <span class='ocrx_word' id='word_1_505' title='bbox 627 3702 715 3741; x_wconf 84' lang='lat' dir='ltr'>vos</span> <span class='ocrx_word' id='word_1_506' title='bbox 734 3689 790 3740; x_wconf 89' lang='lat' dir='ltr'>et</span> <span class='ocrx_word' id='word_1_507' title='bbox 814 3687 986 3740; x_wconf 85' lang='lat' dir='ltr'>Deum</span> <span class='ocrx_word' id='word_1_508' title='bbox 1007 3688 1256 3767; x_wconf 80' lang='lat' dir='ltr'>vestrum</span> <span class='ocrx_word' id='word_1_509' title='bbox 1269 3684 1397 3754; x_wconf 86' lang='lat' dir='ltr'>(Isa.</span> <span class='ocrx_word' id='word_1_510' title='bbox 1415 3697 1528 3748; x_wconf 58' lang='grc' dir='ltr'><strong>ιιι,</strong></span> <span class='ocrx_word' id='word_1_511' title='bbox 1548 3684 1619 3750; x_wconf 81' lang='grc'>1).</span> <span class='ocrx_word' id='word_1_512' title='bbox 1639 3680 1772 3749; x_wconf 70' lang='lat' dir='ltr'>Quae</span> <span class='ocrx_word' id='word_1_513' title='bbox 1786 3681 2043 3751; x_wconf 87' lang='lat' dir='ltr'>quoniam</span> 
     </span>
    </p>
   </div>
   <div class='ocr_carea' id='block_1_71' title="bbox 449 3769 2042 3845">
    <p class='ocr_par' dir='ltr' id='par_1_71' title="bbox 449 3769 2042 3845">
     <span class='ocr_line' id='line_1_72' title="bbox 449 3769 2042 3845; baseline -0.004 -16"><span class='ocrx_word' id='word_1_514' title='bbox 449 3790 590 3845; x_wconf 89' lang='lat' dir='ltr'>pene</span> <span class='ocrx_word' id='word_1_515' title='bbox 621 3781 808 3828; x_wconf 86' lang='lat' dir='ltr'>cuncta</span> <span class='ocrx_word' id='word_1_516' title='bbox 859 3772 927 3826; x_wconf 91' lang='lat' dir='ltr'>de</span> <span class='ocrx_word' id='word_1_517' title='bbox 975 3772 1170 3826; x_wconf 89' lang='lat' dir='ltr'>mentis</span> <span class='ocrx_word' id='word_1_518' title='bbox 1213 3771 1446 3826; x_wconf 87' lang='lat' dir='ltr'>elatione</span> <span class='ocrx_word' id='word_1_519' title='bbox 1495 3777 1583 3822; x_wconf 89' lang='lat' dir='ltr'>aut</span> <span class='ocrx_word' id='word_1_520' title='bbox 1609 3769 1676 3822; x_wconf 91' lang='lat' dir='ltr'>de</span> <span class='ocrx_word' id='word_1_521' title='bbox 1727 3769 1902 3822; x_wconf 88' lang='lat' dir='ltr'>carnis</span> <span class='ocrx_word' id='word_1_522' title='bbox 1950 3783 2042 3822; x_wconf 88' lang='lat' dir='ltr'>ve-</span> 
     </span>
    </p>
   </div>
   <div class='ocr_carea' id='block_1_72' title="bbox 451 3855 2037 3930">
    <p class='ocr_par' dir='ltr' id='par_1_72' title="bbox 451 3855 2037 3930">
     <span class='ocr_line' id='line_1_73' title="bbox 451 3855 2037 3930; baseline -0.005 -14"><span class='ocrx_word' id='word_1_523' title='bbox 451 3862 600 3916; x_wconf 90' lang='lat' dir='ltr'>niunt</span> <span class='ocrx_word' id='word_1_524' title='bbox 634 3861 927 3924; x_wconf 87' lang='lat' dir='ltr'>voluntate,</span> <span class='ocrx_word' id='word_1_525' title='bbox 961 3875 1188 3930; x_wconf 87' lang='lat' dir='ltr'>quorum</span> <span class='ocrx_word' id='word_1_526' title='bbox 1221 3859 1378 3912; x_wconf 86' lang='lat' dir='ltr'>nobis</span> <span class='ocrx_word' id='word_1_527' title='bbox 1408 3858 1635 3911; x_wconf 85' lang='lat' dir='ltr'>alterum</span> <span class='ocrx_word' id='word_1_528' title='bbox 1669 3870 1789 3910; x_wconf 92' lang='lat' dir='ltr'>cum</span> <span class='ocrx_word' id='word_1_529' title='bbox 1824 3855 2037 3922; x_wconf 89' lang='lat' dir='ltr'>belluis,</span> 
     </span>
    </p>
   </div>
   <div class='ocr_carea' id='block_1_73' title="bbox 450 3943 2038 4017">
    <p class='ocr_par' dir='ltr' id='par_1_73' title="bbox 450 3943 2038 4017">
     <span class='ocr_line' id='line_1_74' title="bbox 450 3943 2038 4017; baseline -0.005 -13"><span class='ocrx_word' id='word_1_530' title='bbox 450 3949 677 4005; x_wconf 87' lang='lat' dir='ltr'>alterum</span> <span class='ocrx_word' id='word_1_531' title='bbox 708 3964 832 4003; x_wconf 91' lang='lat' dir='ltr'>cum</span> <span class='ocrx_word' id='word_1_532' title='bbox 877 3946 1090 4017; x_wconf 82' lang='lat' dir='ltr'>angelis</span> <span class='ocrx_word' id='word_1_533' title='bbox 1132 3954 1214 4000; x_wconf 88' lang='lat' dir='ltr'>est</span> <span class='ocrx_word' id='word_1_534' title='bbox 1260 3961 1565 4008; x_wconf 88' lang='lat' dir='ltr'>commune,</span> <span class='ocrx_word' id='word_1_535' title='bbox 1617 3943 1710 3998; x_wconf 91' lang='lat' dir='ltr'>sed</span> <span class='ocrx_word' id='word_1_536' title='bbox 1769 3944 2038 4014; x_wconf 89' lang='lat' dir='ltr'>reprobis,</span> 
     </span>
    </p>
   </div>
   <div class='ocr_carea' id='block_1_74' title="bbox 445 4031 2042 4105">
    <p class='ocr_par' dir='ltr' id='par_1_74' title="bbox 445 4031 2042 4105">
     <span class='ocr_line' id='line_1_75' title="bbox 445 4031 2042 4105; baseline -0.003 -14"><span class='ocrx_word' id='word_1_537' title='bbox 445 4037 725 4093; x_wconf 90' lang='lat' dir='ltr'>nitendum</span> <span class='ocrx_word' id='word_1_538' title='bbox 749 4050 1096 4105; x_wconf 90' lang='lat' dir='ltr'>summopere</span> <span class='ocrx_word' id='word_1_539' title='bbox 1117 4041 1199 4088; x_wconf 92' lang='lat' dir='ltr'>est</span> <span class='ocrx_word' id='word_1_540' title='bbox 1228 4041 1284 4088; x_wconf 93' lang='lat' dir='ltr'>ut</span> <span class='ocrx_word' id='word_1_541' title='bbox 1314 4041 1366 4088; x_wconf 92' lang='lat' dir='ltr'>et</span> <span class='ocrx_word' id='word_1_542' title='bbox 1396 4031 1591 4086; x_wconf 89' lang='lat' dir='ltr'>mentis</span> <span class='ocrx_word' id='word_1_543' title='bbox 1630 4032 1885 4101; x_wconf 89' lang='lat' dir='ltr'>superbia</span> <span class='ocrx_word' id='word_1_544' title='bbox 1917 4048 2042 4102; x_wconf 90' lang='lat' dir='ltr'>pre-</span> 
     </span>
    </p>
   </div>
   <div class='ocr_carea' id='block_1_75' title="bbox 445 4119 2039 4186">
    <p class='ocr_par' dir='ltr' id='par_1_75' title="bbox 445 4119 2039 4186">
     <span class='ocr_line' id='line_1_76' title="bbox 445 4119 2039 4186; baseline -0.003 -7"><span class='ocrx_word' id='word_1_545' title='bbox 445 4133 624 4180; x_wconf 89' lang='lat' dir='ltr'>matur</span> <span class='ocrx_word' id='word_1_546' title='bbox 654 4123 970 4186; x_wconf 87' lang='lat' dir='ltr'>humilitate,</span> <span class='ocrx_word' id='word_1_547' title='bbox 1005 4129 1058 4176; x_wconf 89' lang='lat' dir='ltr'>et</span> <span class='ocrx_word' id='word_1_548' title='bbox 1089 4121 1273 4176; x_wconf 86' lang='lat' dir='ltr'>carnis</span> <span class='ocrx_word' id='word_1_549' title='bbox 1320 4120 1526 4174; x_wconf 81' lang='lat' dir='ltr'>luxuria</span> <span class='ocrx_word' id='word_1_550' title='bbox 1559 4119 1870 4174; x_wconf 90' lang='lat' dir='ltr'>sobrietate.</span> <span class='ocrx_word' id='word_1_551' title='bbox 1905 4120 2039 4175; x_wconf 88' lang='lat' dir='ltr'>llinc</span> 
     </span>
    </p>
   </div>
   <div class='ocr_carea' id='block_1_76' title="bbox 444 4207 2042 4280">
    <p class='ocr_par' dir='ltr' id='par_1_76' title="bbox 444 4207 2042 4280">
     <span class='ocr_line' id='line_1_77' title="bbox 444 4207 2042 4280; baseline -0.003 -12"><span class='ocrx_word' id='word_1_552' title='bbox 444 4212 710 4268; x_wconf 90' lang='lat' dir='ltr'>Dominus</span> <span class='ocrx_word' id='word_1_553' title='bbox 744 4229 757 4264; x_wconf 88' lang='lat'>:</span> <span class='ocrx_word' id='word_1_554' title='bbox 799 4209 1002 4274; x_wconf 84' lang='lat' dir='ltr'>Videte,</span> <span class='ocrx_word' id='word_1_555' title='bbox 1029 4209 1218 4280; x_wconf 88' lang='lat' dir='ltr'>inquit,</span> <span class='ocrx_word' id='word_1_556' title='bbox 1243 4227 1313 4264; x_wconf 89' lang='lat' dir='ltr'>ne</span> <span class='ocrx_word' id='word_1_557' title='bbox 1327 4212 1638 4280; x_wconf 85' lang='lat' dir='ltr'>graventur</span> <span class='ocrx_word' id='word_1_558' title='bbox 1657 4207 1826 4263; x_wconf 86' lang='lat' dir='ltr'>corda</span> <span class='ocrx_word' id='word_1_559' title='bbox 1855 4213 2042 4264; x_wconf 86' lang='lat' dir='ltr'>vestra</span> 
     </span>
    </p>
   </div>
   <div class='ocr_carea' id='block_1_77' title="bbox 443 4297 2036 4370">
    <p class='ocr_par' dir='ltr' id='par_1_77' title="bbox 443 4297 2036 4370">
     <span class='ocr_line' id='line_1_78' title="bbox 443 4297 2036 4370; baseline -0.005 -14"><span class='ocrx_word' id='word_1_560' title='bbox 443 4301 508 4357; x_wconf 74' lang='lat' dir='ltr'>in</span> <span class='ocrx_word' id='word_1_561' title='bbox 529 4299 784 4370; x_wconf 89' lang='lat' dir='ltr'>crapula,</span> <span class='ocrx_word' id='word_1_562' title='bbox 801 4300 857 4353; x_wconf 89' lang='lat' dir='ltr'>et</span> <span class='ocrx_word' id='word_1_563' title='bbox 873 4299 1160 4363; x_wconf 86' lang='lat' dir='ltr'>ebrietate,</span> <span class='ocrx_word' id='word_1_564' title='bbox 1178 4302 1232 4352; x_wconf 91' lang='lat' dir='ltr'>et</span> <span class='ocrx_word' id='word_1_565' title='bbox 1253 4298 1406 4352; x_wconf 90' lang='lat' dir='ltr'>curis</span> <span class='ocrx_word' id='word_1_566' title='bbox 1419 4297 1587 4367; x_wconf 84' lang='lat' dir='ltr'>hujus</span> <span class='ocrx_word' id='word_1_567' title='bbox 1602 4298 1728 4351; x_wconf 63' lang='lat' dir='ltr'>vitae</span> <span class='ocrx_word' id='word_1_568' title='bbox 1743 4297 1897 4362; x_wconf 90' lang='lat' dir='ltr'>(Luc.</span> <span class='ocrx_word' id='word_1_569' title='bbox 1916 4311 2036 4361; x_wconf 71' lang='lat' dir='ltr'><strong>xxx,</strong></span> 
     </span>
    </p>
   </div>
   <div class='ocr_carea' id='block_1_78' title="bbox 2145 3155 3737 3228">
    <p class='ocr_par' dir='ltr' id='par_1_78' title="bbox 2145 3155 3737 3228">
     <span class='ocr_line' id='line_1_79' title="bbox 2145 3155 3737 3228; baseline -0.001 -18"><span class='ocrx_word' id='word_1_570' title='bbox 2145 3155 2422 3228; x_wconf 77' lang='lat' dir='ltr'>gentilem&#39;</span> <span class='ocrx_word' id='word_1_571' title='bbox 2437 3157 2714 3210; x_wconf 89' lang='lat' dir='ltr'>videamur</span> <span class='ocrx_word' id='word_1_572' title='bbox 2743 3173 3029 3226; x_wconf 89' lang='lat' dir='ltr'>superasse</span> <span class='ocrx_word' id='word_1_573' title='bbox 3077 3156 3350 3223; x_wconf 88' lang='lat' dir='ltr'>duritiam,</span> <span class='ocrx_word' id='word_1_574' title='bbox 3386 3156 3513 3209; x_wconf 92' lang='lat' dir='ltr'>dum</span> <span class='ocrx_word' id='word_1_575' title='bbox 3545 3155 3620 3209; x_wconf 89' lang='lat' dir='ltr'>illi</span> <span class='ocrx_word' id='word_1_576' title='bbox 3650 3155 3737 3209; x_wconf 92' lang='lat' dir='ltr'>di-</span> 
     </span>
    </p>
   </div>
   <div class='ocr_carea' id='block_1_79' title="bbox 2143 3243 3738 3300">
    <p class='ocr_par' dir='ltr' id='par_1_79' title="bbox 2143 3243 3738 3300">
     <span class='ocr_line' id='line_1_80' title="bbox 2143 3243 3738 3300; baseline -0.002 0"><span class='ocrx_word' id='word_1_577' title='bbox 2143 3244 2322 3300; x_wconf 89' lang='lat' dir='ltr'>vinam</span> <span class='ocrx_word' id='word_1_578' title='bbox 2356 3244 2692 3299; x_wconf 89' lang='lat' dir='ltr'>severitatem</span> <span class='ocrx_word' id='word_1_579' title='bbox 2724 3244 2903 3300; x_wconf 88' lang='lat' dir='ltr'>media</span> <span class='ocrx_word' id='word_1_580' title='bbox 2950 3245 3194 3299; x_wconf 91' lang='lat' dir='ltr'>ciborum</span> <span class='ocrx_word' id='word_1_581' title='bbox 3243 3254 3293 3298; x_wconf 90' lang='lat' dir='ltr'>et</span> <span class='ocrx_word' id='word_1_582' title='bbox 3336 3244 3539 3300; x_wconf 87' lang='lat' dir='ltr'>vilitate</span> <span class='ocrx_word' id='word_1_583' title='bbox 3579 3243 3738 3298; x_wconf 92' lang='lat' dir='ltr'>simul</span> 
     </span>
    </p>
   </div>
   <div class='ocr_carea' id='block_1_80' title="bbox 2142 3332 3740 3405">
    <p class='ocr_par' dir='ltr' id='par_1_80' title="bbox 2142 3332 3740 3405">
     <span class='ocr_line' id='line_1_81' title="bbox 2142 3332 3740 3405; baseline 0.001 -19"><span class='ocrx_word' id='word_1_584' title='bbox 2142 3341 2304 3403; x_wconf 86' lang='lat' dir='ltr'>atque</span> <span class='ocrx_word' id='word_1_585' title='bbox 2334 3333 2626 3404; x_wconf 86' lang='lat' dir='ltr'>asperitate</span> <span class='ocrx_word' id='word_1_586' title='bbox 2667 3333 2914 3405; x_wconf 86' lang='lat' dir='ltr'>mitigant</span> <span class='ocrx_word' id='word_1_587' title='bbox 2957 3334 3207 3396; x_wconf 84' lang='lat' dir='ltr'>vestium,</span> <span class='ocrx_word' id='word_1_588' title='bbox 3255 3349 3354 3387; x_wconf 88' lang='lat' dir='ltr'>nos</span> <span class='ocrx_word' id='word_1_589' title='bbox 3403 3332 3455 3386; x_wconf 90' lang='lat' dir='ltr'>in</span> <span class='ocrx_word' id='word_1_590' title='bbox 3498 3333 3740 3403; x_wconf 87' lang='lat' dir='ltr'>peccatis</span> 
     </span>
    </p>
   </div>
   <div class='ocr_carea' id='block_1_81' title="bbox 2142 3421 3735 3493">
    <p class='ocr_par' dir='ltr' id='par_1_81' title="bbox 2142 3421 3735 3493">
     <span class='ocr_line' id='line_1_82' title="bbox 2142 3421 3735 3493; baseline 0 -19"><span class='ocrx_word' id='word_1_591' title='bbox 2142 3421 2321 3475; x_wconf 91' lang='lat' dir='ltr'>multis</span> <span class='ocrx_word' id='word_1_592' title='bbox 2352 3430 2512 3492; x_wconf 89' lang='lat' dir='ltr'>atque</span> <span class='ocrx_word' id='word_1_593' title='bbox 2542 3421 2815 3491; x_wconf 88' lang='lat' dir='ltr'>periculis,</span> <span class='ocrx_word' id='word_1_594' title='bbox 2866 3436 2969 3476; x_wconf 90' lang='lat' dir='ltr'>nec</span> <span class='ocrx_word' id='word_1_595' title='bbox 3019 3421 3209 3493; x_wconf 74' lang='lat' dir='ltr'>gloriae</span> <span class='ocrx_word' id='word_1_596' title='bbox 3258 3421 3473 3476; x_wconf 90' lang='lat' dir='ltr'>modum</span> <span class='ocrx_word' id='word_1_597' title='bbox 3523 3421 3735 3487; x_wconf 89' lang='lat' dir='ltr'>damus,</span> 
     </span>
    </p>
   </div>
   <div class='ocr_carea' id='block_1_82' title="bbox 2141 3509 3735 3581">
    <p class='ocr_par' dir='ltr' id='par_1_82' title="bbox 2141 3509 3735 3581">
     <span class='ocr_line' id='line_1_83' title="bbox 2141 3509 3735 3581; baseline -0.001 -18"><span class='ocrx_word' id='word_1_598' title='bbox 2141 3525 2318 3581; x_wconf 87' lang='lat' dir='ltr'>neque</span> <span class='ocrx_word' id='word_1_599' title='bbox 2351 3509 2576 3564; x_wconf 87' lang='lat' dir='ltr'>deliciis.</span> <span class='ocrx_word' id='word_1_600' title='bbox 2608 3510 2798 3581; x_wconf 87' lang='lat' dir='ltr'>Neque</span> <span class='ocrx_word' id='word_1_601' title='bbox 2847 3510 2990 3564; x_wconf 88' lang='lat' dir='ltr'>enim</span> <span class='ocrx_word' id='word_1_602' title='bbox 3041 3526 3241 3579; x_wconf 88' lang='lat' dir='ltr'>agnum</span> <span class='ocrx_word' id='word_1_603' title='bbox 3268 3511 3377 3576; x_wconf 83' lang='lat' dir='ltr'>jam</span> <span class='ocrx_word' id='word_1_604' title='bbox 3427 3510 3494 3563; x_wconf 91' lang='lat' dir='ltr'>de</span> <span class='ocrx_word' id='word_1_605' title='bbox 3542 3526 3735 3581; x_wconf 87' lang='lat' dir='ltr'>grege,</span> 
     </span>
    </p>
   </div>
   <div class='ocr_carea' id='block_1_83' title="bbox 2143 3596 3736 3668">
    <p class='ocr_par' dir='ltr' id='par_1_83' title="bbox 2143 3596 3736 3668">
     <span class='ocr_line' id='line_1_84' title="bbox 2143 3596 3736 3668; baseline -0.001 -17"><span class='ocrx_word' id='word_1_606' title='bbox 2143 3606 2234 3651; x_wconf 89' lang='lat' dir='ltr'>aut</span> <span class='ocrx_word' id='word_1_607' title='bbox 2266 3598 2460 3651; x_wconf 88' lang='lat' dir='ltr'>vitulos</span> <span class='ocrx_word' id='word_1_608' title='bbox 2492 3606 2694 3650; x_wconf 89' lang='lat' dir='ltr'>tantum</span> <span class='ocrx_word' id='word_1_609' title='bbox 2737 3598 2804 3651; x_wconf 87' lang='lat' dir='ltr'>de</span> <span class='ocrx_word' id='word_1_610' title='bbox 2852 3597 3031 3652; x_wconf 88' lang='lat' dir='ltr'>medio</span> <span class='ocrx_word' id='word_1_611' title='bbox 3079 3599 3328 3662; x_wconf 88' lang='lat' dir='ltr'>armenti,</span> <span class='ocrx_word' id='word_1_612' title='bbox 3381 3596 3476 3651; x_wconf 89' lang='lat' dir='ltr'>sed</span> <span class='ocrx_word' id='word_1_613' title='bbox 3535 3613 3736 3668; x_wconf 88' lang='lat' dir='ltr'>greges</span> 
     </span>
    </p>
   </div>
   <div class='ocr_carea' id='block_1_84' title="bbox 2141 3685 3734 3757">
    <p class='ocr_par' dir='ltr' id='par_1_84' title="bbox 2141 3685 3734 3757">
     <span class='ocr_line' id='line_1_85' title="bbox 2141 3685 3734 3757; baseline -0.001 -17"><span class='ocrx_word' id='word_1_614' title='bbox 2141 3685 2387 3757; x_wconf 83' lang='lat' dir='ltr'>integros</span> <span class='ocrx_word' id='word_1_615' title='bbox 2419 3695 2469 3740; x_wconf 92' lang='lat' dir='ltr'>et</span> <span class='ocrx_word' id='word_1_616' title='bbox 2518 3694 2762 3740; x_wconf 87' lang='lat' dir='ltr'>armenta</span> <span class='ocrx_word' id='word_1_617' title='bbox 2809 3693 2918 3740; x_wconf 88' lang='lat' dir='ltr'>tota</span> <span class='ocrx_word' id='word_1_618' title='bbox 2966 3687 3351 3742; x_wconf 89' lang='lat' dir='ltr'>consumimus.</span> <span class='ocrx_word' id='word_1_619' title='bbox 3405 3686 3462 3739; x_wconf 91' lang='lat' dir='ltr'>In</span> <span class='ocrx_word' id='word_1_620' title='bbox 3513 3687 3734 3740; x_wconf 91' lang='lat' dir='ltr'>modum</span> 
     </span>
    </p>
   </div>
   <div class='ocr_carea' id='block_1_85' title="bbox 2143 3773 3734 3844">
    <p class='ocr_par' dir='ltr' id='par_1_85' title="bbox 2143 3773 3734 3844">
     <span class='ocr_line' id='line_1_86' title="bbox 2143 3773 3734 3844; baseline 0 -16"><span class='ocrx_word' id='word_1_621' title='bbox 2143 3775 2344 3844; x_wconf 89' lang='lat' dir='ltr'>quippe</span> <span class='ocrx_word' id='word_1_622' title='bbox 2392 3773 2667 3839; x_wconf 81' lang='lat' dir='ltr'>Amalech,</span> <span class='ocrx_word' id='word_1_623' title='bbox 2726 3790 2847 3829; x_wconf 90' lang='lat' dir='ltr'>cum</span> <span class='ocrx_word' id='word_1_624' title='bbox 2914 3774 3197 3829; x_wconf 89' lang='lat' dir='ltr'>innumera</span> <span class='ocrx_word' id='word_1_625' title='bbox 3244 3774 3582 3828; x_wconf 81' lang='lat' dir='ltr'>multitudine</span> <span class='ocrx_word' id='word_1_626' title='bbox 3629 3774 3734 3828; x_wconf 90' lang='lat' dir='ltr'>ho-</span> 
     </span>
    </p>
   </div>
   <div class='ocr_carea' id='block_1_86' title="bbox 2143 3861 3735 3932">
    <p class='ocr_par' dir='ltr' id='par_1_86' title="bbox 2143 3861 3735 3932">
     <span class='ocr_line' id='line_1_87' title="bbox 2143 3861 3735 3932; baseline -0.001 -17"><span class='ocrx_word' id='word_1_627' title='bbox 2143 3862 2346 3915; x_wconf 88' lang='lat' dir='ltr'>minum</span> <span class='ocrx_word' id='word_1_628' title='bbox 2396 3871 2447 3916; x_wconf 89' lang='lat' dir='ltr'>et</span> <span class='ocrx_word' id='word_1_629' title='bbox 2507 3862 2879 3930; x_wconf 86' lang='lat' dir='ltr'>jumentorum</span> <span class='ocrx_word' id='word_1_630' title='bbox 2964 3862 3411 3932; x_wconf 88' lang='lat' dir='ltr'>supervenientes</span> <span class='ocrx_word' id='word_1_631' title='bbox 3488 3861 3735 3916; x_wconf 89' lang='lat' dir='ltr'>ccclesiis</span> 
     </span>
    </p>
   </div>
   <div class='ocr_carea' id='block_1_87' title="bbox 2142 3950 3735 4022">
    <p class='ocr_par' dir='ltr' id='par_1_87' title="bbox 2142 3950 3735 4022">
     <span class='ocr_line' id='line_1_88' title="bbox 2142 3950 3735 4022; baseline -0.001 -18"><span class='ocrx_word' id='word_1_632' title='bbox 2142 3959 2338 4006; x_wconf 89' lang='lat' dir='ltr'>cuncta</span> <span class='ocrx_word' id='word_1_633' title='bbox 2371 3950 2728 4020; x_wconf 84' lang='lat' dir='ltr'>complemus,</span> <span class='ocrx_word' id='word_1_634' title='bbox 2763 3951 3023 4022; x_wconf 89' lang='lat' dir='ltr'>quidquid</span> <span class='ocrx_word' id='word_1_635' title='bbox 3057 3950 3412 4021; x_wconf 81' lang='lat' dir='ltr'>tetigerimus,</span> <span class='ocrx_word' id='word_1_636' title='bbox 3445 3951 3735 4005; x_wconf 83' lang='lat' dir='ltr'>devastan-</span> 
     </span>
    </p>
   </div>
   <div class='ocr_carea' id='block_1_88' title="bbox 2142 4038 3733 4104">
    <p class='ocr_par' dir='ltr' id='par_1_88' title="bbox 2142 4038 3733 4104">
     <span class='ocr_line' id='line_1_89' title="bbox 2142 4038 3733 4104; baseline 0 -12"><span class='ocrx_word' id='word_1_637' title='bbox 2142 4047 2259 4103; x_wconf 89' lang='lat' dir='ltr'>tes;</span> <span class='ocrx_word' id='word_1_638' title='bbox 2292 4055 2391 4092; x_wconf 91' lang='lat' dir='ltr'>nec</span> <span class='ocrx_word' id='word_1_639' title='bbox 2423 4038 2504 4091; x_wconf 90' lang='lat' dir='ltr'>his</span> <span class='ocrx_word' id='word_1_640' title='bbox 2535 4039 2790 4103; x_wconf 88' lang='lat' dir='ltr'>contenti,</span> <span class='ocrx_word' id='word_1_641' title='bbox 2824 4039 3038 4104; x_wconf 87' lang='lat' dir='ltr'>tibulas,</span> <span class='ocrx_word' id='word_1_642' title='bbox 3075 4055 3284 4104; x_wconf 88' lang='lat' dir='ltr'>cruces,</span> <span class='ocrx_word' id='word_1_643' title='bbox 3319 4038 3538 4104; x_wconf 90' lang='lat' dir='ltr'>calices,</span> <span class='ocrx_word' id='word_1_644' title='bbox 3570 4047 3622 4093; x_wconf 92' lang='lat' dir='ltr'>et</span> <span class='ocrx_word' id='word_1_645' title='bbox 3651 4054 3733 4092; x_wconf 90' lang='lat' dir='ltr'>sa-</span> 
     </span>
    </p>
   </div>
   <div class='ocr_carea' id='block_1_89' title="bbox 2141 4125 3731 4198">
    <p class='ocr_par' dir='ltr' id='par_1_89' title="bbox 2141 4125 3731 4198">
     <span class='ocr_line' id='line_1_90' title="bbox 2141 4125 3731 4198; baseline -0.001 -17"><span class='ocrx_word' id='word_1_646' title='bbox 2141 4142 2263 4181; x_wconf 87' lang='lat' dir='ltr'>cras</span> <span class='ocrx_word' id='word_1_647' title='bbox 2294 4126 2588 4196; x_wconf 89' lang='lat' dir='ltr'>spoliamus</span> <span class='ocrx_word' id='word_1_648' title='bbox 2619 4126 2904 4198; x_wconf 89' lang='lat' dir='ltr'>imagines.</span> <span class='ocrx_word' id='word_1_649' title='bbox 2941 4127 3006 4181; x_wconf 87' lang='lat' dir='ltr'>Et</span> <span class='ocrx_word' id='word_1_650' title='bbox 3049 4133 3105 4180; x_wconf 89' lang='lat' dir='ltr'>ut</span> <span class='ocrx_word' id='word_1_651' title='bbox 3153 4126 3278 4197; x_wconf 90' lang='lat' dir='ltr'>quid</span> <span class='ocrx_word' id='word_1_652' title='bbox 3311 4127 3460 4180; x_wconf 82' lang='lat' dir='ltr'>hoc?</span> <span class='ocrx_word' id='word_1_653' title='bbox 3492 4125 3630 4180; x_wconf 81' lang='lat' dir='ltr'>forte</span> <span class='ocrx_word' id='word_1_654' title='bbox 3676 4134 3731 4180; x_wconf 87' lang='lat' dir='ltr'>ut</span> 
     </span>
    </p>
   </div>
   <div class='ocr_carea' id='block_1_90' title="bbox 2140 4215 3730 4285">
    <p class='ocr_par' dir='ltr' id='par_1_90' title="bbox 2140 4215 3730 4285">
     <span class='ocr_line' id='line_1_91' title="bbox 2140 4215 3730 4285; baseline -0.001 -17"><span class='ocrx_word' id='word_1_655' title='bbox 2140 4230 2412 4285; x_wconf 84' lang='lat' dir='ltr'>pauperes</span> <span class='ocrx_word' id='word_1_656' title='bbox 2469 4221 2859 4280; x_wconf 87' lang='lat' dir='ltr'>sustententur,</span> <span class='ocrx_word' id='word_1_657' title='bbox 2950 4215 3275 4268; x_wconf 88' lang='lat' dir='ltr'>monasteria</span> <span class='ocrx_word' id='word_1_658' title='bbox 3335 4221 3730 4276; x_wconf 89' lang='lat' dir='ltr'>construantur,</span> 
     </span>
    </p>
   </div>
   <div class='ocr_carea' id='block_1_91' title="bbox 2140 4301 3734 4373">
    <p class='ocr_par' dir='ltr' id='par_1_91' title="bbox 2140 4301 3734 4373">
     <span class='ocr_line' id='line_1_92' title="bbox 2140 4301 3734 4373; baseline 0 -18"><span class='ocrx_word' id='word_1_659' title='bbox 2140 4302 2334 4373; x_wconf 87' lang='lat' dir='ltr'>captivi</span> <span class='ocrx_word' id='word_1_660' title='bbox 2367 4302 2753 4356; x_wconf 77' lang='lat' dir='ltr'>redimantur?</span> <span class='ocrx_word' id='word_1_661' title='bbox 2781 4303 2902 4356; x_wconf 87' lang='lat' dir='ltr'>Non</span> <span class='ocrx_word' id='word_1_662' title='bbox 2936 4303 3008 4356; x_wconf 92' lang='lat' dir='ltr'>ita</span> <span class='ocrx_word' id='word_1_663' title='bbox 3040 4321 3053 4356; x_wconf 91' lang='lat'><strong>:</strong></span> <span class='ocrx_word' id='word_1_664' title='bbox 3089 4302 3185 4356; x_wconf 89' lang='lat' dir='ltr'>sed</span> <span class='ocrx_word' id='word_1_665' title='bbox 3226 4302 3404 4373; x_wconf 90' lang='lat' dir='ltr'>potius</span> <span class='ocrx_word' id='word_1_666' title='bbox 3452 4311 3508 4356; x_wconf 91' lang='lat' dir='ltr'>ut</span> <span class='ocrx_word' id='word_1_667' title='bbox 3552 4302 3620 4356; x_wconf 90' lang='lat' dir='ltr'>ad</span> <span class='ocrx_word' id='word_1_668' title='bbox 3653 4301 3734 4355; x_wconf 56' lang='lat' dir='ltr'>in.</span> 
     </span>
    </p>
   </div>
   <div class='ocr_carea' id='block_1_92' title="bbox 442 4383 3728 4462">
    <p class='ocr_par' dir='ltr' id='par_1_92' title="bbox 442 4383 3728 4462">
     <span class='ocr_line' id='line_1_93' title="bbox 442 4383 3728 4462; baseline 0 -19"><span class='ocrx_word' id='word_1_669' title='bbox 442 4387 560 4458; x_wconf 72' lang='lat' dir='ltr'>3L).</span> <span class='ocrx_word' id='word_1_670' title='bbox 601 4387 841 4456; x_wconf 87' lang='lat' dir='ltr'>Itemque</span> <span class='ocrx_word' id='word_1_671' title='bbox 878 4400 889 4439; x_wconf 93' lang='lat'><strong>:</strong></span> <span class='ocrx_word' id='word_1_672' title='bbox 923 4386 1288 4442; x_wconf 84' lang='lat' dir='ltr'>Disciteame</span> <span class='ocrx_word' id='word_1_673' title='bbox 1307 4387 1437 4458; x_wconf 88' lang='lat' dir='ltr'>quia</span> <span class='ocrx_word' id='word_1_674' title='bbox 1457 4386 1614 4439; x_wconf 85' lang='lat' dir='ltr'>mitis</span> <span class='ocrx_word' id='word_1_675' title='bbox 1637 4389 1829 4439; x_wconf 90' lang='lat' dir='ltr'>sumet</span> <span class='ocrx_word' id='word_1_676' title='bbox 1845 4383 2036 4439; x_wconf 84' lang='lat' dir='ltr'>humi—</span> <span class='ocrx_word' id='word_1_677' title='bbox 2067 4393 2118 4451; x_wconf 88' lang='lat' dir='ltr'>D</span> <span class='ocrx_word' id='word_1_678' title='bbox 2145 4390 2482 4445; x_wconf 83' lang='lat' dir='ltr'>terficiendos</span> <span class='ocrx_word' id='word_1_679' title='bbox 2514 4389 2847 4444; x_wconf 86' lang='lat' dir='ltr'>Christianos</span> <span class='ocrx_word' id='word_1_680' title='bbox 2894 4399 2945 4445; x_wconf 92' lang='lat' dir='ltr'>et</span> <span class='ocrx_word' id='word_1_681' title='bbox 2988 4391 3273 4462; x_wconf 88' lang='lat' dir='ltr'>sagittarii,</span> <span class='ocrx_word' id='word_1_682' title='bbox 3324 4399 3376 4444; x_wconf 91' lang='lat' dir='ltr'>et</span> <span class='ocrx_word' id='word_1_683' title='bbox 3425 4390 3728 4456; x_wconf 90' lang='lat' dir='ltr'>ballistarii,</span> 
     </span>
    </p>
   </div>
   <div class='ocr_carea' id='block_1_93' title="bbox 445 4473 1198 4544">
    <p class='ocr_par' dir='ltr' id='par_1_93' title="bbox 445 4473 1198 4544">
     <span class='ocr_line' id='line_1_94' title="bbox 445 4473 1198 4544; baseline -0.004 -14"><span class='ocrx_word' id='word_1_684' title='bbox 445 4476 512 4530; x_wconf 80' lang='lat' dir='ltr'>lis</span> <span class='ocrx_word' id='word_1_685' title='bbox 542 4474 702 4530; x_wconf 88' lang='lat' dir='ltr'>corde</span> <span class='ocrx_word' id='word_1_686' title='bbox 733 4473 952 4544; x_wconf 73' lang='lat' dir='ltr'>(Matth.</span> <span class='ocrx_word' id='word_1_687' title='bbox 988 4489 1060 4538; x_wconf 78' lang='grc' dir='ltr'>χι,</span> <span class='ocrx_word' id='word_1_688' title='bbox 1086 4478 1198 4543; x_wconf 72' lang='grc'>29).</span> 
     </span>
    </p>
   </div>
   <div class='ocr_carea' id='block_1_94' title="bbox 513 4561 2032 4633">
    <p class='ocr_par' dir='ltr' id='par_1_94' title="bbox 513 4561 2032 4633">
     <span class='ocr_line' id='line_1_95' title="bbox 513 4561 2032 4633; baseline -0.002 -13"><span class='ocrx_word' id='word_1_689' title='bbox 513 4567 573 4620; x_wconf 76' lang='lat'>2.</span> <span class='ocrx_word' id='word_1_690' title='bbox 609 4561 733 4615; x_wconf 87' lang='lat' dir='ltr'>Non</span> <span class='ocrx_word' id='word_1_691' title='bbox 763 4577 896 4633; x_wconf 84' lang='lat' dir='ltr'>ergo</span> <span class='ocrx_word' id='word_1_692' title='bbox 928 4562 980 4615; x_wconf 93' lang='lat' dir='ltr'>in</span> <span class='ocrx_word' id='word_1_693' title='bbox 1013 4561 1180 4616; x_wconf 86' lang='lat' dir='ltr'>multa</span> <span class='ocrx_word' id='word_1_694' title='bbox 1211 4570 1394 4617; x_wconf 90' lang='lat' dir='ltr'>nostra</span> <span class='ocrx_word' id='word_1_695' title='bbox 1432 4561 1760 4617; x_wconf 74' lang='lat' dir='ltr'>diffundatur</span> <span class='ocrx_word' id='word_1_696' title='bbox 1789 4563 2032 4618; x_wconf 90' lang='lat' dir='ltr'>intentio.</span> 
     </span>
    </p>
   </div>
   <div class='ocr_carea' id='block_1_95' title="bbox 438 4650 2034 4722">
    <p class='ocr_par' dir='ltr' id='par_1_95' title="bbox 438 4650 2034 4722">
     <span class='ocr_line' id='line_1_96' title="bbox 438 4650 2034 4722; baseline 0 -16"><span class='ocrx_word' id='word_1_697' title='bbox 438 4651 560 4706; x_wconf 90' lang='lat' dir='ltr'>Duo</span> <span class='ocrx_word' id='word_1_698' title='bbox 590 4657 714 4704; x_wconf 90' lang='lat' dir='ltr'>sunt</span> <span class='ocrx_word' id='word_1_699' title='bbox 743 4657 946 4704; x_wconf 86' lang='lat' dir='ltr'>tantum</span> <span class='ocrx_word' id='word_1_700' title='bbox 978 4650 1244 4705; x_wconf 89' lang='lat' dir='ltr'>adversus</span> <span class='ocrx_word' id='word_1_701' title='bbox 1280 4667 1399 4722; x_wconf 72' lang='lat' dir='ltr'>quae</span> <span class='ocrx_word' id='word_1_702' title='bbox 1448 4650 1603 4704; x_wconf 90' lang='lat' dir='ltr'>nobis</span> <span class='ocrx_word' id='word_1_703' title='bbox 1637 4651 1759 4705; x_wconf 91' lang='lat' dir='ltr'>totis</span> <span class='ocrx_word' id='word_1_704' title='bbox 1789 4659 1871 4705; x_wconf 89' lang='lat' dir='ltr'>est</span> <span class='ocrx_word' id='word_1_705' title='bbox 1899 4651 2034 4706; x_wconf 88' lang='lat' dir='ltr'>viri-</span> 
     </span>
    </p>
   </div>
   <div class='ocr_carea' id='block_1_96' title="bbox 438 4737 2033 4808">
    <p class='ocr_par' dir='ltr' id='par_1_96' title="bbox 438 4737 2033 4808">
     <span class='ocr_line' id='line_1_97' title="bbox 438 4737 2033 4808; baseline 0.001 -16"><span class='ocrx_word' id='word_1_706' title='bbox 438 4738 539 4792; x_wconf 91' lang='lat' dir='ltr'>bus</span> <span class='ocrx_word' id='word_1_707' title='bbox 566 4737 928 4792; x_wconf 89' lang='lat' dir='ltr'>dimicandum</span> <span class='ocrx_word' id='word_1_708' title='bbox 965 4753 977 4790; x_wconf 92' lang='lat'><strong>:</strong></span> <span class='ocrx_word' id='word_1_709' title='bbox 1010 4737 1170 4792; x_wconf 91' lang='lat' dir='ltr'>elatio</span> <span class='ocrx_word' id='word_1_710' title='bbox 1203 4739 1254 4791; x_wconf 91' lang='lat' dir='ltr'>in</span> <span class='ocrx_word' id='word_1_711' title='bbox 1289 4747 1490 4803; x_wconf 91' lang='lat' dir='ltr'>mente,</span> <span class='ocrx_word' id='word_1_712' title='bbox 1542 4739 1791 4808; x_wconf 91' lang='lat' dir='ltr'>voluptas</span> <span class='ocrx_word' id='word_1_713' title='bbox 1820 4739 1872 4792; x_wconf 87' lang='lat' dir='ltr'>in</span> <span class='ocrx_word' id='word_1_714' title='bbox 1904 4755 2033 4794; x_wconf 91' lang='lat' dir='ltr'>cor-</span> 
     </span>
    </p>
   </div>
   <div class='ocr_carea' id='block_1_97' title="bbox 436 4825 2034 4898">
    <p class='ocr_par' dir='ltr' id='par_1_97' title="bbox 436 4825 2034 4898">
     <span class='ocr_line' id='line_1_98' title="bbox 436 4825 2034 4898; baseline -0.001 -16"><span class='ocrx_word' id='word_1_715' title='bbox 436 4842 587 4898; x_wconf 85' lang='lat' dir='ltr'>pore.</span> <span class='ocrx_word' id='word_1_716' title='bbox 621 4826 716 4884; x_wconf 88' lang='lat' dir='ltr'>His</span> <span class='ocrx_word' id='word_1_717' title='bbox 763 4825 1049 4894; x_wconf 90' lang='lat' dir='ltr'>superatis,</span> <span class='ocrx_word' id='word_1_718' title='bbox 1097 4825 1172 4879; x_wconf 89' lang='lat' dir='ltr'>nil</span> <span class='ocrx_word' id='word_1_719' title='bbox 1219 4826 1517 4880; x_wconf 86' lang='lat' dir='ltr'>remanebit</span> <span class='ocrx_word' id='word_1_720' title='bbox 1564 4826 1905 4895; x_wconf 89' lang='lat' dir='ltr'>vincendum,</span> <span class='ocrx_word' id='word_1_721' title='bbox 1960 4827 2034 4881; x_wconf 93' lang='lat' dir='ltr'>nil</span> 
     </span>
    </p>
   </div>
   <div class='ocr_carea' id='block_1_98' title="bbox 435 4913 2032 4985">
    <p class='ocr_par' dir='ltr' id='par_1_98' title="bbox 435 4913 2032 4985">
     <span class='ocr_line' id='line_1_99' title="bbox 435 4913 2032 4985; baseline 0.001 -17"><span class='ocrx_word' id='word_1_722' title='bbox 435 4915 705 4985; x_wconf 90' lang='lat' dir='ltr'>supererit</span> <span class='ocrx_word' id='word_1_723' title='bbox 736 4914 1104 4968; x_wconf 89' lang='lat' dir='ltr'>metuendum.</span> <span class='ocrx_word' id='word_1_724' title='bbox 1157 4913 1434 4984; x_wconf 87' lang='lat' dir='ltr'>Cupiditas</span> <span class='ocrx_word' id='word_1_725' title='bbox 1481 4913 1622 4967; x_wconf 90' lang='lat' dir='ltr'>enim</span> <span class='ocrx_word' id='word_1_726' title='bbox 1667 4930 1847 4968; x_wconf 89' lang='lat' dir='ltr'>rerum</span> <span class='ocrx_word' id='word_1_727' title='bbox 1877 4924 2032 4970; x_wconf 87' lang='lat' dir='ltr'>exte-</span> 
     </span>
    </p>
   </div>
   <div class='ocr_carea' id='block_1_99' title="bbox 434 4999 2032 5065">
    <p class='ocr_par' dir='ltr' id='par_1_99' title="bbox 434 4999 2032 5065">
     <span class='ocr_line' id='line_1_100' title="bbox 434 4999 2032 5065; baseline 0.001 -9"><span class='ocrx_word' id='word_1_728' title='bbox 434 4999 644 5057; x_wconf 82' lang='lat' dir='ltr'>riorum</span> <span class='ocrx_word' id='word_1_729' title='bbox 665 5017 772 5056; x_wconf 91' lang='lat' dir='ltr'>non</span> <span class='ocrx_word' id='word_1_730' title='bbox 801 5002 869 5056; x_wconf 88' lang='lat' dir='ltr'>ob</span> <span class='ocrx_word' id='word_1_731' title='bbox 901 5001 1047 5056; x_wconf 89' lang='lat' dir='ltr'>aliud</span> <span class='ocrx_word' id='word_1_732' title='bbox 1093 5001 1469 5065; x_wconf 87' lang='lat' dir='ltr'>inﬂammatur,</span> <span class='ocrx_word' id='word_1_733' title='bbox 1521 5001 1624 5054; x_wconf 91' lang='lat' dir='ltr'>nisi</span> <span class='ocrx_word' id='word_1_734' title='bbox 1654 5009 1710 5055; x_wconf 90' lang='lat' dir='ltr'>ut</span> <span class='ocrx_word' id='word_1_735' title='bbox 1741 5002 1825 5056; x_wconf 91' lang='lat' dir='ltr'>his</span> <span class='ocrx_word' id='word_1_736' title='bbox 1855 5003 2032 5057; x_wconf 91' lang='lat' dir='ltr'>modis</span> 
     </span>
    </p>
   </div>
   <div class='ocr_carea' id='block_1_100' title="bbox 435 5089 2031 5160">
    <p class='ocr_par' dir='ltr' id='par_1_100' title="bbox 435 5089 2031 5160">
     <span class='ocr_line' id='line_1_101' title="bbox 435 5089 2031 5160; baseline 0.001 -16"><span class='ocrx_word' id='word_1_737' title='bbox 435 5090 687 5144; x_wconf 89' lang='lat' dir='ltr'>omnibus</span> <span class='ocrx_word' id='word_1_738' title='bbox 730 5090 1018 5144; x_wconf 85' lang='lat' dir='ltr'>serviatur.</span> <span class='ocrx_word' id='word_1_739' title='bbox 1072 5090 1271 5144; x_wconf 89' lang='lat' dir='ltr'>Contra</span> <span class='ocrx_word' id='word_1_740' title='bbox 1321 5106 1441 5160; x_wconf 68' lang='lat' dir='ltr'>qua:</span> <span class='ocrx_word' id='word_1_741' title='bbox 1483 5089 1527 5142; x_wconf 88' lang='lat' dir='ltr'>si</span> <span class='ocrx_word' id='word_1_742' title='bbox 1583 5098 1828 5144; x_wconf 91' lang='lat' dir='ltr'>nostrum</span> <span class='ocrx_word' id='word_1_743' title='bbox 1859 5091 2031 5146; x_wconf 90' lang='lat' dir='ltr'>senti-</span> 
     </span>
    </p>
   </div>
   <div class='ocr_carea' id='block_1_101' title="bbox 432 5175 2031 5248">
    <p class='ocr_par' dir='ltr' id='par_1_101' title="bbox 432 5175 2031 5248">
     <span class='ocr_line' id='line_1_102' title="bbox 432 5175 2031 5248; baseline 0.001 -16"><span class='ocrx_word' id='word_1_744' title='bbox 432 5193 553 5232; x_wconf 92' lang='lat' dir='ltr'>mus</span> <span class='ocrx_word' id='word_1_745' title='bbox 582 5192 689 5232; x_wconf 92' lang='lat' dir='ltr'>non</span> <span class='ocrx_word' id='word_1_746' title='bbox 723 5177 854 5231; x_wconf 91' lang='lat' dir='ltr'>satis</span> <span class='ocrx_word' id='word_1_747' title='bbox 895 5193 1018 5232; x_wconf 89' lang='lat' dir='ltr'>esse</span> <span class='ocrx_word' id='word_1_748' title='bbox 1067 5185 1338 5239; x_wconf 86' lang='lat' dir='ltr'>conatum,</span> <span class='ocrx_word' id='word_1_749' title='bbox 1389 5175 1629 5230; x_wconf 87' lang='lat' dir='ltr'>divinum</span> <span class='ocrx_word' id='word_1_750' title='bbox 1678 5177 2031 5248; x_wconf 90' lang='lat' dir='ltr'>imploremus</span> 
     </span>
    </p>
   </div>
   <div class='ocr_carea' id='block_1_102' title="bbox 432 5264 2031 5336">
    <p class='ocr_par' dir='ltr' id='par_1_102' title="bbox 432 5264 2031 5336">
     <span class='ocr_line' id='line_1_103' title="bbox 432 5264 2031 5336; baseline -0.001 -15"><span class='ocrx_word' id='word_1_751' title='bbox 432 5265 728 5330; x_wconf 85' lang='lat' dir='ltr'>auxilium;</span> <span class='ocrx_word' id='word_1_752' title='bbox 785 5265 880 5320; x_wconf 90' lang='lat' dir='ltr'>sed</span> <span class='ocrx_word' id='word_1_753' title='bbox 924 5265 1278 5335; x_wconf 83' lang='lat' dir='ltr'>imploremus</span> <span class='ocrx_word' id='word_1_754' title='bbox 1334 5264 1624 5326; x_wconf 90' lang='lat' dir='ltr'>humiliter,</span> <span class='ocrx_word' id='word_1_755' title='bbox 1677 5265 2031 5336; x_wconf 86' lang='lat' dir='ltr'>imploremus</span> 
     </span>
    </p>
   </div>
   <div class='ocr_carea' id='block_1_103' title="bbox 429 5353 2029 5426">
    <p class='ocr_par' dir='ltr' id='par_1_103' title="bbox 429 5353 2029 5426">
     <span class='ocr_line' id='line_1_104' title="bbox 429 5353 2029 5426; baseline 0.001 -18"><span class='ocrx_word' id='word_1_756' title='bbox 429 5356 644 5418; x_wconf 91' lang='lat' dir='ltr'>devote,</span> <span class='ocrx_word' id='word_1_757' title='bbox 701 5354 885 5416; x_wconf 88' lang='lat' dir='ltr'>corde,</span> <span class='ocrx_word' id='word_1_758' title='bbox 934 5368 1049 5418; x_wconf 90' lang='lat' dir='ltr'>ore,</span> <span class='ocrx_word' id='word_1_759' title='bbox 1102 5361 1244 5415; x_wconf 90' lang='lat' dir='ltr'>actu,</span> <span class='ocrx_word' id='word_1_760' title='bbox 1289 5353 1493 5406; x_wconf 89' lang='lat' dir='ltr'>habitu.</span> <span class='ocrx_word' id='word_1_761' title='bbox 1555 5353 1768 5408; x_wconf 92' lang='lat' dir='ltr'>Dictum</span> <span class='ocrx_word' id='word_1_762' title='bbox 1830 5355 2029 5426; x_wconf 89' lang='lat' dir='ltr'>quippe</span> 
     </span>
    </p>
   </div>
   <div class='ocr_carea' id='block_1_104' title="bbox 431 5440 2029 5512">
    <p class='ocr_par' dir='ltr' id='par_1_104' title="bbox 431 5440 2029 5512">
     <span class='ocr_line' id='line_1_105' title="bbox 431 5440 2029 5512; baseline 0.001 -16"><span class='ocrx_word' id='word_1_763' title='bbox 431 5441 748 5509; x_wconf 88' lang='lat' dir='ltr'>Israelitico,</span> <span class='ocrx_word' id='word_1_764' title='bbox 783 5456 905 5496; x_wconf 91' lang='lat' dir='ltr'>cum</span> <span class='ocrx_word' id='word_1_765' title='bbox 957 5447 1260 5512; x_wconf 88' lang='lat' dir='ltr'>peccasset.</span> <span class='ocrx_word' id='word_1_766' title='bbox 1314 5447 1394 5495; x_wconf 87' lang='lat' dir='ltr'>est</span> <span class='ocrx_word' id='word_1_767' title='bbox 1442 5440 1642 5511; x_wconf 90' lang='lat' dir='ltr'>populo</span> <span class='ocrx_word' id='word_1_768' title='bbox 1678 5457 1688 5496; x_wconf 94' lang='lat'>:</span> <span class='ocrx_word' id='word_1_769' title='bbox 1721 5443 1846 5497; x_wconf 89' lang='lat' dir='ltr'>Jam</span> <span class='ocrx_word' id='word_1_770' title='bbox 1873 5458 2029 5498; x_wconf 84' lang='lat' dir='ltr'>nunc</span> 
     </span>
    </p>
   </div>
   <div class='ocr_carea' id='block_1_105' title="bbox 428 5529 2028 5600">
    <p class='ocr_par' dir='ltr' id='par_1_105' title="bbox 428 5529 2028 5600">
     <span class='ocr_line' id='line_1_106' title="bbox 428 5529 2028 5600; baseline -0.001 -13"><span class='ocrx_word' id='word_1_771' title='bbox 428 5545 572 5600; x_wconf 83' lang='lat' dir='ltr'>pone</span> <span class='ocrx_word' id='word_1_772' title='bbox 604 5533 874 5586; x_wconf 87' lang='lat' dir='ltr'>ornatum</span> <span class='ocrx_word' id='word_1_773' title='bbox 923 5533 1106 5585; x_wconf 87' lang='lat' dir='ltr'>tuum.</span> <span class='ocrx_word' id='word_1_774' title='bbox 1155 5529 1545 5599; x_wconf 87' lang='lat' dir='ltr'>Deposuerunt</span> <span class='ocrx_word' id='word_1_775' title='bbox 1593 5547 1722 5600; x_wconf 86' lang='lat' dir='ltr'>ergo</span> <span class='ocrx_word' id='word_1_776' title='bbox 1761 5534 2028 5588; x_wconf 87' lang='lat' dir='ltr'>ornatum</span> 
     </span>
    </p>
   </div>
   <div class='ocr_carea' id='block_1_106' title="bbox 2138 4473 3733 4545">
    <p class='ocr_par' dir='ltr' id='par_1_106' title="bbox 2138 4473 3733 4545">
     <span class='ocr_line' id='line_1_107' title="bbox 2138 4473 3733 4545; baseline -0.001 -16"><span class='ocrx_word' id='word_1_777' title='bbox 2138 4474 2344 4545; x_wconf 83' lang='lat' dir='ltr'>equites</span> <span class='ocrx_word' id='word_1_778' title='bbox 2376 4482 2426 4528; x_wconf 90' lang='lat' dir='ltr'>et</span> <span class='ocrx_word' id='word_1_779' title='bbox 2455 4473 2716 4528; x_wconf 87' lang='lat' dir='ltr'>lancearii</span> <span class='ocrx_word' id='word_1_780' title='bbox 2745 4475 3152 4538; x_wconf 76' lang='lat' dir='ltr'>conducuntur;</span> <span class='ocrx_word' id='word_1_781' title='bbox 3188 4483 3240 4528; x_wconf 89' lang='lat' dir='ltr'>et</span> <span class='ocrx_word' id='word_1_782' title='bbox 3265 4475 3348 4528; x_wconf 91' lang='lat' dir='ltr'>his</span> <span class='ocrx_word' id='word_1_783' title='bbox 3381 4475 3606 4544; x_wconf 89' lang='lat' dir='ltr'>eripiant</span> <span class='ocrx_word' id='word_1_784' title='bbox 3645 4491 3733 4528; x_wconf 93' lang='lat' dir='ltr'>res</span> 
     </span>
    </p>
   </div>
   <div class='ocr_carea' id='block_1_107' title="bbox 2137 4562 3729 4638">
    <p class='ocr_par' dir='ltr' id='par_1_107' title="bbox 2137 4562 3729 4638">
     <span class='ocr_line' id='line_1_108' title="bbox 2137 4562 3729 4638; baseline -0.001 -22"><span class='ocrx_word' id='word_1_785' title='bbox 2137 4571 2190 4616; x_wconf 90' lang='lat' dir='ltr'>et</span> <span class='ocrx_word' id='word_1_786' title='bbox 2219 4562 2429 4616; x_wconf 88' lang='lat' dir='ltr'>animas</span> <span class='ocrx_word' id='word_1_787' title='bbox 2462 4603 2474 4629; x_wconf 92' lang='lat'>,</span> <span class='ocrx_word' id='word_1_788' title='bbox 2508 4578 2608 4632; x_wconf 91' lang='lat' dir='ltr'>pro</span> <span class='ocrx_word' id='word_1_789' title='bbox 2640 4562 2835 4633; x_wconf 87' lang='lat' dir='ltr'>quibus</span> <span class='ocrx_word' id='word_1_790' title='bbox 2852 4563 3153 4617; x_wconf 86' lang='lat' dir='ltr'>debuerunt</span> <span class='ocrx_word' id='word_1_791' title='bbox 3175 4579 3386 4638; x_wconf 21' lang='lat' dir='ltr'>ponere.</span> <span class='ocrx_word' id='word_1_792' title='bbox 3411 4579 3554 4616; x_wconf 89' lang='lat' dir='ltr'>suas.</span> <span class='ocrx_word' id='word_1_793' title='bbox 3587 4563 3729 4616; x_wconf 83' lang='lat' dir='ltr'>Proh</span> 
     </span>
    </p>
   </div>
   <div class='ocr_carea' id='block_1_108' title="bbox 2136 4649 3729 4721">
    <p class='ocr_par' dir='ltr' id='par_1_108' title="bbox 2136 4649 3729 4721">
     <span class='ocr_line' id='line_1_109' title="bbox 2136 4649 3729 4721; baseline -0.001 -17"><span class='ocrx_word' id='word_1_794' title='bbox 2136 4649 2326 4704; x_wconf 84' lang='lat' dir='ltr'>dolor!</span> <span class='ocrx_word' id='word_1_795' title='bbox 2360 4665 2392 4704; x_wconf 87' lang='lat' dir='ltr'>a</span> <span class='ocrx_word' id='word_1_796' title='bbox 2432 4650 2658 4704; x_wconf 90' lang='lat' dir='ltr'>summis</span> <span class='ocrx_word' id='word_1_797' title='bbox 2708 4650 2867 4704; x_wconf 91' lang='lat' dir='ltr'>hodie</span> <span class='ocrx_word' id='word_1_798' title='bbox 2917 4651 3280 4721; x_wconf 79' lang='lat' dir='ltr'>pontificibus,</span> <span class='ocrx_word' id='word_1_799' title='bbox 3315 4659 3367 4705; x_wconf 88' lang='lat' dir='ltr'>et</span> <span class='ocrx_word' id='word_1_800' title='bbox 3413 4667 3512 4721; x_wconf 90' lang='lat' dir='ltr'>per</span> <span class='ocrx_word' id='word_1_801' title='bbox 3561 4658 3729 4703; x_wconf 91' lang='lat' dir='ltr'>totum</span> 
     </span>
    </p>
   </div>
   <div class='ocr_carea' id='block_1_109' title="bbox 2137 4737 3729 4808">
    <p class='ocr_par' dir='ltr' id='par_1_109' title="bbox 2137 4737 3729 4808">
     <span class='ocr_line' id='line_1_110' title="bbox 2137 4737 3729 4808; baseline 0.001 -17"><span class='ocrx_word' id='word_1_802' title='bbox 2137 4753 2275 4808; x_wconf 88' lang='lat' dir='ltr'>pene</span> <span class='ocrx_word' id='word_1_803' title='bbox 2306 4738 2514 4802; x_wconf 88' lang='lat' dir='ltr'>orbem,</span> <span class='ocrx_word' id='word_1_804' title='bbox 2547 4738 2796 4808; x_wconf 88' lang='lat' dir='ltr'>exemplo</span> <span class='ocrx_word' id='word_1_805' title='bbox 2816 4739 2964 4793; x_wconf 89' lang='lat' dir='ltr'>sedis</span> <span class='ocrx_word' id='word_1_806' title='bbox 2989 4739 3322 4808; x_wconf 72' lang='lat' dir='ltr'>apostolicae,</span> <span class='ocrx_word' id='word_1_807' title='bbox 3349 4738 3516 4792; x_wconf 83' lang='lat' dir='ltr'>frater</span> <span class='ocrx_word' id='word_1_808' title='bbox 3537 4739 3589 4792; x_wconf 83' lang='lat' dir='ltr'>in</span> <span class='ocrx_word' id='word_1_809' title='bbox 3614 4737 3729 4792; x_wconf 82' lang='lat' dir='ltr'>fra-</span> 
     </span>
    </p>
   </div>
   <div class='ocr_carea' id='block_1_110' title="bbox 2136 4826 3728 4896">
    <p class='ocr_par' dir='ltr' id='par_1_110' title="bbox 2136 4826 3728 4896">
     <span class='ocr_line' id='line_1_111' title="bbox 2136 4826 3728 4896; baseline 0.001 -16"><span class='ocrx_word' id='word_1_810' title='bbox 2136 4834 2294 4892; x_wconf 89' lang='lat' dir='ltr'>trem,</span> <span class='ocrx_word' id='word_1_811' title='bbox 2326 4827 2382 4880; x_wconf 92' lang='lat' dir='ltr'>id</span> <span class='ocrx_word' id='word_1_812' title='bbox 2412 4835 2494 4880; x_wconf 91' lang='lat' dir='ltr'>est</span> <span class='ocrx_word' id='word_1_813' title='bbox 2523 4826 2855 4881; x_wconf 88' lang='lat' dir='ltr'>Christianus</span> <span class='ocrx_word' id='word_1_814' title='bbox 2884 4827 2942 4880; x_wconf 88' lang='lat' dir='ltr'>in</span> <span class='ocrx_word' id='word_1_815' title='bbox 2982 4827 3371 4893; x_wconf 89' lang='lat' dir='ltr'>Christianum,</span> <span class='ocrx_word' id='word_1_816' title='bbox 3421 4842 3579 4881; x_wconf 87' lang='lat' dir='ltr'>sacra</span> <span class='ocrx_word' id='word_1_817' title='bbox 3627 4843 3728 4896; x_wconf 85' lang='lat' dir='ltr'>pe-</span> 
     </span>
    </p>
   </div>
   <div class='ocr_carea' id='block_1_111' title="bbox 2135 4914 3729 4985">
    <p class='ocr_par' dir='ltr' id='par_1_111' title="bbox 2135 4914 3729 4985">
     <span class='ocr_line' id='line_1_112' title="bbox 2135 4914 3729 4985; baseline -0.001 -15"><span class='ocrx_word' id='word_1_818' title='bbox 2135 4915 2290 4970; x_wconf 89' lang='lat' dir='ltr'>cunia</span> <span class='ocrx_word' id='word_1_819' title='bbox 2321 4914 2644 4970; x_wconf 89' lang='lat' dir='ltr'>conducitur</span> <span class='ocrx_word' id='word_1_820' title='bbox 2687 4923 2736 4968; x_wconf 89' lang='lat' dir='ltr'>et</span> <span class='ocrx_word' id='word_1_821' title='bbox 2791 4923 3066 4979; x_wconf 85' lang='lat' dir='ltr'>armatur;</span> <span class='ocrx_word' id='word_1_822' title='bbox 3101 4923 3154 4970; x_wconf 92' lang='lat' dir='ltr'>et</span> <span class='ocrx_word' id='word_1_823' title='bbox 3195 4916 3391 4969; x_wconf 85' lang='lat' dir='ltr'>talibus</span> <span class='ocrx_word' id='word_1_824' title='bbox 3441 4915 3729 4985; x_wconf 88' lang='lat' dir='ltr'>triumphis</span> 
     </span>
    </p>
   </div>
   <div class='ocr_carea' id='block_1_112' title="bbox 2135 5002 3724 5074">
    <p class='ocr_par' dir='ltr' id='par_1_112' title="bbox 2135 5002 3724 5074">
     <span class='ocr_line' id='line_1_113' title="bbox 2135 5002 3724 5074; baseline 0 -17"><span class='ocrx_word' id='word_1_825' title='bbox 2135 5003 2385 5057; x_wconf 87' lang='lat' dir='ltr'>Ecclesia</span> <span class='ocrx_word' id='word_1_826' title='bbox 2414 5011 2588 5056; x_wconf 88' lang='lat' dir='ltr'>mater</span> <span class='ocrx_word' id='word_1_827' title='bbox 2617 5002 2934 5074; x_wconf 87' lang='lat' dir='ltr'>gratulatur,</span> <span class='ocrx_word' id='word_1_828' title='bbox 2959 5012 3010 5056; x_wconf 87' lang='lat' dir='ltr'>et</span> <span class='ocrx_word' id='word_1_829' title='bbox 3029 5012 3150 5072; x_wconf 89' lang='lat' dir='ltr'>post</span> <span class='ocrx_word' id='word_1_830' title='bbox 3173 5005 3287 5058; x_wconf 65' lang='lat' dir='ltr'>haec</span> <span class='ocrx_word' id='word_1_831' title='bbox 3318 5003 3442 5058; x_wconf 85' lang='lat' dir='ltr'>totis</span> <span class='ocrx_word' id='word_1_832' title='bbox 3472 5003 3724 5057; x_wconf 87' lang='lat' dir='ltr'>manibus</span> 
     </span>
    </p>
   </div>
   <div class='ocr_carea' id='block_1_113' title="bbox 2134 5089 3715 5163">
    <p class='ocr_par' dir='ltr' id='par_1_113' title="bbox 2134 5089 3715 5163">
     <span class='ocr_line' id='line_1_114' title="bbox 2134 5089 3715 5163; baseline -0.001 -18"><span class='ocrx_word' id='word_1_833' title='bbox 2134 5099 2362 5145; x_wconf 90' lang='lat' dir='ltr'>cruenta</span> <span class='ocrx_word' id='word_1_834' title='bbox 2410 5089 2742 5145; x_wconf 87' lang='lat' dir='ltr'>conscientia</span> <span class='ocrx_word' id='word_1_835' title='bbox 2793 5091 2976 5145; x_wconf 87' lang='lat' dir='ltr'>divina</span> <span class='ocrx_word' id='word_1_836' title='bbox 3019 5092 3268 5163; x_wconf 88' lang='lat' dir='ltr'>pergitur</span> <span class='ocrx_word' id='word_1_837' title='bbox 3314 5093 3380 5144; x_wconf 91' lang='lat' dir='ltr'>ad</span> <span class='ocrx_word' id='word_1_838' title='bbox 3429 5090 3715 5147; x_wconf 76' lang='lat' dir='ltr'>sacrificia.</span> 
     </span>
    </p>
   </div>
   <div class='ocr_carea' id='block_1_114' title="bbox 2136 5177 3407 5249">
    <p class='ocr_par' dir='ltr' id='par_1_114' title="bbox 2136 5177 3407 5249">
     <span class='ocr_line' id='line_1_115' title="bbox 2136 5177 3407 5249; baseline 0.002 -17"><span class='ocrx_word' id='word_1_839' title='bbox 2136 5178 2191 5232; x_wconf 87' lang='lat' dir='ltr'>Si</span> <span class='ocrx_word' id='word_1_840' title='bbox 2221 5177 2323 5232; x_wconf 92' lang='lat' dir='ltr'>hoc</span> <span class='ocrx_word' id='word_1_841' title='bbox 2355 5178 2655 5239; x_wconf 79' lang='lat' dir='ltr'>ferendum,</span> <span class='ocrx_word' id='word_1_842' title='bbox 2690 5178 2819 5249; x_wconf 88' lang='lat' dir='ltr'>quid</span> <span class='ocrx_word' id='word_1_843' title='bbox 2849 5180 3355 5249; x_wconf 89' lang='lat' dir='ltr'>reprehendendum</span> <span class='ocrx_word' id='word_1_844' title='bbox 3380 5181 3407 5234; x_wconf 83' lang='lat'><strong>?</strong></span> 
     </span>
    </p>
   </div>
   <div class='ocr_carea' id='block_1_115' title="bbox 2204 5267 3730 5339">
    <p class='ocr_par' dir='ltr' id='par_1_115' title="bbox 2204 5267 3730 5339">
     <span class='ocr_line' id='line_1_116' title="bbox 2204 5267 3730 5339; baseline 0.001 -19"><span class='ocrx_word' id='word_1_845' title='bbox 2204 5267 2255 5320; x_wconf 74' lang='grc'><strong>4.</strong></span> <span class='ocrx_word' id='word_1_846' title='bbox 2288 5269 2354 5320; x_wconf 80' lang='lat' dir='ltr'>At</span> <span class='ocrx_word' id='word_1_847' title='bbox 2385 5267 2606 5337; x_wconf 87' lang='lat' dir='ltr'>regalia,</span> <span class='ocrx_word' id='word_1_848' title='bbox 2640 5267 2806 5332; x_wconf 89' lang='lat' dir='ltr'>aiunt,</span> <span class='ocrx_word' id='word_1_849' title='bbox 2841 5267 2955 5322; x_wconf 67' lang='lat' dir='ltr'>haec</span> <span class='ocrx_word' id='word_1_850' title='bbox 2999 5277 3140 5334; x_wconf 88' lang='lat' dir='ltr'>sunt,</span> <span class='ocrx_word' id='word_1_851' title='bbox 3175 5277 3228 5322; x_wconf 91' lang='lat' dir='ltr'>et</span> <span class='ocrx_word' id='word_1_852' title='bbox 3270 5268 3338 5323; x_wconf 89' lang='lat' dir='ltr'>de</span> <span class='ocrx_word' id='word_1_853' title='bbox 3386 5269 3730 5339; x_wconf 88' lang='lat' dir='ltr'>imperatoris</span> 
     </span>
    </p>
   </div>
   <div class='ocr_carea' id='block_1_116' title="bbox 2134 5355 3733 5427">
    <p class='ocr_par' dir='ltr' id='par_1_116' title="bbox 2134 5355 3733 5427">
     <span class='ocr_line' id='line_1_117' title="bbox 2134 5355 3733 5427; baseline 0.001 -19"><span class='ocrx_word' id='word_1_854' title='bbox 2134 5363 2348 5425; x_wconf 91' lang='lat' dir='ltr'>sumpta</span> <span class='ocrx_word' id='word_1_855' title='bbox 2377 5355 2599 5425; x_wconf 89' lang='lat' dir='ltr'>palatio.</span> <span class='ocrx_word' id='word_1_856' title='bbox 2633 5356 2753 5410; x_wconf 82' lang='lat' dir='ltr'>Non</span> <span class='ocrx_word' id='word_1_857' title='bbox 2786 5371 3066 5427; x_wconf 87' lang='lat' dir='ltr'>negamus.</span> <span class='ocrx_word' id='word_1_858' title='bbox 3103 5360 3277 5427; x_wconf 80' lang='lat' dir='ltr'>Atque</span> <span class='ocrx_word' id='word_1_859' title='bbox 3316 5356 3521 5410; x_wconf 89' lang='lat' dir='ltr'>utinam</span> <span class='ocrx_word' id='word_1_860' title='bbox 3549 5357 3603 5410; x_wconf 90' lang='lat' dir='ltr'>in</span> <span class='ocrx_word' id='word_1_861' title='bbox 3635 5372 3733 5427; x_wconf 82' lang='lat' dir='ltr'>pa-</span> 
     </span>
    </p>
   </div>
   <div class='ocr_carea' id='block_1_117' title="bbox 2131 5443 3732 5515">
    <p class='ocr_par' dir='ltr' id='par_1_117' title="bbox 2131 5443 3732 5515">
     <span class='ocr_line' id='line_1_118' title="bbox 2131 5443 3732 5515; baseline 0.002 -19"><span class='ocrx_word' id='word_1_862' title='bbox 2131 5443 2276 5498; x_wconf 88' lang='lat' dir='ltr'>latiis</span> <span class='ocrx_word' id='word_1_863' title='bbox 2331 5443 2658 5498; x_wconf 89' lang='lat' dir='ltr'>mansissent</span> <span class='ocrx_word' id='word_1_864' title='bbox 2720 5460 2952 5515; x_wconf 80' lang='lat' dir='ltr'>semper,</span> <span class='ocrx_word' id='word_1_865' title='bbox 3008 5461 3114 5499; x_wconf 90' lang='lat' dir='ltr'>non</span> <span class='ocrx_word' id='word_1_866' title='bbox 3161 5444 3216 5498; x_wconf 88' lang='lat' dir='ltr'>in</span> <span class='ocrx_word' id='word_1_867' title='bbox 3274 5445 3550 5509; x_wconf 87' lang='lat' dir='ltr'>sacrariis,</span> <span class='ocrx_word' id='word_1_868' title='bbox 3621 5445 3732 5500; x_wconf 91' lang='lat' dir='ltr'>imo</span> 
     </span>
    </p>
   </div>
   <div class='ocr_carea' id='block_1_118' title="bbox 2131 5530 3728 5606">
    <p class='ocr_par' dir='ltr' id='par_1_118' title="bbox 2131 5530 3728 5606">
     <span class='ocr_line' id='line_1_119' title="bbox 2131 5530 3728 5606; baseline 0 -20"><span class='ocrx_word' id='word_1_869' title='bbox 2131 5531 2310 5604; x_wconf 88' lang='lat' dir='ltr'>magis</span> <span class='ocrx_word' id='word_1_870' title='bbox 2338 5546 2441 5586; x_wconf 88' lang='lat' dir='ltr'>nec</span> <span class='ocrx_word' id='word_1_871' title='bbox 2469 5531 2524 5585; x_wconf 90' lang='lat' dir='ltr'>in</span> <span class='ocrx_word' id='word_1_872' title='bbox 2555 5530 2771 5603; x_wconf 82' lang='lat' dir='ltr'>palatiis</span> <span class='ocrx_word' id='word_1_873' title='bbox 2803 5547 3040 5606; x_wconf 86' lang='lat' dir='ltr'>unquam</span> <span class='ocrx_word' id='word_1_874' title='bbox 3091 5531 3338 5599; x_wconf 80' lang='lat' dir='ltr'>fuissent,</span> <span class='ocrx_word' id='word_1_875' title='bbox 3386 5549 3484 5588; x_wconf 89' lang='lat' dir='ltr'>nec</span> <span class='ocrx_word' id='word_1_876' title='bbox 3538 5533 3590 5586; x_wconf 90' lang='lat' dir='ltr'>in</span> <span class='ocrx_word' id='word_1_877' title='bbox 3640 5549 3728 5587; x_wconf 76' lang='lat' dir='ltr'>ec-</span> 
     </span>
    </p>
   </div>
  </div>
