3966 6050
284 135 390 188 597

1736 132 2112 190 EPISTOLE.

3470 140 3573 192 598

285 252 501 311 clesiisl
534 253 749 323 Quanto
776 253 919 309 enim
950 253 1145 309 melius
1174 253 1435 310 Ecclesiae
1461 254 1674 325 palatiis
1704 256 1874 327 leges,
1898 261 1953 320 Α
1982 260 2263 316 Pastorem
2318 275 2575 333 magnum
2615 260 2793 316 ovium
2823 261 2878 315 in
2920 260 3187 331 sanguine
3244 262 3577 318 Testamenti

285 359 451 415 quam
468 342 663 413 palatia
679 342 1147 399 darentEcclesiis
1159 344 1186 397 ‘P
1206 344 1447 415 nunquid
1464 343 1608 398 enim
1622 345 1882 400 Ecclesiae

284 432 515 503 palatiis,
544 440 597 486 et
626 447 734 486 non
762 431 941 502 potius
970 432 1168 502 palatia
1190 432 1431 486 docenda
1454 433 1745 487 commissa
1758 442 1885 487 sunt

280 520 547 575 Ecclesiis
562 520 588 574 ?
601 528 693 574 aut
705 520 897 590 palatia
910 520 1180 575 Christum
1195 520 1476 588 Ecclesiis,
1496 537 1605 576 non
1622 522 1882 576 Ecclesiae

283 608 490 662 dedere
520 608 731 677 palatiis
762 610 789 662 ?
812 607 1027 676 Quanto
1062 623 1194 680 ergo
1224 608 1422 663 rectius
1453 625 1485 662 a
1531 609 1689 663 nobis
1719 626 1881 681 reges

284 697 485 765 cilicia,
536 712 697 767 quam
733 712 833 750 nos
888 697 954 749 ab
1027 697 1106 750 eis
1161 713 1433 767 purpuras
1490 697 1875 752 sumeremus!

283 785 503 853 Quanto
532 785 713 839 utilius
743 784 846 855 ipsi
875 793 1115 840 nostram
1148 793 1542 855 paupertatem,
1580 794 1765 841 nostra
1791 788 1879 854 je-

275 873 433 942 junia
504 873 858 943 susciperent,
920 881 1084 944 atque
1132 874 1505 938 humilitatem,
1575 890 1734 944 quam
1779 891 1880 929 nos

282 977 475 1016 eorum
505 962 778 1027 avaritias,
811 961 1035 1017 delicias
1076 970 1239 1032 atque
1282 962 1571 1016 elationem
1599 962 1627 1015 ?
1657 961 1808 1031 Quod
1835 963 1880 1017 si

282 1050 405 1121 quis
434 1050 488 1103 in
539 1050 795 1105 Ecclesiis
837 1050 922 1105 vel
960 1050 1343 1105 ecclesiasticis
1402 1051 1686 1106 tentaverit
1750 1050 1878 1121 quid

282 1139 477 1192 horum
510 1154 743 1209 arguere
772 1139 1041 1209 personis,
1076 1155 1256 1193 nonne
1305 1139 1484 1193 statim
1516 1139 1877 1209 respondebi-

280 1235 371 1280 tur
400 1229 501 1282 hoc
532 1227 819 1299 agentibus
853 1244 866 1281 :
899 1226 1038 1295 Quid
1069 1227 1189 1299 agis
1212 1228 1240 1282 ‘?
1271 1226 1414 1296 Quid
1434 1244 1521 1282 me
1551 1227 1707 1293 meis,
1741 1242 1878 1281 con-

282 1323 371 1370 tra
426 1316 794 1386 evangelicam
850 1315 1171 1370 sententiam
1217 1316 1501 1370 meliorem
1558 1316 1640 1370 vis
1696 1315 1878 1370 facere

278 1404 560 1474 magistris
596 1404 899 1474 ?Nunquid
945 1419 1054 1458 non
1108 1404 1353 1458 Ecclesia
1390 1405 1631 1459 Romana
1687 1402 1873 1467 variis,

280 1493 501 1565 griseis,
560 1492 862 1561 herminiis,
920 1492 1252 1555 marturinis.
1296 1492 1578 1563 jugulatis,
1622 1499 1675 1546 et
1730 1491 1875 1545 lum-

281 1582 421 1635 batis
468 1580 567 1651 (4),
612 1597 714 1636 nec
748 1598 855 1635 non
888 1588 937 1635 et
976 1581 1165 1637 sericis
1205 1581 1443 1635 abutitur
1494 1580 1820 1634 indumentis
1850 1580 1877 1634 ?

278 1670 535 1740 Nunquid
564 1670 810 1724 Ecclesia
846 1672 1084 1725 Romana
1138 1669 1388 1724 convivia
1430 1669 1654 1739 respuit,
1716 1684 1874 1722 exer-

281 1759 449 1813 citum
478 1774 585 1813 non
614 1758 888 1824 conducit,
922 1758 1064 1813 bella
1101 1773 1210 1811 non
1241 1756 1456 1812 conficit
1476 1758 1503 1810 ‘P
1534 1758 1656 1811 Non
1678 1764 1761 1810 est
1780 1771 1874 1810 au-

277 1855 389 1902 tem
426 1846 721 1917 discipulus
778 1863 945 1917 supra
994 1846 1331 1916 magistrum,
1374 1861 1552 1916 neque
1599 1845 1874 1915 apostolus

278 1937 455 2004 major
483 1952 547 1990 eo
578 1936 668 2007 qui
688 1936 835 1989 misit
864 1935 1013 1989 illum
1039 1954 1053 2001 ;
1088 1935 1183 1989 sed
1213 1934 1390 2005 potius
1445 1933 1721 2004 perfectus
1751 1949 1873 1988 om—

274 2025 363 2080 nis
394 2025 512 2093 erit,
556 2025 600 2079 si
632 2025 699 2078 sit
720 2025 858 2080 sicut
887 2024 1152 2096 magister
1181 2024 1316 2091 ejus.
1355 2022 1495 2091 Quid
1526 2023 1591 2075 ad
1620 2024 1737 2077 haec
1786 2022 1873 2075 di-

276 2123 433 2169 cetur
462 2115 489 2168 ἳ
520 2114 725 2167 Videtis
758 2113 809 2166 in
841 2130 1000 2183 quam
1032 2120 1180 2167 arcto
1214 2111 1488 2166 constituti
1531 2127 1734 2164 sumus.
1767 2112 1873 2164 Aut

275 2202 421 2257 enim
454 2202 599 2273 quod
621 2202 821 2256 malum
852 2209 952 2268 est,
986 2202 1186 2256 bonum
1234 2200 1437 2266 dicere,
1489 2207 1579 2253 aut
1608 2200 1723 2253 Deo
1778 2215 1872 2253 re-

277 2298 443 2364 gente
475 2307 698 2361 prorsus
742 2307 850 2345 non
894 2289 1194 2354 faciemus;
1254 2297 1345 2343 aut
1390 2287 1747 2359 apostolicam
1779 2304 1872 2341 se-

276 2381 404 2435 dem
436 2380 603 2452 (quod
632 2378 753 2451 quis
783 2379 975 2433 audeat
1002 2378 1052 2448 ?)
1111 2377 1511 2448 reprehendere
1542 2394 1555 2441 ;
1584 2384 1693 2443 aut,
1729 2375 1871 2446 quod

274 2470 416 2525 forte
440 2469 603 2523 tutius
635 2476 736 2533 est,
799 2467 1020 2522 omnino
1077 2474 1253 2521 tacere
1313 2465 1711 2536 compellimur.
1747 2466 1811 2517 Et
1840 2479 1871 2518 ο

276 2558 648 2629 apostolorum
693 2563 945 2626 tempora
998 2554 1392 2619 infelicissima,
1451 2554 1505 2607 in
1542 2552 1738 2623 quibus
1802 2552 1871 2605 ad

270 2647 372 2702 Dei
403 2662 653 2716 regnum,
687 2644 791 2698 nisi
822 2660 918 2715 per
950 2642 1147 2698 famem
1185 2651 1236 2696 et
1294 2642 1456 2707 sitim,
1497 2640 1668 2711 frigus
1689 2648 1741 2694 et
1761 2658 1867 2693 nu-

274 2735 497 2790 ditatem
522 2735 697 2788 aditus
716 2749 823 2788 non
846 2732 1059 2803 patebat
1094 2731 1105 2785 !
1139 2731 1184 2785 Ο
1218 2731 1362 2785 viros
1395 2730 1517 2784 illos
1542 2728 1868 2801 ignorantiae

273 2822 515 2878 tenebris
546 2821 834 2890 involutos,
860 2828 911 2875 et
942 2820 1091 2874 omni
1112 2818 1455 2874 miseratione
1479 2816 1866 2889 dignissimos!

276 2911 368 2984 qui
399 2919 455 2965 ut
475 2911 543 2965 ad
587 2910 749 2966 vitam
795 2925 1009 2981 quoque
1040 2908 1435 2978 pertingerent,
1466 2914 1688 2977 propter
1742 2921 1867 2960 ver-

274 3001 347 3054 ba
376 2999 646 3054 labiorum
675 2998 795 3065 Dei,
841 3006 950 3052 tam
1004 2997 1164 3051 duras
1215 2996 1334 3050 vias
1382 2994 1776 3059 custodiebant,
1817 3000 1869 3048 et

277 3090 394 3143 haec
425 3096 612 3143 nostra
642 3086 966 3157 compendia
995 3085 1330 3141 nesciebant.

346 3181 397 3231 5.
432 3177 559 3232 Haec
589 3192 699 3231 non
745 3175 981 3231 doctoris
1020 3182 1109 3229 aut
1156 3172 1568 3244 reprehensoris
1626 3170 1866 3225 auctori-

274 3274 403 3331 tate,
439 3266 535 3319 sed
568 3264 801 3319 dolentis
834 3272 885 3319 et
921 3262 1266 3319 lamentantis
1303 3260 1501 3317 affectu
1545 3259 1865 3323 fuderimus,

271 3354 390 3409 zelo
413 3354 606 3408 domus
633 3354 751 3418 Dei,
803 3354 955 3421 cujus
1000 3351 1277 3423 diligimus
1330 3351 1606 3415 decorem,
1646 3349 1868 3404 rodente

272 3443 485 3498 viscera
512 3450 712 3510 nostra,
773 3448 1031 3513 rogantes
1079 3448 1127 3495 et
1179 3440 1554 3504 obsecrantes,
1604 3437 1783 3491 sinon
1815 3436 1869 3489 in

274 3532 507 3597 caeteris,
532 3531 587 3585 in
616 3530 770 3585 vobis
799 3530 991 3584 saltem
1034 3528 1279 3582 nonnihil
1327 3525 1598 3597 proferant
1628 3525 1858 3579 fructus.

273 3621 350 3686 Si,
384 3621 624 3691 inquam,
659 3619 713 3673 hi
742 3634 868 3675 cum
898 3618 1095 3689 quibus
1124 3615 1546 3681 conversamini,
1580 3613 1735 3669 saluti
1756 3630 1869 3667 suae

268 3717 359 3763 aut
388 3710 612 3774 nullam,
647 3716 739 3762 aut
762 3723 1005 3778 parvam,
1038 3714 1130 3760 aut
1159 3721 1269 3760 non
1326 3703 1679 3758 sufﬁcientem
1709 3701 1865 3756 adhi-

270 3798 402 3853 bent
445 3813 651 3864 curam,
712 3813 807 3851 vos
867 3804 1065 3861 tamen,
1120 3794 1287 3849 vestri
1335 3808 1442 3847 non
1500 3792 1864 3855 immemores,

270 3888 504 3940 animam
565 3892 799 3941 vestram
872 3884 1038 3938 nolite
1081 3881 1383 3954 negligere.
1455 3880 1724 3950 Scriptum
1788 3886 1869 3932 est

172 4004 189 4013 ~
271 3975 444 4030 enim:
468 3973 1075 4044 Custoditemetipsum
1088 3973 1410 4027 etanimam
1440 3973 1599 4025 tuam
1627 3968 1867 4023 sollicite

276 4065 463 4133 (Deut.
498 4079 573 4129 iv,
608 4065 684 4135 9);
718 4069 770 4117 et
797 4062 991 4116 iterum
1027 4077 1038 4114 :
1073 4061 1331 4116 Miserere
1366 4058 1573 4113 animm
1607 4060 1720 4111 tum
1746 4057 1869 4127 pla-

274 4168 411 4208 cens
431 4154 538 4208 Deo
562 4153 763 4221 (Eccli.
784 4165 929 4217 xxx,
963 4150 1055 4218 24)
1088 4168 1103 4215 ;
1126 4150 1363 4219 itemque
1389 4162 1401 4201 :
1428 4146 1594 4201 Omni
1612 4145 1868 4201 custodia

272 4256 539 4296 conserva
559 4258 654 4297 eor
685 4244 849 4296 tuum
873 4240 1056 4307 (Prov.
1091 4252 1167 4304 Iv,
1197 4238 1379 4306 23);et
1398 4233 1660 4290 Dominus
1686 4250 1698 4285 :
1727 4232 1869 4299 Quid

267 4330 515 4401 prodest,
530 4329 619 4396 ait,
641 4329 877 4393 homini,
893 4330 942 4382 si
959 4326 1237 4382 mundum
1251 4325 1575 4379 universum
1594 4323 1866 4388 lucretur,

271 4419 481 4473 animae
510 4434 634 4473 vero
656 4434 771 4473 sum
802 4417 1213 4471 detrimentum
1244 4414 1550 4485 patiatur?
1571 4414 1672 4465 aut
1698 4425 1865 4480 quam

274 4509 777 4563 commutationem
798 4504 953 4559 dabit
972 4504 1131 4559 homo
1142 4519 1242 4574 pro
1259 4502 1451 4555 anima
1468 4516 1572 4555 sua
1596 4499 1768 4568 ?(Luc
1783 4513 1861 4563 IX,

270 4596 388 4664 25.)
443 4596 563 4649 Non
594 4595 756 4665 igitur
785 4593 902 4662 ejus
932 4592 1087 4647 vobis
1131 4607 1315 4645 curam
1349 4588 1543 4658 eripiat
1591 4597 1683 4641 aut
1713 4585 1865 4640 favor

271 4684 596 4755 principum,
623 4691 714 4737 aut
742 4683 885 4737 nitor
925 4687 1386 4743 ornamentorum,
1420 4684 1511 4731 aut
1567 4674 1866 4746 frequentia

271 4772 637 4844 negotiorum,
670 4778 759 4825 aut
786 4770 961 4843 gloria
989 4784 1330 4840 pomparum,
1365 4774 1453 4819 aut
1489 4764 1696 4820 delicim
1728 4779 1863 4817 cou-

268 4861 557 4927 viviorum,
606 4868 697 4914 aut
744 4860 1048 4914 oblatorum
1098 4855 1366 4927 quantitas
1407 4854 1519 4908 ulla
1578 4854 1860 4907 donorum.

268 4950 497 5019 Semper
526 4958 578 5004 et
619 4948 819 5020 ubique
864 4955 1049 5001 vestro
1109 4952 1350 5000 versetur
1379 4944 1435 4998 in
1481 4941 1680 5005 animo,
1741 4939 1865 5009 quia

270 5038 491 5093 nescitis
520 5038 577 5092 in
604 5037 889 5091 tremendo
921 5034 1119 5090 Christi
1142 5033 1346 5103 judicio
1382 5049 1504 5086 cum
1547 5030 1744 5102 quibus
1775 5027 1863 5081 fu-

268 5125 371 5179 turi
403 5126 540 5192 silis,
574 5133 749 5179 utrum
801 5140 921 5179 cum
974 5123 1085 5177 illis
1129 5122 1324 5193 quibus
1354 5120 1551 5175 dicitur
1585 5137 1597 5171 :
1632 5119 1709 5173 Ite
1734 5133 1863 5170 ma-

270 5215 486 5283 ledicti,
547 5221 638 5267 aut
682 5229 807 5269 cum
860 5212 967 5267 illis
1026 5211 1115 5282 qui
1157 5209 1375 5265 audient
1410 5226 1422 5261 :
1454 5208 1661 5270 Venite,
1695 5206 1863 5261 bene-

270 5303 429 5359 dicti.
478 5303 683 5359 Valete.
736 5302 883 5357 Deus
937 5302 1114 5366 Pater,
1164 5298 1256 5371 qui
1311 5297 1492 5353 eduxit
1528 5296 1597 5350 de
1639 5294 1864 5350 mortuis

343 5476 412 5542 (4)
436 5477 689 5528 Lumbatae
712 5477 825 5528 sunt
847 5476 1035 5529 braccae
1059 5474 1258 5526 modicae
1291 5474 1339 5524 et
1360 5472 1552 5522 breves.

1894 1609 1947 1672 B

1983 350 2192 415 aeterni,
2226 349 2516 403 Dominum
2556 357 2796 403 nostrum
2850 349 3035 403 Jesum
3082 349 3374 419 Christum,
3433 358 3579 420 aptet

1983 452 2081 490 vos
2110 437 2165 490 in
2186 437 2331 491 omni
2369 437 2533 505 bono,
2585 444 2641 490 ut
2698 436 2903 492 faciatis
2957 437 3290 492 voluntatem
3349 439 3464 506 ejus
3501 437 3578 490 fa-

1984 524 2131 579 ciens
2163 525 2216 578 in
2246 525 2402 580 vobis
2432 525 2575 595 quod
2617 528 2823 595 placeat
2876 540 3062 580 coram
3111 542 3190 591 se,
3241 541 3343 595 per
3387 526 3575 580 Jesum

1985 613 2273 681 Christum,
2310 613 2396 669 cui
2427 621 2508 668 est
2528 612 2697 683 gloria
2713 613 2767 665 in
2799 613 2995 668 sazcula
3018 613 3361 679 saeculorum,
3394 629 3573 669 amen.

1980 702 2150 755 Nobis
2182 710 2359 756 autem
2390 701 2711 755 misereatur
2731 700 2874 753 idem
2895 700 3010 770 ipse
3031 701 3374 771 omnipotens
3403 703 3572 767 Deus,

1980 804 2076 859 per
2104 797 2317 844 vestras
2356 797 2409 844 et
2448 789 2608 844 totius
2641 788 2899 843 Ecclesiae
2928 790 3187 843 Romanae
3224 789 3575 844 intercessio-

1981 894 2078 931 nes
2095 886 2147 931 et
2168 893 2332 947 Opera
2354 893 2530 943 sacra,
2561 876 2873 931 exhilarans
2906 877 3068 932 corda
3105 885 3294 932 nostra
3327 876 3573 948 fragran-

1982 965 2204 1019 tissimis
2227 973 2279 1019 et
2328 965 2696 1020 saluberrimis
2734 964 2996 1019 odoribus
3042 964 3198 1020 famae
3249 972 3460 1033 vestrae,
3525 973 3577 1020 et

1980 1053 2245 1108 continuis
2266 1054 2320 1107 in
2360 1053 2580 1108 veritate
2610 1052 2961 1123 profectibus.
2991 1054 3191 1107 Iterum
3236 1053 3433 1107 valete.
3474 1054 3571 1107 Sa-

1980 1142 2146 1195 lutate
2174 1142 2331 1195 nobis
2370 1142 2704 1196 reverendos
2738 1142 2926 1195 Patres
2984 1141 3253 1195 Albanum
3284 1140 3490 1195 scilicet
3518 1148 3572 1195 et

1981 1229 2290 1285 Ostiensem
2312 1229 2599 1300 episc0pos
2644 1229 2975 1301 [Matthaeum
3033 1237 3086 1283 et
3106 1228 3438 1300 Albericum]
3473 1246 3487 1282 :
3519 1236 3574 1284 et

1979 1318 2023 1372 si
2054 1334 2191 1390 quos
2219 1318 2353 1372 alios
2381 1325 2578 1373 vestrae
2617 1318 2792 1371 visum
2830 1316 2992 1372 fuerit
3021 1317 3354 1373 discretioni.
3385 1318 3572 1373 Valete

1979 1408 2156 1463 tertio.
2187 1407 2468 1471 Habetote,
2503 1422 2835 1478 quaesumus,
2868 1407 3090 1460 domum
3119 1405 3277 1460 istam
3298 1406 3354 1460 in
3389 1413 3571 1462 mente

1978 1503 2181 1565 vestra,
2206 1496 2345 1551 sicut
2374 1494 2489 1565 ipsa
2513 1510 2609 1551 vos
2626 1494 2844 1550 reclusit
2873 1493 2926 1548 in
2957 1510 3071 1549 sua.

2742 1667 2830 1720 IV.

1976 1820 2057 1875 Ad
2088 1821 2371 1891 Hugonem
2400 1820 2454 1873 S.
2497 1820 2725 1874 militiae
2752 1820 3018 1890 priorem.
3042 1848 3110 1858 -
3144 1818 3312 1874 Docet
3339 1836 3448 1891 qua
3478 1836 3571 1875 ra-

2192 1910 2342 1963 tione
2372 1908 2582 1963 bellum
2620 1908 2920 1979 spirituale
2949 1908 3025 1963 sit
3039 1906 3336 1977 agendum.

2046 2031 2292 2086 Dominis
2321 2038 2372 2085 et
2401 2030 2588 2085 amicis
2609 2030 2662 2084 in
2694 2030 2909 2085 Christo
2943 2029 3279 2085 charissimis
3313 2045 3377 2086 ac
3405 2046 3570 2086 reve-

1975 2119 2335 2184 rendissimis,
2369 2119 2606 2183 IIUGONI,
2641 2125 2843 2173 sanctae
2861 2117 3065 2172 militia:
3093 2117 3283 2187 priori,
3315 2125 3369 2173 et
3388 2118 3571 2173 omni-

1973 2209 2074 2262 bus
2104 2208 2194 2279 qui
2225 2215 2489 2278 reguntur
2517 2207 2630 2274 ejus
2677 2206 2923 2271 consilio,
2960 2206 3105 2261 servi
3149 2214 3202 2260 et
3247 2206 3405 2261 amici
3435 2207 3570 2261 Car-

1971 2297 2163 2353 thusize
2212 2295 2429 2360 fratres,
2495 2294 2855 2364 spiritualium
2902 2293 3061 2347 simul
3110 2301 3161 2348 et
3209 2294 3569 2364 corporalium

1974 2385 2291 2439 Christianae
2332 2383 2612 2453 religionis
2660 2382 2896 2436 hostium
2932 2382 3209 2436 victoriam
3268 2382 3570 2452 plenariam

1973 2482 2026 2527 et
2045 2489 2232 2543 pacem
2258 2488 2357 2542 per
2385 2471 2658 2526 Christum
2690 2470 2978 2525 Dominum
3010 2477 3279 2525 nostrum.

2044 2565 2093 2615 1.
2131 2560 2397 2628 Quoniam
2446 2560 2501 2613 in
2562 2559 2927 2627 revertendo,
3006 2558 3142 2612 sicut
3170 2558 3225 2613 in
3274 2558 3564 2627 veniendo,

1972 2649 2275 2719 praesentia:
2303 2656 2501 2703 vestrm
2532 2648 2841 2718 gratissima
2861 2646 3190 2701 allocutione
3217 2646 3325 2701 frui
3370 2648 3568 2719 nequi-

1971 2737 2165 2801 vimus,
2199 2736 2373 2791 visum
2406 2743 2487 2790 est
2516 2735 2675 2790 nobis
2704 2743 2759 2789 ut
2789 2735 3106 2805 perlitteras
3135 2735 3419 2790 vobiscum
3459 2736 3569 2790 sal-

1971 2832 2077 2879 tem
2100 2840 2278 2894 pauca
2307 2824 2759 2895 colloqueremur.
2793 2823 2875 2877 Ad
2898 2838 3164 2893 corporea
3185 2823 3402 2895 quidem
3423 2824 3567 2880 bello

1970 2929 2289 2985 pugnasque
2319 2912 2560 2967 visibiles
2615 2911 2963 2966 dilectionem
3003 2918 3236 2965 vestram
3294 2912 3568 2968 exhortari

1969 3017 2316 3073 nequaquam
2346 3002 2631 3066 novimus;
2665 3000 2734 3055 ad
2764 2999 3063 3070 spiritualia
3093 3014 3244 3067 vero,
3278 2999 3333 3053 in
3371 3000 3567 3071 quibus

1969 3098 2021 3146 et
2052 3089 2290 3161 quotidie
2318 3104 2623 3154 versamur,
2658 3088 2759 3143 etsi
2801 3087 3033 3143 excitare
3080 3087 3263 3142 idonei
3311 3103 3422 3143 non
3468 3104 3565 3142 su-

1968 3194 2109 3245 mus,
2143 3178 2436 3233 admonere
2462 3177 2650 3231 saltem
2670 3175 3066 3231 desideramus.
3100 3176 3320 3230 Frustra
3368 3176 3566 3248 quippe

1969 3266 2268 3322 exteriores
2303 3266 2488 3319 hostes
2544 3264 2870 3334 impelimus,
2906 3264 2952 3318 si
2981 3280 3090 3319 non
3143 3265 3292 3335 prius
3347 3264 3565 3321 intimos

1970 3370 2306 3424 superamus.
2336 3354 2402 3408 Et
2430 3352 2743 3422 pudendum
2774 3352 2933 3406 nimis
2950 3360 3032 3407 est
3061 3360 3112 3409 et
3132 3352 3416 3426 indignum
3430 3370 3566 3426 quo—

1970 3442 2222 3497 rumlibet
2248 3441 2389 3497 velle
2417 3440 2607 3495 ditioni
2653 3446 2856 3495 nostrae
2910 3441 3180 3509 subjicere
3228 3442 3469 3513 agmina,
3519 3442 3565 3496 si

1971 3547 2079 3586 non
2132 3531 2279 3601 prius
2325 3538 2509 3584 nostra
2567 3527 2725 3582 nobis
2771 3528 3010 3597 subjecta
3058 3528 3256 3583 fuerint
3308 3544 3560 3598 corpora.

1972 3618 2107 3687 Quis
2139 3618 2282 3673 enim
2297 3616 2434 3672 ferat
2465 3616 2703 3671 exterius
2730 3616 2785 3669 in
2815 3617 3023 3686 amplas
3059 3623 3235 3670 terras
3273 3616 3565 3670 extendere

1971 3708 2112 3763 velle
2156 3723 2257 3761 nos
2303 3705 2753 3770 dominationem,
2795 3712 2847 3759 et
2895 3704 3105 3775 exiguis
3137 3704 3450 3774 cespitibus,
3510 3702 3563 3757 id

1970 3804 2051 3852 est
2079 3795 2335 3852 carnibus
2368 3795 2588 3861 nostris,
2610 3792 3027 3863 ignominiosam
3066 3792 3275 3862 perpeti
3308 3791 3561 3846 vitiorum

1971 3884 2285 3939 servitutem
2313 3883 2340 3936 ?
2367 3881 2730 3953 Acquiramus
2755 3880 2953 3952 itaque,
3004 3879 3360 3945 dilectissimi,
3412 3878 3563 3949 prius

1970 3972 2356 4041 nosmetipsos,
2381 3978 2440 4024 ut
2468 3986 2663 4026 secure
2701 3969 2961 4039 deinceps
2990 3969 3055 4023 ad
3089 3974 3305 4023 exteros
3351 3983 3562 4040 pugne-

1969 4077 2091 4115 mus
2120 4059 2368 4114 inimicos
2399 4078 2412 4124 ;
2447 4066 2657 4113 mentes
2678 4064 2894 4112 nostras
2923 4056 3069 4127 prius
3100 4071 3133 4110 a
3161 4055 3324 4122 vitiis,
3368 4055 3565 4111 dehinc

1971 4157 2142 4204 terras
2173 4163 2468 4220 purgemus
2488 4161 2520 4200 a
2550 4138 2817 4199 barbaris.

2039 4241 2092 4293 2.
2126 4237 2249 4290 Non
2276 4235 2440 4306 igitur
2470 4242 2663 4305 regnet
2712 4239 2993 4303 peccatum
3022 4232 3075 4286 in
3119 4239 3307 4289 nostro
3347 4231 3563 4287 mortali

1889 4318 1941 4376 D
1973 4341 2201 4396 corpore
2232 4324 2301 4377 ad
2332 4321 2696 4376 obediendum
2743 4321 3027 4376 desideriis
3070 4321 3187 4390 ejus
3212 4361 3226 4390 ,
3261 4336 3362 4376 nec
3403 4321 3559 4376 exhi-

1964 4414 2190 4469 beamus
2238 4411 2486 4465 membra
2515 4418 2701 4463 nostra
2759 4425 2907 4463 arma
2957 4408 3255 4480 iniquitatis
3311 4416 3556 4479 peccato,

1966 4502 2063 4557 sed
2094 4500 2443 4556 exhibeamus
2465 4515 2566 4553 nos
2596 4499 2731 4563 Deo,
2764 4507 3020 4569 tanquam
3076 4515 3141 4553 ex
3186 4498 3414 4552 mortuis
3470 4497 3557 4551 vi-

1964 4598 2170 4656 ventes,
2196 4596 2247 4643 et
2277 4588 2519 4644 membra
2551 4594 2732 4641 nostra
2781 4603 2932 4641 arma
2964 4585 3183 4654 justitize
3230 4587 3371 4649 Deo,
3430 4592 3482 4639 et
3513 4586 3558 4638 si

1966 4696 2092 4736 caro
2142 4678 2476 4749 concupiscit
2534 4676 2794 4731 adversus
2838 4674 3088 4745 spiritum
3134 4672 3551 4729 indomabiliter.

1963 4772 2085 4825 Ηωο
2118 4771 2290 4833 enim,
2320 4765 2492 4837 inquit
2512 4764 2824 4834 Apostolus,
2848 4764 2955 4819 sibi
2976 4765 3217 4818 invicem
3238 4762 3551 4817 aduersan-

1969 4862 2079 4921 tur,
2100 4859 2164 4911 ut
2180 4872 2291 4911 non
2308 4869 2648 4926 quaecunque
2662 4854 2835 4907 vultis
2845 4853 3093 4922 faciatis.
3110 4850 3383 4904 Vellemus
3399 4864 3554 4903 nam-

1965 4961 2069 5016 que
2121 4943 2289 5011 omni,
2340 4944 2384 4996 si
2441 4940 2555 4996 fieri
2611 4948 2816 5011 posset,
2850 4955 3043 4995 carere
3098 4937 3553 5009 concupiscentia.

1965 5033 2073 5087 Sed
2119 5032 2165 5085 si
2191 5031 2246 5084 in
2278 5032 2377 5085 hac
2407 5030 2530 5095 vita,
2566 5045 2686 5099 quae
2715 5036 2822 5083 tota
2851 5027 3075 5082 tentatio
3132 5034 3232 5093 est,
3293 5026 3558 5097 concupi—

1965 5120 2171 5177 scentia
2214 5122 2282 5174 ad
2325 5120 2541 5189 plenum
2588 5133 2777 5172 carere
2824 5132 2933 5171 non
2999 5132 3307 5187 possumus,
3350 5130 3559 5171 concu-

1962 5208 2241 5279 piscentiis
2263 5207 2453 5263 saltem
2472 5222 2579 5261 non
2604 5205 2922 5261 serviamus.
2948 5205 3032 5260 Ad
3049 5205 3191 5277 quod
3209 5205 3335 5276 quia
3351 5203 3558 5257 viribus

1963 5297 2119 5353 nobis
2150 5313 2342 5368 parum
2372 5294 2699 5351 sufﬁcientes
2720 5310 2930 5363 sumus,
2970 5294 3338 5349 confortemur
3358 5291 3414 5345 in
3439 5292 3557 5346 Do-
