3966 6050
422 277 523 331 599

1253 268 1595 327 GUIGONIS
1634 270 1655 324 Ι
1702 267 2107 325 CARTHUSIIE
2154 266 2447 323 MAJORIS
2494 268 2770 325 PRIORIS
2811 269 2876 324 V.

415 399 563 453 mino
594 406 643 451 et
674 397 727 451 in
759 396 996 466 potentia
1028 395 1238 449 virtutis
1280 396 1417 465 ejus,
1478 394 1870 465 induamusque
1923 409 2008 446 ar-
2030 394 2083 453 Α

415 495 679 541 maturam
702 485 819 551 Dei,
856 493 907 537 ut
938 484 1211 554 possimus
1271 493 1410 539 stare
1471 484 1737 541 adversus
1784 480 2010 535 insidias

414 574 637 629 diaboli.
672 575 789 629 Non
821 574 992 640 enim,
1016 573 1157 633 sicut
1176 573 1375 627 ibidem
1398 573 1659 643 sequitur,
1680 572 2009 626 colluctatio

417 663 573 718 nobis
585 666 667 718 est
681 661 751 716 ad
758 678 876 716 vers
885 678 945 715 us
959 677 1185 716 carnem
1200 665 1255 715 et
1268 662 1620 731 sanguinem,
1638 658 1732 714 sed
1744 660 2011 714 adversus

414 752 699 823 principes
710 755 763 805 et
777 754 1098 821 potestates,
1116 750 1379 804 adversus
1395 748 1589 803 mundi
1606 753 1849 804 rectores
1863 752 2011 802 tene-

418 839 664 905 brarum,
700 838 1236 909 eontraspiritualia
1250 838 1587 908 nequitiaein
1608 836 1938 901 caelestibus,
1956 834 2011 888 i'd

419 935 503 981 est
549 935 739 982 contra
784 925 908 979 vitia
966 933 1017 979 et
1054 940 1237 979 eorum
1294 925 1600 979 incentores
1648 923 2011 995 nequissimos

420 1014 663 1084 spiritus.
697 1012 800 1080 Qui
830 1013 875 1067 si
897 1013 1065 1083 (quod
1099 1021 1151 1066 et
1188 1012 1359 1067 David
1389 1012 1565 1084 rogat)
1603 1012 1773 1065 nostri
1831 1011 2010 1065 domi-

417 1101 607 1156 minati
664 1117 771 1155 non
828 1100 1055 1166 fuerint,
1117 1109 1243 1156 tunc
1281 1100 1608 1155 immaculati
1667 1100 1902 1165 erimus,
1962 1106 2013 1154 et

418 1190 834 1247 emundabimur
862 1204 894 1243 a
927 1189 1135 1243 delictis
1175 1189 1442 1242 maximis.

489 1283 541 1333 3.
574 1279 790 1334 Stemus
820 1293 954 1349 ergo
986 1277 1241 1332 succincti
1282 1276 1497 1331 lumbos
1528 1283 1745 1330 nostros
1775 1276 1829 1329 in
1863 1274 2012 1330 veri-

419 1374 546 1435 tate,
581 1374 633 1421 et
661 1365 873 1421 calciati
904 1365 1072 1436 pedes
1090 1364 1141 1418 in
1172 1364 1563 1435 prwparatione
1596 1363 1878 1435 Evangelii
1909 1378 2012 1433 pa-

417 1454 515 1519 cis,
550 1455 603 1509 in
633 1454 885 1509 omnibus
908 1460 1182 1507 sumentes
1213 1460 1423 1507 scutum
1458 1450 1603 1518 fidei,
1637 1451 1691 1505 in
1722 1467 1828 1523 quo
1879 1466 2011 1522 pos-

418 1543 588 1597 simus
614 1542 792 1597 omnia
823 1541 929 1596 tela
960 1539 1277 1611 nequissimi
1297 1541 1460 1611 ignea
1491 1540 1834 1612 exstinguere
1869 1558 1882 1606 ;
1918 1555 2012 1595 ca-

416 1639 513 1701 put
542 1630 703 1701 galea
732 1629 919 1683 salutis
948 1630 1238 1693 obtectum,
1273 1629 1552 1684 dexteram
1602 1629 1780 1700 gladio
1821 1627 2014 1682 salutis

416 1718 678 1773 munitam
698 1718 980 1773 habentes.
1034 1719 1337 1785 Curramus,
1383 1732 1492 1771 non
1536 1716 1688 1789 quasi
1719 1717 1773 1770 in
1828 1716 2082 1805 incer-B

419 1814 531 1861 tum
556 1826 569 1871 ;
602 1822 927 1877 pugnemus,
961 1821 1071 1860 non
1099 1805 1251 1877 quasi
1281 1821 1467 1861 aerem
1498 1805 1881 1871 verberantes;
1912 1805 2010 1859 sed

421 1894 754 1967 castigemus
785 1908 985 1964 corpus
1019 1902 1280 1961 nostrum,
1344 1902 1393 1949 et
1433 1893 1780 1962 subjiciamus
1837 1892 2011 1948 servi-

420 1982 537 2050 tuti,
571 1982 698 2053 quia
728 1982 814 2037 hic
851 1990 935 2036 est
963 1981 1215 2047 hominis,
1250 1981 1304 2035 id
1356 1990 1438 2036 est
1494 1981 1741 2036 animalis
1788 1981 1858 2035 ad
1914 1980 2013 2036 Dei

422 2071 718 2141 imaginem
759 2070 981 2137 conditi,
1039 2077 1213 2124 status
1264 2069 1723 2136 ordinatissimus,
1782 2086 1904 2124 cum
1960 2077 2015 2123 et

423 2174 551 2215 caro
573 2158 737 2213 servit
771 2157 1001 2228 spiritui,
1026 2166 1079 2211 et
1133 2157 1349 2227 spiritus
1405 2158 1652 2211 subditur
1709 2156 2011 2212 Conditori.

422 2247 483 2302 In
504 2247 608 2301 hoc
640 2245 780 2300 bello
812 2252 957 2299 tanto
989 2245 1091 2299 erit
1120 2245 1351 2315 quisque
1383 2244 1678 2314 robustior,
1730 2252 2010 2316 tantoque,

425 2342 648 2406 regente
678 2341 729 2388 et
758 2341 1077 2404 protegente
1108 2333 1244 2401 Deo,
1270 2333 1574 2387 numerosis
1594 2333 1880 2404 prostratis
1910 2334 2013 2388 ho-

424 2423 594 2477 stibus
630 2422 901 2492 triumpho
944 2421 1267 2494 gloriosiore
1310 2421 1613 2487 sublimior,
1672 2431 1871 2493 quanto
1918 2438 2017 2493 per

425 2512 607 2567 omnia
637 2511 895 2583 sategerit
925 2526 1045 2577 esse
1076 2510 1357 2575 humilior;
1390 2518 1641 2580 tantoque
1673 2519 1893 2565 econtra
1948 2510 2015 2564 ad

426 2600 608 2656 omnia
637 2600 777 2654 bona
823 2597 1090 2654 inﬁrmior
1120 2607 1171 2653 et
1225 2599 1632 2664 inconstantior,
1684 2607 1885 2670 quanto
1914 2615 2015 2654 vo—

427 2688 585 2743 luerit
614 2704 735 2743 esse
766 2687 1069 2757 superbior.
1122 2687 1266 2740 Deus
1295 2686 1437 2741 enim
1490 2686 1690 2741 resistit
1744 2688 2013 2757 superbis.

427 2776 551 2831 Non
582 2791 716 2846 ergo
737 2791 875 2845 opus
923 2784 1003 2829 est
1044 2782 1099 2829 ut
1141 2775 1207 2829 ad
1262 2774 1617 2830 debellandos
1665 2791 1759 2830 eos
1801 2776 2017 2831 aliunde

428 2872 701 2936 quaeratur
730 2872 1019 2936 pugnator,
1052 2864 1246 2934 quibus
1292 2863 1633 2933 omnipotens
1654 2864 1856 2918 resistit
1882 2880 2020 2934 prae-

425 2953 600 3009 liator.
636 2951 785 3020 Quos
814 2960 995 3008 contra
1017 2952 1187 3006 David
1207 2951 1338 3007 dicit
1372 2967 1383 3004 :
1409 2953 1737 3008 Custodiens
1754 2954 2021 3024 parvulos

430 3042 702 3097 Dominus
729 3059 743 3105 ;
775 3049 939 3111 atque
984 3041 1218 3111 idipsum
1250 3049 1503 3110 expertus
1532 3041 1585 3094 in
1642 3042 1824 3111 seipso
1884 3040 2019 3095 sub-

422 3130 598 3199 junxit
632 3130 1014 3185 :Ilumiliatus
1044 3145 1169 3183 sum
1218 3132 1273 3183 et
1325 3130 1583 3185 liberavit
1628 3145 1735 3185 me.
1797 3129 2017 3184 Utamur

429 3216 697 3287 exemplo,
732 3217 777 3270 si
809 3216 973 3270 simili
1001 3216 1247 3287 cupimus
1276 3217 1352 3271 uti
1412 3217 1671 3272 remedio.
1735 3217 2018 3273 Faciamus

429 3305 573 3376 quod
603 3304 749 3369 fecit,
786 3304 830 3357 si
876 3304 1251 3359 desideramus
1281 3305 1423 3376 quod
1463 3306 1669 3376 accepit
1711 3324 1724 3371 ;
1760 3305 2016 3361 humilie-

429 3409 572 3459 mur,
607 3401 711 3447 uta
742 3393 898 3447 malis
926 3394 1177 3448 omnibus
1198 3393 1505 3448 liberemur.
1539 3393 1828 3463 Apostolus
1858 3395 2018 3449 etiam

427 3481 495 3535 de
518 3481 749 3536 Domino
778 3482 905 3535 Jesu
923 3482 1134 3536 Christo
1168 3484 1559 3545 :llumiliavit,
1594 3481 1785 3554 inquit,
1818 3488 2020 3537 semet-

428 3570 636 3641 ipsum,
660 3572 849 3639 factus
866 3571 1120 3625 obediens
1133 3585 1303 3642 usque
1315 3571 1386 3624 ad
1400 3575 1654 3635 mortem,
1671 3575 1912 3625 mortem
1924 3588 2022 3627 au-

433 3661 547 3713 tem
570 3661 775 3714 crucis.
806 3659 921 3713 Nec
950 3658 1241 3713 incassum.
1267 3659 1489 3729 Propter
1522 3659 1621 3712 hoc
1650 3659 1813 3724 enim,
1845 3659 1935 3725 ait,
1966 3667 2020 3713 et

429 3747 574 3800 Deus
596 3746 875 3800 exultavit
892 3747 1076 3811 illum,
1101 3750 1156 3801 et
1180 3745 1405 3801 donavit
1422 3747 1511 3801 illi
1530 3762 1754 3811 nomen,
1775 3747 1917 3819 quod
1933 3751 2018 3802 est

428 3848 597 3904 super
616 3849 779 3888 omne
800 3850 1041 3901 nomem,
1066 3838 1129 3889 ut
1150 3835 1212 3888 in
1246 3836 1476 3889 nomine
1511 3836 1642 3889 Jesu
1674 3850 1838 3889 omne
1874 3851 2021 3905 genu

432 3922 719 3989 ﬂectatur,
745 3922 1073 3986 caelestium,
1099 3924 1476 3987 terrestrium,
1501 3928 1555 3977 et
1574 3923 1935 3992 infernorum
1965 3927 2021 3977 et

435 4010 620 4064 omnis
644 4011 839 4080 lingua
862 4011 1203 4078 conﬁteatur
1221 4011 1362 4081 quod
1376 4012 1646 4065 Dominus
1674 4013 1830 4067 Jesu:
1866 4012 2024 4067 Chri-

430 4100 556 4152 stus
597 4102 678 4153 est
728 4100 790 4151 in
820 4099 1002 4169 gloria
1036 4098 1135 4152 Dci
1171 4098 1381 4152 Patris.
1416 4098 1482 4151 Et
1518 4098 1642 4154 hinc
1693 4115 1907 4171 quoque
1936 4100 2023 4154 vel

431 4186 663 4241 maxime
678 4202 951 4240 sumamus
970 4184 1293 4255 exemplum,
1313 4186 1356 4239 si
1374 4187 1626 4242 ardemus
1637 4186 1705 4241 ad
1719 4188 2019 4258 praemium.

432 4273 717 4328 Faciamus
748 4274 893 4344 quod
940 4273 1096 4337 fecit,
1142 4282 1198 4327 ut
1241 4290 1531 4345 sequamur
1571 4291 1677 4346 quo
1722 4277 2019 4346 praecessit.

429 4362 709 4417 Sectemur
739 4362 881 4415 viam
913 4370 1071 4417 tantae
1100 4361 1435 4427 humilitatis,
1460 4372 1514 4416 ut
1546 4365 1922 4433 perveniamus
1954 4365 2024 4419 ad

2043 3098 2087 3158 C

3605 270 3715 323 600

2880 397 2942 451 V.

2111 544 2189 598 Ad
2221 544 2612 618 Innocentium
2633 564 2837 618 papam
2869 546 2933 601 ll.
2959 576 3026 585 —
3068 545 3402 601 Consolatur
3422 562 3704 603 summum

2244 617 2575 687 pontiﬁcem
2608 617 2876 673 aduersus
2904 618 3231 673 schismatis
3252 618 3558 672 molestias.

2182 738 2413 793 Domino
2461 748 2513 794 et
2553 740 2700 795 Patri
2756 739 3076 796 charissimo
3132 754 3197 795 ac
3244 740 3699 795 reverendissimo

2110 826 2421 895 apostolica:
2452 828 2599 883 sedis
2628 845 2838 884 summo
2870 826 3108 900 pontifici
3166 844 3526 894 INNOCENTIO,
3560 829 3702 883 servi

2110 921 2163 967 et
2199 912 2295 968 filii
2352 916 2648 971 Carthusiae
2696 934 2989 988 pauperes,
3044 916 3190 971 illam
3248 932 3410 988 quam
3470 917 3699 971 mundus

2110 1001 2240 1057 dare
2264 1018 2371 1057 non
2399 1013 2577 1074 potest
2598 1021 2808 1076 pacem,
2835 1021 3053 1077 sumque
3083 1005 3419 1075 paternitatis
3446 1006 3699 1060 devotam

2111 1090 2439 1159 servitutem,
2466 1100 2518 1146 et
2547 1109 2656 1148 non
2685 1093 3053 1149 necessarium
3082 1093 3208 1149 licet
3236 1093 3577 1164 obsequium.

2180 1178 2373 1232 Multas
2405 1180 2473 1234 ad
2503 1182 2671 1235 vestri
2716 1182 3050 1253 apostolatus
3094 1189 3336 1237 sacratas
3384 1198 3563 1251 aures,
3597 1192 3699 1239 etc.

2120 1265 2248 1321 Vide
2271 1268 2335 1321 in
2366 1268 2695 1326 Innocentio
2716 1270 2782 1337 ll,
2813 1270 2885 1326 ad
2904 1288 2999 1326 an.
3037 1271 3198 1325 1143.

2864 1471 2952 1527 VI.

2110 1610 2358 1699 [lagonis
2390 1614 2902 1699 Gratianopolitani
2917 1616 3467 1699 episcopi,.0_uigonis
3492 1621 3547 1672 et
3571 1618 3701 1699 Car-

2186 1686 2565 1741 thusiensium
2595 1686 2847 1756 fratrum
2868 1686 3105 1757 epistola
3126 1687 3196 1742 ad
3214 1686 3411 1742 Patres
3426 1690 3485 1742 in
3497 1688 3701 1758 synodo

2201 1762 2228 1814 l
2274 1758 2496 1813 Otrensi
2542 1761 2903 1827 congregatos
2942 1763 3175 1827 propter
3219 1774 3413 1813 necem
3467 1760 3700 1822 Thomte,

2183 1831 2377 1955 gaza-gn
2418 1828 2645 1910 Victoris
2665 1828 3006 1883 Parisiensis
3021 1829 3247 1900 prioris,
3270 1830 3336 1885 ab
3355 1830 3546 1902 impiis
3566 1845 3702 1885 cru-

2220 1918 2249 1955 e
2276 1917 2297 1955 i
2326 1914 2387 1954 er
2415 1914 2601 1954 occisi.

2184 1901 2387 1957 deliter
2415 1898 2601 1954 occisi.

2450 2010 2676 2079 (Lanae.
2712 2009 2940 2075 Consil.,
2974 2009 3045 2075 X,
3078 2009 3183 2064 col.
3217 2011 3367 2079 975.)

2186 2151 2430 2208 Dominis
2479 2159 2529 2205 et
2568 2150 2809 2205 Patribus
2849 2150 2903 2205 in
2944 2151 3157 2206 Christo
3215 2151 3701 2223 reverendissimis,

2115 2240 2560 2312 archiepiscopis,
2610 2239 2880 2310 episcopis
2910 2247 2961 2294 et
2989 2240 3202 2295 ueteris
3258 2240 3532 2312 religiosis
3576 2258 3705 2312 per-

2124 2330 2275 2385 sonis
2304 2330 2357 2384 in
2389 2337 2711 2399 praesentem
2743 2328 2919 2383 locum
2952 2327 3310 2383 defendendae
3332 2329 3552 2397 justitize
3578 2346 3706 2401 gra-

2118 2418 2187 2474 tia
2217 2418 2619 2491 congregratis,
2660 2418 2838 2483 IIuoo,
2882 2417 3393 2488 Gratianopolitana:
3448 2418 3707 2473 Ecclesia:

2117 2514 2340 2563 vocatus
2399 2506 2705 2576 episcopus,
2778 2514 2830 2561 et
2887 2505 2981 2559 filii
3036 2507 3171 2575 ejus,
3246 2507 3707 2561 Carthusiensium

2118 2611 2417 2667 pauperum
2446 2611 2635 2650 servus
2665 2594 2866 2648 inutilis
2898 2594 3098 2660 Gmco,
3148 2602 3201 2649 et
3230 2594 3319 2666 qui
3368 2610 3552 2650 secum
3583 2603 3707 2649 sunt

2118 2683 2333 2749 fratres,
2356 2682 2566 2757 agenda
2611 2698 2969 2753 cognoscere,
3027 2683 3244 2753 cognita
3275 2683 3498 2738 viriliter
3526 2684 3703 2738 adim-

2118 2772 2270 2843 plere
2300 2788 2398 2842 per
2434 2771 2709 2825 Christum
2745 2772 3035 2826 Dominum
3064 2781 3329 2827 nostrum.

2191 2858 2349 2928 Quod
2379 2860 2627 2915 homines
2684 2877 2890 2925 sumus,
2925 2860 2993 2914 ad
3016 2870 3303 2927 naturam;
3363 2861 3507 2932 quod
3560 2860 3709 2929 justi,

2119 2948 2189 3003 ad
2219 2949 2465 3003 meritum
2491 2967 2504 3015 ;
2537 2948 2681 3020 quod
2711 2949 2972 3020 episcopi,
2996 2948 3083 3004 vel
3124 2949 3450 3020 presbyteri,
3503 2949 3588 3003 vel
3617 2966 3708 3003 ar-

2119 3037 2443 3102 chidiaconi,
2479 3037 2565 3092 vel
2593 3037 2797 3107 aliquid
2827 3037 3152 3105 huiusmodi,
3177 3038 3245 3092 ad
3285 3038 3709 3093 ecclesiasticum

2118 3124 2349 3196 pertinet
2393 3124 2649 3180 cilicium.
2685 3126 2742 3178 In
2793 3125 2968 3196 primo
3028 3126 3324 3191 existimus,
3358 3126 3410 3180 in
3469 3126 3709 3181 secundo

2118 3213 2413 3282 salvamur,
2437 3214 2491 3267 in
2525 3214 2685 3269 tertio
2735 3214 3056 3284 providendi
3087 3214 3208 3268 aliis
3256 3231 3374 3287 quae
3434 3214 3712 3269 subtiliora

2119 3310 2263 3367 sunt,
2287 3309 2611 3372 potestatem
2642 3303 2957 3374 accipimus.
2992 3304 3110 3358 Duo
3138 3319 3274 3375 ergo
3290 3303 3472 3374 priora
3502 3304 3567 3357 ad
3591 3318 3709 3368 nos,

2120 3390 2335 3445 tertium
2386 3390 2612 3445 refertur
2643 3392 2712 3445 ad
2738 3391 3035 3461 proximos.
3088 3391 3246 3459 Quod
3277 3392 3321 3446 si
3366 3391 3712 3445 manifestum

2120 3477 2309 3543 fuerit,
2363 3479 2515 3546 juxta
2567 3478 2696 3533 illud
2738 3479 2982 3535 ficulnea:
3028 3481 3359 3552 evangelica:
3413 3480 3710 3550 exemplar,

2120 3583 2240 3638 quae
2276 3566 2460 3621 tandiu
2491 3576 2799 3638 exspectata
2828 3567 3060 3624 fructum
3097 3585 3206 3623 non
3233 3569 3424 3634 attulit,
3474 3567 3713 3623 ofﬁcium

2121 3671 2220 3710 nos
2250 3654 2509 3711 inutiliter
2532 3656 2737 3712 habere
2784 3666 3117 3728 susceptum,
3152 3657 3297 3712 nulla
3348 3658 3492 3725 justa
3522 3673 3618 3712 cur
3659 3657 3711 3711 in

2120 3759 2186 3799 eo
2207 3744 2576 3814 relinquemur
2604 3746 2906 3800 remanebit
2936 3746 3167 3801 occasio.
3202 3744 3342 3814 Quid
3365 3761 3496 3816 ergo
3527 3745 3573 3799 si
3606 3761 3714 3797 non

2122 3832 2297 3886 solum
2325 3833 2541 3887 inutiles
2588 3832 2871 3901 Ecclesia,
2933 3834 3029 3889 sed
3086 3834 3246 3889 etiam
3284 3834 3594 3905 perniciosi,
3630 3833 3717 3888 vel

2121 3919 2307 3974 verbis
2334 3920 2420 3975 vel
2453 3922 2714 3992 exemplis
2748 3922 3111 3976 exstiterimus
3134 3927 3155 3977 ?
3182 3923 3374 3978 Nonne
3403 3938 3510 3976 non
3541 3922 3714 3976 solum

2124 4008 2303 4077 dejici,
2337 4009 2434 4063 sed
2471 4009 2630 4064 etiam
2683 4010 2835 4082 digni
2892 4027 3077 4065 sumus
3125 4011 3490 4081 punirit‘Etsi
3548 4010 3717 4082 igitur

2124 4096 2268 4151 beati
2298 4097 2537 4166 Themin,
2586 4106 2635 4152 et
2671 4106 2993 4153 caeterorum
3043 4098 3133 4170 qui
3182 4108 3425 4153 recenter
3481 4099 3604 4154 lotis
3662 4099 3715 4152 in

2125 4184 2386 4255 sanguine
2416 4186 2557 4257 Agni
2607 4185 2758 4240 stolis
2789 4187 2901 4240 suis
2930 4186 3000 4241 ad
3031 4187 3275 4243 coelestia
3317 4187 3713 4257 demigrarunt,

2125 4273 2180 4327 in
2201 4282 2493 4344 conspectu
2524 4274 2739 4328 Domini
2769 4290 2917 4329 mors
2947 4275 3180 4345 pretiosa
3202 4276 3478 4330 mundana
3517 4276 3717 4330 ultione

2128 4377 2233 4416 non
2268 4371 2445 4431 egeat,
2488 4371 2668 4416 tamen
2701 4364 2745 4416 si
2775 4363 3081 4418 Eeclesiam
3138 4363 3259 4429 Dei,
3322 4364 3440 4418 sine
3470 4380 3576 4436 qua
3615 4379 3717 4419 nec

430 4448 665 4520 gloriam
699 4450 795 4503 Dei
836 4450 1026 4503 Patris.
1061 4451 1253 4505 Omnis
1312 4454 1465 4505 enim
1513 4453 1607 4522 qui
1649 4468 1707 4507 se
1758 4450 2095 4509 humiliatD
2124 4450 2359 4519 publica:
2391 4466 2475 4504 res
2497 4449 2658 4504 salvae
2675 4459 2795 4503 sunt
2825 4466 2927 4506 nec
2982 4451 3222 4521 privata,
3257 4452 3481 4507 utilitate
3538 4462 3718 4507 careat

430 4538 800 4602 excitabitur,
822 4542 875 4591 et
893 4540 987 4609 qui
1004 4554 1061 4593 se
1082 4540 1323 4604 exultat,
1351 4541 1767 4607 humiliabitur,
1795 4549 2026 4597 testante

429 4625 624 4680 eodem
654 4625 886 4679 Domino
914 4634 1101 4680 nostro
1129 4628 1254 4681 Jesu
1287 4626 1517 4693 Christo,
1546 4629 1779 4699 quicum
1804 4630 1957 4685 Patre
1974 4638 2027 4684 et

429 4713 631 4784 Spiritu
664 4721 853 4768 sancto
900 4714 1029 4768 vivit
1063 4722 1115 4768 et
1144 4724 1333 4785 regnat
1365 4717 1532 4782 Deus,
1567 4734 1665 4786 per
1703 4718 1886 4771 omnia
1917 4734 2025 4772 sa:-

427 4802 548 4857 cula
591 4802 934 4857 smculorum.
988 4806 1178 4857 Amen.
1222 4803 1761 4873 Omnipotentissima
1806 4806 2024 4861 miseri-

427 4891 632 4954 cordia,
686 4900 738 4945 et
780 4890 1290 4946 misericordissima
1333 4892 1722 4962 omnipotentia
1753 4893 1885 4957 Dei,
1920 4902 2023 4948 tam

425 4977 483 5031 in
521 4977 912 5047 spiritualibus,
966 4994 1126 5049 quam
1185 4979 1347 5033 etiam
1405 4979 1780 5049 corporalibus
1824 4980 2025 5049 prmliis

428 5064 593 5120 faciat
621 5081 719 5119 vos
748 5082 967 5135 semper
1015 5074 1068 5120 et
1116 5066 1425 5121 felicissime
1456 5083 1699 5138 pugnare
1735 5075 1788 5121 et
1818 5068 2024 5139 glorio-

430 5152 643 5207 sissime
676 5153 1018 5224 triumphare.
1054 5152 1318 5223 Optamus
1350 5170 1447 5209 vos
1479 5155 1614 5208 bene
1648 5154 1856 5221 valere,
1890 5164 1942 5210 et
1970 5157 2024 5211 in

427 5240 597 5296 sacris
627 5257 746 5312 qua:
795 5240 1016 5295 tuemini
1060 5240 1193 5295 locis
1214 5284 1228 5305 ,
1276 5242 1479 5307 nostri,
1513 5258 1633 5295 cum
1664 5244 1830 5297 oratis
1856 5286 1868 5310 ,
1904 5261 2024 5299 me-

424 5328 647 5386 moriam
705 5329 926 5393 habere,
979 5328 1282 5383 charissimi
1344 5337 1395 5383 et
1459 5331 1906 5399 prastantissimi,
1973 5340 2026 5387 et

425 5417 633 5473 meritis
682 5415 1037 5487 insignissimi
1083 5414 1294 5469 fratres.
1344 5417 1451 5470 Has
1498 5416 1702 5472 litteras
1750 5435 1849 5489 per
1886 5421 2024 5475 duos

423 5505 670 5560 diversos
700 5504 914 5557 nuntios
946 5502 1371 5569 transmisimus,
1398 5520 1466 5559 ne
1498 5521 1607 5576 quo
1639 5505 2024 5576 impedimento

424 5593 591 5662 (quod
620 5591 781 5659 absit)
815 5606 921 5644 non
954 5589 1169 5661 quirent
1214 5592 1520 5661 pervenire,
1581 5609 1713 5664 quas
1770 5594 2019 5664 petimus,

428 5686 485 5734 ut
514 5677 720 5736 cunctis
758 5676 1018 5734 fratribus
1038 5679 1234 5749 exponi
1264 5678 1494 5736 faciatis.

2125 4537 2445 4607 disciplinae,
2482 4553 2738 4609 rogamus
2768 4539 3041 4608 supplices
3072 4548 3123 4593 et
3153 4540 3533 4608 obsecramus,
3578 4558 3715 4612 qua-

2126 4635 2281 4679 tenus
2311 4633 2581 4679 armatura
2610 4626 2735 4679 tidci
2794 4628 3038 4696 protecti,
3098 4636 3151 4682 et
3208 4628 3545 4683 rectitudinis
3604 4630 3718 4683 zelo

2126 4713 2391 4779 succensi,
2424 4722 2475 4767 et
2524 4722 2829 4769 sanctorum
2862 4715 3055 4781 Mosis,
3093 4716 3344 4785 Phincos,
3389 4718 3711 4782 Mathathize,

2125 4802 2412 4855 beatorum
2445 4817 2661 4872 quoque
2687 4804 3060 4873 apostolorum
3091 4805 3235 4859 Petri
3266 4813 3317 4859 et
3346 4805 3491 4858 Pauli
3522 4806 3717 4859 adver—

2125 4906 2217 4942 sus
2249 4890 2544 4953 Simonem,
2571 4891 2834 4944 Ananiam
2864 4900 2916 4945 et
2938 4893 3163 4961 Barjesu
3180 4892 3266 4963 pie
3287 4894 3714 4959 desaevientium,

2126 4978 2463 5048 maximeque
2518 4978 2688 5048 ipsius
2762 4980 2979 5033 Domini
3036 4982 3350 5036 venditores
3392 4982 3459 5036 de
3518 4982 3718 5051 templo

2124 5066 2383 5120 caedendo
2412 5066 2794 5135 proturbantis,
2828 5067 3091 5139 exemplis
3122 5070 3363 5133 animati,
3396 5070 3449 5123 in
3495 5070 3721 5125 sacrile-

2124 5168 2224 5225 gos
2245 5153 2545 5208 homicidas
2574 5154 2927 5211 ecclesiastici
2960 5157 3155 5228 rigoris
3188 5157 3458 5227 intrepide
3481 5156 3721 5229 gladium

2121 5242 2454 5311 producatis,
2490 5258 2714 5313 eosque,
2750 5244 2795 5296 si
2825 5244 2942 5298 fieri
2989 5253 3185 5314 potest,
3251 5246 3500 5299 omnibus
3529 5261 3722 5301 sacro-

2126 5345 2244 5382 rum
2274 5329 2465 5385 ofﬁciis
2516 5332 2742 5401 privelis
2786 5341 2839 5386 et
2887 5332 3188 5397 beneficiis,
3237 5344 3506 5404 quatenus
3545 5334 3723 5388 omnis

2125 5417 2288 5471 Israel
2318 5418 2543 5473 audiens
2573 5422 2781 5488 timeat,
2806 5429 2859 5474 et
2888 5437 3231 5491 nequaquam
3264 5422 3406 5475 ultra
3456 5422 3723 5492 quispiam

2126 5505 2283 5560 faciat
2311 5506 2504 5560 simile.
2542 5508 2647 5577 ipsi
2676 5508 2819 5562 enim
2869 5509 3045 5580 magis
3095 5525 3254 5581 quam
3306 5510 3608 5577 homicidae,
3662 5510 3717 5563 in

2124 5609 2355 5665 quorum
2386 5603 2636 5649 cruentas
2667 5596 2911 5664 delicias,
2945 5604 3071 5652 vota
3126 5597 3470 5668 complenda,
3508 5606 3561 5652 et
3586 5598 3713 5652 odia

2126 5681 2394 5750 satianda,
2419 5690 2729 5739 sanctorum
2762 5692 2888 5740 sunt
2940 5701 3177 5758 corpora
3225 5686 3446 5742 laniata.
3481 5685 3585 5755 Qui
3627 5686 3734 5743 nisi
