3966 6050
213 262 314 316 601

1588 243 2112 305 MEDITATIONES
2125 282 2139 299 .
2197 293 2205 300 .

3405 236 3508 290 602

212 396 381 444 tanta;
410 385 664 459 nequitia
692 400 801 440 non
832 383 1009 439 solum
1054 382 1235 437 fructu
1268 377 1581 442 caruerint,
1633 374 1732 430 sed
1759 381 1811 429 et
1830 381 1884 441 Α
1913 368 2242 442 profundite.
2274 367 2469 421 Iterum
2500 362 2695 419 valete.
2730 361 3027 432 Participes
3056 376 3158 415 nos
3186 359 3342 415 faciat
3360 361 3507 414 Deus

214 466 435 549 poenam
467 474 756 544 senserint,
788 472 1042 528 omnibus
1073 470 1216 541 apud
1245 485 1347 524 nos
1371 466 1593 537 justitiae
1621 462 1808 519 defen-

214 566 433 622 soribus
481 562 676 618 similia
724 569 846 616 sunt
891 560 1202 614 metuenda.
1255 557 1464 613 Valete.
1516 553 1679 608 Orate
1709 566 1809 621 pro

214 654 399 720 nobis,
422 660 500 717 et,
534 650 701 706 sacris
722 649 946 704 elevatis
974 647 1183 703 dextris
1213 661 1377 715 super
1396 650 1602 714 partem
1624 638 1811 694 mundi

216 742 277 798 in
305 756 413 814 qua
441 740 529 795 siti
573 754 782 805 sumus,
832 734 1269 791 benedictionem
1298 740 1350 788 et
1377 728 1812 787 obsecrationem

1919 467 2232 514 sanctorum
2263 469 2490 526 Operum
2517 460 2855 515 vestrorum,
2906 458 3183 521 gestorum
3224 456 3275 503 et
3305 464 3508 519 geren-

1921 549 2135 602 dorum.
2189 544 2373 599 Valete
2419 542 2575 597 tertio
2624 555 2747 595 cum
2804 537 3121 595 reverendis
3175 536 3511 608 principibus

1920 634 2166 691 Blesensi
2195 640 2247 687 et
2275 629 2621 686 Nivernensi.

217 897 2217 928 _________________________

217 915 1489 928 ___________.7,,

1490 1063 2265 1205 GUIGONIS

815 1302 1165 1368 MAJORIS
1205 1300 1705 1365 CARTHUSLE
1756 1296 2086 1359 PRIORIS
2132 1290 2599 1356 GENERALIS
2647 1288 2920 1362 QUINTI

1265 1469 2458 1620 MEDITATIONES.

1010 1718 1381 1790 (Bibliotheca
1410 1718 1651 1772 Patrum
1680 1713 1959 1785 Lugdun.,
1987 1718 2118 1767 tom.
2151 1708 2338 1775 XXII,
2373 1722 2506 1778 pag.
2556 1703 2741 1773 1164.)

656 2018 1054 2075 CAPITULUM
1100 2017 1392 2073 PRIMUM.

227 2138 301 2194 De
332 2138 571 2194 veritate
587 2139 642 2191 et
664 2150 820 2206 pace,
841 2136 897 2189 et
918 2132 1187 2205 quomodo
1214 2148 1318 2204 per
1335 2131 1511 2187 solam
1534 2130 1831 2184 veritatem

849 2239 969 2295 pax
1002 2222 1260 2277 habetur.

301 2332 513 2388 Veritas
544 2328 793 2401 ponenda
821 2336 903 2383 est
932 2327 986 2381 in
1018 2326 1221 2393 medio,
1252 2333 1513 2396 tanquam
1546 2322 1832 2394 pulchrum

226 2420 470 2492 aliquod.
540 2420 657 2473 Nec
702 2416 916 2486 judices
965 2415 1009 2469 si
1059 2414 1180 2487 quis
1230 2430 1345 2468 eam
1397 2413 1690 2475 abhorret,
1735 2410 1833 2464 sed

227 2517 561 2580 compatere.
620 2508 699 2561 Tu
748 2520 879 2585 vero
909 2520 1033 2560 cum
1061 2504 1129 2558 ad
1162 2519 1281 2558 eam
1311 2502 1496 2557 venire
1528 2500 1830 2567 desideres,

228 2615 329 2654 cur
358 2597 567 2668 respuis
598 2611 738 2660 eam,
771 2610 895 2649 cum
916 2593 985 2647 de
1018 2591 1122 2646 tuis
1154 2591 1296 2645 vitiis
1319 2589 1621 2659 increparis
1642 2589 1669 2642 ?
1698 2587 1833 2641 Vide

237 2692 443 2759 quanta
493 2683 732 2755 patiatur
778 2680 993 2736 veritas.
1029 2680 1234 2735 Dicitur
1270 2678 1488 2733 ebrioso
1522 2695 1535 2730 :
1569 2676 1834 2730 Ebriosus

237 2791 339 2840 es;
373 2772 688 2836 luxurioso,
739 2770 979 2841 superbo
1009 2768 1386 2839 linguosoque,
1423 2765 1687 2819 similiter.
1722 2764 1837 2818 Hoc

238 2872 416 2918 autem
451 2877 640 2917 verum
673 2867 772 2915 est.
828 2857 1106 2912 Insaniunt
1136 2864 1318 2911 tamen
1349 2854 1425 2908 illi
1452 2854 1733 2925 protinus,
1784 2860 1837 2908 et

235 2951 519 3007 veritatem
550 2948 605 3003 in
634 2962 731 3002 suo
760 2946 1117 3017 praedicatore
1146 2951 1546 3015 persequuntur
1592 2950 1644 2997 et
1685 2940 1834 2995 occi-

241 3040 395 3094 dunt.
434 3038 565 3093 Vide
597 3043 856 3108 quantum
905 3036 1204 3089 honoratur
1242 3031 1604 3087 mendacium.
1637 3029 1840 3084 Dicitur

245 3127 500 3199 pessimis
531 3134 582 3180 et
613 3125 865 3179 vitiorum
890 3123 1130 3177 omnium
1161 3121 1330 3176 servis
1373 3137 1386 3174 :
1430 3119 1563 3174 Boni
1609 3117 1835 3173 domini.

246 3217 550 3283 Placantur,
589 3214 828 3285 gaudent
876 3218 927 3266 et
954 3210 1298 3265 mendacium
1346 3208 1523 3280 ipsum
1564 3207 1617 3261 in
1648 3207 1721 3261 ita
1751 3206 1836 3261 lo-

246 3313 447 3378 quente
494 3308 840 3358 venerantur.

318 3393 446 3448 Sine
494 3398 716 3462 aspectu
762 3396 815 3444 et
842 3389 1059 3454 decore,
1092 3386 1347 3457 crucique
1375 3384 1532 3439 aﬁixa
1562 3383 1838 3438 adoranda
1864 3364 1910 3426 Ο

246 3489 331 3537 est
360 3481 575 3537 veritas.

314 3571 527 3639 Quanto
556 3583 785 3641 qumque
805 3574 1050 3623 creatura
1080 3563 1317 3619 nobilior
1347 3571 1429 3617 est
1469 3570 1519 3617 et
1547 3562 1836 3633 potentior,

240 3668 389 3715 tanto
417 3657 670 3713 libentius
702 3656 950 3711 subditur
979 3653 1185 3709 veritati
1211 3671 1225 3719 ;
1258 3652 1367 3707 imo
1394 3652 1521 3706 hinc
1549 3658 1743 3722 potens
1787 3657 1841 3705 et

239 3747 459 3814 nobilis,
493 3746 621 3819 quia
652 3744 899 3799 subditur
928 3744 998 3797 ei.
1226 3790 1241 3805 ,

314 3838 567 3907 Pungunt
596 3832 940 3905 temporalia,
975 3847 1072 3887 cur
1100 3846 1208 3886 non
1240 3828 1383 3901 fugis
1410 3828 1479 3882 ad
1511 3827 1637 3893 alia,
1671 3827 1725 3881 id
1760 3835 1842 3882 est

246 3925 317 3981 ad
350 3925 633 3979 veritatem
655 3922 682 3975 τ

313 4013 441 4070 Ideo
474 4012 616 4067 ultra
645 4009 825 4066 omnia
858 4009 1089 4064 adversa
1118 4021 1303 4061 amara
1333 4012 1415 4060 est
1438 4004 1595 4060 nobis
1617 4004 1839 4074 veritas,

244 4101 374 4173 quia
406 4100 635 4170 singula:
683 4097 1041 4153 adversitates
1066 4138 1079 4165 ,
1134 4094 1379 4165 singulas
1407 4102 1495 4148 aut
1525 4094 1710 4165 plures
1740 4109 1844 4163 op-

243 4187 848 4265 pugnantvoluptates.
880 4185 1094 4241 Veritas
1126 4192 1307 4238 autem
1338 4182 1498 4237 simul
1527 4198 1717 4238 omnes
1748 4197 1844 4236 ca-

246 4278 563 4334 lumniatur.

317 4366 373 4420 Si
404 4366 619 4421 colores
645 4380 836 4419 omnes
857 4404 871 4430 ,
928 4369 979 4417 et
1010 4369 1201 4417 caetera
1250 4376 1371 4431 quae
1401 4375 1500 4430 per
1528 4358 1716 4414 oculos
1747 4374 1845 4413 ex-

246 4453 418 4526 periri
446 4460 675 4524 possunt
705 4468 860 4507 esses
890 4458 1170 4520 expertus,
1203 4455 1295 4502 aut
1326 4448 1396 4502 ab
1444 4447 1563 4501 aliis
1596 4447 1847 4502 sensibus

247 4542 495 4613 corporis
526 4541 601 4595 sis
630 4548 915 4611 expertus,
952 4539 996 4593 si
1027 4552 1275 4591 rumores
1306 4551 1495 4590 omnes
1525 4543 1616 4590 aut
1645 4535 1847 4591 recita-

248 4647 361 4696 res,
390 4638 479 4684 aut
508 4630 746 4694 audires,
780 4644 903 4699 quae
933 4626 1133 4681 utilitas
1155 4626 1181 4680 ?
1213 4624 1301 4679 Sic
1331 4640 1433 4679 nec
1463 4625 1515 4678 in
1547 4623 1706 4678 tantis
1729 4640 1849 4695 qua:

249 4726 512 4789 eXpertus
544 4733 604 4772 es
635 4717 721 4772 vel
762 4714 981 4771 audisti.

322 4806 611 4861 Neminem
640 4805 822 4860 odisse
871 4812 1045 4875 potes.
1081 4802 1183 4858 nisi
1216 4811 1300 4857 tua
1344 4801 1654 4873 iniquitate.
1708 4802 1849 4855 Nam

251 4896 416 4951 etiam
446 4894 647 4965 iniquis
690 4900 876 4963 optare
906 4893 1143 4958 bonum,
1202 4899 1515 4946 sanctorum
1546 4898 1653 4944 est.
1692 4890 1850 4944 Veri-

252 4991 418 5038 tatem
448 4990 651 5037 tantum
699 4990 750 5036 et
780 4997 997 5051 pacem,
1032 4997 1153 5052 qua:
1182 4997 1247 5034 ex
1287 4997 1347 5034 ea
1396 4979 1641 5051 procedit
1670 4994 1851 5033 amare

253 5079 484 5142 oportet.

325 5160 570 5214 Minister
600 5158 839 5213 veritatis
869 5165 1013 5212 amet
1046 5158 1189 5229 quod
1223 5156 1519 5223 ministrat,
1552 5164 1605 5212 et
1634 5155 1719 5212 cui
1746 5156 1853 5209 mi-

254 5248 534 5303 nistratur.
570 5248 654 5312 Et,
689 5263 809 5301 cum
842 5246 1077 5317 idipsum
1106 5246 1175 5300 ab
1206 5245 1311 5300 alio
1343 5245 1682 5299 ministratur
1727 5244 1850 5309 sibi,

254 5351 381 5391 cum
428 5334 724 5408 gratiarum
753 5335 963 5389 actione
1010 5334 1298 5404 suscipiat,
1342 5341 1595 5404 tanquam
1625 5333 1675 5385 id
1710 5333 1855 5404 quod

257 5432 428 5478 amat.

331 5511 579 5566 Charitas
608 5510 677 5565 sit
707 5510 802 5565 tibi
832 5526 993 5565 causa
1019 5509 1236 5565 dicendi
1265 5508 1562 5576 veritatem,
1596 5516 1851 5580 tanquam

258 5600 533 5655 medendi.
566 5598 726 5668 Quod
756 5599 803 5654 si
830 5600 951 5670 quis
982 5598 1142 5653 etiam
1177 5588 1285 5653 non
1317 5598 1541 5669 recipit,
1590 5606 1679 5653 aut
1708 5613 1855 5653 com-

1852 2012 1904 2071 B
1931 2006 2135 2080 pateris
2166 2005 2235 2069 ei,
2268 2012 2358 2060 aut
2388 2018 2498 2057 non
2529 2016 2653 2057 eum
2682 1997 2886 2070 diligis,
2923 2004 3016 2052 aut
3044 1996 3099 2050 id
3144 1994 3290 2067 quod
3321 1994 3531 2065 spernit

1934 2096 2042 2152 vile
2072 2094 2246 2159 ducis,
2277 2102 2533 2163 tanquam
2564 2090 2607 2143 si
2642 2095 2861 2159 respuat
2886 2102 3036 2157 aeger
3053 2083 3328 2138 salubrem
3356 2082 3529 2138 medi-

1936 2184 2133 2240 cinam.

2008 2271 2303 2326 Veritatem
2353 2268 2468 2322 sine
2512 2265 2619 2321 fine
2660 2280 2767 2335 pax
2795 2262 3039 2334 sequitur
3080 2259 3381 2316 communis
3410 2274 3535 2315 cum

1934 2361 2147 2432 angelis
2174 2378 2187 2425 ;
2218 2356 2582 2422 mendacium,
2607 2354 2761 2409 labor
2791 2360 2844 2407 et
2865 2350 3038 2417 dolor,
3069 2349 3373 2405 communis
3408 2364 3534 2403 cum

1936 2449 2174 2505 diabolo.
2220 2448 2343 2503 Non
2387 2443 2694 2499 defenditur
2740 2441 2937 2497 veritas
2981 2439 3081 2494 sed
3127 2446 3181 2493 tu
3233 2437 3326 2492 illa
3382 2437 3529 2492 indi-

1936 2554 2055 2609 ges.

2007 2628 2207 2680 Amara
2253 2632 2306 2678 et
2352 2619 2593 2676 insuavis
2639 2627 2720 2673 est
2766 2616 2968 2671 veritas
3016 2614 3208 2687 generi
3250 2622 3342 2669 tuo
3372 2614 3534 2670 nimis

1935 2715 2110 2779 valde,
2144 2728 2253 2767 non
2280 2726 2413 2775 suo,
2468 2709 2565 2763 sed
2595 2722 2783 2763 eorum
2812 2704 2976 2769 vitio;
3010 2703 3148 2758 sicut
3178 2703 3267 2757 lux
3297 2702 3536 2774 fulgens,

1937 2802 2163 2859 inﬁmis
2194 2799 2386 2857 oculis.
2420 2797 2557 2853 Vide
2588 2811 2723 2866 ergo
2753 2810 2822 2849 ne
2852 2801 2908 2847 tu
2936 2807 3061 2847 eam
3089 2791 3410 2846 amariorem
3455 2792 3535 2847 fa-

1936 2893 2070 2958 cias,
2101 2892 2230 2945 dum
2262 2905 2371 2943 non
2419 2902 2538 2941 eam
2587 2885 2725 2940 sicut
2753 2882 2926 2936 debes
2953 2879 3121 2945 dicis,
3170 2881 3225 2935 id
3254 2887 3334 2935 est
3363 2880 3535 2935 chari-

1938 2988 2081 3048 tate;
2143 2980 2282 3034 sicut
2331 2977 2472 3031 enim
2518 2974 2641 3045 pius
2686 2972 2960 3038 medicus,
3022 2969 3113 3040 qui
3160 2969 3435 3023 salubrem
3485 2978 3538 3025 et

1937 3084 2174 3125 amaram
2204 3083 2356 3139 aggro
2388 3066 2479 3119 dat
2511 3062 2808 3133 potionem,
2849 3059 2966 3112 linit
2992 3073 3144 3113 oram
3174 3056 3320 3111 vasis
3348 3057 3535 3125 melle,

1937 3168 1993 3214 ut
2034 3158 2178 3231 quod
2215 3157 2366 3227 (dum
2413 3161 2496 3209 est
2542 3151 2722 3218 dulce)
2768 3149 3000 3204 libenter
3045 3145 3311 3209 sumitur,
3368 3144 3534 3200 etiam

1939 3248 2085 3320 quod
2115 3246 2334 3301 salubre
2366 3251 2466 3309 est,
2496 3241 2641 3295 hiatu
2673 3238 2829 3294 facile
2860 3236 3123 3307 capiatur.
3148 3235 3415 3289 Prodesse
3442 3250 3536 3289 au-

1939 3346 2048 3393 tem
2078 3334 2388 3390 hominibus
2417 3339 2566 3384 tuum
2596 3326 2832 3383 oﬂicium
2860 3333 3050 3381 totum.

2013 3439 2070 3494 Si
2100 3436 2236 3492 dicis
2266 3434 2548 3489 veritatem
2579 3446 2688 3485 non
2719 3443 2904 3485 amore
2934 3426 3177 3482 veritatis
3198 3468 3210 3491 ,
3266 3416 3363 3479 sed
3392 3424 3535 3479 desi-

1938 3526 2091 3582 derio
2123 3523 2355 3580 laedendi
2387 3521 2550 3575 alium
2570 3561 2583 3585 ,
2630 3534 2739 3573 non
2769 3516 3050 3587 praemium
3082 3513 3313 3569 dicentis
3341 3512 3537 3568 verita-

1938 3624 2045 3671 tem
2070 3657 2082 3680 ,
2134 3613 2233 3668 sed
2262 3626 2478 3682 poenam
2509 3604 2891 3663 conviciatoris
2921 3602 3253 3674 assequeris.

2010 3721 2148 3776 Vide
2178 3725 2439 3790 quantum
2461 3713 2710 3786 supplicii
2739 3726 3002 3783 passurus
3031 3724 3110 3773 es,
3135 3723 3258 3763 cum
3288 3707 3379 3762 lux
3407 3724 3540 3764 vera

1939 3808 2182 3881 perfecte
2226 3803 2526 3862 ostenderit
2570 3811 2621 3857 te
2653 3802 2787 3866 tibi;
2821 3800 2867 3853 si
2894 3805 3102 3852 tantum
3132 3795 3419 3861 cruciatur,
3451 3796 3538 3851 cui

1941 3914 2051 3953 uno
2081 3896 2250 3953 verbo
2283 3892 2487 3964 aliquid
2516 3890 2782 3945 malorum
2814 3902 3037 3943 suorum
3085 3885 3349 3940 ostendis.
3390 3885 3541 3940 Tunc

1943 3986 2085 4043 enim
2116 3984 2380 4056 patebunt
2410 3980 2636 4037 consilia
2665 3977 2929 4033 cordium.

2013 4072 2307 4145 Equaliter
2332 4084 2528 4141 peccas
2558 4084 2682 4124 cum
2712 4066 2795 4122 vel
2828 4066 2992 4121 alium
3022 4065 3321 4135 vituperas,
3356 4061 3442 4118 vel
3472 4063 3542 4116 ab

1944 4164 2048 4219 alio
2077 4160 2400 4232 vituperaris
2425 4178 2439 4224 ;
2482 4158 2535 4211 in
2566 4164 2797 4227 utroque
2830 4155 2974 4210 enim
3006 4154 3291 4209 veritatem
3321 4158 3412 4205 aut
3440 4165 3541 4221 pro

1943 4252 2088 4308 malo
2119 4249 2338 4319 recipis,
2373 4255 2464 4301 aut
2485 4261 2583 4316 pro
2612 4244 2755 4299 malo
2785 4243 3020 4314 irrogas.
3055 4241 3161 4311 Qui
3190 4255 3324 4312 ergo
3354 4248 3406 4295 te
3437 4239 3542 4293 ﬂa-

1946 4340 2151 4412 gellare
2181 4336 2429 4401 voluerit,
2464 4335 2628 4388 vitam
2661 4340 2805 4386 tuam
2826 4375 2841 4397 ,
2893 4331 2947 4385 id
2980 4337 3064 4385 est
3090 4330 3369 4386 veritatem
3400 4327 3542 4383 arri-

1947 4430 2094 4502 piat;
2127 4443 2223 4497 per
2250 4426 2398 4479 illam
2430 4431 2480 4478 te
2510 4421 2683 4478 caedat
2713 4428 2766 4475 et
2795 4419 3015 4475 cruciet.

2022 4534 2234 4589 Veritas
2264 4540 2345 4587 est
2375 4530 2480 4585 vita
2512 4536 2561 4583 et
2592 4528 2736 4583 salus
2765 4534 2986 4581 aeterna.
3023 4526 3203 4581 Debes
3233 4539 3369 4598 ergo
3398 4539 3547 4580 com-

1950 4624 2061 4696 pati
2091 4624 2139 4678 ei
2171 4622 2257 4677 cui
2289 4618 2557 4690 displicet.
2595 4618 2653 4671 In
2682 4623 2888 4669 tantum
2918 4614 3061 4669 enim
3094 4622 3175 4669 est
3221 4622 3463 4668 mortuus
3493 4622 3547 4669 et

1879 4722 1931 4781 1)
1952 4713 2218 4785 perditus.
2254 4712 2333 4765 Tu
2363 4717 2541 4762 autem
2574 4721 2863 4776 perversus
2890 4720 2998 4759 non
3028 4704 3079 4758 ei
3108 4702 3320 4758 diceres
3349 4702 3547 4757 verita-

1951 4810 2076 4869 tem,
2114 4800 2216 4854 nisi
2246 4807 2464 4869 putares
2494 4810 2728 4849 amaram
2760 4793 2837 4847 illi
2884 4808 3007 4851 esse
3036 4800 3197 4863 atque
3226 4789 3547 4845 intolerabi-

1952 4891 2083 4945 lem.
2120 4891 2199 4943 Ex
2254 4895 2305 4941 te
2353 4885 2498 4941 enim
2544 4883 2753 4939 metiris
2780 4881 2935 4936 alios.
2972 4881 3081 4936 Sed
3110 4881 3212 4934 hoc
3249 4878 3547 4949 pessimum

1953 4986 2035 5034 est
2065 4975 2281 5049 quando
2310 4982 2369 5028 ut
2397 4973 2617 5043 placeas
2658 4970 2971 5025 hominibus
2996 5011 3008 5035 ,
3062 4968 3200 5024 dicis
3247 4967 3546 5035 veritatem,

1955 5082 2117 5139 quam
2165 5064 2400 5134 diligunt
2447 5068 2500 5116 et
2548 5060 2809 5114 mirantur
2853 5058 2991 5114 sicut
3017 5057 3227 5113 diceres
3264 5056 3551 5113 mendacia

1953 5162 2041 5210 aut
2073 5152 2433 5208 adulationes.
2458 5151 2582 5205 Non
2612 5164 2745 5221 ergo
2776 5148 2861 5203 vel
2884 5146 3009 5219 quia
3039 5146 3288 5217 displicet
3317 5145 3403 5201 vel
3424 5147 3554 5218 quia

1955 5245 2166 5315 placet,
2215 5240 2444 5295 dicenda
2494 5245 2575 5294 est
2606 5237 2835 5304 veritas,
2883 5236 2981 5291 sed
3025 5244 3081 5291 ut
3112 5236 3302 5306 prosit.
3335 5235 3555 5291 Silenda

1956 5341 2037 5388 est
2092 5339 2266 5387 autem
2320 5336 2523 5383 tantum
2580 5343 2649 5381 ne
2704 5333 2936 5392 noceat,
2997 5324 3134 5381 sicut
3188 5325 3277 5379 lux
3325 5322 3552 5377 infirmis

1955 5420 2144 5477 oculis.

2027 5509 2185 5563 Panis
2209 5550 2222 5577 ,
2274 5506 2328 5560 id
2378 5513 2459 5561 est
2488 5503 2715 5570 veritas,
2768 5503 3053 5559 confirmat
3093 5518 3190 5558 cor
3217 5499 3449 5557 hominis
3482 5516 3550 5557 ne

1955 5596 2273 5654 succumbat
2302 5608 2593 5665 corporum
2626 5591 2834 5647 formis.
