3978 6050
264 239 370 292 605

1600 230 2143 290 MEDITATIONES.

3459 232 3563 287 606

272 362 378 415 nisi
406 359 682 415 humiliter
709 356 994 413 confessus
1036 355 1245 421 fuisset,
1279 356 1424 427 quod
1465 357 1515 413 ei
1561 357 1940 418 PharisausA
1969 358 2307 413 vestimenta.
2340 355 2595 411 Vestibus
2625 354 2842 427 indiges
2890 360 3081 409 contra
3112 352 3304 427 frigus,
3328 370 3435 409 non
3467 370 3565 410 co-

274 449 507 519 superbe
564 448 976 516 improperaret.

340 539 453 592 Hoc
485 536 602 590 solo
628 536 809 603 justus
839 549 918 598 es,
952 532 997 586 si
1025 532 1095 586 ob
1126 540 1348 601 peccata
1388 540 1476 587 tua
1506 542 1557 589 te
1594 534 1864 589 damnan-

264 627 398 680 dum
428 639 698 694 agnoscas
729 630 781 676 et
838 622 1008 677 dicas.
1042 620 1098 674 Si
1122 620 1328 688 justum
1367 632 1417 676 te
1440 622 1597 688 dicis,
1632 624 1864 679 mendax

267 732 349 780 es,
382 722 434 768 et
463 728 495 767 a
528 711 760 767 Domino
782 710 1004 765 veritate
1034 709 1329 774 damnaris,
1364 718 1421 764 ut
1451 712 1759 766 contrarius
1790 713 1859 767 ei.

268 802 370 857 Dic
398 810 450 856 te
482 808 840 872 peccatorem,
874 805 929 851 ut
957 812 1126 853 verax
1170 798 1400 854 Domino
1430 800 1651 855 veritate
1666 817 1864 857 conve-

268 890 390 944 nias
422 888 736 963 liberandus
749 928 762 941 .

338 979 656 1050 Magnorum
680 984 761 1030 est
781 990 881 1045 pro
904 971 1281 1029 confitentibus
1312 974 1673 1042 intercedere,
1706 986 1763 1032 ut
1785 979 1863 1033 eis

266 1067 583 1137 ignoscatur
632 1083 645 1118 :
680 1065 947 1133 majorum
979 1069 1181 1125 autem,
1215 1078 1314 1133 pro
1344 1063 1429 1117 his
1459 1064 1621 1120 etiam
1652 1068 1862 1137 suppli-

266 1170 397 1210 care
426 1154 662 1224 benigne
703 1152 795 1223 qui
825 1151 1063 1206 nondum
1096 1166 1254 1203 suum
1303 1162 1702 1223 recognoscunt
1735 1172 1861 1210 rea-

267 1251 399 1307 tum,
434 1250 493 1296 ut
546 1248 902 1313 cognoscant,
945 1247 997 1293 et
1037 1254 1136 1309 pro
1168 1238 1251 1292 his
1292 1240 1410 1309 qui,
1444 1250 1535 1295 aut
1584 1243 1710 1313 quia
1740 1259 1862 1299 eru-

267 1331 517 1396 bescunt,
551 1337 640 1382 aut
680 1329 804 1399 quia
848 1335 1029 1381 amant
1084 1334 1291 1380 reatum
1322 1344 1499 1395 suum,
1530 1346 1639 1385 non
1688 1331 1860 1386 confi-

265 1427 465 1483 tentur,
499 1426 555 1471 ut
612 1416 987 1473 confiteantur.

339 1506 531 1562 Omnis
559 1506 739 1559 anima
785 1507 1063 1563 rationalis
1096 1511 1286 1566 volens
1324 1509 1511 1566 ulcisci
1543 1526 1620 1574 se,
1656 1510 1760 1565 hoc
1790 1511 1859 1564 ir-

262 1604 425 1665 rogat
472 1594 631 1649 alteri
678 1594 824 1664 quod
881 1595 984 1649 sibi
1014 1597 1117 1668 ipsi
1166 1600 1376 1669 metuit,
1410 1607 1461 1655 et
1490 1599 1749 1653 abhorret
1807 1607 1861 1653 et

265 1684 468 1737 malum
501 1684 669 1739 ducit.
704 1682 848 1738 Nihil
874 1692 1056 1739 autem
1084 1687 1341 1743 libentius
1384 1688 1451 1741 ad
1481 1687 1851 1743 ulciscendum
1878 1710 1930 1771 Β

264 1788 326 1827 se
359 1788 522 1843 quam
553 1772 836 1828 veritatem
867 1775 1086 1844 arripit,
1120 1792 1223 1832 nec
1254 1777 1423 1830 ullum
1453 1776 1655 1830 malum
1687 1792 1856 1831 vene-

262 1861 469 1915 natiore
493 1869 672 1915 mente
701 1862 912 1933 inﬂigit.
946 1864 1094 1935 Ergo
1127 1864 1199 1917 nil
1233 1864 1335 1919 sibi
1383 1864 1560 1935 magis
1603 1865 1861 1919 abhorret

259 1948 375 2004 fieri
407 1966 569 2021 quam
600 1950 883 2006 veritatem
914 1952 1047 2007 dici.
1100 1953 1213 2008 Hoc
1263 1952 1463 2024 quippe
1512 1953 1858 2008 adversarius

261 2038 330 2091 de
360 2038 466 2092 alio
495 2038 623 2093 dicit
651 2040 817 2108 quod,
852 2040 895 2093 si
926 2040 972 2093 is
1020 2039 1108 2095 cui
1138 2041 1332 2095 dicitur
1390 2042 1666 2095 humiliter
1697 2058 1858 2097 reco-

260 2125 496 2197 gnoscit,
532 2126 759 2181 salutem
792 2137 1061 2182 mereatur
1095 2138 1372 2185 aeternam.
1407 2129 1509 2198 Qui
1538 2130 1681 2184 enim
1703 2130 1859 2184 adul-

262 2221 458 2281 terum,
490 2215 791 2269 adulterum
825 2226 1000 2284 vocat,
1032 2218 1136 2273 hoc
1165 2219 1214 2273 ei
1244 2219 1374 2273 dicit
1406 2234 1502 2287 pro
1534 2219 1678 2272 malo
1710 2220 1853 2290 quod

262 2302 381 2373 ipse
410 2320 510 2374 pro
558 2304 728 2359 salute
768 2320 866 2359 sua
923 2305 1080 2360 fateri
1124 2306 1287 2361 debet
1343 2307 1537 2378 gratis.
1598 2307 1854 2362 Libenter

260 2407 393 2461 ergo
426 2393 527 2446 hoc
570 2393 809 2463 recipiat,
844 2409 946 2450 nec
991 2410 1098 2465 qua
1129 2394 1444 2463 intentione,
1469 2395 1562 2449 sed
1598 2397 1728 2467 quid
1750 2396 1854 2452 sibi

257 2480 467 2535 dicatur
506 2482 763 2535 attendat.

335 2568 439 2635 Qui
470 2585 575 2623 non
617 2568 806 2633 videri,
838 2571 935 2625 sed
966 2588 1088 2627 esse
1128 2587 1292 2627 verax
1340 2574 1612 2629 veraciter
1640 2573 1852 2646 diligit;

258 2673 360 2711 nec
390 2656 581 2720 videri,
618 2658 713 2711 sed
744 2674 865 2712 esse
896 2660 1128 2713 mendax
1159 2661 1428 2715 veraciter
1444 2662 1650 2728 metuit,
1677 2662 1857 2717 statim

258 2754 314 2798 ut
336 2761 395 2798 se
427 2745 704 2799 mentitum
735 2746 983 2810 advertit,
1019 2748 1119 2801 sibi
1152 2750 1488 2815 contradicit,
1522 2767 1622 2807 nec
1652 2751 1720 2804 ab
1752 2752 1857 2806 hoc

255 2834 363 2887 ulla
395 2849 518 2887 eum
549 2834 631 2887 vel
686 2834 1019 2903 improperia
1050 2837 1135 2891 vel
1171 2837 1369 2891 damna
1402 2847 1679 2894 revocant.
1736 2840 1856 2894 Ma-

259 2922 372 2975 vult
404 2921 549 2975 enim
574 2938 737 2977 verax
784 2924 938 2988 mori,
991 2941 1155 2995 quam
1188 2927 1421 2981 mendax
1468 2928 1669 2997 vivere,
1704 2928 1749 2982 si
1779 2936 1859 2982 ta-

258 3027 385 3063 men
418 3010 546 3064 vivit
575 3011 826 3077 mendax,
852 3028 976 3067 cum
1010 3014 1270 3083 scriptum
1303 3016 1368 3069 sit
1398 3030 1409 3068 :
1440 3016 1508 3071 0s
1528 3017 1669 3088 quod
1699 3034 1857 3072 men-

263 3102 408 3153 titur
437 3100 639 3155 occidit
669 3102 946 3155 animam.
979 3100 1131 3173 (Sap.
1169 3119 1205 3166 ι,
1243 3105 1352 3169 11).

328 3188 444 3241 lIoc
474 3187 617 3257 quod
648 3187 729 3241 vis
759 3188 1120 3253 abscondere,
1154 3190 1208 3245 id
1240 3199 1320 3246 est
1370 3201 1651 3262 peccatum
1683 3201 1853 3259 tuum,

257 3274 505 3345 improba
530 3283 581 3329 et
602 3275 716 3343 jam
757 3292 865 3332 non
922 3278 1022 3332 erit
1054 3280 1200 3350 quod
1260 3280 1599 3335 abscondere
1632 3280 1854 3336 debeas.

257 3362 450 3416 Delere
499 3362 642 3416 enim
696 3364 826 3417 illud
874 3373 1049 3435 potes,
1098 3367 1443 3423 abscondere
1493 3384 1601 3423 non
1678 3378 1852 3439 potes.

253 3450 397 3504 Nihil
427 3451 568 3506 enim
600 3462 845 3522 opertum
876 3454 1022 3524 quod
1053 3470 1159 3509 non
1205 3456 1490 3523 reveletur,
1526 3473 1628 3513 nec
1664 3458 1856 3513 occul-

256 3548 365 3592 tum
398 3540 540 3610 quod
590 3556 696 3594 non
744 3542 944 3596 sciatur
992 3542 1169 3611 Quare
1209 3560 1345 3617 ergo
1391 3546 1643 3600 morbum
1685 3546 1855 3601 mavis

258 3627 437 3681 celare
463 3644 626 3698 quam
656 3630 892 3683 sanare?
941 3629 1230 3699 Quomodo
1260 3634 1483 3688 morbos
1516 3634 1587 3687 tui
1610 3635 1856 3705 corporis

256 3715 489 3770 libenter
514 3716 654 3780 aliis,
690 3724 746 3769 ut
771 3719 1189 3788 compatiantur,
1222 3722 1483 3787 ostendis,
1516 3730 1569 3777 et
1600 3723 1643 3776 si
1668 3723 1855 3777 nolunt

255 3804 504 3868 credere,
538 3805 797 3859 miserum
830 3814 881 3860 te
930 3807 1116 3871 habes,
1161 3818 1498 3881 augeturque
1545 3811 1721 3880 dolor,
1756 3811 1853 3865 sed

254 3898 307 3944 et
338 3891 610 3963 irasceris,
634 3901 685 3948 et
715 3893 786 3948 ita
814 3895 883 3949 de
922 3896 1118 3951 animae
1147 3898 1556 3970 mgritudinibus
1606 3899 1741 3970 ipsis
1772 3899 1851 3955 fa—

257 3979 383 4033 cito.

749 4140 1143 4199 CAPITULUM
1176 4145 1266 4199 ΙΙΙ.

250 4280 326 4333 De
356 4281 738 4352 voluptatibus
769 4299 833 4338 ac
868 4284 1069 4339 vilibus
1105 4285 1573 4345 delectationibus
1601 4289 1847 4360 quinque

890 4371 1176 4411 sensuum.

326 4521 456 4575 Vide
486 4521 619 4575 duas
664 4523 1035 4593 experientias
1075 4524 1394 4596 ingestionis
1423 4532 1477 4580 et
1522 4526 1840 4597 egestionis,

246 4609 375 4679 quid
407 4618 455 4663 te
484 4610 660 4681 magis
692 4610 962 4667 beatificet
993 4614 1135 4683 quod
1157 4629 1255 4683 per
1287 4614 1446 4679 hanc,
1474 4629 1544 4668 an
1569 4615 1714 4686 quod
1744 4631 1844 4685 per

244 4697 395 4751 illam
428 4699 710 4768 experiris.
759 4700 854 4753 llla
901 4708 1095 4755 onerat
1154 4701 1450 4767 inutilibus,
1483 4704 1598 4759 hinc
1642 4719 1843 4759 exone-

244 4794 350 4839 rat.
383 4786 523 4854 Quid
552 4788 723 4857 prosit
753 4796 1062 4860 utrumque,
1098 4790 1475 4860 circumspice.
1513 4792 1627 4846 Hoc
1647 4800 1730 4847 est
1754 4800 1841 4847 to-

244 4882 357 4927 tum
388 4875 684 4929 devorasse
715 4885 994 4946 expertum
1036 4893 1177 4932 esse.
1211 4878 1300 4933 Nil
1330 4879 1469 4933 ultra
1506 4879 1625 4950 spei
1655 4896 1841 4935 rema-

246 4970 357 5016 net.
389 4962 477 5017 Sic
523 4963 574 5017 in
633 4964 883 5018 omnibus
932 4966 1293 5020 sensualibus.
1344 4968 1479 5023 Vide
1530 4984 1666 5040 ergo
1711 4969 1841 5040 quid

244 5049 592 5104 beatitudinis
632 5052 814 5106 omnia
863 5054 1191 5122 bujusmodi,
1240 5054 1355 5109 sive
1402 5055 1453 5109 in
1488 5072 1604 5125 spe,
1640 5056 1754 5111 sive
1784 5057 1840 5111 in

243 5155 320 5203 re,
356 5138 407 5192 in
442 5147 492 5193 te
522 5139 819 5210 effecerint,
854 5151 906 5196 et
934 5142 1015 5197 sic
1045 5143 1224 5211 cogita
1251 5144 1319 5198 de
1377 5144 1589 5199 futuris.
1625 5145 1833 5217 Cogita,

241 5226 482 5296 inquam,
538 5244 799 5299 prospera
858 5231 1149 5299 praeterita,
1183 5240 1232 5285 et
1264 5232 1343 5287 sic
1398 5232 1579 5287 futura
1628 5234 1834 5301 judica.

241 5312 377 5381 Qum
406 5332 613 5385 speras,
657 5318 898 5386 peritura
956 5328 1079 5373 sunt
1124 5320 1323 5375 omnia.
1358 5321 1427 5373 Et
1468 5328 1522 5374 tu
1557 5321 1683 5391 quid
1714 5330 1839 5392 post

238 5402 357 5457 11ωο
378 5404 405 5457 ‘2
435 5404 653 5475 Aliquid
692 5421 818 5460 ama
848 5415 900 5459 et
931 5423 1089 5477 spera
1136 5408 1281 5479 quod
1321 5424 1430 5463 non
1465 5416 1723 5465 transeat.

318 5490 470 5562 Pingi
500 5493 582 5546 vis
605 5492 755 5564 ligna
784 5494 1076 5560 coloribus,
1109 5496 1237 5566 igne
1268 5496 1658 5563 consumenda,
1710 5513 1834 5553 cum

242 5592 308 5632 ea
339 5594 459 5653 quae
504 5581 800 5649 consumis,
833 5582 917 5638 vis
945 5599 1064 5638 esse
1124 5584 1344 5653 decora,
1380 5601 1476 5641 seu
1514 5585 1667 5643 cibos
1689 5630 1705 5653 ,
1734 5603 1833 5663 seu

1878 3068 1925 3128 Ο

1965 446 2078 501 lore
2108 446 2199 500 illo
2227 445 2313 500 vel
2342 444 2455 511 illo,
2490 445 2569 498 sic
2598 444 2720 499 cibo
2765 450 2955 498 contra
2979 441 3195 512 famem,
3228 459 3336 497 non
3369 459 3561 514 sapore

1964 534 2056 589 illo
2085 543 2173 588 aut
2204 534 2316 588 illo.

2035 624 2291 693 Voluptas
2328 620 2589 686 bestialis,
2627 636 2692 674 ex
2739 619 2991 673 sensibus
3046 619 3261 686 carnis;
3294 618 3561 675 diabolica

1965 727 2118 775 vero,
2151 710 2327 765 omnis
2371 710 2545 764 fastus
2576 717 2626 764 et
2657 708 2875 763 invidiae
2905 716 2959 761 et
3002 706 3268 773 fallaciae;
3315 708 3563 778 philoso-

1964 800 2126 869 phica
2172 815 2320 863 vero,
2364 814 2527 853 nosse
2577 806 2918 864 creaturam;
2967 796 3239 869 angelica,
3290 812 3454 852 nosse
3512 804 3565 851 et

1965 903 2152 942 amare
2183 888 2377 943 Deum.
3472 958 3475 959 ν

2038 975 2173 1043 Quae
2196 977 2251 1030 in
2276 975 2602 1030 transitoriis
2625 974 2747 1046 plus
2778 973 3063 1043 delectant,
3089 974 3205 1029 haec
3222 973 3401 1046 magis
3420 989 3566 1029 mor-

1965 1064 2125 1120 tifera
2153 1074 2293 1119 sunt.

2036 1153 2245 1207 Eadem
2301 1160 2393 1206 aut
2450 1152 2601 1221 pejor
2637 1159 2719 1205 est
2766 1150 3007 1215 stultitia,
3058 1150 3427 1221 genuﬂectere
3476 1150 3563 1205 his

1965 1258 2088 1312 quae
2116 1249 2173 1295 tu
2230 1240 2443 1305 feceris,
2469 1248 2522 1293 et
2576 1239 2813 1293 animum
2863 1240 3123 1295 inclinare
3172 1240 3256 1293 his
3305 1255 3427 1311 quae
3458 1239 3559 1295 de-

1965 1330 2150 1396 struis,
2180 1329 2234 1383 id
2264 1338 2345 1384 est
2376 1328 2668 1399 saporibus
2699 1328 2785 1381 vel
2828 1327 2948 1381 aliis
2978 1327 3344 1382 sensibilibus.

2034 1418 2114 1472 De
2145 1418 2459 1489 regionibus
2490 1416 2851 1488 congregavit
2878 1432 2993 1479 eos,
3028 1432 3061 1471 a
3090 1416 3378 1487 saporibus
3407 1415 3559 1471 scili-

1962 1515 2049 1563 cet
2078 1514 2128 1562 et
2166 1507 2442 1572 odoribus,
2468 1514 2521 1561 et
2552 1505 2765 1561 carneis
2814 1505 3044 1561 tactibus
3095 1522 3292 1561 eruens
3350 1506 3560 1561 animos

1961 1605 2199 1661 sanctos,
2235 1596 2287 1650 in
2318 1612 2376 1651 se
2407 1596 2633 1667 colligit.

2032 1686 2107 1738 Ita
2138 1693 2400 1740 conantur
2454 1684 2706 1738 homines
2766 1683 2945 1739 facere
3004 1700 3186 1738 veram
3228 1682 3563 1754 voluptatem
3636 1702 3645 1705 -

1962 1773 2078 1827 sive
2132 1773 2548 1841 beatitudinem,
2609 1772 2763 1844 quasi
2821 1780 2913 1826 aut
2970 1771 3114 1826 nulla
3170 1772 3270 1837 sit,
3304 1779 3396 1826 aut
3442 1770 3565 1825 fieri

1958 1861 2149 1932 possit,
2185 1878 2306 1915 cum
2337 1862 2452 1933 ipsa
2485 1862 2603 1916 sola
2634 1861 2719 1925 sit,
2753 1859 2869 1915 fieri
2900 1876 3028 1915 vero
3057 1860 3205 1915 nullo
3237 1860 3397 1915 modo
3423 1876 3560 1931 pos-

1961 1950 2048 2005 sit.
2091 1951 2151 2005 ld
2180 1958 2356 2004 autem
2388 1958 2469 2005 est
2501 1950 2685 2006 facere
2715 1950 2817 2005 sibi
2860 1948 3247 2005 beatitudinem
3268 1956 3320 2003 et
3351 1950 3558 2017 Deum;

1960 2046 2013 2093 et
2043 2046 2231 2108 putare
2260 2054 2368 2093 non
2402 2055 2525 2093 esse
2548 2038 2954 2105 beatitudinem,
2986 2047 3038 2094 et
3068 2054 3176 2094 non
3208 2054 3329 2093 esse
3359 2038 3554 2093 Deum.

2034 2128 2165 2181 Vide
2198 2126 2243 2181 si
2284 2143 2475 2181 omnes
2532 2126 2801 2192 homines,
2843 2126 3083 2181 dimissis
3140 2127 3392 2181 omnibus
3440 2125 3560 2179 aliis

1960 2216 2125 2271 rebus
2182 2215 2379 2287 quibus
2427 2214 2728 2282 intendunt,
2764 2214 2855 2268 uni
2886 2223 3092 2269 tantum
3142 2214 3312 2268 colori
3344 2223 3434 2269 aut
3462 2230 3555 2269 sa-

1960 2304 2075 2375 pori
2106 2321 2171 2359 ex
2203 2312 2310 2358 toto
2341 2303 2640 2369 intendant,
2676 2318 2838 2375 quam
2859 2301 3356 2357 miserifmdistulti
3377 2311 3551 2357 erunt.

1960 2392 2051 2447 Sic
2080 2400 2202 2445 sunt
2232 2400 2282 2446 et
2314 2392 2496 2457 modo,
2525 2408 2649 2447 cum
2680 2400 2790 2445 tam
2816 2391 2998 2446 multis
3026 2407 3090 2446 ac
3116 2391 3350 2446 diversis
3373 2406 3556 2445 rerum

1960 2480 2303 2551 qualitatibus
2333 2480 2635 2535 intendunt.
2670 2480 2793 2534 Non
2843 2480 2987 2535 enim
3016 2480 3192 2552 magis
3248 2479 3435 2551 plures
3464 2485 3557 2533 aut

1958 2568 2229 2623 universa:
2283 2576 2568 2634 creaturae,
2604 2570 2751 2623 Deus
2791 2576 2979 2623 noster
3027 2578 3120 2624 aut
3162 2574 3347 2624 nostra
3403 2566 3553 2622 salus

1957 2664 2082 2712 sunt
2112 2674 2271 2728 quam
2329 2673 2435 2711 una
2490 2657 2742 2728 qualibet
2795 2674 3006 2711 earum.

2029 2746 2163 2801 Cum
2194 2746 2495 2817 gaudemus
2526 2746 2670 2800 unde
2700 2753 2752 2801 et
2782 2746 2957 2811 bruta,
2991 2745 3045 2800 id
3075 2754 3154 2801 est
3204 2746 3271 2802 de
3318 2746 3547 2815 luxuria,

1956 2842 2015 2888 ut
2051 2850 2256 2897 canes;
2297 2835 2366 2889 de
2402 2834 2716 2901 voracitate,
2750 2841 2808 2889 ut
2838 2834 3012 2905 porci,
3045 2842 3095 2889 et
3125 2843 3342 2901 caetera,
3375 2835 3552 2890 anima

1954 2931 2143 2978 nostra
2172 2922 2229 2976 fit
2260 2922 2451 2977 similis
2497 2922 2782 2977 animabus
2840 2922 3077 2991 illorum,
3110 2932 3161 2977 et
3192 2940 3302 2977 non
3355 2924 3551 2980 horre-

1954 3028 2095 3066 mus.
2121 3012 2242 3083 Ego
2276 3019 2455 3067 autem
2500 3012 2723 3067 mallem
2753 3026 2952 3082 corpus
2982 3011 3186 3066 habere
3209 3011 3358 3067 canis
3388 3028 3550 3083 quam

1958 3100 2215 3154 animam.
2268 3102 2335 3155 Et
2383 3108 2565 3155 tamen
2616 3100 2662 3152 si
2692 3116 2891 3169 corpus
2938 3107 3179 3155 nostrum
3236 3099 3290 3153 in
3348 3107 3550 3155 tantam

1956 3188 2141 3244 canini
2172 3188 2422 3259 corporis
2456 3188 2719 3243 transiret
2765 3187 3189 3254 similitudinem,
3221 3188 3275 3242 in
3297 3196 3553 3260 quantam

1958 3278 2154 3332 animae
2222 3277 2431 3332 caninae
2498 3276 2906 3331 similitudinem
2970 3276 3153 3331 anima
3206 3285 3395 3331 nostra
3450 3293 3551 3348 per

1956 3365 2222 3420 luxuriam
2280 3365 2491 3433 transit,
2553 3364 2677 3435 quis
2723 3380 2831 3419 non
2881 3363 3088 3420 ferret?
3131 3364 3253 3436 quis
3282 3381 3390 3422 non
3419 3367 3549 3421 hor-

1956 3454 2148 3509 reret?
2176 3452 2369 3507 Melius
2424 3460 2602 3507 autem
2662 3468 2727 3507 ac
2783 3451 3121 3507 tolerabilius
3153 3461 3320 3518 esset,
3351 3470 3549 3525 corpus

1954 3549 2196 3596 nostrum
2229 3541 2284 3596 in
2315 3541 2542 3596 bestiam
2572 3540 2915 3605 commutari,
2948 3540 3123 3594 anima
3154 3540 3207 3594 in
3238 3557 3335 3595 sua
3363 3541 3548 3611 digni-

1954 3638 2081 3696 tate,
2115 3629 2170 3684 id
2195 3638 2276 3683 est
2301 3630 2402 3684 Dei
2424 3629 2679 3701 imagine,
2704 3636 3078 3700 permanente,
3114 3645 3297 3700 quam,
3319 3644 3549 3700 corpore

1953 3726 2208 3773 manente
2256 3719 2514 3786 humano,
2550 3718 2787 3772 animam
2842 3716 2957 3770 fieri
3008 3717 3307 3772 bestialem.
3340 3719 3407 3773 Et
3432 3718 3549 3773 huic

1956 3808 2181 3862 mutatio
2227 3816 2375 3862 tanto
2432 3815 2514 3861 est
2571 3805 2878 3861 horribilior
2934 3806 3217 3877 magisque
3271 3806 3544 3872 deﬂenda,

1953 3904 2156 3967 quanto
2184 3896 2363 3950 anima
2392 3895 2705 3966 praeeminet
2739 3894 2975 3965 corpori.
3009 3894 3165 3949 Unde
3195 3894 3366 3950 David
3398 3915 3415 3950 :
3442 3897 3548 3953 No-

1955 3985 2055 4040 lito
2087 3986 2215 4054 ﬁeri
2244 3987 2399 4041 sicut
2426 4001 2600 4056 equus
2635 3987 2691 4039 et
2718 3984 2931 4050 mulus,
2965 3983 3163 4056 quibus
3189 4000 3304 4039 non
3336 3988 3419 4039 est
3450 3985 3548 4039 in-

1953 4074 2214 4128 tellectus
2267 4073 2442 4143 (Psal.
2498 4087 2665 4127 xxxi.
2718 4072 2791 4142 9).
2825 4072 2949 4126 Non
2997 4070 3140 4127 enim
3180 4071 3249 4126 de
3297 4071 3546 4143 corporis

1950 4160 2055 4216 hoc
2111 4160 2481 4225 similitudine,
2514 4177 2581 4216 ne
2612 4160 2680 4215 sit
2738 4159 3048 4227 ridiculum,
3082 4158 3188 4215 dici
3242 4160 3543 4231 putandum

1949 4257 2051 4305 est.

2020 4338 2291 4408 Coaptare
2322 4336 2542 4408 aliquid,
2578 4336 2717 4392 sicut
2748 4336 2927 4391 cibum
2953 4344 3041 4390 aut
3069 4344 3275 4407 potum,
3309 4344 3543 4393 tantum-

1864 4427 1915 4485 D
1946 4427 2108 4482 modo
2136 4433 2193 4479 ut
2224 4425 2344 4496 plus
2376 4424 2628 4491 delectet,
2662 4425 2880 4479 diabolo
2901 4424 3185 4496 cooperari
3214 4434 3297 4480 est
3325 4426 3380 4479 in
3412 4442 3540 4496 per-

1946 4514 2140 4569 niciem
2174 4522 2439 4583 nostram,
2475 4521 2525 4568 et
2555 4528 2752 4568 acuere
2786 4513 3047 4585 gladium,
3074 4514 3221 4585 quod
3257 4513 3466 4569 facilius
3490 4521 3543 4569 et

1946 4603 2104 4659 altius
2134 4611 2325 4658 nostra
2356 4602 2526 4673 possit
2557 4602 2767 4658 viscera
2814 4610 3120 4673 penetrare.
3153 4602 3366 4669 Quanto
3397 4602 3541 4657 enim

1943 4692 2027 4747 his
2058 4691 2289 4763 amplius
2318 4692 2668 4758 delectamur,
2706 4699 2853 4746 tanto
2887 4691 3110 4763 gravius
3132 4706 3198 4747 ac
3218 4690 3539 4762 profundius

1944 4782 2307 4837 vulneramur.

2509 4904 2904 4960 CAPITULUM
2933 4904 3022 4959 IV.

1941 5049 2015 5102 De
2046 5048 2205 5103 vanis
2239 5046 2553 5111 timoribus,
2586 5046 2885 5110 doloribus,
2919 5050 2975 5101 et
3006 5045 3355 5101 cruciatibus
3382 5046 3534 5116 ﬁlio-

2012 5134 2141 5173 rum
2173 5117 2341 5189 hujus
2367 5117 2584 5190 sgeculi,
2632 5133 2764 5187 quos
2811 5117 3161 5173 contrahunt
3193 5133 3268 5172 ex
3312 5120 3536 5190 peritu-

2012 5205 2206 5243 rorum
2245 5188 2560 5261 Cupiditati:
2593 5193 2647 5244 et
2679 5204 2890 5243 amore.

2010 5322 2211 5393 Sponte
2240 5338 2299 5377 se
2322 5322 2564 5393 implicat
2594 5323 2757 5377 homo
2815 5336 3106 5392 corporum
3166 5335 3230 5376 ac
3287 5318 3534 5374 vanitatis

1939 5412 2129 5477 amori,
2166 5411 2263 5466 sed
2294 5411 2443 5477 velit,
2487 5410 2643 5475 nolit,
2704 5410 2978 5465 cruciatur
3024 5410 3218 5465 timore
3242 5424 3307 5463 ac
3344 5407 3533 5463 dolore

1938 5515 2038 5569 pro
2064 5516 2256 5554 eorum
2285 5499 2517 5567 interitu,
2573 5498 2688 5553 sive
2735 5515 2859 5554 cum
2912 5497 3228 5552 auferuntur
3256 5496 3374 5567 ipsa
3402 5512 3533 5551 cor-

1938 5602 2089 5659 pora,
2123 5586 2238 5644 sive
2268 5602 2391 5644 cum
2420 5588 2538 5659 ipse
2565 5585 2922 5659 vituperatur.
2958 5588 3128 5643 Amor
3151 5585 3296 5642 enim
3323 5585 3529 5665 peritus
