3978 6050
432 241 536 296 60⁸7

1283 240 1625 299 GUIGONIS
1664 244 1685 296 Ι
1724 242 2130 299 ΟΑΒΤΗΠΞΙᾸΞ
2170 240 2463 297 ΜΑΙΟΒΙΞ
2502 240 2775 297 PRIORIS
2813 243 2878 297 V.

3621 241 3727 294 608

434 379 620 419 rorum
642 369 723 418 est
764 364 917 434 quasi
947 363 1065 418 fons
1110 364 1359 420 timorum
1389 366 1654 420 inutilium
1686 373 1737 419 et
1757 366 2024 431 dolorum,
2058 369 2107 427 A
2132 376 2389 437 quantum
2421 369 2627 423 laborat
2655 376 2876 439 propter
2922 365 3203 429 mundum,
3248 362 3422 418 natale
3449 363 3566 433 ejus
3594 372 3719 420 tan-

435 468 500 508 ac
548 452 967 507 sollicitudinum
1023 454 1417 507 universarum.
1482 456 1777 524 Pauperem
1837 470 2029 524 ergoa

435 548 656 613 potente
683 540 876 594 liberat
924 541 1203 605 Dominus,
1258 544 1517 597 solvendo
1578 558 1702 597 eum
1734 558 1766 595 a
1813 543 2029 597 vinculo

436 629 695 684 mundani
725 629 943 682 amoris.
977 628 1080 695 Qui
1111 630 1255 684 enim
1284 631 1359 684 nil
1386 632 1681 700 periturum
1716 631 1911 703 diligit,
1937 631 2029 685 ubi

433 734 465 772 a
496 718 735 789 quolibet
776 724 995 788 potente
1044 717 1273 772 lmdatur
1319 735 1428 773 non
1471 720 1653 785 habet,
1711 727 1761 773 et
1808 720 2028 773 omnino

433 806 761 860 inviolabilis
791 813 891 873 est,
927 806 1050 877 quia
1080 807 1197 861 sola
1217 806 1548 862 inviolabilia
1580 808 1718 862 sicut
1747 807 2029 879 diligenda

435 901 578 961 sunt,
613 894 809 965 diligit.

507 982 563 1037 Si
610 998 799 1038 omnes
830 983 1056 1053 capillos
1085 983 1277 1054 capitis
1308 984 1384 1039 tui
1440 983 1717 1039 abscindat
1746 984 1887 1055 quis,
1920 999 2029 1038 non

432 1079 483 1126 te
516 1071 695 1137 laedet,
720 1070 825 1125 nisi
852 1087 975 1126 cum
1004 1087 1099 1126 eos
1130 1074 1220 1143 qui
1252 1073 1413 1143 capiti
1460 1073 1741 1127 adhaerent
1774 1073 2026 1145 tetigerit.

436 1158 525 1215 Sic
553 1166 604 1214 te
634 1175 744 1214 non
772 1159 991 1227 laadent,
1012 1160 1114 1214 nisi
1148 1174 1233 1227 ea,
1261 1177 1380 1231 qum
1411 1177 1510 1230 per
1530 1160 2028 1231 concupiscentiam

432 1247 489 1302 in
521 1255 572 1302 te
616 1246 783 1302 ﬁxere
842 1248 1071 1314 radices,
1108 1249 1228 1319 quis
1285 1256 1491 1321 tangat.
1552 1248 1686 1316 Quae
1732 1265 1832 1319 pro
1875 1249 2029 1318 plura

440 1335 643 1391 fuerint
671 1344 723 1391 et
754 1337 929 1407 magis
958 1345 1151 1403 amata,
1188 1353 1252 1392 eo
1272 1337 1456 1408 plures
1504 1338 1607 1392 hac
1654 1337 2028 1392 vehementio-

438 1441 529 1480 res
559 1425 776 1480 dolores
806 1426 1034 1495 parient.

505 1516 612 1567 Aut
641 1514 924 1586 exstingue
963 1514 1178 1584 penitus
1227 1514 1742 1585 concupiscentiam,
1778 1523 1868 1569 aut
1896 1530 2029 1585 para

432 1608 485 1655 te
517 1602 584 1655 ad
616 1601 1067 1668 conturbandum,
1099 1603 1152 1655 id
1184 1610 1265 1657 est
1295 1604 1363 1657 ad
1413 1603 1714 1658 timendum
1746 1612 1799 1658 et
1829 1604 2027 1659 dolen-

434 1689 564 1744 dum
597 1690 737 1745 unde
758 1706 865 1745 non
914 1691 1102 1745 debes.

506 1793 701 1847 Anima
730 1794 966 1848 humana
1024 1794 1207 1848 tandiu
1254 1795 1307 1848 in
1359 1812 1417 1849 se
1478 1795 1749 1852 cruciatur
1792 1795 2031 1867 quandiu

434 1889 611 1952 potest
642 1882 887 1947 cruciari,
919 1882 973 1936 id
1021 1891 1100 1937 est
1124 1883 1361 1953 quandiu
1417 1883 1620 1955 aliquid
1650 1893 1791 1938 amat
1837 1893 2034 1954 praeter

433 1972 626 2025 Deum.
658 1970 833 2025 Deum
867 1970 1008 2025 enim
1028 1971 1209 2043 nequit
1240 1972 1483 2027 amittere
1514 1973 1724 2027 nolens.
1749 1974 2032 2027 Dimittere

434 2075 569 2130 ergo
600 2075 723 2114 eum
752 2067 950 2130 potest,
984 2076 1091 2113 non
1125 2061 1391 2115 amittere.
1424 2062 1599 2116 Nemo
1630 2061 1773 2116 enim
1824 2061 2034 2116 laeditur

436 2147 540 2201 nisi
573 2161 604 2200 a
629 2146 829 2217 seipso.

507 2246 651 2316 Quot
679 2264 861 2303 rerum
882 2250 1177 2316 amoribus,
1205 2266 1325 2321 qua":
1355 2250 1469 2316 tibi,
1503 2250 1585 2317 vel
1609 2251 1801 2321 quibus
1831 2260 1885 2305 tu
1907 2268 2031 2322 per-

433 2336 605 2391 iturus
634 2352 772 2401 eras,
810 2345 861 2392 te
892 2338 1154 2393 Dominus
1185 2338 1431 2393 liberavit
1462 2355 1494 2392 a
1523 2338 1746 2393 totidem
1776 2348 1827 2395 te
1859 2340 2030 2393 tristi-

432 2425 523 2480 tiae
552 2425 837 2480 timoribus
869 2435 921 2481 et
967 2426 1250 2481 doloribus
1299 2428 1533 2482 absolvit

504 2532 646 2587 Dum
676 2549 963 2603 corporum
995 2534 1207 2604 species
1229 2535 1313 2590 vel
1346 2533 1553 2600 formae,
1583 2534 1778 2605 quibus
1810 2535 1902 2589 tibi
1935 2536 2031 2589 ad-

432 2621 764 2676 haerentibus
786 2621 1029 2689 laedaris,
1086 2631 1314 2694 pereunt
1344 2624 1620 2695 (tanquam
1665 2623 1889 2694 syllabae
1920 2624 2031 2679 suis

437 2708 772 2779 temporibus
803 2750 818 2776 ,
867 2711 982 2764 Deo
1021 2711 1373 2781 modulante),
1444 2712 1719 2768 cruciaris.
1783 2713 2031 2767 Eraditur

432 2797 577 2851 enim
608 2812 729 2867 quae
774 2797 1064 2852 increverit
1096 2798 1307 2868 rubigo.

504 2901 595 2957 Nil
646 2903 742 2956 tibi
802 2902 1128 2958 laboriosius
1177 2920 1337 2973 quam
1384 2920 1494 2960 non
1550 2905 1822 2971 laborare,
1856 2906 1909 2960 id
1948 2916 2030 2960 est

430 2998 781 3047 contemnere
809 2992 989 3046 omnia
1024 2992 1166 3046 unde
1207 2992 1420 3047 labores
1471 2993 1737 3059 oriuntur,
1771 2994 2027 3049 universa

433 3078 641 3136 scilicet
685 3079 989 3134 mutabilia.

501 3186 637 3241 Vide
667 3195 864 3258 quanta
893 3187 1049 3240 turba
1080 3186 1301 3258 generis
1333 3188 1409 3242 tui
1440 3204 1536 3258 pro
1566 3188 1769 3243 mundo
1810 3189 2027 3244 labora-

430 3274 525 3342 vit,
559 3282 609 3329 et
640 3289 748 3328 non
795 3275 968 3329 solum
998 3290 1107 3329 non
1138 3283 1262 3329 sunt
1292 3276 1501 3347 adepti,
1538 3277 1636 3331 sed
1665 3276 1888 3347 insuper
1935 3294 2027 3332 se—

428 3363 580 3433 ipsos
608 3363 920 3418 amiserunt.
954 3364 1033 3418 Tu
1063 3372 1244 3418 autem
1277 3366 1322 3418 si
1354 3365 1653 3431 studueris,
1687 3366 1808 3436 plus
1838 3366 2011 3436 acqui-

428 3467 520 3505 res
567 3451 685 3506 sine
742 3452 853 3507 ulla
908 3453 1319 3523 comparatione
1368 3468 1531 3524 quam
1563 3462 1644 3507 est
1698 3454 1751 3507 id
1808 3463 2030 3525 propter

428 3540 573 3610 quod
602 3556 796 3596 omnes
836 3534 1081 3597 laborant
1124 3550 1214 3595 aut
1264 3542 1668 3597 laboraverunt.

495 3647 751 3702 Turbatio
782 3648 947 3701 animi
979 3648 1160 3711 stulta,
1194 3647 1315 3717 ipsa
1369 3655 1451 3702 est
1496 3648 1734 3715 misera;
1768 3649 1883 3704 hzec
1914 3648 2027 3704 fere

426 3750 645 3806 semper
697 3734 755 3789 ﬁt
812 3735 867 3788 in
926 3743 998 3798 te,
1061 3752 1182 3790 cum
1239 3752 1431 3790 causas
1485 3736 1676 3791 mortis
1708 3745 1830 3802 tum,
1865 3738 1917 3791 id
1946 3746 2027 3792 est

425 3838 489 3876 ea
521 3823 718 3892 quibus
762 3822 901 3878 male
949 3824 1290 3888 adhaerebas,
1342 3825 1641 3894 corrumpit
1680 3826 1845 3893 Deus,
1877 3834 1934 3879 ut
1962 3842 2026 3880 ea

426 3911 690 3965 deserens
722 3910 894 3965 vivas.

496 4014 764 4071 Ancillam
793 4016 977 4088 diligis
1027 4016 1271 4087 turpiter,
1306 4017 1361 4071 id
1393 4024 1475 4072 est
1532 4025 1866 4087 creaturam;
1897 4018 2021 4075 ideo

425 4112 635 4159 tantum
665 4104 943 4170 cruciaris,
977 4121 1099 4159 cum
1130 4105 1393 4160 Dominus
1425 4106 1541 4175 ejus
1568 4149 1580 4172 ,
1642 4107 1697 4161 id
1752 4115 1834 4162 est
1880 4109 2025 4163 Deus

426 4201 566 4259 tuus,
601 4194 713 4265 agit
744 4194 812 4248 de
841 4209 907 4248 ea
936 4195 1081 4265 quod
1116 4195 1254 4250 bene
1285 4195 1415 4251 vult.

495 4296 599 4351 Uni
630 4311 694 4350 ex
726 4295 949 4366 syllabis
976 4297 1163 4369 magni
1220 4298 1477 4351 carminis
1534 4298 1844 4368 adheesisti,
1902 4299 2024 4355 ideo

422 4384 656 4439 turbaris
677 4398 798 4439 cum
822 4385 1068 4439 canendo
1091 4385 1336 4456 procedit
1354 4394 1542 4441 cantor
1564 4387 2013 4458 sapientissimus.

2129 473 2288 527 quam
2318 458 2568 528 martyris
2624 465 2899 529 ageretur.

2200 546 2342 599 Sicut
2374 562 2438 600 ex
2469 546 2646 616 glacie
2693 545 2881 615 frigus,
2916 544 2989 597 ita
3010 559 3073 598 ex
3120 542 3498 612 temporalium
3529 558 3715 599 amore

2128 633 2289 688 timor
2319 634 2521 688 inutilis
2567 634 2803 688 animam
2850 632 3073 698 invadit,
3118 639 3169 685 et
3199 638 3410 686 cetera:
3459 632 3712 687 miserim.

2130 723 2367 776 Remove
2397 730 2506 777 ate
2536 723 2791 778 universa
2819 738 2938 792 qua:
2968 720 3063 774 tibi
3094 718 3319 773 timendi
3378 735 3539 773 causa
3570 729 3712 785 sunt,

2130 810 2265 866 sicut
2296 827 2415 882 quae
2448 811 2681 881 frigoris.
2716 813 2952 865 Remove
2982 809 3105 864 dico
3136 823 3244 863 non
3277 822 3310 861 a
3339 807 3480 874 loco,
3531 808 3627 862 sed
3648 810 3719 863 ab

2130 899 2331 954 animo.
2364 901 2485 954 Non
2516 908 2596 953 est
2626 901 2771 953 enim
2820 898 3118 953 timendum
3150 896 3253 949 nisi
3286 897 3432 966 quod
3459 904 3637 965 potest
3666 904 3721 951 et

2130 988 2276 1058 quod
2325 988 2540 1057 expedit
2586 987 2777 1052 vitari,
2835 987 2889 1040 id
2946 994 3029 1040 est
3084 992 3385 1055 peccatum.
3448 984 3725 1055 Quidquid

2131 1083 2307 1130 autem
2341 1076 2495 1131 vitari
2526 1076 2761 1146 expedit,
2787 1074 2943 1131 vitari
2974 1082 3027 1129 et
3055 1080 3251 1145 potest,
3271 1072 3554 1141 adjuvante
3582 1074 3719 1140 Deo,

2130 1163 2184 1217 id
2216 1172 2294 1218 est
2327 1164 2600 1236 iniquitas.

2202 1252 2337 1308 Vide
2367 1267 2531 1324 quam
2562 1253 2636 1307 sis
2674 1253 2728 1307 in
2772 1260 3036 1323 potestate
3085 1250 3364 1307 hominum
3395 1251 3465 1306 ad
3496 1250 3721 1306 turban-

2130 1340 2258 1394 dum
2290 1349 2341 1395 et
2372 1342 2747 1397 cruciandum.
2782 1341 2955 1410 Quam
2986 1340 3142 1395 facile
3189 1348 3270 1394 est
3302 1339 3382 1394 eis
3412 1339 3721 1410 vituperare

2130 1437 2180 1483 te
2212 1430 2422 1495 verbis,
2457 1439 2549 1484 aut
2605 1430 2947 1502 cogitationis
3001 1428 3273 1499 Opinione,
3314 1436 3427 1482 tam
3454 1427 3609 1483 facile
3640 1437 3723 1483 est

2130 1518 2469 1587 perturbare.
2508 1517 2649 1587 Quid
2680 1520 2855 1590 ergo?
2886 1518 2942 1572 Si
2967 1516 3226 1588 displices
3258 1516 3355 1582 eis,
3390 1516 3717 1588 pertubaris.

2130 1607 2280 1677 Ergo
2311 1608 2364 1660 in
2419 1618 2610 1662 ieorum
2639 1624 2699 1661 es
2728 1615 3012 1677 potestate.
3048 1606 3174 1661 Sive
3204 1606 3325 1677 quis
3363 1606 3483 1661 haec
3537 1604 3713 1672 faciat,

2059 1723 2111 1781 B
2133 1695 2246 1749 sive
2276 1711 2412 1761 non;
2446 1704 2501 1749 tu
2533 1704 2714 1750 tamen
2761 1696 2831 1749 ita
2861 1712 2927 1749 ex
2975 1694 3368 1765 praeparatione
3396 1694 3594 1749 mentis
3624 1710 3721 1748 ex-

2133 1782 2340 1853 positus
2371 1801 2450 1839 es.
2495 1785 2550 1838 Si
2581 1785 2635 1838 in
2661 1785 2803 1838 bono
2833 1784 3090 1854 displices
3120 1783 3219 1848 eis,
3252 1783 3386 1852 ipsis
3411 1783 3514 1838 hoc
3543 1790 3719 1847 nocet,

2132 1887 2241 1925 non
2282 1872 2398 1925 tibi.
2458 1872 2665 1927 Labora
2724 1888 2829 1944 ego
2862 1880 2988 1926 tunc
3035 1880 3238 1925 mutare
3290 1871 3459 1925 corda
3515 1886 3721 1938 eorum,

2131 1976 2240 2014 non
2283 1961 2486 2015 bonum
2517 1970 2685 2014 tuum.
2739 1960 2792 2015 Si
2822 1961 2877 2013 in
2906 1959 3047 2014 malo
3076 1959 3333 2029 displices
3364 1960 3462 2028 eis,
3487 1975 3596 2014 non
3634 1960 3719 2029 ip-

2132 2064 2250 2103 sum
2301 2050 2596 2119 displicere
2629 2049 2723 2103 tibi
2778 2057 2954 2114 nocet,
2985 2049 3094 2103 imo
3142 2048 3382 2119 prodest,
3417 2049 3514 2103 sed
3543 2049 3720 2118 ipsum

2131 2138 2331 2191 malum
2355 2145 2522 2191 tuum.

2202 2244 2397 2299 Dicunt
2446 2251 2715 2315 martyres
2758 2245 2874 2298 Deo
2910 2259 2920 2297 :
2957 2247 3194 2308 Propter
3227 2248 3279 2299 te
3306 2244 3719 2312 mortiﬁcamur

2134 2336 2253 2387 tota
2284 2333 2372 2387 die
2401 2333 2577 2403 (1)εαί.
2611 2348 2759 2397 xun,
2783 2332 2913 2400 22);
2947 2341 3002 2386 tu
3033 2332 3363 2403 quibuslibet
3385 2332 3716 2387 vilitatibus:

2133 2422 2358 2491 PrOpter
2387 2437 2484 2476 vos
2515 2421 2810 2477 conturbor
2852 2429 2959 2475 tota
3008 2420 3115 2475 die.

2203 2527 2493 2597 Restringe
2523 2535 2575 2582 te
2606 2535 2659 2582 et
2688 2527 2886 2601 collige
2916 2527 3188 2599 undique:
3223 2542 3290 2581 ne
3322 2527 3457 2582 forte
3503 2526 3718 2582 volubi-

2132 2616 2255 2670 litas
2284 2615 2616 2670 mutabilium
2646 2615 2881 2669 inveniat
2912 2624 2961 2670 te
2991 2615 3043 2668 in
3074 2615 3226 2686 ipsis,
3261 2624 3311 2670 et
3338 2616 3611 2671 cruciaris.

2203 2722 2365 2790 Quod
2395 2722 2576 2793 aliquo
2624 2722 2785 2776 modo
2840 2722 3125 2790 cruciaris,
3158 2722 3272 2777 sive
3314 2722 3569 2790 timendo,
3606 2723 3719 2778 sive

2131 2810 2438 2875 irascendo,
2476 2811 2588 2864 sive
2619 2810 2875 2877 odiendo,
2911 2811 3024 2866 sive
3065 2811 3304 2882 quolibet
3335 2812 3493 2866 modo
3524 2812 3717 2867 dolen-

2131 2899 2222 2965 do,
2273 2899 2363 2952 tibi
2396 2899 2768 2954 tantummodo
2798 2899 3032 2969 imputa,
3066 2898 3123 2954 id
3155 2908 3237 2954 est
3268 2901 3719 2970 concupiscentia

2130 2996 2256 3053 tuae,
2306 2988 2645 3059 ignorantiae,
2680 2987 2764 3042 vel
2812 2988 3035 3058 torpori.
3097 2987 3253 3056 Quod
3283 2988 3477 3060 siquis
3526 2990 3638 3044 vult
3666 2998 3716 3046 te

2053 3080 2098 3140 C
2123 3076 2343 3142 laedere,
2397 3077 2513 3145 ejus
2544 3076 2750 3146 imputa
2780 3076 3254 3147 concupiscentiaa.
3289 3078 3509 3133 Laesura
3538 3087 3627 3133 tua
3667 3088 3718 3133 et

2128 3164 2303 3227 dolor,
2358 3163 2617 3221 indicium
2647 3172 2729 3219 est
2775 3164 2983 3234 peccati
3014 3165 3127 3230 tui;
3161 3180 3376 3221 amasse
3407 3173 3478 3234 te,
3512 3167 3717 3223 scilicet

2126 3252 2353 3308 laesibile
2385 3252 2607 3324 aliquid,
2644 3254 2758 3308 Deo
2800 3253 3045 3308 dimisso.

2200 3354 2367 3409 Laesis
2424 3354 2749 3425 spectaculis
2807 3355 2978 3410 doles.
3028 3354 3147 3410 Tibi
3177 3363 3229 3410 et
3260 3357 3434 3411 errori
3492 3365 3583 3412 tuo
3615 3359 3719 3414 hoc

2126 3442 2365 3514 imputa,
2414 3460 2519 3513 qua
2567 3443 2883 3498 laesibilibus
2938 3444 3219 3499 inhaesisti.
3261 3446 3399 3500 Nam
3430 3446 3482 3500 in
3516 3455 3718 3502 tantum

2126 3532 2407 3586 consuevit
2456 3533 2618 3587 homo
2674 3532 2876 3586 malum
2905 3548 3067 3587 omne
3109 3534 3164 3587 in
3206 3534 3353 3588 aliud
3383 3542 3721 3607 retorquere,

2125 3629 2183 3674 ut
2213 3620 2259 3674 si
2288 3627 2378 3674 aut
2407 3620 2461 3674 in
2490 3620 2723 3689 lapidem
2754 3620 3056 3687 olfenderit,
3080 3630 3169 3676 aut
3198 3622 3326 3695 igne
3355 3624 3574 3678 adustus
3604 3624 3719 3679 fue-

2128 3708 2215 3776 rit,
2250 3710 2395 3778 ipsas
2426 3709 2524 3763 Dei
2581 3717 2862 3764 creaturas
2894 3710 3116 3779 culpare
3146 3727 3210 3765 ac
3264 3711 3592 3767 maledicere
3620 3729 3715 3769 au-

2127 3797 2284 3862 deat;
2326 3814 2447 3868 qua:
2476 3796 2581 3851 nisi
2614 3799 2716 3853 hoc
2748 3798 3009 3867 facerent,
3041 3807 3295 3870 tanquam
3352 3801 3601 3857 invalida:
3629 3811 3713 3856 at-

2128 3902 2233 3955 que
2264 3892 2524 3940 emortua:
2563 3886 2755 3940 merito
2783 3886 3148 3957 culparentur,
3181 3897 3230 3942 et
3262 3904 3370 3944 non
3396 3890 3575 3959 potius
3605 3907 3716 3946 suae

2126 3973 2414 4027 debilitatis
2444 3974 2633 4044 lugere
2675 3974 2968 4030 miseriam.

2200 4080 2332 4133 Vide
2364 4081 2656 4150 quomodo,
2689 4088 2948 4151 tanquam
2979 4096 3130 4135 mare
3186 4090 3291 4137 tam
3348 4084 3713 4141 innumerabi-

2125 4166 2257 4221 lium
2289 4166 2586 4222 formarum
2619 4184 3010 4239 corporearum
3041 4178 3092 4224 et
3120 4171 3423 4226 animorum
3451 4174 3715 4230 humano-

2125 4273 2246 4311 rum
2277 4273 2554 4328 nunquam
2572 4256 2627 4311 in
2658 4257 2853 4312 eodem
2895 4266 3034 4313 statu
3081 4261 3532 4330 permanentium,
3568 4280 3710 4319 nun-

2126 4360 2286 4415 quam
2317 4344 2513 4399 sinaris
2553 4345 2857 4416 quiescere.

424 4472 771 4529 Subtrahitur
801 4472 945 4528 enim
977 4473 1071 4527 tibi
1091 4435 1329 4544 rsyllaba,
1364 4490 1524 4546 quam
1562 4435 1735 4530 solam
1770 4476 2044 4544 amabas,‘

2192 4450 2451 4518 Quamvis
2473 4451 2607 4506 sciat
2655 4452 2839 4506 nutrix
2898 4454 3183 4523 parvulum
3242 4465 3464 4527 accepto
3493 4473 3715 4528 passere

423 4569 474 4617 et
504 4560 804 4617 succedunt
841 4562 960 4616 alia:
995 4562 1183 4616 ordine
1210 4579 1330 4619 suo.
1382 4565 1503 4618 Non
1552 4564 1694 4617 enim
1752 4564 1894 4618 canit
1923 4565 2019 4618 tibi

421 4649 544 4718 soli,
572 4665 674 4705 nec
720 4658 822 4705 tuae
854 4650 1133 4716 voluntati,
1168 4651 1266 4706 sed
1302 4668 1432 4706 suae.
1460 4650 1594 4718 Quae
1613 4659 1793 4706 autem
1828 4667 2017 4707 succe-

421 4738 555 4792 dunt
586 4737 828 4809 syllabae,
882 4740 951 4793 ob
984 4740 1085 4793 hoc
1116 4739 1211 4792 tibi
1240 4739 1526 4794 contrariae
1571 4748 1712 4807 sunt,
1757 4740 1881 4811 quia
1911 4740 2017 4795 im-

420 4827 628 4896 pellunt
661 4842 784 4882 eam
833 4844 992 4898 quam
1043 4827 1182 4881 male
1239 4828 1483 4882 amabas.

493 4932 653 5000 Quod
685 4933 890 5003 syllaba
950 4933 1003 4987 in
1033 4933 1305 4997 carmine,
1357 4935 1461 4990 hoc
1504 4934 1609 4990 loci
1638 4942 1727 4990 aut
1757 4937 2017 5007 temporis

423 5021 629 5076 obtinet
656 5037 994 5093 unaquaeque
1027 5039 1112 5076 res
1165 5022 1218 5076 in
1262 5023 1538 5079 mundano
1590 5025 1861 5091 discursu,
1896 5025 2017 5080 ideo

424 5124 556 5180 ergo
592 5109 924 5164 cruciaberis
970 5111 1094 5181 quia
1132 5111 1495 5166 deterioribus
1525 5113 1805 5181 inhaesisti,
1839 5122 1891 5168 et
1920 5130 2017 5167 suo

420 5197 608 5254 ordine
640 5204 921 5252 transeunt
963 5208 1217 5269 tanquam
1264 5200 1484 5270 syllabae
1544 5200 1599 5253 in
1648 5202 1904 5257 carmine.

490 5304 617 5359 Hec
637 5303 819 5358 omnia
861 5320 983 5374 quae
1012 5305 1263 5359 dicuntur
1310 5306 1565 5369 adversa,
1598 5322 1707 5360 non
1747 5314 1872 5361 sunt
1913 5309 2014 5361 ad-

422 5408 586 5448 versa
612 5392 717 5447 nisi
771 5392 947 5458 malis,
984 5392 1037 5447 id
1068 5401 1148 5448 est
1208 5394 1512 5449 amantibus
1561 5402 1867 5451 creaturam
1916 5412 2015 5465 pro

422 5479 695 5537 Creatore.

490 5586 546 5643 Si
576 5587 665 5643 ille
712 5596 805 5645 aut
850 5589 939 5645 ille
983 5596 1188 5644 tantum
1246 5590 1519 5647 laboraret
1564 5598 1785 5663 propter
1815 5592 2008 5659 Deum,

2119 4534 2444 4597 laetaturum,
2481 4534 2630 4587 timet
2658 4542 2839 4589 tamen
2896 4552 3240 4609 summopere
3270 4557 3339 4595 ne
3369 4541 3613 4613 accipiat,
3650 4558 3714 4599 ac

2121 4629 2267 4675 tanto
2297 4622 2493 4693 magis,
2525 4631 2726 4692 quanto
2756 4625 2932 4694 magis
2963 4627 3212 4682 eumdem
3251 4628 3377 4684 inde
3407 4630 3709 4687 lmtaturum

2120 4709 2405 4775 existimat,
2443 4718 2590 4765 certe
2621 4726 2809 4767 omnes
2840 4714 3086 4770 homines
3108 4724 3161 4770 et
3182 4724 3329 4783 se,et
3354 4735 3490 4790 quos
3509 4730 3709 4791 amant,

2118 4798 2357 4868 gaudere
2386 4806 2598 4868 optant.
2638 4800 2743 4854 Cur
2771 4817 2907 4873 ergo
2938 4803 2991 4858 id
3038 4805 3218 4859 nutrix
3244 4823 3415 4876 puero
3458 4824 3569 4863 non
3616 4825 3710 4865 so-

2119 4887 2229 4940 lum
2249 4903 2357 4942 non
2387 4895 2553 4958 optat,
2587 4888 2683 4942 sed
2714 4888 2937 4960 insuper
2994 4900 3250 4964 tanquam
3286 4912 3543 4969 magnum
3589 4914 3707 4953 ma-

2117 4974 2248 5041 lum,
2275 4992 2343 5031 ne
2366 4976 2559 5030 habeat
2585 4978 2776 5031 cavet?
2814 4978 2974 5034 Certe
3003 4982 3115 5035 vult
3146 4998 3268 5036 eum
3300 4986 3564 5055 gaudere.
3601 4988 3710 5042 Cur

2118 5079 2249 5133 ergo
2271 5072 2323 5117 et
2343 5064 2487 5118 unde
2517 5065 2827 5135 gavisurum
2864 5068 2963 5123 scit
2985 5069 3295 5126 subtrahit?
3325 5073 3432 5127 Cur
3462 5074 3566 5129 nisi
3592 5076 3714 5146 quia

2117 5151 2350 5205 futuram
2380 5152 2651 5208 tristitiam
2683 5156 2926 5225 attendit,
2961 5158 3113 5227 cujus
3144 5176 3265 5215 esse
3300 5176 3519 5216 causam
3551 5164 3710 5218 istam

2086 5240 2267 5294 ~novit
2294 5256 2416 5295 esse
2460 5240 2695 5296 lmtitiam
2714 5244 2741 5297 i’
2771 5243 2882 5298 Scit
2913 5246 3054 5299 enim
3112 5248 3373 5318 profecto,
3408 5259 3556 5305 tanto
3586 5261 3710 5322 post

2116 5329 2232 5384 haec
2266 5329 2571 5400 graviorem
2603 5331 2869 5387 tristitiam
2913 5334 3148 5390 animum
3207 5338 3359 5407 pueri
3410 5340 3709 5395 subituram

2116 5427 2315 5487 quanto
2372 5419 2743 5475 vehementius
2774 5423 3031 5493 gaudium
3090 5425 3193 5481 tale
3249 5430 3610 5497 praecesserit,
3646 5446 3712 5485 ex

2123 5506 2413 5576 quantitate
2443 5509 2728 5577 praesentis
2785 5511 2966 5582 utique
3013 5512 3229 5583 laetitia},
3262 5514 3453 5571 futura:
3482 5518 3710 5574 tristitia

2116 5595 2345 5651 metiens
2374 5596 2824 5666 magnitudinem.
2855 5601 2916 5655 In
2947 5617 3054 5672 quo
3084 5602 3226 5660 facto
3246 5605 3374 5677 quid
3404 5606 3550 5662 aliud
3582 5623 3706 5663 mu-
