3978 6050
256 194 358 247 609

1622 176 2164 239 MEDITATIONES.

3455 165 3558 218 610

264 314 368 369 lier
411 312 517 366 ista
563 308 807 381 suggerit
848 322 971 361 esse
1018 306 1343 373 faciendum,
1398 307 1503 361 nisi
1545 309 1725 363 omnia
1768 305 1861 361 illa
1890 302 2125 364 Aunius
2158 306 2356 355 tantum
2408 296 2583 368 spatio
2632 300 2918 349 contentus
2957 299 3058 359 est,
3108 290 3216 345 imo
3247 290 3431 381 ejectis
3462 299 3554 381 aut

267 401 469 475 gaudia
498 416 619 471 qum
649 399 1051 467 subsequuntur
1080 395 1335 460 lamenta,
1372 403 1626 467 tanquam
1649 405 1857 466 pestem

267 502 646 559 venenumque
678 485 898 540 vitanda
916 484 943 537 ‘?
975 485 1090 539 Nec
1120 485 1507 539 attendendum
1531 485 1657 556 quid
1675 485 1859 539 suavi-

271 575 395 629 tatis
426 573 664 626 habeant
691 570 743 623 in
773 569 1028 639 praesenti
1061 568 1189 623 dum
1206 570 1419 637 adsunt,
1446 570 1541 623 sed
1567 570 1693 640 quid
1716 585 1862 622 ama-

270 660 521 717 ritudinis
558 666 820 729 generent
849 656 903 710 in
951 657 1110 711 nobis
1140 673 1259 712 cum
1280 658 1497 713 abeunt.
1557 657 1707 711 Talia
1740 664 1864 710 sunt

272 749 453 806 omnia
482 746 799 818 temporalia
830 746 1046 816 gaudia.
1082 745 1190 799 Cur
1219 762 1326 799 non
1349 761 1482 818 ergo
1500 745 1717 799 vineam
1737 761 1863 814 pos-

274 829 593 904 sideadam,‘
609 843 838 905 pratum,
888 834 1107 888 domum
1150 835 1458 904 spatiosam,
1500 850 1733 906 agrum;
1768 849 1866 888 cur

268 943 379 983 non
410 942 599 981 aurum
631 930 1046 994 argentumque,
1082 938 1177 978 cur
1213 938 1322 977 non
1369 923 1655 993 Opiniones
1692 922 1866 977 homi-

277 1031 407 1070 num
449 1013 762 1083 laudesque,
803 1027 865 1066 ac
913 1018 1113 1066 catera
1166 1010 1383 1075 similia,
1449 1012 1642 1065 eadem
1700 1025 1867 1066 causa

275 1103 502 1176 provida
524 1100 733 1157 cautela
756 1099 991 1154 devitem
1012 1099 1041 1152 ?
1072 1097 1117 1153 Ο
1149 1100 1270 1168 quis
1291 1099 1439 1152 dabit
1461 1099 1740 1169 decrepito
1762 1116 1867 1169 pu-

279 1208 375 1247 ero
408 1198 461 1246 et
504 1199 687 1245 tamen
736 1188 917 1253 stulto,
952 1187 1005 1241 id
1036 1194 1117 1240 est
1146 1187 1380 1241 humano
1406 1188 1592 1257 generi
1624 1188 1717 1241 toti
1749 1186 1871 1241 orbi

280 1279 499 1345 diffuso,
545 1277 833 1349 quamdam
880 1291 1152 1347 magnam,
1205 1275 1493 1345 quamdam
1525 1275 1869 1345 sapientissi-

282 1384 426 1422 mam
440 1366 722 1431 nutricem,
740 1381 860 1435 qua:
872 1364 962 1417 tali
979 1379 1108 1418 cura
1134 1379 1198 1419 ac
1218 1363 1577 1418 sollicitudine
1594 1364 1873 1417 subtrahat

280 1457 351 1519 ei,
382 1456 470 1510 vel
500 1463 719 1509 revocet
748 1470 869 1508 eum
902 1469 934 1507 a
964 1453 1198 1524 gaudiis,
1236 1469 1354 1522 quae
1382 1451 1678 1505 futurorum
1711 1452 1873 1506 semi-

277 1560 352 1600 na
378 1552 499 1599 sunt
530 1544 777 1598 dolorum
800 1544 829 1597 ?
860 1542 968 1597 Sed
997 1542 1139 1596 unde
1171 1549 1351 1594 tantus
1382 1540 1436 1593 in
1466 1548 1579 1594 toto
1607 1541 1739 1595 orbe
1772 1556 1873 1610 ge-

1959 390 2250 448 confractis
2279 386 2424 459 quod
2469 391 2647 455 potest
2695 382 2986 437 multorum
3033 381 3281 448 laterum,
3324 378 3419 433 uni
3448 378 3553 433 sibi

1960 480 2198 535 vindicat
2226 478 2427 530 locum.

2033 567 2174 635 Quid
2234 564 2327 619 tibi
2382 563 2596 618 videtur
2641 562 2709 615 de
2753 576 2817 614 eo
2864 559 2955 630 qui
3000 566 3160 613 totam
3205 556 3557 611 intentionem

1965 672 2138 721 suam,
2172 663 2223 708 et
2271 662 2484 722 tempus
2533 648 2793 720 impendit
2844 648 2913 701 ad
2943 647 3273 701 fulciendam
3323 646 3559 717 aliquam

1964 747 2206 808 domum,
2242 757 2405 813 quam
2452 738 2626 793 fulciri
2676 746 2757 791 est
2805 735 3138 805 impossibile
3185 752 3249 789 ex
3278 735 3366 789 his
3395 734 3559 788 rebus

1966 846 2031 884 ex
2078 828 2275 898 quibus
2314 826 2387 879 nil
2433 822 2653 877 omnino
2705 820 2884 876 fulciri
2932 828 3128 889 potest,
3171 819 3257 873 vel
3289 819 3334 872 si
3365 818 3555 888 possit,

1967 918 2099 987 ipsae
2129 916 2343 968 fultura:
2372 912 2618 981 indigent
2650 910 2871 963 totidem
2901 907 3113 961 fulturis
3135 907 3254 961 aliis
3285 915 3415 977 quot
3445 906 3562 977 ipsa

1970 1007 2164 1060 domus
2195 1019 2313 1073 qua:
2345 1018 2408 1056 ex
2438 1001 2523 1053 bis
2556 998 2823 1053 fulcienda
2871 1004 2986 1061 est;
3020 1004 3073 1051 et
3099 996 3205 1050 illae
3234 996 3447 1051 fulturas
3476 1003 3564 1050 to-

1971 1094 2155 1157 tidem,
2183 1100 2233 1145 et
2262 1091 2331 1144 ita
2361 1089 2414 1142 in
2446 1086 2711 1141 infinitum
2736 1090 2757 1141 .9
2787 1086 2907 1141 Vita
2938 1087 3075 1151 hinc,
3110 1085 3343 1151 domus;
3378 1083 3561 1149 fultor,

1973 1192 2065 1246 tu;
2097 1180 2329 1247 fulturae,
2386 1176 2724 1246 temporalia,
2777 1190 2896 1245 qua:
2942 1191 3219 1247 nunquam
3268 1175 3323 1228 in
3373 1173 3566 1228 eodem

1973 1278 2115 1325 statu
2146 1273 2479 1339 permanent,
2515 1272 2565 1319 et
2612 1279 2713 1319 nec
2762 1263 2974 1331 fulcire,
3009 1278 3111 1318 nec
3141 1262 3314 1317 fulciri
3345 1260 3567 1316 omnino

1973 1365 2221 1430 possunt.

2047 1448 2288 1517 Longam
2338 1442 2689 1497 tentationem
2721 1441 2873 1513 petit,
2907 1440 2999 1510 qui
3030 1440 3249 1511 longam
3281 1439 3446 1495 vitam
3474 1454 3571 1509 pe-

1975 1536 2056 1589 tit.
2101 1534 2355 1589 Tentatio
2387 1536 2473 1586 est
2510 1530 2654 1585 enim
2702 1530 2818 1584 vita
2865 1528 3108 1584 hominis
3160 1544 3326 1599 super
3356 1532 3569 1583 terram

278 1634 444 1687 mitus
474 1631 713 1694 fletuum,
763 1630 867 1684 nisi
897 1630 1024 1700 quia
1053 1631 1170 1683 haec
1199 1629 1377 1682 nutrix
1409 1629 1649 1698 piissima
1679 1644 1743 1683 ac
1774 1644 1870 1699 po—
1893 1657 1945 1716 Β
1984 1624 2121 1694 (Job.
2155 1638 2254 1687 vn,
2288 1623 2362 1685 1).

280 1720 587 1776 tentissima
627 1734 906 1788 nunquam
951 1726 1145 1781 cessat,
1190 1717 1304 1771 sive
1351 1733 1450 1787 per
1499 1717 1866 1786 semetipsam,

285 1827 385 1865 seu
438 1809 610 1876 aliter,
646 1808 884 1862 humano
934 1807 1144 1879 generi,
1177 1821 1375 1860 causas
1404 1805 1675 1869 dolorum,
1710 1806 1763 1859 id
1793 1814 1876 1860 est

281 1898 622 1969 temporalia,
654 1905 926 1967 tamquam
972 1911 1253 1965 passerem
1299 1909 1490 1964 puero,
1542 1894 1757 1949 auferre
1787 1902 1877 1949 aut

283 2003 397 2042 non
425 1988 578 2042 dare.

838 2106 1232 2163 CAPITULUM
1262 2106 1326 2160 V.

289 2246 363 2299 De
392 2241 727 2313 cupiditate,
761 2256 968 2305 amore,
1002 2244 1058 2295 et
1078 2241 1415 2313 gloriatione
1440 2242 1796 2313 terrenorttm
1827 2243 1883 2313 et

366 2311 788 2384 teniporalium,
834 2316 895 2384 et
942 2311 1205 2382 quomodo
1247 2327 1354 2382 per
1401 2326 1465 2365 ea
1496 2327 1625 2365 vera
1652 2311 1885 2365 miseria

361 2381 768 2449 non'tollatur,
803 2381 895 2437 sed
925 2381 1220 2452 augeatur.

362 2515 589 2570 Duobus
616 2514 815 2578 modis,
850 2530 974 2568 cum
1003 2513 1123 2568 duae
1154 2530 1241 2567 res
1273 2520 1395 2567 sunt
1415 2512 1674 2584 aequales,
1708 2520 1888 2582 potest

290 2604 411 2660 hac
441 2604 616 2671 major
646 2603 738 2657 illa
781 2602 918 2667 ﬁeri,
952 2610 1042 2656 aut
1072 2618 1169 2656 suo
1198 2602 1419 2671 proprio
1451 2608 1764 2673 augmento,
1798 2608 1889 2654 aut

294 2692 459 2747 sociae
489 2691 831 2746 detrimento.
867 2693 981 2745 Hoc
1007 2692 1309 2761 posteriore
1339 2690 1502 2745 modo
1522 2706 1713 2744 omnes
1743 2690 1889 2760 prin-

295 2781 447 2851 cipes
481 2789 533 2835 et
572 2788 866 2850 potestates
910 2780 1092 2835 saeculi
1120 2786 1210 2832 aut
1241 2779 1499 2850 gaudent,
1532 2787 1619 2832 aut
1650 2779 1890 2832 nituntur

296 2868 510 2924 caeteris
540 2868 792 2921 omnibus
825 2884 947 2921 esse
976 2867 1231 2935 majores,
1257 2883 1466 2933 eorum,
1491 2867 1763 2933 videlicet,
1794 2867 1888 2921 de-

293 2957 531 3026 jectione
575 2964 627 3011 et
656 2956 998 3019 detrimento,
1030 2972 1139 3009 non
1167 2971 1284 3019 sua,
1318 2955 1371 3008 id
1402 2964 1485 3010 est
1515 2955 1759 3025 corporis
1791 2962 1882 3009 aut

301 3044 468 3100 animi
498 3044 580 3099 sui
625 3044 901 3099 erectione
946 3052 1035 3097 aut
1065 3050 1373 3115 augmento.
1407 3045 1597 3114 Neque
1628 3043 1769 3097 enim
1801 3050 1893 3096 aut

302 3148 536 3203 corpora
564 3148 774 3196 eorum,
809 3140 901 3185 aut
942 3140 1152 3185 mentes
1181 3132 1291 3185 ullo
1322 3132 1485 3185 modo
1513 3131 1887 3195 meliorantur,

303 3222 403 3277 sed
432 3221 684 3275 videntur
715 3220 818 3274 sibi
842 3219 1140 3291 profecisse
1171 3228 1223 3274 et
1244 3220 1502 3285 crevisse,
1538 3220 1663 3290 quia
1695 3219 1767 3272 illi
1799 3220 1893 3273 de-

304 3310 554 3365 fecerunt
584 3318 636 3363 et
664 3309 1039 3364 decreverunt.
1074 3308 1231 3375 Quod
1264 3308 1308 3361 si
1333 3308 1403 3361 ita
1428 3307 1610 3361 omnia
1631 3306 1895 3361 diminuta

305 3401 512 3460 essent,
547 3400 605 3447 ut
633 3393 688 3446 in
719 3392 944 3447 nihilum
974 3392 1190 3447 redacta
1222 3399 1422 3457 essent,
1450 3391 1505 3444 in
1536 3407 1641 3460 quo
1674 3407 1893 3446 cresce—

305 3491 387 3537 ret
418 3497 484 3537 ex
511 3482 617 3536 hoc
646 3481 825 3535 anima
854 3480 941 3535 vel
970 3496 1170 3550 corpus
1198 3480 1391 3534 tuum?

378 3570 526 3625 Sicut
558 3568 650 3640 qui
691 3568 805 3625 vult
843 3568 1043 3623 lateres
1096 3568 1295 3633 facere,
1343 3567 1576 3638 plateam
1608 3575 1895 3637 praeparat,

305 3658 401 3712 ubi
434 3674 529 3713 eos
560 3657 778 3712 interim
821 3665 1004 3727 ponat,
1057 3672 1166 3711 non
1194 3656 1377 3726 utique
1423 3656 1496 3709 ibi
1527 3672 1894 3722 remansuros,

308 3747 428 3812 sed,
462 3762 588 3802 cum
629 3745 884 3801 exsiccati
931 3744 1146 3813 fuerint,
1200 3744 1326 3799 alibi
1376 3744 1816 3812 transferendos;
1851 3752 1903 3800 et

307 3836 383 3891 ita
411 3834 592 3906 platea
620 3834 714 3889 illa
741 3832 903 3888 nullis
936 3832 1242 3903 specialiter
1272 3833 1527 3887 lateribus
1557 3842 1750 3903 parata
1798 3841 1898 3899 est,

310 3925 409 3980 sed
441 3923 691 3979 omnibus
720 3921 1005 3992 aequaliter
1050 3922 1143 3992 qui
1185 3920 1417 3976 faciendi
1468 3931 1607 3987 sunt,
1660 3922 1731 3975 ita
1760 3923 1904 3977 hunc

311 4014 493 4068 locum
523 4013 773 4067 humanm
820 4009 1185 4079 habitationis,
1238 4009 1484 4065 creandis
1515 4010 1824 4065 hominibus
1855 4018 1905 4064 et

308 4101 438 4156 alibi
464 4108 689 4171 peracto
720 4114 819 4154 suo
847 4106 1090 4169 tempore
1129 4097 1543 4163 transferendis,
1576 4097 1701 4153 fecit
1732 4099 1895 4152 Deus.

312 4189 403 4257 Et,
439 4189 575 4246 sicut
602 4187 801 4261 ﬁgulus
830 4187 969 4242 alios
998 4186 1192 4252 aufert,
1225 4194 1282 4241 ut
1310 4195 1556 4241 recenter
1576 4186 1702 4241 facti
1730 4186 1785 4240 in
1817 4202 1910 4241 eo-

313 4294 434 4332 rum
479 4278 770 4332 succedant
826 4277 1026 4343 locum,
1096 4276 1171 4330 ita
1216 4276 1364 4330 Deus
1411 4283 1607 4341 morte,
1650 4283 1905 4345 tanquam

2050 1711 2207 1778 Quod
2238 1710 2292 1763 in
2336 1708 2448 1762 suis
2495 1706 2681 1763 amicis
2726 1706 2812 1761 vel
2859 1704 3173 1776 parentibus
3221 1720 3330 1759 non
3376 1702 3576 1760 amavit

1975 1803 2141 1865 Deus,
2178 1799 2231 1853 id
2264 1806 2345 1853 est
2374 1797 2693 1868 potentiam,
2742 1795 3098 1859 nobilitatem,
3133 1793 3369 1860 divitias,
3401 1793 3575 1849 hono-

1976 1906 2085 1956 res,
2117 1904 2222 1942 non
2256 1902 2404 1941 ames
2434 1894 2490 1939 tu
2519 1885 2574 1939 in
2601 1884 2727 1938 tuis.

2050 1980 2300 2048 Laqueos
2345 1974 2609 2039 comedis,
2658 1972 2818 2038 bibis,
2874 1971 3060 2041 vestis,
3112 1971 3359 2039 dormis;
3394 1970 3579 2027 omnia

1981 2067 2227 2137 laqueus.

2052 2154 2284 2210 Exsules
2312 2168 2519 2217 amore,
2567 2150 2861 2220 voluptate,
2897 2148 3113 2214 aﬂectu,
3148 2165 3256 2203 non
3287 2148 3576 2217 loco.,Ex-

1984 2243 2129 2298 sules
2160 2243 2214 2295 in
2244 2241 2467 2311 regione
2514 2238 2894 2309 corruptionis,
2942 2238 3258 2308 passionum
3314 2236 3579 2293 tenebra-

1984 2349 2125 2399 rum,
2160 2329 2499 2402 ignorantiaa,
2534 2328 2805 2382 malorum
2839 2342 3087 2381 amorum
3118 2334 3170 2380 et
3201 2326 3469 2380 odiorum.

2058 2419 2327 2488 Quantum
2379 2418 2564 2489 diligis
2616 2425 2685 2485 te,
2737 2416 2792 2470 id
2823 2425 2905 2471 est
2936 2416 3077 2471 hanc
3109 2414 3271 2471 vitam
3305 2422 3581 2486 tempora-

1986 2510 2115 2574 lem,
2163 2515 2373 2561 tantum
2430 2506 2626 2576 diligas
2670 2503 2994 2569 transitoria,
3047 2503 3164 2558 sine
3213 2502 3409 2574 quibus
3458 2518 3581 2558 esse

1988 2612 2095 2652 non
2124 2604 2295 2667 potes,
2353 2610 2581 2649 necesse
2630 2602 2730 2648 est.
2766 2594 2831 2648 Et
2879 2601 3136 2665 quantum
3182 2591 3394 2663 spernis
3437 2592 3582 2646 hanc

1988 2686 2169 2750 vitam,
2205 2693 2257 2739 et
2288 2684 2403 2751 ejus
2431 2683 2689 2737 fomenta.

2062 2774 2243 2828 Grave
2273 2780 2355 2827 est
2385 2772 2481 2826 tibi
2510 2772 2614 2827 hoc
2647 2770 2734 2827 vel
2766 2770 2899 2825 illud
2928 2771 3197 2826 amisisse.
3256 2770 3339 2825 Ne
3370 2783 3585 2841 quaeras

1991 2878 2125 2932 ergo
2158 2861 2420 2916 amittere.
2466 2860 2667 2929 Quaerit
2712 2860 2856 2915 enim
2906 2859 3171 2925 amittere,
3224 2858 3472 2931 quisquis
3519 2872 3587 2913 ea

1994 2950 2169 3021 diligit
2200 2958 2253 3005 et
2280 2949 2528 3020 acquirit,
2562 2965 2681 3020 quae
2715 2948 2936 3003 retineri
2966 2964 3074 3004 non
3104 2948 3308 3004 valent.

2066 3039 2258 3093 Omnis
2286 3037 2504 3092 miseria
2550 3038 2605 3091 in
2651 3039 2754 3093 hoc
2805 3045 2905 3092 est.
2941 3037 3143 3093 Omnes
3172 3044 3357 3091 amant
3386 3033 3591 3107 aliquid

1994 3127 2387 3197 principaliter,
2420 3127 2512 3180 ubi
2544 3142 2761 3197 semper
2792 3126 3142 3181 intentionem
3174 3125 3376 3179 habent
3404 3123 3585 3178 ﬁxam.

1994 3218 2073 3270 Tu
2104 3232 2236 3271 vero
2265 3216 2438 3286 quid?
2469 3216 2612 3270 Ecce
2656 3231 2845 3269 omnes
2882 3215 3037 3287 quasi
3084 3216 3337 3270 thesauro
3366 3214 3587 3269 invento

1996 3304 2224 3375 arreptis
2254 3303 2440 3357 mundi
2486 3303 2726 3373 partibus
2775 3304 3023 3375 singulis,
3054 3303 3253 3375 singuli
3284 3301 3592 3365 intendunt,

1997 3402 2085 3447 aut
2115 3400 2260 3448 certe
2290 3392 2430 3445 inter
2476 3392 2662 3461 plures
2712 3391 3049 3457 scinduntur,
3091 3407 3154 3447 ac
3197 3392 3243 3445 si
3275 3391 3423 3446 canis
3451 3390 3592 3444 inter

1998 3482 2107 3535 duo
2136 3482 2309 3534 frusta
2356 3480 2535 3535 carnis
2580 3480 2809 3550 positus,
2856 3480 3073 3552 ignoret
3122 3479 3206 3535 cui
3248 3478 3589 3551 potissimum

2000 3569 2412 3640 appropinquet,
2447 3569 2674 3623 alterum
2707 3569 2903 3623 timens
2933 3569 3201 3625 amittere.

2069 3658 2125 3712 Si
2153 3659 2269 3713 haec
2328 3658 2382 3711 in
2427 3657 2623 3727 quibus
2677 3656 2904 3712 confidis
2948 3665 3041 3713 aut
3088 3658 3397 3729 delectaris,
3441 3662 3591 3720 face-

2001 3753 2123 3801 rent
2152 3748 2257 3802 hoc
2289 3746 2341 3800 in
2366 3746 2690 3816 semetipsis,
2715 3745 2972 3801 irrideres
2992 3755 3247 3819 tanquam
3269 3750 3452 3819 stulta,
3485 3753 3596 3809 imo

2003 3835 2224 3906 lugeres
2252 3843 2514 3905 tanquam
2543 3834 2773 3905 perdita.
2806 3836 2873 3889 Et
2904 3835 2949 3889 si
2977 3851 3166 3892 omnes
3196 3837 3271 3893 ita
3298 3839 3591 3907 insaniunt,

2005 3939 2283 3994 nunquam
2326 3923 2528 3977 bonum
2568 3931 2651 3977 est
2688 3923 2782 3977 tibi
2812 3923 3049 3979 insanire
3072 3925 3100 3979 ‘3
3131 3924 3186 3980 Si
3218 3927 3452 3998 teipsum
3484 3937 3594 3985 tam

2006 4011 2345 4065 immundum
2375 4011 2597 4077 toleras,
2630 4027 2727 4067 cur
2754 4028 2865 4067 non
2892 4012 3187 4084 quemlibet
3207 4015 3373 4071 alium
3395 4018 3423 4072 ?
3453 4017 3596 4087 Quot

2008 4115 2074 4154 ea
2103 4116 2223 4170 quae
2252 4098 2434 4170 diligis
2464 4100 2679 4156 casibus
2709 4101 3007 4171 subjacent,
3044 4102 3267 4158 totidem
3297 4113 3350 4161 et
3380 4106 3595 4163 animus

2005 4194 2152 4241 tuus.

2083 4275 2187 4343 Qui
2216 4277 2320 4331 hoc
2350 4284 2495 4330 amat
2533 4277 2677 4348 quod
2724 4279 3006 4334 amandum
3051 4296 3160 4335 non
3191 4290 3290 4347 est,
3323 4282 3492 4338 miser
3520 4290 3604 4339 est

315 4364 666 4419 translatione
707 4364 970 4435 priorum,
1022 4364 1358 4419 successuris
1406 4372 1673 4433 praeparat
1705 4363 1904 4417 locum.
1926 4358 1981 4419 D
2013 4372 2062 4419 et
2095 4364 2308 4432 stultus,
2330 4365 2543 4419 etiamsi
2567 4382 2841 4436 nunquam
2865 4367 2949 4423 vel
2974 4369 3107 4439 ipse,
3132 4370 3219 4425 vel
3241 4370 3372 4427 illud
3393 4379 3598 4441 pereat.

320 4452 527 4508 Stultus
549 4468 685 4525 ergo
707 4460 757 4507 et
773 4453 997 4507 insanus
1020 4460 1099 4507 est
1122 4452 1213 4523 qui
1234 4452 1287 4505 in
1317 4452 1497 4522 platea
1520 4452 1699 4506 cordis
1722 4466 1909 4506 amore

319 4541 568 4610 inhatret,
601 4557 666 4597 ac
710 4556 819 4596 non
865 4541 1045 4611 potius
1094 4557 1199 4611 quo
1248 4540 1316 4593 sit
1346 4540 1756 4595 transferendus
1788 4540 1911 4596 hinc

320 4646 540 4701 semper
570 4630 834 4686 sollicitus
883 4629 1194 4684 meditatur.
1244 4629 1359 4685 Nec
1403 4629 1659 4698 injustum
1690 4637 1781 4684 aut
1809 4645 1911 4684 au-

321 4726 529 4774 sterum
560 4718 734 4774 videri
764 4718 1018 4773 lateribus
1049 4718 1228 4783 debet,
1263 4733 1387 4773 cum
1415 4718 1542 4773 hinc
1572 4718 1913 4772 transferun-

322 4816 425 4873 tur,
460 4807 716 4861 nimirum
748 4823 869 4862 cum
910 4808 1011 4862 hac
1040 4807 1335 4862 intentione
1364 4807 1525 4877 positi
1556 4806 1773 4861 fuerint.
1808 4808 1916 4862 Ne-

326 4912 433 4967 que
463 4896 735 4951 videbitur
762 4895 867 4949 nisi
913 4895 996 4949 his
1029 4896 1118 4966 qui
1150 4912 1209 4950 se
1237 4896 1364 4950 hinc
1394 4896 1710 4950 necessario
1740 4904 1916 4950 trans-

328 4983 586 5040 ferendos
611 5000 717 5038 non
766 4984 1027 5055 cogitant,
1081 4984 1170 5055 qui
1222 4999 1508 5039 commune
1538 4992 1590 5039 et
1620 4984 1751 5038 nulli
1782 4999 1916 5055 pro-

327 5071 525 5141 prium,
595 5072 691 5126 sed
747 5071 1227 5129 innumerabilibus
1292 5072 1487 5126 futuris
1558 5072 1920 5127 communiter

326 5160 660 5230 deputatum,
693 5160 880 5213 insana
926 5160 1217 5229 cupiditate
1263 5166 1520 5231 tanquam
1552 5177 1709 5215 suum
1740 5161 1920 5216 vindi-

330 5256 454 5303 cant
480 5249 782 5319 proprium.
818 5248 953 5303 Vide
976 5248 1029 5302 in
1050 5250 1155 5304 hac
1177 5248 1365 5303 eadem
1388 5266 1443 5303 re
1468 5249 1629 5303 aliam
1653 5249 1921 5303 insaniam

330 5336 502 5390 nihilo
532 5337 826 5391 minorem.
886 5338 1021 5391 Cum
1065 5337 1208 5391 enim
1257 5336 1311 5390 hi
1360 5337 1561 5391 lateres
1591 5336 1703 5392 fere
1734 5353 1923 5392 omnes

331 5424 576 5493 ejusdem
625 5425 731 5480 sint
778 5425 1109 5496 quantitatis,
1163 5426 1252 5480 vix
1294 5433 1473 5480 tamen
1521 5441 1711 5480 eorum
1762 5426 1921 5491 ullus,

2012 4453 2269 4524 Nunquid
2298 4453 2441 4508 enim
2488 4454 2773 4509 idololatra
2816 4464 3039 4526 propter
3069 4458 3172 4513 hoc
3202 4466 3408 4515 tantum
3437 4460 3605 4515 miser

2016 4550 2116 4609 est,
2150 4542 2274 4613 quia
2305 4543 2603 4613 periturum
2622 4552 2701 4598 est
2726 4545 2871 4615 quod
2894 4545 3087 4600 adorat
3110 4546 3138 4601 ?
3167 4548 3314 4620 Ergo
3336 4564 3444 4603 non
3461 4555 3606 4605 esset

2014 4631 2201 4697 miser,
2229 4631 2273 4685 si
2290 4632 2420 4687 illud
2440 4649 2548 4688 non
2566 4632 2770 4703 periret
2796 4638 2817 4688 ?
2839 4634 2997 4689 Certe
3019 4644 3269 4692 manente
3291 4637 3435 4692 idolo
3466 4638 3604 4706 ejus,

2016 4720 2354 4774 miserrimus
2385 4729 2466 4775 est
2496 4722 2767 4789 adorator,
2802 4722 2927 4778 licet
2956 4723 3239 4779 incolumis
3269 4740 3520 4796 corpore,
3558 4732 3612 4782 et

2018 4808 2410 4878 temporalibus
2441 4810 2598 4863 bonis
2624 4810 2839 4879 plenus.

2090 4897 2211 4950 Non
2244 4905 2296 4950 te
2335 4896 2537 4951 faciunt
2575 4898 2803 4953 adversa
2845 4900 3145 4955 miserum:
3178 4901 3273 4956 sed
3321 4901 3614 4957 ostendunt

2020 4984 2189 5038 fuisse
2222 4992 2274 5038 et
2323 4986 2537 5041 docent.
2597 4988 2995 5058 Prosperitates
3023 5006 3155 5045 vero
3185 4998 3461 5046 excaecant
3488 4990 3612 5046 ani-

2021 5089 2188 5138 mum,
2226 5074 2460 5145 tegendo
2490 5082 2543 5130 et
2572 5076 2821 5147 augendo
2842 5077 3140 5145 miseriam,
3167 5094 3276 5133 non
3300 5080 3611 5136 auferendo.

2094 5161 2230 5215 Vide
2261 5163 2533 5233 quomodo
2566 5164 2810 5234 capiatur
2838 5165 3019 5220 anima
3048 5166 3208 5220 rebus
3238 5169 3538 5239 corporeis,
3562 5176 3616 5222 et

2024 5258 2180 5320 capta
2211 5250 2499 5317 crucietur,
2533 5260 2717 5323 utpote
2747 5253 2801 5306 in
2838 5270 3026 5324 puero.
3066 5254 3283 5326 Capitur
3321 5257 3467 5311 enim
3498 5256 3616 5311 viso

2024 5354 2265 5408 passere,
2302 5356 2484 5411 quem,
2518 5357 2638 5396 cum
2668 5343 2957 5413 acceperit,
2995 5344 3237 5412 subjacet
3268 5353 3345 5398 tot
3376 5344 3611 5414 casibus,

2029 5436 2158 5497 quot
2184 5444 2377 5499 passer
2394 5430 2529 5500 ipse.
2558 5430 2844 5498 Quomodo
2860 5440 3047 5488 autem
3066 5440 3147 5488 est
3167 5441 3275 5486 tuta
3297 5432 3617 5503 priusquam
