3978 6050
417 196 515 247 611

1276 194 1616 253 GUIGONIS
1654 197 1675 252 Ι
1714 195 2120 253 CARTHUSUE
2157 195 2449 253 MAIORIS
2489 196 2762 255 PRIORIS
2800 199 2863 255 V.

3608 198 3713 253 612

420 315 616 370 talibus
647 314 938 386 capiatur?
960 316 1042 371 Ea
1071 316 1213 372 enim
1243 335 1364 391 quae
1394 320 1612 391 placent
1628 327 1811 375 tenent
1838 320 2007 387 illam,
2032 322 2086 382 Α
2184 322 2354 377 Amor
2384 323 2909 395 uniuscujuscunque
2933 322 3169 377 hominis
3198 328 3280 376 est
3302 320 3563 375 omnium.
3591 320 3713 375 Sin-

418 412 477 458 ut
506 404 677 474 possit
708 404 953 459 adversis
982 405 1220 462 multari.

488 492 625 546 Data
654 508 813 558 nave,
846 492 1060 548 ﬂatibus
1092 494 1405 551 ferebamur
1430 497 1497 551 ad
1528 496 1881 569 gaudendum
1911 512 2011 551 seu

421 580 717 636 dolendum
748 581 1101 637 alternatione
1126 586 1531 640 occursantium
1554 586 1870 641 formarum.

488 668 774 739 Quomodo
805 686 911 724 non
935 671 1202 743 glorietur
1232 683 1323 727 aut
1348 674 1629 744 superbiat
1651 675 1718 728 de
1741 673 2013 729 fortitudi-

413 774 482 812 ne
514 758 597 814 vel
625 758 1049 828 pulchritudine,
1084 762 1301 830 quando
1333 762 1401 817 de
1432 761 1744 817 infirmitate
1775 762 1861 817 vel
1895 770 2013 817 tur-

412 846 654 917 pitudine
684 847 949 919 gloriatur
980 848 1142 904 homo
1165 850 1193 904 ?
1225 850 1502 905 Gloriatur
1545 852 1686 906 enim
1718 852 1763 905 si
1789 853 2015 906 vehatur

412 950 575 1006 equo,
610 943 703 989 aut
732 937 849 1004 ejus
881 937 1156 1006 turpitudo
1201 954 1508 1008 pannorum
1550 940 1753 995 decore
1780 939 2008 1003 veletur,

411 1038 538 1078 cum
566 1023 744 1093 potius
794 1024 1020 1094 gloriari
1066 1041 1230 1095 posse
1270 1026 1563 1092 videretur,
1600 1028 1643 1081 si
1677 1044 1878 1098 equum
1912 1042 2011 1081 sua

411 1111 528 1181 ipse
558 1111 755 1167 virtute
785 1120 1041 1182 portaret,
1076 1122 1167 1167 aut
1218 1124 1368 1169 certe
1399 1132 1464 1170 eo
1496 1131 1605 1170 non
1636 1116 1923 1187 indigeret,
1959 1123 2011 1169 et

410 1198 625 1272 fulgore
659 1216 757 1255 suo
786 1209 965 1256 vestes
997 1202 1113 1271 ipse
1144 1203 1447 1269 decoraret,
1481 1212 1570 1257 aut
1600 1220 1785 1258 earum
1818 1203 2008 1258 saltem

410 1288 607 1344 decore
638 1304 746 1343 non
777 1288 1070 1360 indigeret.
1104 1291 1233 1345 Haec
1267 1291 1411 1344 enim
1443 1299 1495 1346 et
1524 1291 1607 1345 his
1637 1292 1833 1345 similia
1863 1292 2007 1346 indi-

408 1377 649 1448 gentiam
681 1378 796 1446 ejus
828 1393 893 1432 ac
923 1378 1315 1448 turpitudinem
1344 1387 1739 1449 protestantur.

484 1464 658 1533 Quam
690 1465 924 1521 libenter
963 1474 1258 1521 ostentaret
1305 1468 1469 1523 homo
1517 1484 1670 1523 suam
1701 1469 2007 1539 pulchritu-

409 1553 594 1608 dinem
634 1553 679 1607 si
728 1553 967 1621 haberet,
1022 1554 1112 1625 qui
1164 1562 1271 1609 tam
1322 1556 1553 1611 libenter
1595 1565 1828 1612 ostentat
1871 1557 2007 1612 alie-

407 1656 553 1709 nam,
587 1641 836 1697 videlicet
865 1642 917 1695 in
958 1643 1199 1697 vestibus
1239 1644 1354 1699 sive
1395 1645 1646 1716 pelliciis,
1681 1646 1795 1701 sive
1826 1647 2008 1715 cujus-

405 1728 535 1785 libet
566 1730 713 1784 modi
735 1731 763 1785 ?

477 1819 598 1873 Non
627 1818 805 1873 minus
836 1818 1127 1874 dolendum
1165 1829 1247 1875 est
1278 1838 1378 1891 pro
1409 1838 1473 1877 eo
1505 1822 1597 1894 qui
1628 1823 1828 1893 gaudet
1859 1831 2000 1877 tem-

405 1907 668 1978 poralium
700 1907 988 1978 adeptione
1019 1924 1179 1979 quam
1214 1910 1303 1979 qui
1326 1911 1619 1966 amissione
1642 1912 1808 1965 dolet.
1842 1912 2001 1967 Uter-

404 2010 509 2066 que
539 1994 682 2050 enim
712 1994 866 2051 febre
895 2006 1136 2063 vexatur,
1174 1998 1226 2052 id
1258 2007 1336 2053 est
1365 2014 1550 2055 amore
1580 2000 1793 2054 mundi.

938 2157 1331 2213 CAPITULUM
1361 2158 1455 2213 VI.

407 2273 483 2330 De
511 2272 715 2329 inutili
752 2277 807 2328 et
854 2274 956 2329 vili
992 2276 1253 2347 appetitu
1304 2275 1536 2347 laudum
1578 2279 1633 2331 et
1664 2276 1880 2347 gloriae,
1913 2277 2000 2331 vel

949 2346 1162 2415 favoris
1194 2346 1453 2399 humani.

476 2458 531 2514 Si
563 2458 702 2513 bene
734 2459 905 2514 scires
934 2467 1185 2513 naturam
1206 2475 1268 2513 ac
1288 2459 1582 2529 potentiam
1604 2460 1854 2515 humana:
1874 2459 1997 2530 Opi-

406 2547 604 2616 nionis,
641 2547 723 2602 vel
756 2546 976 2613 favoris,
1025 2563 1300 2618 nunquam
1342 2548 1427 2603 vel
1457 2548 1650 2620 exigue
1680 2564 1781 2619 pro
1812 2548 1890 2602 eis
1922 2548 1995 2601 1a-

403 2636 648 2703 borares,
681 2644 771 2690 aut
818 2636 1103 2707 gauderes,
1155 2645 1244 2689 aut
1283 2636 1700 2691 contristareris.
1734 2636 1822 2690 Nil
1854 2636 1997 2691 enim

402 2732 629 2794 prosunt
674 2724 759 2778 cui
794 2724 1217 2793 impenduntur;
1250 2724 1392 2779 sicut
1434 2724 1664 2789 colores,
1700 2732 1753 2779 et
1783 2732 1997 2781 czeterze

402 2812 607 2879 forma},
658 2828 904 2882 corpora,
938 2812 1025 2866 vel
1072 2828 1162 2866 res
1212 2812 1406 2882 quibus
1454 2813 1654 2879 insunt,
1690 2813 1991 2883 deturpant,

402 2908 455 2955 et
479 2900 612 2970 ipsis
641 2900 717 2954 nil
766 2908 994 2970 prosunt
1038 2908 1128 2953 aut
1176 2900 1395 2954 obsunt.
1448 2899 1590 2968 Quid
1621 2901 1766 2955 enim
1798 2901 1996 2971 profuit

402 2988 504 3043 soli
534 2996 626 3043 aut
655 2988 797 3043 lunae
829 2989 972 3059 quod
997 3004 1092 3042 eos
1113 2988 1313 3059 pagani
1333 2988 1466 3042 deos
1488 2990 1860 3058 putaverunt?
1890 2992 1995 3044 Aut

402 3078 533 3148 quid
562 3077 659 3146 eis,
694 3078 838 3148 quod
869 3084 925 3131 tu
958 3092 1054 3131 eos
1084 3084 1366 3131 creaturas
1398 3092 1520 3131 esse
1550 3078 1858 3148 cognoscis,
1893 3079 1991 3132 ob-

400 3166 527 3221 est?
558 3165 714 3233 Quod
746 3166 790 3219 si
824 3165 980 3219 etiam
1030 3173 1274 3219 stercora
1307 3180 1402 3219 eos
1434 3182 1556 3220 esse
1586 3174 1826 3235 putares,
1861 3167 1992 3237 quid

404 3254 483 3308 eis
510 3254 777 3309 noceret?
808 3253 1006 3321 Quare,
1059 3253 1197 3308 sicut
1242 3262 1487 3308 naturam
1521 3262 1570 3307 et
1602 3254 1893 3324 potentiam
1922 3255 1991 3308 il-

399 3341 506 3396 lius
536 3351 627 3395 aut
656 3341 801 3395 illius
849 3341 1033 3396 herbae
1084 3341 1197 3396 sive
1237 3341 1402 3413 ligni,
1448 3341 1523 3396 ita
1573 3343 1758 3395 harum
1809 3359 1992 3397 rerum

401 3438 660 3485 scrutare.
693 3430 891 3497 Facile,
925 3430 1214 3498 adjuvante
1243 3431 1378 3497 Deo,
1410 3430 1464 3484 id
1494 3430 1716 3500 poteris,
1750 3447 1816 3485 ex
1838 3430 1993 3499 cujus

399 3518 744 3589 opinionibus
776 3517 864 3572 vel
893 3518 1165 3572 favoribus
1194 3527 1390 3573 caetera
1419 3518 1721 3572 metienda.

471 3608 531 3662 ln
561 3608 665 3663 hoc
694 3606 983 3679 cognoscis
1004 3623 1125 3677 quae
1152 3606 1255 3660 soli
1284 3608 1400 3661 Deo
1429 3607 1715 3672 debentur,
1742 3606 1867 3677 quia
1896 3622 1995 3661 ex-

397 3694 566 3749 hibita
594 3696 897 3766 cuicunque
938 3695 1021 3749 rei
1051 3694 1125 3748 nil
1171 3702 1416 3764 prosunt,
1464 3702 1522 3747 ut
1550 3695 1809 3766 cognitio,
1844 3710 1995 3749 amor

400 3784 472 3838 ad
502 3783 814 3851 favendum,
840 3783 1019 3847 timor,
1046 3783 1377 3849 reverentia,
1400 3782 1705 3850 admiratio,
1731 3792 1832 3837 etc.
1867 3785 1993 3837 Haec

400 3871 564 3943 enim,
598 3889 663 3928 eo
712 3873 831 3943 ipso
869 3871 1013 3942 quod
1056 3871 1107 3924 ei
1136 3870 1223 3925 cui
1272 3870 1596 3924 exhibentur
1643 3870 1717 3923 nil
1762 3870 1988 3947 prosint,

399 3961 690 4016 ostendunt
719 3976 778 4015 se
811 3959 861 4014 ei
891 3958 991 4013 soli
1024 3958 1287 4029 degeneri
1318 3957 1409 4028 qui
1430 3958 1576 4012 nullo
1600 3966 1744 4030 eget.
1772 3958 1827 4013 Si
1846 3959 1992 4014 enim

397 4048 601 4103 laudari
632 4048 717 4103 vel
748 4046 1009 4119 cognosci
1038 4054 1131 4100 aut
1160 4045 1504 4099 admirationi
1534 4062 1655 4100 esse
1679 4046 1986 4116 prodesset,

400 4137 522 4208 quis
549 4152 657 4191 non
688 4134 925 4206 quotidie
946 4134 1196 4189 mercede
1220 4133 1548 4188 conduceret
1578 4142 1836 4205 tanquam
1867 4149 1993 4205 Ope-

397 4224 589 4290 rarios,
619 4224 709 4297 qui
755 4224 871 4277 haec
900 4222 1004 4276 sibi
1044 4221 1363 4277 exhiberent
1393 4222 1631 4287 assidue,
1667 4230 1726 4276 ut
1755 4223 1870 4277 sine
1902 4224 1991 4277 in-

397 4311 738 4366 termissione
786 4310 1053 4381 proiicere
1092 4310 1320 4380 posset?
1353 4308 1487 4377 Quae
1515 4318 1691 4365 mater
1721 4309 1843 4365 filiis
1877 4311 1991 4365 suis

397 4400 454 4454 id
488 4415 598 4453 non
643 4399 760 4453 sine
807 4399 1108 4454 cessatione
1150 4398 1539 4469 impenderet?
1571 4398 1705 4466 Quis
1749 4415 1859 4454 non
1889 4416 1988 4455 ve-
2010 4383 2062 4442 Β

398 4495 527 4551 stes,
569 4487 793 4558 praedia,
821 4487 1190 4558 jumentaque,
1225 4486 1577 4558 seipsumque
1606 4487 1694 4542 die
1716 4496 1992 4558 noctuque

397 4575 543 4630 bona
579 4576 801 4645 diceret,
846 4583 904 4630 ut
950 4578 1029 4631 sic
1086 4574 1315 4630 meliora
1371 4576 1641 4630 laudando
1691 4575 1992 4630 redderet?

396 4663 543 4718 Nihil
602 4679 737 4735 ergo
795 4664 893 4718 ista
955 4671 1202 4735 prosunt,
1254 4663 1339 4718 cui
1401 4663 1805 4733 impenduntur.
1856 4661 1991 4729 Quis

397 4760 577 4807 autem
608 4752 846 4822 exhibet,
900 4752 1206 4807 exhibendo
1254 4751 1495 4806 deterior
1544 4758 1633 4805 aut
1678 4750 1877 4805 melior
1904 4750 1989 4804 ef-

394 4838 591 4896 ﬁcitur.
642 4841 699 4895 Si
752 4848 929 4895 autem
981 4847 1146 4907 amat,
1200 4847 1290 4893 aut
1328 4838 1648 4903 admiratur,
1701 4846 1794 4892 aut
1838 4838 1991 4892 timet

392 4927 448 4983 id
477 4928 622 4999 quod
653 4928 834 4998 debet,
867 4928 1101 4995 melior;
1133 4927 1179 4981 si
1211 4935 1392 4982 autem
1412 4943 1521 4981 non
1544 4926 1726 4994 debet,
1746 4926 1989 4981 deterior

391 5016 576 5087 utique
623 5015 701 5071 ﬁt.
763 5017 1021 5072 Similiter
1064 5016 1120 5069 in
1175 5015 1403 5070 cazteris.
1472 5013 1649 5082 Quam
1694 5030 1824 5085 ergo
1868 5015 1989 5085 pius

394 5112 478 5159 est
508 5104 791 5170 Dominus,
827 5105 917 5176 qui
948 5104 1079 5158 nihil
1108 5119 1138 5157 a
1167 5103 1324 5157 nobis
1352 5102 1541 5174 exigit,
1571 5110 1629 5156 ut
1658 5103 1759 5157 sibi
1790 5103 1983 5173 prosit,

391 5192 725 5265 multumque
752 5209 786 5248 a
815 5193 971 5247 nobis
1000 5192 1103 5246 sibi
1134 5191 1327 5246 serviri
1358 5198 1592 5261 reputat,
1629 5192 1677 5245 si
1708 5192 1851 5262 quod
1880 5208 1984 5246 no-

391 5282 477 5337 bis
503 5290 587 5337 est
616 5282 744 5336 utile
775 5297 989 5352 semper
1017 5296 1260 5352 agamus.

464 5372 613 5426 Sicut
649 5370 909 5435 radicum,
954 5368 1263 5434 herbarum,
1305 5367 1393 5424 vel
1432 5374 1752 5423 caaterarum
1802 5385 1986 5424 rerum

390 5466 633 5527 naturas,
666 5459 741 5513 ita
772 5456 1065 5528 opinionis,
1098 5455 1318 5527 favoris,
1359 5454 1554 5523 laudis,
1589 5456 1675 5512 vel
1709 5457 1982 5528 vitupera-

389 5546 571 5615 tionis,
608 5547 877 5619 expende.

2116 410 2231 481 guli
2261 411 2405 465 enim
2433 427 2622 466 omnes
2663 428 2845 466 amare
2888 411 3107 465 debent.
3140 409 3242 478 Qui
3271 424 3405 481 ergo
3434 410 3579 463 hunc
3608 407 3710 461 sibi

2114 499 2424 570 specialiter
2464 500 2706 555 exhiberi
2751 500 2882 567 vult,
2931 508 3118 570 raptor
3159 505 3259 564 est,
3310 506 3363 553 et
3412 496 3535 552 ideo
3585 512 3710 551 reus

2116 597 2300 643 contra
2331 605 2521 644 omnes
2553 588 2800 645 efficitur.

2185 694 2328 750 Ecce
2368 695 2497 751 huic
2546 695 2760 766 corpori
2798 695 3081 749 immistus.
3134 693 3265 748 satis
3314 692 3482 746 miser
3544 708 3707 757 eras;

2113 784 2363 837 omnibus
2395 783 2538 837 enim
2571 784 2687 851 ejus
2719 782 3159 853 corruptionibus
3186 797 3357 853 usque
3376 780 3445 835 ad
3469 796 3709 835 morsum

2111 871 2324 941 pulicis,
2356 871 2445 927 vel
2483 872 2755 926 sorunculi
2806 871 3149 939 subjacebas.
3200 870 3322 924 Non
3354 868 3565 923 suﬂ'ecit
3597 870 3700 923 hoc

2112 959 2228 1013 tibi.
2282 960 2629 1015 Immiscuisti
2677 960 2821 1015 enim
2871 968 2923 1014 te
2966 960 3106 1024 aliis,
3161 958 3317 1029 quasi
3360 956 3702 1027 corporibus,

2111 1048 2351 1118 opinioni
2401 1048 2702 1113 hominum,
2736 1047 3100 1113 admirationi,
3154 1046 3348 1112 amori,
3381 1045 3594 1109 honori,
3629 1044 3703 1098 ti-

2108 1136 2264 1203 mori,
2299 1144 2351 1191 et
2372 1136 2495 1191 aliis
2526 1136 2814 1204 similibus,
2856 1144 2909 1190 et
2940 1136 3077 1191 sicut
3121 1152 3187 1189 ex
3236 1134 3504 1204 corporis,
3537 1133 3610 1186 ita
3640 1148 3705 1185 ex

2109 1224 2304 1278 horum
2332 1224 2573 1292 lasione,
2607 1224 2798 1279 dolore
2828 1223 3082 1279 afﬁceris.
3120 1224 3355 1293 lpsemet
3385 1221 3552 1290 ligna,
3584 1219 3705 1290 qui-

2108 1313 2208 1366 bus
2261 1313 2599 1367 combureris
2662 1311 2755 1366 tibi
2827 1312 3139 1367 adhibuisti.
3201 1309 3439 1364 Lazditur
3507 1324 3701 1376 nempe

2106 1401 2283 1455 honor
2333 1408 2456 1454 tuus
2495 1416 2619 1455 cum
2668 1400 3075 1466 contemneris;
3109 1398 3187 1454 sic
3232 1399 3301 1453 de
3344 1395 3575 1452 cmteris.
3626 1396 3703 1448 Ita

2108 1489 2270 1543 etiam
2300 1489 2368 1543 de
2398 1489 2586 1543 formis
2617 1504 2901 1559 corporum
2935 1487 3135 1560 cogita.

2178 1594 2299 1663 Quo
2328 1603 2380 1649 te
2409 1594 2498 1649 ille
2528 1603 2618 1649 aut
2647 1595 2737 1650 ille
2784 1594 2913 1649 vitio
2962 1592 3307 1663 contempsit,
3351 1590 3545 1646 eodem
3567 1597 3623 1644 tu
3652 1597 3701 1645 te

2026 1675 2078 1735 B
2108 1691 2471 1753 contemptum
2503 1691 2761 1754 tanquam
2809 1683 3026 1737 timidus
3073 1681 3313 1745 doluisti,
3366 1678 3568 1733 scilicet
3597 1695 3695 1731 su-

2102 1771 2311 1841 perbia.
2347 1772 2415 1824 Et
2444 1787 2551 1842 quo
2583 1772 2678 1825 tibi
2719 1772 2849 1827 vitio
2894 1770 3129 1835 abstulit,
3164 1770 3357 1824 eodem
3388 1774 3444 1822 tu
3472 1766 3693 1823 doluisti

2104 1860 2300 1923 ablata,
2334 1859 2387 1913 id
2410 1867 2492 1913 est
2520 1874 2701 1914 amore
2734 1860 3114 1929 periturorum.

2172 1965 2288 2020 Nisi
2318 1966 2711 2035 contempseris
2754 1965 3019 2036 quidquid
3063 1969 3292 2034 possunt
3338 1959 3587 2015 homines
3614 1957 3701 2013 vel

2102 2053 2466 2119 adversando,
2500 2053 2587 2108 vel
2619 2053 2955 2121 adjuvando,
2986 2068 3094 2107 non
3126 2050 3332 2123 poteris
3350 2056 3695 2103 contemnere

2103 2158 2291 2196 eorum
2322 2140 2570 2205 affectus,
2605 2141 2659 2194 id
2691 2150 2773 2196 est
2819 2141 2945 2196 odia
2973 2140 3060 2197 vel
3090 2154 3305 2195 amores
3334 2155 3349 2205 ;
3379 2152 3563 2207 quare,
3596 2150 3696 2190 nec

2101 2230 2385 2301 opiniones
2418 2230 2593 2283 bonas
2624 2237 2715 2283 aut
2732 2230 2924 2283 malas.

2172 2336 2309 2391 Vide
2339 2337 2613 2407 quomodo
2647 2336 2838 2391 vendis
2870 2352 3111 2391 amorem
3144 2344 3195 2391 et
3223 2345 3449 2392 caateros
3470 2337 3694 2394 affectus

2101 2424 2267 2479 animi
2299 2425 2373 2478 tui
2403 2425 2471 2477 ad
2511 2424 2755 2478 obolatas
2785 2433 2877 2479 aut
2907 2428 3226 2489 nummatas,
3262 2426 3400 2480 sicut
3430 2426 3483 2479 in
3514 2429 3695 2482 taber-

2100 2528 2171 2567 na
2200 2512 2409 2567 vinum.
2441 2513 2679 2567 Rursum
2709 2512 2923 2567 attende
2973 2513 3204 2583 qualiter
3231 2530 3382 2568 emas
3412 2515 3695 2584 Opiniones

2100 2609 2153 2655 et
2181 2616 2395 2655 amores
2426 2617 2487 2656 ac
2516 2609 2741 2656 caeteros
2788 2600 3032 2668 affectus,
3073 2601 3187 2655 sive
3215 2610 3393 2655 motus
3425 2602 3693 2657 humano-

2100 2706 2215 2743 rum
2246 2690 2568 2756 animorum,
2618 2690 2687 2745 ad
2733 2689 2977 2744 obolatas
3022 2698 3073 2744 et
3120 2697 3441 2756 nummatas,
3478 2692 3613 2746 sicut
3640 2691 3691 2744 in

2097 2778 2323 2832 taberna
2351 2777 2555 2833 vinum.

2168 2884 2269 2939 Hic
2298 2885 2460 2939 homo
2491 2884 2639 2938 dedit
2660 2900 2757 2954 pro
2786 2884 3042 2938 laudibus
3073 2885 3254 2939 omnia
3286 2902 3420 2953 sua;
3451 2887 3560 2953 ille,
3594 2903 3692 2958 pro

2097 2972 2370 3041 voluptate
2398 2972 2610 3026 ventris
2642 2980 2694 3026 et
2717 2973 2968 3042 gutturis.
3002 2972 3133 3039 Quis
3164 2975 3351 3028 horum
3382 2976 3539 3045 pejus
3569 2992 3692 3046 ope-

2095 3067 2243 3113 ratus
2273 3060 2399 3114 est?
2430 3060 2545 3114 Hoc
2577 3060 2796 3130 quidem
2828 3060 3032 3125 nescio,
3066 3061 3162 3115 sed
3185 3062 3298 3116 scio
3315 3062 3543 3117 alterum
3565 3079 3691 3134 por-

2095 3149 2236 3212 cina,
2271 3148 2498 3202 alterum
2529 3148 2799 3203 diabolica
2830 3148 3103 3218 voluptate
3134 3158 3331 3205 actum.

2160 3253 2340 3321 Quare
2370 3254 2451 3308 vis
2480 3253 2648 3307 amari
2676 3254 2743 3307 ab
2776 3253 3082 3308 hominibus
3104 3254 3130 3307 ?
3164 3256 3377 3326 Utique,
3423 3263 3482 3309 ut
3511 3255 3691 3310 adsint

2093 3342 2243 3407 mihi,
2278 3342 2333 3396 id
2364 3350 2444 3397 est
2473 3343 2596 3396 huic
2640 3342 2761 3397 vitae
2793 3359 2946 3397 meae.
2977 3343 3127 3413 Ergo
3160 3344 3286 3414 quia
3318 3344 3486 3398 sentis
3516 3353 3566 3398 te
3599 3344 3685 3397 in-

2093 3428 2342 3496 firmum,
2378 3438 2430 3484 et
2458 3446 2648 3485 eorum
2692 3430 2962 3485 violentiae
3012 3432 3368 3486 succumbere
3413 3440 3684 3501 paratum.

2095 3518 2259 3586 Quasi
2305 3519 2455 3573 dicas
2490 3536 2503 3572 :
2539 3518 2594 3574 Si
2622 3519 2887 3573 voluerint
2929 3520 3197 3585 homines,
3243 3520 3479 3587 moriar;
3513 3520 3558 3573 si
3588 3535 3688 3574 vo-

2092 3606 2306 3673 luerint,
2342 3607 2538 3663 vivam.
2569 3606 2725 3675 Quod
2777 3600 2971 3661 falsum
3022 3615 3124 3662 est.
3175 3607 3500 3663 Necessario
3544 3607 3687 3662 enim

2092 3695 2366 3762 morieris,
2398 3694 2513 3750 sive
2542 3695 2618 3748 illi
2650 3695 2839 3761 velint,
2874 3695 2990 3749 sive
3013 3695 3202 3749 nolint.
3230 3695 3372 3762 Quid
3392 3696 3535 3750 enim
3553 3711 3687 3766 ages

2093 3791 2152 3836 ut
2180 3799 2287 3837 non
2319 3782 2574 3837 moriaris
2596 3784 2623 3837 ?
2653 3784 2800 3855 Ergo
2829 3791 2986 3853 Optas
3018 3800 3216 3855 magna
3244 3784 3313 3838 de
3345 3792 3397 3838 te
3425 3784 3512 3839 vel
3544 3785 3686 3838 bona

2092 3871 2306 3941 opinari
2351 3872 2618 3938 homines,
2653 3879 2711 3925 ut
2754 3879 2806 3925 te
2847 3879 3030 3925 ament
3078 3880 3167 3925 aut
3218 3872 3456 3927 timeant.
3494 3875 3689 3927 Ament

2092 3968 2269 4014 autem
2302 3959 2387 4013 vel
2417 3959 2659 4021 timeant,
2693 3966 2751 4013 ut
2780 3959 3009 4029 prosint,
3042 3959 3129 4014 vel
3147 3975 3256 4014 non
3276 3959 3475 4013 obsint.
3502 3961 3685 4015 Econ-

2092 4057 2173 4102 tra
2203 4047 2399 4101 metuis
2430 4047 2516 4102 vel
2546 4048 2783 4101 abhores
2810 4064 2977 4117 prava
3007 4047 3075 4101 de
3104 4056 3155 4102 te
3180 4047 3268 4102 vel
3296 4048 3440 4102 mala
3472 4047 3683 4117 Opinari

2092 4136 2361 4203 homines,
2413 4152 2481 4190 ne
2529 4136 2740 4190 oderint
2780 4143 2869 4189 aut
2924 4143 3290 4199 contemnant,
3345 4144 3438 4189 aut
3483 4151 3551 4189 ne
3583 4150 3687 4189 no-

2092 4232 2268 4290 ceant,
2307 4230 2399 4279 aut
2430 4232 2579 4279 certe
2608 4232 2665 4278 ut
2708 4240 2815 4278 non
2846 4223 3077 4294 prosint.
3112 4224 3229 4279 Hoc
3255 4231 3431 4277 autem
3462 4232 3684 4293 pr0pter

2092 4314 2267 4384 ipsam
2334 4312 2721 4382 experientiam
2785 4311 3106 4367 inﬁrmitatis
3169 4320 3330 4383 atque
3394 4311 3687 4366 debilitatis

2091 4417 2252 4472 quam
2287 4400 2623 4468 contraxisti,
2658 4416 2691 4453 a
2720 4402 2835 4454 Deo
2870 4400 3200 4465 recedendo,
3258 4407 3312 4453 et
3342 4399 3684 4453 instabilibus

2092 4497 2256 4560 atque
2286 4488 2514 4542 infirmis
2542 4488 2859 4543 inhaerendo
2891 4496 2943 4541 et
2974 4488 3275 4542 innitendo.
3309 4487 3366 4542 Si
3396 4488 3541 4541 enim
3570 4503 3681 4542 non

2092 4577 2322 4632 sentires
2353 4592 2537 4631 eorum
2568 4576 2826 4631 vilitatem
2858 4584 3020 4647 atque
3050 4576 3440 4645 infirmitatem,
3473 4592 3583 4629 non
3614 4575 3685 4628 ti-

2092 4681 2273 4719 meres
2310 4681 2408 4735 pro
2456 4664 2556 4723 eis.
2598 4672 2759 4735 atque
2791 4664 3025 4718 doleres.
3059 4664 3166 4719 Sed
3196 4664 3355 4717 times
3383 4679 3481 4733 pro
3510 4664 3589 4717 eis
3620 4677 3685 4717 ac

2091 4753 2263 4817 doles,
2298 4768 2422 4808 cum
2451 4752 2702 4807 videlicet
2751 4760 2977 4821 pereunt
3026 4760 3116 4805 aut
3169 4751 3501 4806 auferuntur.
3536 4753 3686 4822 Ergo

2091 4840 2381 4913 cognoscis
2412 4856 2597 4896 eorum
2648 4839 2907 4894 vilitatem
2934 4847 2986 4894 et
3016 4838 3398 4893 infimitatem.
3435 4839 3685 4907 Quapro-

2088 4937 2211 4998 pter
2240 4929 2445 4983 nullam
2472 4938 2626 4999 potes
2647 4928 2867 4983 omnino
2889 4927 3296 4983 excusationem
3318 4927 3682 4996 praetendere,

2090 5017 2237 5087 quod
2277 5033 2343 5071 ea
2376 5017 2578 5087 diligis,
2612 5024 2701 5070 aut
2730 5015 2810 5071 eis
2840 5015 3112 5069 inniteris.
3152 5016 3542 5069 Mirumtamen
3574 5013 3687 5067 val-

2088 5104 2157 5158 de
2206 5113 2285 5158 est
2336 5104 2559 5172 alicujus
2612 5104 2690 5158 rei
2744 5101 3114 5157 inﬁrmitatem
3153 5102 3377 5167 sentire,
3425 5110 3478 5155 et
3508 5109 3688 5155 tamen

2088 5192 2242 5245 inniti
2272 5192 2340 5259 ei,
2372 5191 2632 5247 vilitatem
2664 5207 2846 5260 nosse,
2881 5200 2933 5246 et
2954 5207 3137 5245 amare
3161 5191 3273 5246 sive
3302 5190 3507 5244 mirari.
3540 5190 3680 5243 Dum

2090 5296 2224 5352 ergo
2254 5288 2544 5351 propterea
2581 5281 2735 5335 doles
2767 5288 2858 5335 aut
2886 5279 3101 5344 metuis,
3130 5279 3238 5333 duo
3269 5278 3323 5331 in
3355 5286 3425 5343 te,
3460 5294 3579 5348 qua:
3612 5276 3685 5329 si-

2089 5369 2199 5422 mul
2248 5384 2411 5439 posse
2450 5386 2571 5423 esse
2618 5385 2727 5424 non
2766 5368 3017 5423 videntur
3061 5383 3183 5421 esse
3236 5367 3599 5430 demonstras,
3634 5365 3688 5418 id

2088 5464 2172 5511 est
2202 5465 2255 5511 et
2286 5473 2449 5512 nosse
2478 5466 2530 5512 te
2560 5465 2612 5512 et
2644 5456 2845 5511 sentire
2878 5472 3070 5511 eorum
3099 5454 3471 5509 infirmitatem
3505 5468 3569 5507 ac
3598 5453 3685 5507 vi-

2088 5545 2314 5615 litatem,
2346 5553 2398 5600 et
2428 5552 2611 5601 tamen
2653 5560 2839 5599 amare
2870 5551 2923 5599 et
2966 5542 3117 5598 inniti
3150 5542 3248 5599 eis.
3283 5543 3422 5597 Nam
3453 5540 3557 5595 nisi
3586 5541 3686 5594 ho-
