3978 6050
218 223 321 273 613

1598 214 2142 272 MEDITATIONES.

3394 215 3499 269 614

208 359 336 398 rum
364 342 590 398 alterum
620 342 822 398 inesset
852 343 966 413 tibi,
1001 344 1056 399 id
1088 352 1188 411 est,
1222 345 1267 398 si
1316 351 1407 398 aut
1435 359 1546 399 non
1593 357 1806 397 amares
1826 342 1877 401 A
1908 339 2230 395 reverentiae
2258 347 2419 411 atque
2449 337 2825 393 admirationis
2864 335 3081 392 affectu.
3114 336 3211 393 Hic
3239 337 3383 392 enim
3415 353 3504 393 so-

209 439 303 486 aut
331 448 439 486 non
469 447 661 487 nosses
692 448 881 487 eorum
923 432 1198 499 vilitatem,
1249 432 1397 488 nullo
1438 432 1602 487 modo
1649 431 1806 486 dole—

213 536 308 576 res
336 535 436 591 pro
467 520 547 575 eis
584 522 954 591 pereuntibus.

750 673 1148 729 CAPITULUM
1177 673 1293 729 VII.

214 787 296 841 De
324 799 457 839 vera
489 780 650 837 laude
664 782 975 850 justorum,
1001 783 1054 835 et
1072 779 1489 851 vituperatione
1504 778 1806 843 malorum,

433 858 489 909 et
518 853 640 925 quis
670 854 746 906 sit
779 851 942 905 laude
973 851 1176 921 dignus
1205 851 1291 905 vel
1322 851 1608 920 indignus.

291 961 422 1016 Esto
451 958 571 1013 talis
602 957 693 1028 qui
722 955 1001 1022 lauderis;
1034 972 1141 1010 non
1168 954 1307 1010 enim
1354 955 1491 1009 bene
1540 954 1808 1019 laudatur,

210 1048 322 1103 nisi
355 1047 559 1111 bonus',
611 1045 757 1116 quod
804 1060 914 1098 non
963 1051 1045 1099 est
1089 1044 1180 1115 qui
1225 1043 1400 1098 laudis
1451 1042 1677 1113 cupidus
1709 1048 1807 1108 est,

213 1152 327 1191 non
360 1151 495 1207 ergo
527 1134 800 1188 laudatur.
836 1134 969 1187 Cum
1001 1149 1131 1205 ergo
1164 1132 1427 1186 laudatori
1456 1131 1689 1185 blandus
1721 1147 1810 1197 es,

208 1225 327 1292 jam
358 1239 466 1278 non
494 1231 584 1277 tuo
612 1221 877 1276 laudatori
907 1221 1138 1275 blandus
1166 1237 1258 1286 es;
1292 1236 1401 1275 non
1450 1220 1593 1273 enim
1617 1220 1727 1288 jam
1758 1225 1815 1272 tu

214 1311 475 1376 laudaris,
510 1311 708 1382 quippe
736 1318 846 1364 tam
877 1325 1068 1364 vanus.

294 1401 426 1455 Cum
459 1399 653 1454 dicitur
682 1414 843 1469 quam
883 1398 1074 1462 bonus,
1132 1414 1289 1468 quam
1334 1397 1529 1465 justus,
1580 1396 1670 1467 qui
1714 1396 1816 1450 hoc

222 1497 308 1543 est
336 1488 609 1551 laudatur,
643 1502 751 1541 non
781 1495 837 1539 tu
865 1486 957 1557 qui
987 1502 1095 1540 non
1117 1502 1197 1552 es,
1220 1485 1328 1539 imo
1350 1485 1509 1539 etiam
1540 1484 1815 1554 vitupera-

216 1577 294 1631 ris
323 1593 432 1631 non
461 1591 675 1646 parum,
711 1575 913 1646 quippe
947 1582 1057 1629 tam
1086 1574 1277 1641 malus,
1311 1582 1532 1644 tamque
1563 1572 1812 1642 injustus.

1908 429 1993 484 lus
2024 429 2198 484 cultus
2229 445 2391 492 verus
2421 436 2473 482 et
2502 426 2795 498 perfectus.
2824 425 3145 496 Quicunque
3176 441 3311 497 ergo
3341 425 3506 481 alicui

1911 518 1991 574 rei
2020 525 2383 589 prmterquam
2415 518 2531 571 Deo
2559 517 2702 571 hunc
2733 515 2971 583 exhibet,
3024 514 3314 569 idololatra
3343 531 3504 570 verus

1912 616 2018 661 est.
2059 606 2165 674 Qui
2213 621 2345 661 vero
2389 607 2505 660 hmo
2553 604 2666 659 vult
2709 603 2810 657 sibi
2860 602 3123 669 exhiberi,
3174 604 3347 672 cujus,
3402 603 3507 657 nisi

1910 694 2109 749 diaboli
2160 694 2429 750 veraciter
2470 693 2649 748 locum
2692 699 2857 756 tenet,
2910 691 3001 762 qui
3045 690 3218 745 modis
3257 690 3508 746 omnibus
3568 684 3573 689 ⁸

1911 785 2027 839 haec
2057 784 2123 837 ab
2153 783 2460 838 hominibus
2490 789 2716 837 conatur
2764 787 3083 851 extorquere
3105 780 3132 834 ?
3170 779 3357 850 Itaque
3387 796 3506 835 om-

1912 890 2011 927 nes
2059 872 2308 943 quzerelae
2356 872 2633 925 hominum
2680 870 2735 923 in
2785 870 2886 924 hoc
2943 875 3067 922 sunt
3113 868 3257 938 quod
3303 868 3510 925 scilicet

1912 970 1999 1015 aut
2027 968 2276 1031 pereunt,
2310 968 2401 1015 aut
2448 959 2765 1014 auferuntur
2812 958 2890 1012 eis
2939 956 3013 1010 dii
3060 970 3272 1023 eorum,
3321 957 3376 1012 id
3424 966 3508 1013 est

1914 1056 2193 1115 creaturae,
2228 1048 2422 1120 quibus
2447 1049 2590 1102 hunc
2621 1063 2810 1102 verum
2826 1053 2879 1101 et
2906 1045 3150 1099 divinum
3180 1044 3507 1101 exhibebant

1913 1139 2137 1203 cultum,
2172 1138 2285 1192 sive
2332 1136 2476 1208 quod
2521 1136 2642 1190 talis
2690 1135 2768 1190 eis
2814 1150 2922 1189 non
2967 1133 3251 1189 exhibetur
3294 1134 3498 1190 cultus.

1918 1226 2050 1281 Vide
2081 1241 2217 1298 ergo
2247 1233 2505 1296 quantum
2549 1223 2724 1279 adhuc
2750 1223 2805 1276 in
2833 1231 2904 1290 te,
2955 1229 3007 1276 et
3048 1221 3102 1275 in
3150 1230 3262 1277 toto
3303 1224 3508 1279 mundo

1914 1322 2103 1387 regnet
2132 1313 2455 1369 idololatria.

1985 1420 2146 1474 Nulla
2174 1436 2265 1473 res
2294 1419 2455 1473 debet
2484 1418 2623 1473 velle
2653 1418 2820 1472 amari
2851 1425 3105 1490 tanquam
3149 1419 3370 1487 bonum,
3404 1418 3508 1474 nisi

1916 1526 2036 1581 qua:
2066 1524 2131 1563 eo
2159 1508 2278 1579 ipso
2310 1507 2453 1579 quod
2492 1514 2722 1573 amatur,
2775 1523 2930 1561 suum
2976 1506 3245 1565 beatiﬁcat
3294 1516 3508 1563 amato-

1916 1614 2050 1653 rem.
2084 1597 2242 1651 Nulla
2271 1605 2450 1651 autem
2480 1596 2585 1651 hoc
2614 1594 2757 1661 facit,
2791 1595 2896 1649 nisi
2943 1611 3063 1666 quae
3112 1603 3355 1651 amatore
3402 1612 3513 1651 non

218 1665 530 1759 Ῑιθιξδὲηίῖη
555 1664 709 1759 ξυδίίν
770 1663 952 1759 ίηλυῆίί
986 1672 1069 1759 (ξεί
1115 1662 1656 1759 νξίξψθῖξθίίοχΕΓξξο
1702 1669 1811 1731 tua!
1836 1696 1887 1755 Β
1917 1694 2060 1759 eget,
2094 1685 2147 1740 id
2179 1693 2259 1740 est
2291 1685 2374 1740 cui
2403 1700 2511 1739 non
2540 1684 2756 1754 prodest
2790 1700 2890 1738 nec
2939 1662 3008 1738 ab
3057 1684 3164 1739 alio
3195 1685 3368 1739 amari
3412 1701 3513 1741 nec

219 1762 279 1807 ut
311 1753 513 1821 injusti.
548 1752 677 1807 Cum
727 1768 862 1823 ergo
902 1751 1161 1807 laudatori
1194 1750 1325 1820 justi
1367 1749 1670 1821 applaudis,
1724 1758 1815 1804 tuo

218 1841 506 1897 verissimo
552 1840 902 1910 vituperatori
952 1840 1253 1911 applaudis,
1304 1839 1429 1909 quia
1476 1839 1704 1907 injustus
1736 1855 1813 1892 es.

220 1930 345 1984 Non
378 1937 459 1982 est
492 1928 635 1982 enim
660 1929 862 1998 justus,
895 1929 986 1999 qui
1017 1945 1075 1983 se
1099 1930 1304 1998 justum
1326 1934 1495 1998 putat,
1529 1942 1631 1982 nec
1660 1926 1818 1980 unius

225 2018 335 2072 diei
365 2016 560 2071 infans.

296 2105 402 2174 Qui
432 2105 633 2178 gaudet
660 2104 928 2171 laudibus,
960 2104 1135 2175 perdit
1164 2104 1372 2159 laudes.
1425 2103 1481 2158 Si
1508 2119 1660 2159 amas
1708 2103 1822 2157 lau-

224 2195 344 2262 des,
379 2194 489 2249 noli
521 2194 708 2248 laudes
739 2193 885 2254 sciri.
917 2194 1020 2248 hoc
1041 2200 1139 2257 est,
1163 2192 1207 2246 si
1235 2192 1317 2247 vis
1338 2192 1564 2257 laudari,
1586 2208 1654 2246 ne
1685 2191 1821 2245 velis

224 2282 458 2338 laudari.
494 2283 615 2336 Non
646 2282 789 2336 enim
819 2290 998 2353 potest
1026 2297 1153 2336 vere
1200 2280 1404 2334 laudari
1438 2281 1526 2351 qui
1563 2281 1675 2335 vult
1704 2280 1821 2334 lau-

224 2371 362 2426 dari.
398 2371 492 2425 Ille
520 2370 788 2436 laudatur,
821 2371 975 2438 cujus
1001 2370 1144 2423 bona
1184 2370 1471 2439 jactentur.
1507 2368 1609 2437 Qui
1641 2377 1821 2423 autem

222 2460 339 2515 vult
362 2458 591 2524 laudari,
622 2475 732 2514 non
761 2459 938 2513 solum
968 2474 1169 2513 vacuus
1216 2465 1297 2513 est
1341 2457 1489 2512 omni
1526 2456 1687 2523 bono,
1725 2456 1821 2511 sed

223 2548 451 2618 insuper
478 2548 672 2617 plenus
702 2555 784 2601 est
812 2563 1012 2617 magno
1041 2554 1095 2601 et
1123 2546 1392 2601 diabolico
1443 2545 1606 2611 malo,
1658 2545 1822 2598 nimi-

226 2654 352 2691 rum
381 2652 580 2708 magna
611 2636 935 2708 arrogantia.
970 2636 1092 2690 Non
1138 2651 1269 2706 ergo
1318 2634 1589 2689 laudatur.
1640 2635 1824 2688 Justus

225 2734 405 2780 autem
433 2724 737 2779 econtrario
780 2739 999 2794 semper
1025 2723 1311 2789 laudatur;
1343 2724 1495 2790 cujus
1542 2722 1823 2792 vitupera-

226 2814 304 2868 tio
333 2812 481 2867 nulla
513 2829 635 2867 esse
664 2820 858 2883 potest.
912 2811 1245 2883 Vituperatio
1291 2811 1492 2883 quippe
1540 2818 1622 2866 est
1651 2810 1825 2865 malo-

229 2918 353 2956 rum
384 2901 709 2972 improbatio
735 2921 748 2967 ;
784 2917 903 2972 qua!
935 2909 1113 2955 autem
1156 2899 1334 2968 justus
1364 2915 1472 2954 non
1502 2899 1682 2964 habet,
1716 2914 1827 2953 non

230 3000 455 3061 possunt
486 2990 533 3044 ei
564 2989 940 3060 imprOperari,
972 3006 1140 3060 quare
1160 3005 1268 3043 non
1298 2996 1473 3058 potest
1505 2987 1822 3058 vituperari.

231 3079 621 3135 Universaliter
649 3088 828 3133 autem
858 3078 1034 3132 omnis
1079 3078 1345 3146 justorum
1396 3076 1656 3145 laudatio,
1690 3076 1825 3143 inju-

228 3176 434 3221 stornm
468 3174 550 3222 est
580 3167 917 3237 vituperatio,
952 3174 1004 3220 et
1031 3165 1206 3219 omnis
1256 3166 1579 3234 injustorum
1610 3164 1824 3235 vitupe-

231 3256 373 3310 ratio
416 3263 499 3310 est
545 3256 815 3323 justorum
866 3271 994 3309 vera
1038 3253 1294 3307 laudatio.
1346 3254 1480 3307 Cum
1528 3267 1657 3307 vero
1706 3252 1827 3323 quis

232 3344 303 3398 de
332 3344 477 3399 bono
504 3344 775 3409 laudatur,
806 3359 917 3398 non
962 3343 1202 3408 laudato,
1253 3341 1349 3396 sed
1397 3340 1663 3396 laudatori
1704 3357 1830 3411 pro-

232 3432 372 3486 dest.
738 3443 751 3449 ’

304 3520 511 3574 Laudat
542 3526 593 3575 te
623 3519 743 3591 quis
772 3526 992 3589 propter
1013 3519 1374 3583 sanctitatem,
1397 3532 1611 3571 sursum
1634 3516 1826 3571 tendit.

235 3608 393 3663 Ultra
423 3615 472 3662 te
504 3616 587 3662 est
613 3608 757 3662 enim
780 3607 926 3678 quod
943 3607 991 3661 ei
1014 3607 1212 3676 placet,
1244 3606 1299 3659 id
1337 3614 1416 3660 est
1448 3605 1723 3659 sanctitas.
1754 3605 1831 3658 Tu

235 3711 371 3751 vero
400 3696 445 3750 si
474 3712 625 3749 amas
652 3695 800 3749 illum
832 3711 939 3749 non
961 3704 1219 3767 tanquam
1249 3695 1333 3750 cui
1352 3694 1526 3767 plapet
1552 3692 1825 3757 sanctitas,

239 3784 339 3839 sed
370 3792 426 3838 tu
455 3784 715 3839 deorsum
746 3784 941 3839 tendis.
1432 3784 1435 3789 ’

308 3872 414 3941 Qui
479 3872 624 3927 dolet
686 3880 775 3926 aut
816 3872 1068 3926 irascitur
1123 3871 1325 3926 amisso
1389 3870 1571 3941 aliquo
1616 3877 1832 3939 tempo-

236 3961 357 4025 rali,
411 3977 475 4015 eo
522 3961 640 4031 ipso
708 3977 766 4015 se
826 3960 1052 4032 dignum
1113 3960 1204 4032 qui
1252 3960 1520 4013 amitteret
1575 3958 1828 4019 ostendit.

241 4049 503 4104 Similiter
531 4049 623 4121 qui
661 4057 883 4119 accepto
931 4048 1176 4104 convicio
1220 4048 1492 4115 irascitur,
1545 4054 1636 4101 aut
1665 4047 1829 4113 dolet,

240 4154 306 4193 eo
339 4154 398 4192 se
430 4138 653 4208 dignum
694 4137 861 4192 fuisse
892 4138 1248 4192 demonstrat.
1282 4139 1509 4191 Tantum
1538 4136 1684 4191 enim
1715 4134 1835 4190 vel-

242 4226 316 4280 let
343 4226 577 4293 laudari,
611 4235 871 4298 quantum
901 4226 1073 4281 noluit
1102 4225 1421 4281 conviciari.

316 4315 669 4385 Contemptus
699 4323 791 4369 aut
820 4315 975 4386 parvi
1003 4314 1216 4369 habitus
1275 4313 1531 4380 doluisti;
1564 4313 1668 4368 hoc
1715 4313 1835 4383 ipso

1920 1791 2106 1829 amare
2137 1774 2302 1828 aliud.
2339 1772 2727 1828 Crudelissima
2754 1772 2921 1845 igitur
2965 1789 3056 1827 res
3084 1781 3184 1838 est,
3236 1790 3359 1844 quae
3401 1773 3514 1828 vult

1920 1871 1977 1916 ut
2006 1863 2127 1934 quis
2157 1863 2208 1916 in
2241 1878 2307 1916 ea
2336 1861 2685 1916 intentionem
2717 1876 2867 1915 suam
2908 1868 2962 1915 et
2992 1859 3245 1915 affectum
3276 1870 3329 1916 et
3358 1878 3512 1932 spem

1921 1952 2225 2015 constituat,
2260 1966 2382 2006 cum
2411 1950 2529 2020 ipsa
2560 1948 2609 2003 ei
2638 1949 2903 2019 prodesse
2932 1964 3041 2003 non
3069 1950 3260 2019 possit.
3295 1950 3409 2005 Hoc
3436 1950 3513 2004 fa-

1921 2040 2066 2095 ciunt
2112 2039 2405 2104 daemones,
2458 2038 2549 2109 qui
2597 2052 2696 2108 pro
2745 2037 2844 2092 Dei
2891 2037 3130 2105 servitio,
3182 2054 3282 2092 suo
3329 2039 3516 2093 volunt

1920 2128 2168 2183 homines
2198 2127 2473 2198 occupari.
2508 2126 2694 2181 Clama
2724 2126 2888 2198 igitur
2916 2134 2972 2179 tu
3004 2126 3340 2181 amatoribus
3369 2127 3510 2181 tuis:

1922 2217 2145 2272 Cessate
2160 2217 2291 2285 jam,
2317 2216 2523 2285 miseri,
2554 2230 2699 2270 nunc
2731 2231 2817 2269 me
2842 2214 3121 2281 admirari,
3147 2215 3406 2281 revereri,
3429 2215 3517 2270 vel

1922 2305 2164 2377 quolibet
2194 2306 2465 2360 honorare
2513 2305 2696 2369 modo,
2746 2303 3001 2374 quoniam
3051 2318 3155 2374 ego
3203 2304 3372 2358 miser
3416 2320 3518 2359 nec

1922 2394 2054 2449 mihi
2082 2409 2183 2449 nec
2204 2393 2360 2449 vobis
2378 2392 2635 2448 auxilium
2656 2393 2825 2447 ullum
2843 2391 2983 2447 ferre
3004 2408 3250 2463 possum,
3281 2393 3390 2448 imo
3411 2408 3516 2464 ego

1923 2498 2060 2555 egeo
2092 2490 2294 2537 vestro.

1995 2571 2267 2656 Quantum
2298 2588 2353 2642 in
2381 2596 2434 2643 te
2462 2596 2561 2653 est,
2595 2603 2787 2643 omnes
2816 2586 3065 2642 homines
3098 2586 3402 2657 perdidisti,
3436 2587 3518 2642 in-

1923 2677 2233 2748 terposuisti
2264 2677 2407 2732 enim
2437 2685 2489 2731 te
2517 2677 2658 2731 inter
2687 2677 2860 2731 Deum
2891 2684 2943 2731 et
2972 2676 3139 2746 ipsos,
3173 2683 3250 2743 ut,
3282 2692 3445 2732 verso
3467 2676 3521 2730 in

1924 2774 1977 2821 te
2007 2766 2220 2831 intuitu,
2253 2774 2323 2831 et,
2358 2765 2584 2819 dimisso
2611 2766 2749 2832 Deo,
2780 2773 2833 2820 te
2870 2764 3047 2819 solum
3092 2764 3515 2831 admirarentur,

1924 2855 2289 2916 intuerentur,
2320 2861 2481 2925 atque
2512 2854 2799 2908 laudarent
2832 2869 2844 2907 :
2878 2853 3084 2925 tibique
3104 2860 3158 2908 et
3184 2854 3264 2909 eis
3297 2853 3519 2909 omnino

1924 2943 2029 2998 hoc
2058 2943 2266 3010 inutile,
2296 2958 2398 2999 nec
2429 2943 2609 2998 dicam
2641 2943 2981 2997 damnosum.

1857 3051 1903 3111 Ο
1994 3050 2081 3103 Nil
2112 3049 2335 3121 dignius
2361 3048 2418 3102 in
2455 3049 2713 3103 creaturis
2762 3048 3191 3113 rationabilibus,
3250 3049 3521 3106 mentibus

1933 3138 2231 3207 praesertim
2263 3138 2386 3208 piis,
2419 3137 2494 3191 nil
2530 3137 2689 3192 vilius
2732 3137 3165 3208 corruptionibus
3210 3153 3520 3207 corporum.

1931 3227 2065 3280 Cum
2092 3226 2277 3296 itaque
2308 3226 2389 3280 vis
2408 3242 2531 3280 esse
2550 3225 2891 3280 admirationi
2916 3226 3245 3293 hominibus,
3278 3226 3379 3281 hac
3408 3226 3524 3297 ipsa

1932 3314 2185 3384 superbia
2215 3321 2464 3379 czecatns,
2496 3314 2621 3369 vide
2649 3314 2717 3367 ad
2746 3329 2911 3385 quam
2939 3314 3253 3369 miseranda
3282 3315 3526 3370 devene-

1930 3403 2024 3456 ris.
2050 3404 2184 3457 Vide
2231 3418 2367 3475 ergo
2406 3402 2667 3471 justitiam
2714 3402 2833 3457 Dei.
2883 3404 2960 3457 Tu
3005 3403 3149 3457 eni'n
3196 3403 3527 3474 proposuisti

1933 3499 1984 3545 te
2014 3493 2205 3556 Deum,
2240 3490 2293 3543 id
2324 3499 2404 3545 est
2435 3491 2817 3545 admirandum
2864 3490 3334 3547 excellentissima:
3383 3491 3526 3561 parti

1932 3587 2321 3645 creaturarum,
2371 3586 2424 3634 et
2468 3579 2561 3634 ille
2612 3579 2839 3649 subjecit
2885 3588 2937 3634 te
2984 3578 3203 3635 infimas.
3255 3581 3333 3635 Tu
3381 3580 3526 3634 enim

1931 3668 2150 3724 voluisti
2181 3675 2236 3723 et
2263 3668 2456 3734 fecisti,
2490 3676 2753 3739 quantum
2782 3668 2836 3722 in
2862 3677 2915 3724 te
2945 3667 3060 3734 fuit,
3093 3677 3145 3723 te
3174 3668 3244 3722 ab
3273 3668 3525 3723 omnibus

1932 3757 2242 3811 hominibus
2273 3756 2417 3825 sciri,
2448 3757 2639 3826 videri,
2673 3756 2902 3827 laudari,
2955 3756 3298 3811 admirationi
3327 3765 3381 3811 et
3427 3772 3527 3812 ve-

1933 3846 2197 3901 nerationi
2226 3845 2435 3915 haberi,
2468 3847 2662 3913 amari,
2698 3845 2894 3912 timeri,
2930 3845 3221 3913 honorari;
3257 3862 3378 3918 quae
3405 3861 3527 3900 om-

1933 3934 2023 3989 nia
2053 3935 2122 3989 ab
2150 3935 2603 3990 excellentissima
2651 3934 2890 3989 omnium
2941 3942 3303 3989 creaturarum
3352 3942 3525 4006 parte,

1933 4023 1988 4077 id
2019 4032 2099 4078 est
2125 4024 2253 4078 solis
2275 4024 2688 4079 rationabilibus
2716 4023 3008 4089 mentibus,
3044 4023 3145 4078 soli
3178 4025 3294 4079 Deo
3325 4024 3531 4079 deben-

1935 4120 2039 4166 tur.
2069 4114 2218 4167 Juste
2248 4129 2384 4185 ergo
2409 4113 2606 4169 factum
2630 4121 2713 4167 est
2742 4120 2802 4167 ut
2844 4112 2936 4183 qui
2982 4113 3156 4168 Deum
3195 4111 3533 4185 dignissimis

1937 4209 2198 4256 creaturae
2228 4202 2471 4272 partibus
2498 4210 2550 4255 te
2577 4202 2938 4271 proponebas,
2972 4201 3117 4271 quod
3148 4201 3204 4255 in
3233 4216 3299 4255 ea
3325 4201 3533 4256 vilissi-

1935 4306 2083 4344 mum
2113 4298 2216 4359 est,
2249 4298 2305 4344 ut
2336 4292 2509 4344 Deum
2540 4289 2838 4359 acciperes,
2872 4297 2924 4343 et
2953 4289 3043 4359 qui
3086 4289 3156 4343 ab
3186 4289 3535 4345 excellentis-

242 4404 698 4458 contemnendum
736 4403 991 4473 acparvi
1034 4402 1342 4457 habendum
1390 4402 1578 4468 fuisse,
1631 4409 1683 4456 et
1715 4401 1826 4456 idec

1940 4379 2111 4445 simis,
2144 4377 2403 4449 quidquid
2432 4377 2532 4432 soli
2562 4378 2677 4432 Deo
2698 4376 3016 4441 debebatur,
3051 4385 3379 4449 extorquere
3409 4395 3536 4449 per-

235 4492 363 4560 jure
391 4492 446 4546 id
475 4491 676 4547 factum
705 4491 1112 4547 demonstreris.
1145 4491 1263 4545 Nisi
1295 4490 1439 4546 enim
1478 4498 1838 4546 contemnen-

244 4581 348 4635 dus
379 4595 443 4636 ac
472 4581 625 4652 parvi
655 4581 937 4635 habendus
967 4579 1183 4647 fuisses,
1215 4578 1487 4634 contemni
1536 4594 1639 4634 nec
1684 4578 1840 4649 parvi

242 4668 436 4724 haberi
453 4686 792 4741 nequaquam
814 4668 1087 4723 timuisses
1116 4675 1209 4722 aut
1231 4667 1524 4723 doluisses.
1556 4669 1672 4722 Hoc
1698 4666 1841 4722 enim

245 4757 367 4828 ipso
400 4758 535 4825 solo,
570 4758 656 4814 vel
686 4756 920 4812 maxime
942 4757 1371 4813 contemnendus
1401 4764 1453 4811 et
1472 4756 1624 4826 parvi
1639 4756 1843 4810 haben-

248 4845 353 4900 dus
383 4863 463 4913 es,
496 4847 641 4918 quod
670 4847 724 4901 id
750 4846 907 4901 times
937 4854 1026 4901 aut
1057 4845 1231 4901 doles.
1285 4846 1515 4901 Prorsus
1552 4860 1661 4899 non
1692 4844 1843 4897 timet

244 4934 374 4989 vilis
422 4935 609 4991 haberi
664 4950 767 4991 nec
808 4935 1099 5002 contemni,
1152 4933 1255 4989 nisi
1302 4933 1423 4989 vilis
1473 4941 1527 4989 et
1571 4931 1844 4989 contemni

249 5022 472 5096 dignus.

818 5130 1210 5185 CAPITULUM
1239 5128 1380 5184 VIII.

249 5236 328 5289 De
361 5233 448 5289 his
476 5235 571 5306 qui
599 5235 797 5290 volunt
826 5237 1010 5290 amari
1048 5239 1104 5289 et
1132 5233 1520 5306 admirationi
1548 5232 1758 5306 haberi,
1793 5235 1849 5306 et

322 5303 589 5376 quomodo
619 5322 719 5376 per
751 5306 925 5360 talem
953 5307 1263 5377 appetitum
1285 5303 1444 5359 homo
1466 5303 1680 5358 diabolo
1709 5304 1850 5357 assi-

322 5377 584 5441 milatur,
620 5380 676 5430 et
704 5377 953 5447 seipsum
982 5376 1125 5447 facit
1154 5376 1371 5430 idolum
1410 5377 1767 5429 exterarum.

321 5481 461 5535 Vere
493 5480 619 5536 colit
648 5481 819 5536 Deum
852 5481 942 5535 ille
973 5480 1314 5537 solummodo
1345 5479 1438 5551 qui
1483 5478 1539 5533 in
1571 5494 1694 5533 eum
1724 5494 1851 5534 vere

246 5567 499 5636 intendit,
534 5585 661 5624 eum
691 5585 824 5624 vero
852 5569 1082 5639 timoris,
1116 5568 1203 5625 vel
1248 5568 1469 5635 amoris,
1512 5567 1733 5623 honoris
1765 5567 1851 5623 vel

1941 4483 2101 4523 versa
2129 4466 2483 4537 usurpatione
2522 4465 2760 4533 voluisti,
2811 4464 3071 4537 quidquid
3119 4465 3238 4536 ipse
3268 4466 3532 4533 debebas,

1942 4556 2044 4611 soli
2073 4556 2188 4611 Deo
2215 4554 2520 4620 vilissimis,
2554 4554 2610 4609 id
2641 4561 2725 4609 est
2751 4553 3016 4625 corruptis
3045 4569 3332 4625 corporum
3378 4556 3536 4610 cada-

1941 4644 2165 4700 veribus
2194 4644 2561 4714 impenderes.
2594 4644 2736 4698 Nam
2765 4642 2948 4699 omnia
2989 4659 3111 4714 qua:
3157 4643 3404 4713 superius
3432 4658 3536 4713 po-

1945 4732 2116 4800 suisti,
2151 4733 2252 4788 soli
2284 4734 2400 4788 Deo
2439 4732 2618 4787 debita
2665 4747 2906 4788 amorem
2953 4732 3180 4797 scilicet,
3230 4739 3369 4795 etc.,
3422 4731 3538 4785 istis

1945 4823 2169 4878 exhibes
2200 4830 2313 4877 toto
2342 4821 2530 4877 corde.
2562 4822 2705 4876 Dum
2734 4837 2866 4893 ergo
2910 4837 3142 4891 usurpas
3169 4819 3429 4892 quidquid
3459 4826 3541 4874 est

1947 4911 2065 4977 Dei,
2099 4911 2309 4965 laudari
2339 4910 2566 4976 scilicet,
2600 4917 2728 4978 etc.,
2760 4908 2985 4963 amisisti
3026 4908 3286 4979 quidquid
3325 4916 3407 4962 est
3434 4909 3539 4963 ho-

1945 4999 2126 5066 minis,
2158 4999 2378 5053 laudare
2410 5000 2604 5063 Deum,
2638 4998 2705 5052 ad
2750 4997 2894 5069 quod
2938 5004 3155 5052 creatus
3201 5012 3280 5063 es,
3326 5004 3431 5052 etc.
3475 4997 3544 5052 Et

1948 5088 2073 5159 quia
2101 5103 2266 5158 supra
2296 5086 2744 5143 summumlocns
2790 5102 2899 5141 non
2948 5093 3050 5151 est,
3082 5101 3185 5141 nec
3233 5085 3369 5139 infra
3416 5084 3545 5139 inﬁ-

1949 5193 2115 5247 mum,
2164 5178 2295 5231 dum
2345 5192 2511 5246 supra
2558 5191 2829 5230 summum
2872 5174 3071 5240 tendis,
3126 5173 3265 5229 infra
3303 5173 3545 5228 infimum

1951 5282 2142 5321 rursus
2172 5282 2249 5321 es.
2286 5264 2389 5333 Qui
2410 5265 2555 5320 enim
2603 5264 2786 5335 aliquo
2832 5262 3046 5332 fruitur,
3096 5262 3150 5319 ei
3194 5279 3422 5320 necesse
3465 5270 3548 5317 est

1952 5369 2052 5423 per
2096 5369 2339 5409 amorem
2388 5353 2668 5407 subdatur.
2728 5353 2808 5407 Tu
2853 5360 3036 5407 autem
3079 5351 3279 5408 frueris
3322 5350 3543 5406 infimis.

1952 5443 2104 5515 Ergo
2132 5443 2271 5498 infra
2300 5441 2488 5497 inﬁma
2516 5450 2701 5496 trusus
2730 5457 2811 5509 es,
2841 5440 2936 5496 ubi
2965 5441 3119 5496 locus
3148 5439 3329 5494 nullus
3359 5447 3460 5493 est.

2025 5568 2292 5623 Amicitia
2317 5566 2520 5622 mundi
2546 5567 2732 5637 hujus,
2774 5573 2830 5620 ut
2876 5565 3065 5621 beatus
3113 5562 3350 5619 Iacobus
3392 5562 3541 5627 dicit,
