3978 6050
449 139 553 193 615

1297 140 1638 199 GUIGONIS
1677 141 1699 196 Ι
1737 138 2145 198 CARTHUSL/E
2186 137 2475 195 MAIORIS
2514 140 2791 201 PRIORIS
2830 144 2893 200 V.

3635 149 3743 202 616

452 263 697 319 inimica
714 267 797 319 est
816 264 941 319 Deo.
969 263 1074 330 Qui
1093 265 1245 319 enim
1261 265 1631 321 volueritesse
1643 268 2045 321 amicusswcu-
2069 267 2121 324 A
2222 262 2325 331 Qui
2348 273 2399 320 te
2429 266 2484 320 in
2514 275 2565 322 te
2594 267 2696 323 frui
2726 268 2857 335 vult,
2884 282 2979 323 eas
3010 273 3117 322 ate
3148 266 3354 339 gratias
3381 266 3581 322 meruit
3610 284 3747 341 quas

455 350 496 404 li
514 350 701 422 hujus,
722 352 989 407 inimicus
1014 354 1109 408 Dei
1132 355 1507 409 constituitur
1526 356 1665 424 (Jac.
1707 369 1784 420 xv,
1826 354 1901 425 ι).
1942 353 2047 421 Qui

453 446 634 493 autem
663 439 836 511 diligit
867 440 951 495 vel
982 457 1142 495 unam
1166 456 1407 496 muscam
1434 442 1484 496 in
1508 443 1609 497 hoc
1630 442 1851 506 mundo,
1877 449 2045 496 totum

449 527 708 581 mundum
740 528 929 600 diligat
978 546 1206 585 necesse
1246 538 1346 585 est.
1392 531 1556 585 Totus
1596 531 1737 585 enim
1787 530 1838 585 ei
1884 545 2043 602 quam

451 615 627 685 diligit
656 616 736 671 rei
768 618 1114 672 necessarius
1143 627 1244 673 est.
1279 620 1450 673 Porro
1484 618 1723 690 quandiu
1754 634 1910 674 amor
1938 620 2044 672 hu-

447 703 535 771 jus
562 704 769 772 mundi,
802 706 987 760 tandiu
1017 706 1310 762 inimicitiae
1340 708 1483 761 inter
1516 709 1687 762 Deum
1716 715 1769 761 et
1798 706 2046 761 homines

454 800 595 845 sunt.
630 793 762 848 Cum
793 810 925 865 ergo
954 794 1021 848 ab
1049 795 1128 849 eis
1177 803 1230 850 te
1270 796 1354 849 vis
1412 796 1581 867 diligi,
1617 803 1670 850 ut
1701 795 1902 850 inimici
1931 797 2047 850 Deo

451 878 580 934 fiant
610 881 711 935 vis.
747 882 1014 937 Praedicas
1045 891 1226 938 autem
1255 890 1311 937 ut
1342 884 1604 955 quidquid
1650 892 1733 938 est
1780 892 2044 949 creatum,

451 977 844 1039 contemnatur,
881 979 1145 1042 quatenus
1176 972 1291 1027 Deo
1319 971 1759 1027 reconcilientur.
1790 972 2046 1042 Nunquid

452 1075 587 1132 ergo
628 1067 681 1113 te
710 1059 887 1114 solum
917 1068 1240 1130 excepturus
1279 1075 1358 1125 es,
1410 1060 1760 1131 dicturusque
1808 1060 2047 1114 homini-

452 1148 553 1202 bus
587 1166 599 1202 :
634 1147 830 1203 Omnia
859 1149 1184 1203 contemnite
1229 1156 1449 1219 propter
1491 1150 1663 1203 Deum
1714 1155 1909 1217 praeter
1936 1164 2043 1214 me,

448 1243 505 1290 ut
538 1236 743 1292 scilicet
772 1236 847 1289 nil
894 1237 961 1289 sit
1008 1236 1153 1291 aliud
1196 1237 1343 1308 quod
1390 1236 1653 1307 impediat
1700 1236 2048 1291 reconciliari

447 1324 695 1379 homines
727 1326 859 1390 Deo,
913 1324 1017 1377 nisi
1064 1332 1141 1391 tu,
1187 1333 1345 1395 atque
1392 1324 1467 1378 ita
1507 1332 1731 1394 propter
1770 1332 1823 1379 te
1871 1325 2047 1380 solum

449 1412 743 1469 inimicitiae
772 1413 914 1467 inter
944 1414 1118 1467 Deum
1147 1420 1198 1467 et
1233 1412 1484 1468 homines
1528 1422 1901 1483 perseverent,
1954 1414 2049 1468 sit-

452 1518 556 1572 que
586 1516 748 1555 nemo
778 1501 982 1567 salvus,
1017 1500 1143 1554 dum
1176 1500 1452 1571 diligendo
1482 1508 1554 1566 te,
1587 1508 1756 1555 totum
1788 1501 2047 1556 mundum

447 1589 679 1660 diligere
709 1597 976 1660 coguntur
1006 1596 1262 1659 tanquam
1296 1588 1401 1642 sibi
1431 1587 1803 1644 necessarium
1828 1590 1856 1643 ?
1885 1589 2043 1645 Aliud
2067 1618 2117 1677 Β

448 1686 531 1733 est
560 1684 739 1731 autem
786 1677 1016 1747 diligere
1048 1676 1296 1732 homines
1324 1678 1380 1731 in
1436 1677 1640 1732 mundo
1687 1676 1775 1733 vel
1822 1686 2047 1748 propter

451 1766 733 1830 mundum,
768 1765 913 1820 aliud
940 1766 995 1820 in
1025 1766 1139 1821 Deo
1170 1766 1254 1821 vel
1303 1772 1525 1837 propter
1552 1766 1745 1834 Deum,
1777 1765 1927 1822 aliud
1955 1783 2043 1821 cu-

451 1855 576 1925 pide
604 1854 690 1909 vel
718 1854 1165 1909 misericorditer.

911 2014 1306 2070 CAPITULUM
1344 2014 1440 2069 IX.

452 2139 527 2195 De
555 2139 751 2194 anima
779 2154 900 2209 qua:
927 2154 1030 2209 per
1056 2139 1399 2210 ﬁnitionem
1436 2140 1495 2192 et
1541 2153 1789 2193 amorem
1831 2141 2045 2210 tempo-

522 2211 737 2334 ταιίἔιτη
767 2211 926 2264 aDeo
970 2209 1201 2277 recedit,
1254 2213 1311 2265 et
1336 2226 1371 2264 α
1421 2209 1765 2265 daemonibus
1812 2209 2044 2265 constu-

523 2296 628 2334 vra
660 2297 748 2334 ur.

522 2296 748 2352 pramr.

522 2406 717 2460 Dicant
748 2402 1058 2474 temporalia
1089 2403 1231 2458 bona
1261 2420 1274 2457 :
1309 2404 1366 2459 Si
1395 2406 1543 2460 Deus
1572 2404 1849 2460 sanaverit
1876 2420 1977 2460 nos
2017 2421 2047 2459 a

447 2494 639 2549 morbo
670 2492 1051 2563 corruptionis,
1085 2492 1215 2564 quid
1242 2508 1374 2563 ages
1395 2494 1423 2548 Ἰ
1451 2495 1512 2547 In
1558 2494 1678 2565 ipso
1728 2510 1828 2547 usu
1859 2493 2045 2548 consi-

451 2584 587 2638 dera
615 2582 670 2636 in
701 2597 807 2653 quo
835 2581 1030 2635 melior
1060 2597 1126 2635 ex
1156 2581 1314 2636 nobis
1342 2580 1458 2647 fias,
1488 2582 1576 2638 vel
1608 2581 1735 2654 quid
1767 2582 1894 2637 inde
1921 2598 2048 2652 spe-

451 2688 543 2726 res
571 2670 625 2724 in
656 2677 953 2741 posterum.
987 2670 1258 2739 Expertus
1302 2685 1362 2725 es
1409 2686 1527 2725 nos.
1565 2669 1709 2737 Quid
1739 2686 1872 2743 ergo
1894 2670 1923 2725 ?
1953 2670 2046 2724 Vis

450 2759 505 2814 in
534 2774 636 2814 nos
682 2756 895 2821 mutari,
945 2771 1013 2811 an
1062 2772 1162 2811 nos
1206 2756 1262 2811 in
1289 2757 1549 2825 te?Quid
1598 2758 1693 2811 tibi
1746 2765 1799 2813 et
1842 2758 2047 2814 nobis?

453 2846 592 2916 Quid
622 2845 776 2900 doles
822 2845 890 2899 de
920 2845 1146 2899 transitu
1194 2847 1432 2900 nostro?
1480 2846 1765 2900 Maluimus
1802 2846 2041 2914 interire,

2146 368 2347 409 muscae
2377 361 2428 409 et
2455 356 2688 427 pulices,
2723 365 2871 411 tuum
2902 364 3162 429 sugentes
3194 357 3537 427 sanguinem.

2219 442 2273 496 Si
2313 443 2429 497 haec
2475 444 2696 515 (quibus
2736 446 2791 499 in
2836 453 3014 500 mente
3046 453 3131 499 tua
3180 444 3460 514 impressis
3511 444 3748 499 admira-

2144 530 2288 585 tione
2319 539 2370 585 et
2398 547 2604 597 amore,
2628 534 2719 605 qui
2741 535 2917 590 cultus
2947 534 3050 588 soli
3086 534 3202 588 Deo
3225 532 3468 601 debetur,
3503 548 3754 589 succum-

2146 618 2252 688 bis)
2283 619 2337 672 in
2366 619 2545 691 aliquo
2576 623 2776 693 angulo
2805 624 3021 690 domus,
3055 639 3151 677 seu
3184 623 3416 692 sculpta,
3452 638 3548 676 seu
3579 622 3745 693 picta,

2146 707 2505 763 admiratione
2557 725 2653 765 seu
2702 727 2910 777 amore,
2962 727 3058 765 seu
3108 710 3353 780 corporis
3401 709 3750 765 inclinatione

2147 796 2514 863 venerareris,
2548 806 2601 853 et
2648 800 3015 855 innotesceret
3059 798 3281 870 populo,
3315 798 3445 870 quid
3470 798 3541 853 de
3569 806 3620 853 te
3666 798 3751 853 fa-

2147 901 2293 946 ceret
2313 894 2341 947 τ

2218 981 2409 1036 Mulier
2438 996 2559 1053 quae
2586 982 2809 1050 propter
2838 977 2943 1033 hoc
2971 992 3080 1031 non
3109 974 3426 1042 fornicatur,
3460 981 3514 1029 et
3546 974 3749 1030 deserit

2145 1069 2425 1140 proprium
2474 1068 2668 1132 virum,
2730 1065 2855 1137 quia
2884 1080 2993 1119 non
3049 1064 3254 1119 invenit
3305 1063 3605 1117 adulterum
3654 1063 3748 1117 diu

2146 1173 2483 1222 mansurum,
2517 1171 2626 1210 non
2655 1154 2785 1209 vitat
2801 1151 3143 1217 adulterium,
3186 1151 3284 1206 sed
3314 1152 3505 1223 quaerit
3535 1151 3748 1205 diutur-

2146 1262 2295 1300 num.
2327 1247 2405 1301 Tu
2431 1254 2608 1299 autem
2640 1244 2709 1298 ad
2740 1242 2870 1296 mali
2917 1240 3190 1296 cumulum
3239 1239 3551 1294 divaricasti
3588 1254 3749 1295 crura

2147 1333 2344 1389 mentis
2391 1340 2497 1387 tuae
2538 1331 2685 1387 omni
2744 1328 3065 1392 transeunti,
3111 1336 3167 1382 ut
3217 1327 3303 1382 vel
3353 1328 3749 1382 momentaneis

2148 1421 2427 1476 adulteriis
2457 1418 2738 1485 fruereris,
2772 1418 2897 1490 quia
2925 1416 3192 1473 diuturnis
3241 1414 3327 1472 vel
3375 1414 3595 1471 aeternis
3635 1431 3745 1471 non

2146 1518 2365 1580 poteras
2378 1550 2391 1564 .

2219 1598 2347 1652 Ilazc
2377 1603 2459 1651 est
2488 1612 2713 1667 prorsus
2744 1593 3025 1666 pravitatis
3071 1594 3322 1647 humanae
3361 1607 3590 1662 summa,
3621 1608 3743 1647 me-

2144 1686 2276 1741 liora
2305 1701 2365 1740 se
2395 1685 2672 1749 deserere,
2706 1684 2759 1736 id
2791 1690 2873 1738 est
2903 1683 3075 1737 Deum
3101 1700 3115 1746 ;
3150 1689 3199 1735 et
3238 1679 3538 1735 minoribus
3567 1696 3625 1735 se
3654 1681 3744 1734 in-

2146 1773 2390 1841 tendere,
2424 1772 2765 1843 fruendoque
2813 1770 2894 1827 eis
2941 1770 3223 1835 inhaerere,
3257 1768 3312 1823 id
3341 1776 3425 1824 est
3469 1776 3742 1839 tempora-

2146 1863 2307 1918 libus.

2219 1950 2537 2006 Scarabaeus
2597 1949 2724 2003 dum
2793 1946 3125 2019 supervolat,
3159 1952 3352 2001 cuncta
3408 1944 3622 2000 intuens
3669 1944 3745 2000 nil

2145 2038 2431 2110 pulchrum
2457 2046 2549 2092 aut
2577 2052 2771 2092 sanum
2799 2037 2915 2091 sive
2944 2033 3190 2090 durabile
3220 2033 3388 2103 eligit,
3422 2033 3539 2100 sed,
3571 2033 3743 2089 sicubi

2148 2135 2389 2183 stercora
2412 2128 2595 2195 jacent
2620 2125 2861 2191 fetentia,
2896 2124 2975 2179 eis
3023 2123 3270 2194 protinus
3300 2121 3516 2186 insidet,
3549 2122 3743 2192 spretis

2146 2223 2223 2271 tot
2252 2214 2511 2286 pulchris.
2545 2216 2621 2269 Ita
2653 2214 2866 2269 animus
2909 2219 3031 2267 tuus
3076 2210 3275 2266 cmlum
3322 2218 3644 2282 terramque,
3692 2217 3745 2265 et

2147 2320 2269 2375 quae
2290 2303 2344 2357 in
2366 2303 2445 2358 eis
2466 2318 2668 2374 magna
2698 2310 2749 2357 et
2786 2301 3028 2373 pretiosa
3048 2307 3189 2366 sunt,
3218 2298 3407 2353 intuitu
3429 2298 3739 2369 pervolans,

2145 2391 2281 2446 nulli
2311 2392 2572 2458 adhazret,
2606 2390 3039 2461 contemptisque
3081 2387 3353 2451 omnibus,
3401 2387 3526 2441 vilia
3572 2386 3741 2440 multa

2146 2495 2211 2536 ac
2241 2480 2481 2547 sordida,
2517 2497 2636 2553 quas
2665 2478 2921 2551 cogitanti
2971 2483 3286 2545 occurrunt,
3326 2476 3502 2531 libens
3533 2475 3744 2547 ample-

2146 2569 2327 2625 ctitur.
2361 2568 2642 2625 Erubesce
2674 2584 2739 2624 ex
2771 2568 2875 2622 his.

2636 2681 3033 2739 CAPITULUM
3063 2679 3136 2734 Χ.

2147 2779 2223 2833 De
2251 2774 2695 2848 impudentiaget
2726 2772 3093 2848 [nantesitate
3137 2773 3345 2848 animo:
3373 2768 3732 2848 fornicantis,

2368 2863 2491 2920 qua:
2518 2845 2662 2918 petit
2694 2842 2733 2899 α’
2758 2844 2865 2901 Deo
2904 2844 2965 2899 in
2995 2858 3094 2901 suo
3125 2845 3331 2901 scelere
3362 2842 3665 2911 con/overi.

452 2934 749 2991 secundum
811 2933 1027 2988 Domini
1084 2932 1434 3000 voluntatem,
1482 2950 1645 3006 quam
1683 2949 1908 2990 manere
1953 2951 2044 2990 se-
2069 2972 2115 3032 Ο
2218 2938 2353 2993 Cum
2382 2950 2549 3007 rOgas
2578 2934 2749 2987 Deum
2779 2940 2838 2986 ut
2868 2948 2976 2988 non
3023 2932 3232 2989 auferat
3279 2929 3373 2985 tibi
3422 2928 3626 3000 aliquid
3654 2926 3739 2982 cui

450 3024 687 3080 cundum
716 3031 858 3077 tuam
890 3022 1255 3092 cupiditatem.
1288 3022 1477 3077 Nullas
1507 3023 1602 3077 tibi
1631 3038 1731 3094 pro
1760 3024 1864 3087 hoc
1893 3038 2044 3078 amo-

447 3128 507 3167 re
538 3120 628 3167 tuo
657 3110 945 3166 referimus
976 3110 1199 3182 gratias,
1233 3110 1331 3165 sed
1360 3111 1537 3181 potius
1566 3118 1624 3165 ut
1663 3111 1885 3165 stultum
1914 3110 2041 3165 irri-

451 3201 664 3257 demus.
688 3199 784 3254 Cui
815 3199 959 3254 enim
989 3199 1329 3269 potissimum
1359 3198 1585 3254 obedire
1608 3199 1892 3266 debemus,
1927 3200 2041 3254 Deo

449 3302 521 3343 an
550 3288 690 3342 tibi?
718 3288 834 3355 Dic,
868 3287 914 3341 si
943 3288 1130 3355 audes,
1162 3302 1342 3342 nonne
1371 3288 1473 3343 hoc
1503 3296 1586 3342 est
1633 3287 1744 3343 fere
1774 3295 1925 3342 tuum
1955 3296 2042 3343 to-

447 3386 561 3432 tum
591 3375 843 3443 ofﬁcium,
874 3392 975 3431 nos
1005 3375 1061 3430 in
1108 3376 1423 3448 putredines
1470 3376 1779 3432 devorando
1809 3392 2042 3433 conver-

452 3473 567 3521 tere
585 3466 613 3519 ?

525 3555 655 3611 Haec
683 3561 775 3609 tua
801 3553 1018 3619 utilitas,
1051 3559 1145 3607 tua
1165 3552 1426 3625 potentia,
1460 3561 1519 3608 ut
1547 3569 1645 3624 per
1673 3561 1725 3609 te
1754 3559 1942 3609 nostra
1962 3568 2045 3608 sa-

451 3644 569 3700 nies
600 3650 837 3699 transeat
865 3641 1183 3708 affluenter;
1236 3657 1347 3697 non
1390 3642 1534 3696 enim
1582 3641 1768 3698 facere
1804 3642 1957 3698 vales
1986 3648 2042 3697 ut

447 3740 668 3788 maneat
694 3732 799 3788 hoc
840 3738 990 3785 tuum
1030 3730 1293 3785 studium.
1346 3732 1473 3786 Haec
1519 3738 1613 3785 tua
1658 3730 1953 3795 beatitudo,
1987 3737 2044 3785 ut

450 3821 653 3877 nostris
678 3835 789 3875 non
818 3834 1005 3875 careas
1036 3818 1307 3883 sordibus,
1342 3819 1538 3890 quibus
1584 3818 1765 3874 votive
1793 3833 2043 3874 succum-

453 3909 559 3977 bis,
591 3914 975 3977 corrumpente
996 3913 1049 3961 et
1076 3913 1459 3976 constuprante
1480 3914 1532 3961 te
1552 3922 1651 3977 per
1682 3921 1775 3961 eas
1804 3906 2040 3973 diabolo,

455 4012 566 4052 non
596 3995 714 4051 sine
742 4010 842 4050 sua
864 3995 1137 4065 voluptate
1166 4009 1387 4065 magna,
1419 4003 1469 4050 et
1497 3994 1700 4067 gaudio
1720 3995 1790 4051 de
1820 4002 1912 4051 tua
1940 3995 2042 4051 de-

454 4085 703 4156 ceptione
734 4091 787 4139 et
806 4083 1040 4138 interitu.

527 4173 863 4244 Quacunque
893 4170 1069 4227 forma
1093 4170 1310 4239 frueris,
1356 4186 1421 4226 ea
1465 4171 1621 4243 quasi
1663 4172 1933 4229 masculus
1964 4180 2046 4229 est

452 4273 555 4318 tuae
583 4261 770 4317 menti.
801 4259 956 4315 Cedit
987 4259 1131 4314 enim
1161 4267 1213 4315 et
1242 4260 1544 4316 succumbit
1574 4261 1622 4315 ei
1647 4280 1660 4327 ;
1694 4268 1746 4317 et
1792 4277 1902 4316 non
1928 4262 2046 4332 ipsa

2143 3024 2404 3081 inhaesisti
2437 3021 2653 3092 cupide,
2687 3020 2761 3075 ita
2792 3028 2874 3075 est
2900 3036 2965 3076 ac
2997 3021 3042 3075 si
3081 3020 3296 3084 mulier,
3329 3034 3360 3072 a
3390 3017 3508 3073 viro
3553 3031 3652 3069 suo
3680 3015 3739 3068 in

2142 3114 2261 3186 ipso
2283 3111 2546 3167 adulterio
2570 3109 2930 3179 deprehensa,
2954 3125 3076 3166 cum
3098 3109 3293 3164 debeat
3312 3113 3499 3177 petere
3529 3103 3737 3157 veniam

2142 3201 2407 3267 criminis,
2439 3205 2596 3269 roget
2624 3196 2803 3268 potius
2830 3213 2900 3253 ne
2928 3197 3286 3268 interrumpat
3314 3195 3364 3249 ei
3391 3192 3563 3265 ipsius
3583 3189 3740 3247 adul-

2142 3290 2263 3347 terii
2290 3289 2650 3359 voluptatem.

2213 3379 2335 3434 Non
2370 3376 2499 3431 satis
2530 3375 2622 3429 tibi
2651 3382 2734 3429 est
2761 3389 2793 3429 a
2822 3375 2938 3430 Deo
2982 3372 3248 3438 fornicari,
3302 3371 3408 3426 nisi
3448 3370 3629 3441 ipsum
3670 3366 3743 3423 ad

2143 3468 2249 3523 hoc
2277 3466 2523 3531 inclines,
2565 3472 2622 3518 ut
2651 3479 2714 3518 ea
2742 3462 2941 3533 quibus
2971 3460 3337 3532 corrumperis
3367 3458 3615 3525 fruendo,
3650 3471 3741 3511 au-

2144 3562 2287 3628 geat,
2319 3559 2626 3617 conservet,
2659 3559 2711 3606 et
2739 3558 2975 3623 coaptat,
3007 3551 3063 3606 id
3093 3558 3174 3606 est
3202 3549 3401 3606 formas
3428 3560 3739 3618 corporum,

2145 3659 2367 3716 sapores
2397 3649 2451 3698 et
2480 3641 2716 3697 colores.

2216 3731 2351 3800 Quae
2381 3737 2465 3787 est
2491 3723 2632 3801 a'deo
2652 3728 2938 3799 impudens
2956 3726 3152 3783 mulier
3179 3733 3237 3781 ut
3264 3725 3409 3781 dicat
3440 3724 3557 3780 viro
3588 3737 3687 3779 suo
3719 3740 3734 3777 :

2145 3820 2341 3890 Quaere
2366 3818 2499 3873 mihi
2524 3818 2676 3872 illum
2704 3823 2794 3872 aut
2823 3816 2974 3871 illum
3005 3830 3129 3870 cum
3159 3828 3268 3886 quo
3295 3813 3580 3875 dormiam,
3613 3810 3743 3882 quia

2143 3907 2341 3980 placuit
2371 3907 2503 3961 mihi
2534 3905 2654 3977 plus
2683 3914 2758 3973 te,
2790 3903 3029 3976 alioquin
3058 3918 3165 3959 non
3206 3902 3482 3974 quiescam
3502 3902 3529 3956 ?
3556 3901 3637 3955 Tu
3667 3906 3742 3954 ta-

2143 4013 2269 4052 men
2296 3996 2428 4051 facis
2459 3997 2563 4050 hoc
2590 3994 2709 4050 viro
2738 4001 2849 4058 tuo,
2885 3992 2941 4047 id
2979 3999 3063 4047 est
3104 3990 3357 4056 Domino,
3388 4004 3513 4045 cum
3542 3996 3742 4059 praeter

2144 4085 2325 4157 ipsum
2354 4082 2560 4155 aliquid
2588 4082 2842 4152 diligens,
2874 4080 2930 4135 id
2959 4080 3135 4150 ipsum
3164 4079 3233 4133 ah
3262 4094 3327 4134 eo
3361 4078 3520 4149 petis.

2217 4174 2353 4228 Cum
2382 4171 2519 4227 dicis
2546 4172 2662 4226 Deo
2699 4184 2711 4224 :
2745 4170 2823 4223 Da
2852 4167 2983 4222 mihi
3011 4168 3115 4223 hoc
3136 4175 3226 4222 aut
3245 4166 3396 4231 illud,
3429 4166 3533 4221 hoc
3562 4171 3644 4221 est
3662 4163 3741 4219 di-

2144 4276 2272 4318 cere
2305 4276 2317 4315 :
2351 4261 2434 4315 Da
2462 4258 2593 4313 mihi
2619 4258 2675 4312 in
2704 4273 2812 4329 quo
2844 4264 2895 4312 te
2929 4254 3220 4320 offendam,
3252 4262 3304 4309 et
3335 4270 3368 4309 a
3396 4261 3449 4309 te
3480 4252 3735 4310 fornicer.

450 4350 567 4417 tibi,
600 4349 698 4405 sed
721 4358 778 4404 tu
819 4348 924 4419 ipsi
969 4348 1332 4403 conformaris
1379 4356 1429 4405 et
1472 4349 1830 4405 assimiliaris.
1882 4350 2045 4419 Ejus-
2074 4333 2283 4406 1)Cum
2319 4348 2465 4404 enim
2512 4346 2717 4417 aliquid
2758 4344 2903 4400 aliud
2931 4344 2999 4398 ab
3030 4359 3094 4399 eo
3144 4359 3303 4416 quam
3351 4343 3528 4413 ipsum
3573 4340 3732 4413 petis,

455 4439 689 4509 demque
736 4436 925 4493 formae
962 4437 1146 4510 imago
1190 4446 1431 4493 remanet
1472 4439 1741 4509 impressa
1787 4447 2043 4510 tanquam

452 4527 793 4583 simulacrum
824 4526 880 4580 in
908 4526 1110 4597 templo
1141 4542 1260 4591 suo,
1292 4526 1378 4582 cui
1414 4542 1524 4582 non
1553 4528 1767 4593 bovem,
1801 4542 1909 4583 non
1939 4527 2046 4582 hir-

451 4631 594 4684 cum,
627 4615 725 4670 sed
752 4614 987 4669 animam
1017 4614 1337 4669 rationalem
1380 4623 1433 4670 et
1472 4631 1693 4685 corpus,
1738 4615 1794 4670 id
1836 4622 1919 4670 est
1963 4621 2043 4671 te-

448 4704 625 4777 ipsum
656 4710 822 4758 totum
855 4703 1122 4768 immolas,
1156 4718 1280 4759 cum
1310 4718 1377 4758 ea
1403 4702 1618 4758 frueris.

523 4792 652 4847 Vide
683 4791 976 4863 quomodo,
1009 4791 1161 4862 quasi
1215 4791 1267 4845 in
1310 4791 1561 4860 taberna,
1606 4806 1844 4847 amorem
1888 4799 2040 4846 tuum

447 4876 603 4949 quasi
631 4876 879 4931 venalem
910 4875 1270 4946 prostitueris,
1305 4883 1359 4930 et
1387 4875 1456 4929 ad
1493 4891 1809 4931 mensuram
1836 4892 2037 4931 mune-

442 4981 563 5019 rum
589 4964 798 5034 pariter
824 4963 1001 5035 ipsum
1029 4963 1339 5018 hominibus
1355 4961 1643 5033 impendis.
1675 4963 1822 5018 Nihil
1849 4964 1904 5017 in
1937 4965 2037 5019 hac

440 5052 665 5107 taberna
694 5053 889 5124 accipit
916 5052 1005 5123 qui
1048 5051 1181 5106 nihil
1215 5051 1326 5117 dat,
1358 5058 1445 5105 aut
1494 5052 1717 5106 daturus
1766 5060 2031 5123 speratur.

438 5140 507 5195 Et
536 5148 717 5195 tamen
746 5156 847 5196 nec
876 5140 1020 5211 quod
1050 5140 1320 5194 venderes
1366 5139 1617 5204 haberes,
1668 5139 1773 5194 nisi
1821 5140 1917 5195 tibi
1960 5141 2035 5197 nil

437 5228 586 5283 danti
624 5228 798 5301 gratis
848 5235 993 5284 esset
1039 5227 1223 5282 datum
1270 5227 1526 5298 desuper.
1581 5228 1851 5300 Recepisti
1898 5245 2034 5302 ergo

434 5318 740 5373 mercedem
772 5325 936 5371 tuam.

498 5404 791 5462 Evacuatio
823 5412 877 5460 et
906 5403 1181 5476 elongatio
1209 5418 1241 5460 a
1271 5405 1387 5461 Deo
1415 5411 1685 5476 praeparat
1734 5404 1803 5483 ad
1832 5418 2033 5461 concu-

429 5493 749 5564 piscendum
761 5534 774 5548 .

2144 4437 2261 4509 ipsa
2280 4436 2539 4509 petitione
2570 4442 2658 4489 tua
2686 4440 2900 4489 reatum
2930 4432 2979 4487 ei
3025 4440 3175 4487 tuum
3222 4439 3275 4487 et
3328 4429 3739 4487 fornicationem

2144 4526 2214 4581 ab
2243 4541 2310 4581 eo
2337 4523 2596 4591 ostendis,
2628 4529 2679 4577 et
2707 4521 2907 4577 nescis.

2213 4612 2519 4668 Misericors
2575 4610 2836 4679 vindicta,
2885 4609 2931 4663 si
2980 4624 3229 4679 sponsus,
3283 4623 3537 4679 sponsam
3586 4619 3739 4661 suam

2141 4701 2441 4757 adulteram
2503 4697 2936 4771 deprehendens,
2971 4713 3091 4753 eam
3129 4706 3339 4752 tantum
3368 4694 3629 4750 subtrahit
3658 4693 3737 4749 eis

2140 4805 2265 4847 cum
2298 4789 2495 4861 quibus
2536 4770 2930 4843 fornicabatur.
2989 4785 3163 4854 Quam
3208 4800 3338 4841 vero
3383 4770 3656 4854 impudica
3686 4788 3739 4837 et

2141 4876 2511 4934 inverecunda
2539 4884 2622 4932 est
2651 4876 2790 4945 ipsa,
2840 4873 2887 4928 si
2925 4874 2993 4929 ad
3023 4873 3273 4941 injuriam
3318 4873 3421 4927 hoc
3469 4869 3733 4943 accipiat!

2139 4966 2299 5021 Nulla
2328 4965 2434 5020 alia
2463 4964 2578 5019 fere
2606 4964 2703 5018 tibi
2734 4969 2819 5017 est
2870 4977 3029 5017 causa
3072 4961 3312 5028 dolendi,
3363 4960 3467 5015 nisi
3508 4959 3649 5025 talis,
3682 4958 3735 5013 id

2139 5062 2223 5110 est
2249 5054 2319 5109 de
2348 5052 2639 5109 subtractis
2669 5050 3117 5105 fornicationibus
3158 5049 3284 5105 tuis.
3334 5049 3443 5120 Ipsi
3474 5064 3607 5121 ergo
3633 5048 3737 5103 do-

2138 5142 2286 5197 lores
2315 5141 2391 5196 tui
2419 5147 2655 5212 arguunt
2696 5138 3083 5194 fornicationes
3128 5146 3266 5206 tuas,
3314 5137 3388 5193 ita
3415 5145 3471 5192 ut
3514 5153 3625 5192 non
3671 5136 3740 5190 sit

2137 5246 2276 5301 opus
2306 5230 2427 5283 aliis
2456 5229 2707 5286 testibus.

2208 5319 2338 5374 Haec
2368 5318 2503 5373 solet
2535 5332 2568 5372 a
2596 5318 2785 5388 sponsi
2813 5317 2983 5374 oculis
3032 5316 3331 5387 quamlibet
3369 5312 3738 5370 inverecunda

2136 5415 2190 5462 et
2228 5407 2505 5477 impudica
2534 5407 2726 5462 mulier
2754 5407 3118 5474 abscondere,
3171 5405 3445 5476 lacrymas
3474 5418 3611 5475 quas
3639 5416 3740 5473 pro

2135 5494 2351 5551 damnis
2378 5510 2501 5566 quae
2530 5494 2848 5568 contingunt
2876 5494 3141 5560 adultero,
3166 5500 3219 5548 et
3251 5507 3386 5564 quas
3406 5506 3504 5563 pro
3532 5488 3743 5560 injuriis
3834 5492 3839 5495 “
