3978 6050
243 228 350 281 617

1618 218 2056 277 MEDITATION
2060 222 2163 277 ES.

3433 231 3538 285 618

246 348 315 402 ab
348 345 616 412 adultero,
658 344 761 398 sibi
815 344 968 411 irato,
1025 344 1186 397 illatis
1214 344 1423 409 fundit;
1454 346 1603 414 ipsas
1634 359 1850 415 quoque
1876 344 2050 403 Ased
2098 343 2258 398 etiam
2312 357 2570 412 magnum
2610 343 2804 398 animae
2863 360 2975 399 sure
3030 345 3409 402 detrimentum
3472 351 3549 403 in-

242 434 491 503 injurias,
527 431 773 486 similiter
816 439 870 486 et
897 431 1117 503 gaudia.
1151 432 1286 486 Vide
1317 448 1459 488 nunc
1496 433 1541 486 si
1571 433 1627 487 id
1656 432 1845 486 saltem

249 529 307 576 tu
329 521 398 575 ad
428 522 604 575 Deum
634 518 825 584 facias,
859 519 904 572 si
933 535 1042 573 non
1064 526 1248 589 aperte
1267 535 1453 574 coram
1472 536 1538 575 eo
1566 535 1663 590 pro
1692 519 1847 573 dam-

249 609 339 662 nis
369 607 620 662 adulterii
641 607 739 676 tui,
759 607 816 661 id
838 615 920 661 est
948 607 1135 661 mundi
1165 609 1343 676 hujus,
1391 608 1567 680 luges,
1631 615 1682 661 et
1720 622 1846 676 pro-

251 696 431 766 speris
452 694 709 749 exsultas.
731 696 906 750 Frons
918 708 1049 767 ergo
1078 697 1399 751 meretricis
1419 696 1679 751 mulieris
1688 696 1847 764 facta

250 788 337 839 est
369 784 469 838 tibi
500 784 636 853 (Jer.
670 797 750 849 ιιι,
783 783 862 851 3).

811 949 1202 1005 CAPITULUM
1242 949 1340 1002 XI.

255 1109 335 1163 De
363 1107 688 1179 ignorantia
700 1106 791 1161 sui
805 1106 984 1179 ipsius
1003 1122 1112 1177 qua
1126 1106 1306 1179 homo,
1331 1122 1431 1177 per
1460 1122 1707 1179 amorem
1731 1110 1849 1161 ter-

323 1175 597 1301 renorurtn
630 1180 803 1300 (Extra
827 1175 1084 1247 iseipsum
1126 1175 1368 1245 effusus,
1410 1192 1467 1231 se
1493 1175 1848 1232 considerare

326 1264 442 1301 non
472 1263 540 1301 υο
573 1263 628 1301 es
662 1288 674 1300 .

326 1264 442 1303 non
467 1263 674 1319 powsz.

324 1378 559 1434 Penuria
590 1376 867 1432 interioris
897 1376 1213 1447 spectaculi,
1246 1376 1303 1431 id
1333 1384 1415 1431 est
1434 1378 1535 1432 Dei
1557 1379 1689 1447 (non
1705 1378 1850 1449 quod

253 1483 367 1523 non
398 1466 545 1531 insit,
576 1465 673 1519 sed
705 1464 850 1534 quod
871 1472 975 1518 ate
1004 1464 1229 1519 interius
1250 1464 1398 1534 lippo
1426 1479 1536 1519 non
1557 1464 1847 1535 videatur),

252 1555 390 1610 facit
408 1560 465 1608 ut
499 1568 532 1607 a
561 1552 666 1606 tuis
705 1550 1050 1605 interioribus
1090 1550 1237 1605 foras
1267 1552 1496 1606 libenter
1525 1568 1709 1616 exeas,
1743 1552 1851 1606 imo

1948 431 2132 485 currit.
2168 433 2305 484 Dum
2329 430 2473 484 enim
2493 430 2770 500 propriam
2820 432 3029 502 quaerit,
3063 448 3176 503 qua-
3213 435 3362 489 nulla
3421 452 3543 492 esse

1948 525 2203 587 potest,a
2245 518 2518 572 communi
2574 518 2869 587 repellitur,
2920 518 2975 573 id
3006 527 3143 574 esta
3191 523 3324 577 Deo.
3397 524 3544 579 Sicut

1948 605 2090 658 enim
2113 604 2353 659 omnium
2382 604 2662 659 hominum
2689 622 2798 660 una
2826 614 2907 661 est
2948 615 3157 671 natura,
3217 609 3291 664 ita
3337 618 3388 665 et
3435 613 3535 667 uti-

1947 691 2091 745 litas.

2020 779 2168 833 Felix
2193 787 2274 834 est
2318 780 2494 834 omnis
2548 780 2640 850 qui
2668 781 2796 836 nihil
2846 782 2959 836 vult
3008 784 3152 853 quod
3210 784 3313 839 sibi
3352 787 3543 855 prosit.

1952 868 2134 920 Potest
2164 883 2295 938 ergo
2324 868 2485 922 homo
2510 868 2648 922 velle
2680 869 2826 938 quod
2855 870 2957 923 sibi
2977 879 3069 924 aut
3097 888 3206 927 non
3236 874 3429 943 prosit,
3452 883 3543 929 aut

1949 954 2139 1008 obsit?
2170 955 2385 1009 Utinam
2414 956 2499 1010 vel
2523 956 2690 1009 semel
2721 956 2776 1009 in
2807 957 2917 1011 vita
2937 942 3029 1011 tua
3058 967 3167 1013 tota
3216 942 3352 1016 velis
3401 962 3547 1032 quod

1951 1041 2165 1109 expedit
2205 1042 2341 1096 sicut
2396 1043 2687 1097 volendum
2736 1043 2861 1098 estl
2912 1044 2958 1099 Ο
2988 1046 3190 1101 misera
3248 1064 3390 1116 sors,
3437 1065 3546 1105 non

1949 1142 2115 1196 posse
2142 1128 2287 1182 nolle
2310 1129 2454 1199 quod
2483 1131 2639 1183 obest
2676 1130 2686 1183 Ι

2022 1215 2080 1270 Si
2109 1216 2412 1285 interroges
2452 1217 2699 1272 homines
2730 1235 2897 1289 quare
2955 1222 3060 1275 sint
3094 1222 3300 1289 miseri,
3361 1232 3546 1279 utrum

1954 1317 2061 1356 non
2095 1302 2261 1356 velint
2287 1303 2431 1373 quod
2465 1303 2568 1357 sibi
2604 1305 2672 1358 sit
2708 1306 2866 1369 utile,
2909 1323 2977 1360 an
3010 1308 3136 1379 quia
3173 1326 3281 1364 non
3310 1312 3548 1366 habeant

1955 1389 2099 1459 quod
2129 1389 2339 1453 nolunt,
2372 1391 2773 1460 respondebunt
2813 1394 2990 1447 statim
3032 1397 3158 1465 quia
3185 1413 3295 1452 non
3320 1407 3548 1468 possunt

1952 1477 2154 1531 habere
2185 1477 2329 1546 quod
2358 1477 2561 1531 volunt.
2584 1480 2696 1533 Hoc
2750 1488 2929 1534 autem
2963 1488 3044 1535 est
3089 1483 3271 1539 dicere
3300 1500 3312 1538 :
3345 1485 3545 1539 Illumi—

1950 1564 2062 1617 nati
2094 1563 2314 1633 quidem
2345 1580 2552 1631 sumus,
2587 1574 2640 1619 et
2670 1566 2809 1621 bene
2840 1568 2970 1637 quid
2998 1570 3125 1625 utile
3154 1571 3313 1625 nobis
3353 1573 3422 1626 sit
3443 1588 3545 1628 no-

252 1643 311 1697 in
341 1650 393 1697 te
431 1649 683 1711 tanquam
710 1639 764 1692 in
822 1638 1061 1734 tenebris
1117 1654 1357 1734 nequeas
1422 1639 1766 1705 commorari,
1801 1647 1854 1694 et
1882 1650 2130 1734 Bvimus
2187 1658 2240 1704 et
2288 1666 2556 1717 amamus,
2600 1653 2695 1707 sed
2726 1653 3080 1710 inﬁrmamur.
3125 1657 3284 1724 Quod
3342 1659 3541 1714 falsum

251 1728 616 1785 exterioribus
645 1741 934 1796 corporum
976 1725 1183 1791 formis,
1218 1742 1313 1781 seu
1371 1727 1716 1797 Opinionibus
1746 1728 1850 1781 ho-

251 1817 462 1872 minum
491 1829 655 1870 vaces
684 1813 1025 1868 admirando.
1068 1814 1182 1868 Nec
1222 1813 1458 1884 imputes
1503 1814 1692 1880 formis
1724 1830 1851 1870 cor—

252 1903 459 1976 poreis,
484 1901 629 1972 quod
659 1907 711 1955 te
728 1907 821 1955 aut
850 1899 1095 1955 detinent
1123 1907 1216 1954 aut
1253 1907 1476 1967 terrent,
1509 1901 1624 1956 sive
1669 1901 1852 1972 aliquo

253 1991 422 2046 modo
451 1996 690 2055 movent,
711 1987 807 2043 sed
826 1994 930 2043 tua:
946 1988 1197 2053 caecitati,
1222 1995 1384 2058 atque
1416 2004 1449 2042 a
1478 2005 1689 2044 summo
1710 1989 1852 2045 bono

254 2077 534 2135 vacuitati.

326 2164 461 2218 Vide
491 2170 752 2233 quantum
783 2162 1017 2231 teipsum
1042 2161 1283 2233 ignores.
1307 2162 1467 2216 Nulla
1483 2170 1565 2217 est
1594 2163 1738 2217 enim
1760 2178 1853 2217 re-

255 2251 352 2323 gio
371 2257 481 2305 tam
509 2257 719 2304 remota
750 2256 803 2304 et
831 2248 1019 2319 ignota
1049 2248 1162 2315 tibi,
1197 2250 1266 2304 de
1295 2265 1400 2320 qua
1428 2249 1636 2306 facilius
1660 2250 1855 2305 credas

256 2338 399 2394 falsa
430 2338 687 2392 narranti.

332 2425 636 2497 Aliquando
679 2423 883 2478 malum
940 2423 1192 2494 displicet
1230 2424 1346 2479 sine
1386 2425 1641 2480 mercede
1703 2424 1850 2490 boni,

256 2514 435 2579 velut,
471 2512 517 2567 si
536 2513 644 2567 duo
672 2511 845 2568 velint
873 2511 929 2565 in
958 2511 1120 2566 domo
1159 2526 1267 2566 una
1318 2512 1593 2581 pr0priam
1624 2512 1855 2581 superbe

257 2616 519 2657 exercere
548 2599 902 2664 voluntatem,
939 2606 1169 2669 uterque
1189 2598 1389 2652 malum
1419 2599 1547 2653 vult.
1582 2600 1784 2653 Horum
1810 2600 1855 2652 si

262 2689 586 2743 alterutrum
617 2687 719 2741 sibi
736 2686 1060 2756 displiceant
1084 2686 1403 2751 voluntates,
1439 2701 1546 2739 non
1603 2686 1729 2740 odio
1759 2703 1856 2740 su-

257 2774 465 2847 perbiae
483 2773 559 2839 ﬁt,
578 2774 677 2829 sed
694 2789 908 2828 amore.
940 2772 1068 2828 Odit
1090 2772 1233 2827 enim
1253 2772 1396 2826 illius
1415 2773 1745 2843 superbiam,
1771 2773 1860 2830 hic

260 2862 353 2934 qui
382 2870 525 2917 amat
554 2877 730 2930 suam,
758 2877 880 2932 quae
907 2860 1202 2931 impeditur
1228 2861 1295 2915 ab
1324 2860 1442 2916 illo.
1493 2860 1594 2916 Hic
1632 2862 1858 2932 laqueus

258 2958 345 3005 est
359 2949 518 3006 valde
535 2949 795 3005 occultus.

334 3039 415 3092 Ita
443 3046 495 3092 te
514 3037 683 3091 habes
712 3038 769 3090 in
800 3036 904 3091 hoc
936 3036 1160 3101 mundo,
1195 3036 1349 3106 quasi
1379 3038 1448 3091 ad
1505 3036 1864 3107 spectandum
1891 3008 1939 3069 ο

261 3124 315 3180 ei
395 3123 706 3178 mirandum
792 3122 1001 3177 formas
1055 3139 1345 3193 corporum
1397 3125 1503 3178 huc
1554 3124 1859 3179 adveneris.

335 3212 394 3266 Si
423 3209 751 3280 spectaculis
782 3209 1134 3265 interioribus
1162 3226 1272 3266 non
1305 3225 1525 3265 careres
1544 3253 1557 3277 ,
1590 3227 1862 3281 nunquam

261 3299 333 3353 ad
354 3298 626 3353 exteriora
641 3297 843 3363 exires,
868 3298 984 3353 sive
1013 3312 1253 3353 vacares.

333 3385 483 3441 Sicut
509 3385 564 3439 in
594 3384 779 3440 fabula
805 3385 988 3455 puella
1034 3385 1234 3441 defecit
1274 3385 1533 3440 intuendo
1564 3385 1757 3454 solem,
1790 3385 1864 3440 ita

267 3489 329 3529 es
360 3480 415 3527 tu
446 3472 516 3526 ad
547 3472 861 3528 necessario
898 3472 1167 3543 perituras
1212 3487 1502 3543 corporum
1559 3472 1765 3527 formas
1814 3480 1865 3527 et

265 3559 551 3631 opiniones
581 3559 864 3614 humanas.

339 3649 455 3703 Hoc
493 3647 859 3717 spectaculum
888 3646 1091 3701 nullius
1144 3646 1317 3702 oculis
1345 3647 1400 3701 in
1442 3648 1545 3701 hac
1604 3646 1729 3714 vita,
1763 3647 1867 3701 nisi

263 3735 367 3790 Dei
386 3734 637 3801 maxime,
671 3742 724 3789 et
744 3734 846 3789 tuis
879 3750 978 3805 pro
1008 3741 1169 3805 captu
1198 3743 1288 3789 tuo
1317 3742 1465 3804 patet
1522 3751 1685 3805 quam
1715 3734 1865 3789 vide-

262 3822 392 3878 licet
412 3821 751 3891 corporibus,
782 3828 836 3875 et
884 3837 1075 3877 eorum
1118 3822 1324 3890 formis,
1377 3821 1465 3876 vel
1522 3821 1867 3891 Opinionibus

266 3909 521 3965 humanis
542 3917 595 3965 et
616 3908 894 3966 favoribus
923 3909 1295 3981 superferatur
1342 3910 1556 3964 animus
1586 3918 1728 3978 tuus,
1776 3915 1868 3963 aut

272 3997 568 4065 subiaceat.

341 4085 478 4139 Vide
518 4084 791 4155 quomodo
833 4099 1060 4140 aversus
1106 4100 1137 4138 a
1186 4085 1301 4139 Deo
1356 4084 1561 4138 intrasti
1623 4084 1678 4138 in
1725 4084 1869 4139 hunc

270 4171 552 4239 mundum,
576 4171 815 4227 inhiante
843 4187 936 4228 ore
958 4172 1029 4227 ad
1048 4171 1233 4227 omnia
1259 4180 1457 4243 praeter
1488 4171 1686 4242 ipsum.

791 4366 1184 4421 CAPITULUM
1204 4366 1305 4420 XII
1314 4406 1325 4419 .

274 4510 352 4565 De
370 4525 499 4564 vera
521 4506 780 4563 utilitate
798 4505 1058 4571 hominis,
1083 4509 1139 4561 et
1160 4506 1406 4576 qualiter
1421 4504 1674 4559 omnium
1694 4503 1869 4560 homi-

580 4594 721 4632 num
746 4579 832 4632 est
864 4592 981 4631 una
1001 4580 1056 4631 et
1102 4575 1295 4631 eadem
1340 4576 1585 4630 utilitas.

348 4721 542 4773 Beatus
588 4718 678 4789 qui
710 4716 862 4788 eligit
890 4724 948 4771 ut
995 4731 1184 4772 secure
1233 4715 1463 4771 laboret.
1495 4716 1623 4772 Hasc
1654 4723 1736 4771 est
1782 4731 1879 4771 au-

274 4816 384 4862 tem
416 4821 611 4861 secura
638 4804 850 4867 electio,
915 4811 969 4859 et
988 4803 1142 4857 labor
1184 4803 1348 4867 utilis,
1395 4802 1450 4857 id
1490 4812 1572 4858 est
1626 4804 1878 4858 omnibus

277 4894 421 4949 velle
450 4894 736 4963 prodesse,
777 4892 852 4945 ita
882 4897 942 4945 ut
996 4890 1116 4944 talis
1161 4890 1297 4945 velis
1356 4906 1478 4945 esse
1529 4892 1609 4945 eis
1649 4892 1740 4961 qui
1787 4900 1878 4946 tuo

277 4997 389 5036 non
418 4988 615 5051 egeant
648 4978 866 5033 auxilio.
903 4979 1077 5033 Tanto
1113 4978 1257 5032 enim
1287 4978 1467 5032 minus
1522 4986 1689 5048 agunt
1735 4979 1880 5049 quod

280 5068 515 5139 expedit,
550 5073 750 5137 quanto
774 5064 1009 5136 propriis
1049 5065 1370 5120 utilitatibus
1401 5066 1652 5121 videntur
1699 5066 1881 5120 inten-

282 5157 435 5211 dere.
468 5155 596 5209 Haac
625 5161 708 5208 est
753 5161 933 5207 autem
984 5152 1206 5223 propria
1260 5154 1683 5223 uniuscujusque
1740 5153 1883 5207 utili-

282 5251 389 5308 tas,
414 5241 665 5296 omnibus
708 5240 849 5295 velle
904 5240 1185 5309 prodesse.
1245 5241 1359 5295 Hoc
1412 5248 1591 5295 autem
1623 5240 1742 5310 quis
1794 5241 1883 5294 in-

286 5329 498 5402 telligat
524 5328 551 5381 ?
577 5326 681 5397 Qui
716 5342 853 5399 ergo
903 5327 1180 5398 propriam
1228 5327 1417 5398 querit
1474 5342 1642 5397 agere
1681 5326 1884 5381 utilita-

285 5424 416 5482 tem,
468 5431 576 5470 non
618 5414 793 5469 solum
847 5413 1049 5469 nullam
1105 5430 1260 5470 suam
1315 5414 1597 5469 utilitatem
1662 5414 1882 5479 invenit,

507 5565 745 5617 ΡΑτιιοιι.
788 5562 968 5618 CLIII.

1883 4345 1936 4402 D

1955 1745 2056 1792 est.
2092 1737 2226 1805 Quis
2257 1738 2400 1791 enim
2445 1740 2787 1793 saecularium
2830 1743 3069 1797 omnium
3118 1744 3290 1815 diligit
3348 1747 3549 1818 aliquid

1956 1825 2101 1895 quod
2131 1841 2256 1879 eum
2285 1825 2469 1881 facere
2488 1834 2666 1895 potest
2694 1828 2974 1883 meliorem
2995 1830 3023 1883 ‘2
3043 1831 3131 1884 Nil
3152 1840 3338 1901 aptant
3369 1834 3550 1889 homi-

1955 1928 2053 1967 nes
2074 1912 2221 1982 quod
2248 1928 2357 1966 non
2388 1913 2457 1967 sit
2500 1914 2659 1968 vilius
2706 1915 2858 1985 ipsis.
2890 1918 2958 1971 Et
3007 1920 3278 1988 quomodo
3304 1920 3359 1973 id
3405 1921 3549 1991 quod

1954 2000 2151 2054 melius
2181 2008 2233 2054 et
2265 2000 2557 2069 pretiosius
2584 2010 2667 2056 cst
2697 2018 2761 2057 ac
2809 2003 3047 2074 dignius,
3083 2022 3147 2060 ex
3191 2007 3551 2063 deterioribus

1956 2102 2021 2142 ac
2041 2087 2319 2141 vilioribus
2339 2095 2391 2141 et
2419 2088 2818 2159 indignioribus
2847 2100 3026 2160 potest
3053 2093 3329 2147 meliorari
3358 2095 3386 2148 it
3435 2096 3553 2150 Heu

1957 2182 2087 2243 quot
2125 2175 2357 2243 suntqui
2389 2183 2557 2246 agunt
2615 2177 2761 2246 quod
2807 2179 3013 2243 volunt,
3050 2194 3211 2249 quam
3259 2181 3420 2250 pauci
3462 2182 3554 2252 qui

1957 2261 2124 2315 velint
2159 2262 2301 2331 quod
2337 2261 2440 2315 sibi
2463 2263 2634 2331 prosit
2669 2264 2961 2334 adeptum!
2994 2267 3063 2320 Et
3093 2274 3266 2321 tamen
3299 2267 3420 2338 quis
3448 2284 3553 2322 un-

1956 2364 2117 2418 quam
2158 2349 2360 2417 poterit
2406 2349 2507 2403 hoc
2564 2352 2895 2419 persuadere
2940 2351 3064 2406 filiis
3112 2354 3240 2408 Adae
3267 2354 3295 2407 ?
3327 2355 3558 2422 Quando

1957 2436 2249 2489 credentur
2280 2450 2391 2490 non
2438 2452 2622 2491 amare
2663 2437 2948 2493 utilitatem
2996 2456 3169 2509 suam,
3203 2456 3325 2496 cum
3382 2443 3559 2512 parati

1959 2522 2065 2575 sint
2085 2523 2295 2589 jurare,
2320 2523 2451 2576 nihil
2481 2540 2540 2577 se
2572 2525 2672 2579 sibi
2718 2526 2861 2580 male
2913 2534 3124 2597 optare,
3150 2535 3201 2583 et
3222 2529 3404 2583 omnia
3436 2546 3557 2601 quas

1956 2609 2232 2678 patiuntur
2261 2610 2314 2662 in
2344 2616 2423 2663 tot
2462 2610 2740 2666 laboribus
2787 2621 3013 2684 propter
3070 2630 3225 2669 suam
3272 2616 3555 2672 utilitatem

1958 2712 2017 2749 se
2041 2695 2274 2751 tolerare
2303 2698 2331 2750 ?
2371 2698 2649 2768 Tanquam
2682 2700 2726 2753 si
2772 2701 2924 2755 dicas
2956 2702 3257 2757 idololatrae
3286 2704 3410 2774 quia
3448 2719 3559 2759 non

1959 2783 2085 2838 colit
2115 2785 2307 2839 Deum.
2360 2784 2551 2839 Statim
2584 2786 2727 2840 enim
2763 2787 2984 2855 insilict,
3024 2790 3210 2857 jurans
3263 2806 3322 2845 se
3378 2791 3557 2847 colere

1958 2872 2133 2925 Deum
2164 2914 2180 2937 ,
2216 2879 2269 2926 et
2286 2880 2486 2942 quanta
2515 2872 2571 2926 in
2610 2873 2755 2929 cultu
2811 2876 2927 2943 ejus
2986 2878 3256 2946 expendat
3296 2892 3557 2947 annume-

1957 2959 2119 3024 rabit,
2152 2959 2441 3029 ipsumque
2471 2960 2631 3014 etiam
2662 2977 2823 3030 quem
2857 2963 2985 3017 colit
3012 2965 3185 3018 Deum
3210 3005 3223 3032 ,
3257 2964 3426 3035 digito
3455 2966 3557 3020 de-

1964 3047 2315 3101 monstrabit.
2383 3048 2449 3101 Et
2504 3056 2683 3102 tamen
2713 3064 2822 3104 non
2854 3050 2983 3105 colit
3011 3052 3204 3116 Deum,
3247 3052 3342 3105 sed
3370 3068 3559 3107 errore

1965 3136 2226 3204 deceptus
2283 3150 2385 3203 pro
2416 3136 2531 3190 Deo
2566 3136 2747 3191 habet.
2795 3138 2870 3191 Ita
2918 3138 3168 3193 homines
3224 3138 3339 3193 sine
3394 3139 3561 3193 dubio

1963 3237 2071 3276 non
2094 3221 2375 3276 utilitatem
2414 3238 2568 3277 suam
2626 3224 2857 3295 diligunt
2882 3234 2975 3279 aut
3017 3226 3220 3292 volunt,
3255 3226 3353 3280 sed
3411 3227 3558 3297 quod

1965 3316 2212 3363 errantes
2264 3309 2543 3365 utilitatem
2591 3328 2741 3366 suam
2790 3320 2999 3381 putant.
3033 3315 3101 3368 Et
3127 3313 3250 3368 ideo
3299 3312 3560 3384 quidquid

1964 3412 2062 3466 pro
2093 3412 2153 3450 re
2180 3396 2275 3451 ta‘li
2305 3406 2395 3451 aut
2421 3407 2591 3468 agunt
2622 3406 2714 3452 aut
2758 3400 3052 3469 patiuntur,
3082 3416 3181 3471 pro
3227 3399 3455 3455 utilitate
3499 3416 3559 3455 se

1966 3498 2134 3555 agere
2163 3491 2350 3554 putant
2380 3493 2473 3539 aut
2499 3485 2628 3554 pati.
2680 3487 2802 3540 Non
2853 3494 3033 3541 autem
3091 3486 3206 3542 vult
3246 3495 3336 3541 aut
3384 3486 3560 3558 diligit

1964 3570 2247 3625 utilitatem
2278 3586 2449 3637 suam,
2484 3572 2589 3625 nisi
2620 3572 2711 3642 qui
2742 3574 2917 3627 Deum
2945 3573 3138 3645 diligit.
3189 3576 3312 3647 Ipse
3359 3578 3560 3650 quippe

1967 3658 2135 3724 solus,
2166 3666 2280 3713 tota
2310 3667 2360 3714 et
2382 3659 2499 3714 sola
2520 3668 2603 3714 est
2622 3660 3103 3729 utilitasthumanze
3147 3671 3373 3721 naturae.
3408 3667 3559 3722 Scri-

1966 3752 2118 3815 ptum
2146 3762 2274 3802 vero
2306 3756 2389 3802 est
2419 3764 2431 3803 :
2466 3746 2732 3815 Quoniam
2762 3750 2857 3820 qui
2886 3754 3083 3805 manet
3103 3752 3166 3805 in
3186 3751 3559 3823 charitate,id

1968 3847 2047 3894 est
2073 3840 2164 3911 qui
2195 3841 2366 3894 Deum
2395 3836 2592 3907 diligit,
2626 3837 2689 3890 in
2716 3837 2821 3893 Deo
2854 3841 3070 3902 manet,
3101 3842 3156 3893 et
3190 3840 3334 3895 Deus
3384 3838 3457 3898 in‘
3498 3859 3561 3899 eo

1970 3928 2017 3996 (Ι
2044 3929 2204 3984 Joan.
2239 3926 2451 3995 1v,16).
2482 3923 2629 3978 Talis
2672 3930 2754 3977 est
2791 3939 2921 3993 ergo
2970 3924 3169 3979 utilitas
3217 3927 3453 3984 humana
3507 3939 3563 3986 ut

1970 4030 2108 4083 eam,
2140 4014 2245 4068 nisi
2276 4013 2367 4083 qui
2409 4012 2593 4077 habet,
2641 4010 2872 4081 diligere
2920 4026 3080 4066 nemo
3114 4013 3304 4082 possit,
3354 4024 3408 4070 et
3443 4034 3564 4088 quae

1968 4118 2000 4157 a
2031 4118 2130 4156 suo
2158 4102 2418 4156 dilectore
2449 4114 2558 4153 non
2586 4098 2760 4169 possit
2781 4098 2999 4153 omnino
3029 4099 3261 4171 sejungi.
3286 4103 3399 4158 Hoc
3429 4120 3565 4176 ergo

1969 4191 2143 4259 ipsum
2193 4188 2338 4260 quod
2397 4188 2583 4242 dicunt
2637 4185 2885 4241 homines
2947 4186 3175 4257 diligere
3232 4203 3292 4241 se
3346 4190 3564 4259 quidem

1968 4277 2253 4332 utilitatem
2282 4291 2432 4330 suam
2463 4274 2607 4345 (quis
2631 4281 2713 4328 est
2756 4275 2899 4329 enim
2945 4272 3037 4343 qui
3066 4274 3170 4328 hoc
3212 4289 3321 4329 non
3350 4277 3418 4330 sit
3470 4278 3563 4346 ju-

1968 4381 2094 4419 rare
2123 4364 2280 4418 etiam
2306 4362 2595 4433 paratus?)
2617 4362 2715 4416 sed
2732 4377 2855 4415 eam
2875 4377 2983 4415 non
3005 4361 3226 4426 habere,
3246 4361 3351 4418 hoc
3362 4362 3561 4435 ipsum,

1967 4453 2208 4522 inquam,
2260 4450 2629 4506 testimonium
2669 4458 2768 4514 est,
2829 4467 2924 4506 eos
2971 4448 3119 4502 aliud
3161 4454 3415 4525 diligere,
3457 4469 3566 4507 non

1970 4540 2146 4609 ipsam
2177 4554 2329 4593 suam
2349 4537 2651 4593 utilitatem.
2684 4538 2831 4592 Nihil
2868 4539 3011 4594 enim
3042 4541 3187 4597 aliud
3225 4542 3431 4597 homini
3485 4541 3564 4596 fa-

1973 4626 2228 4681 ciendum
2258 4634 2341 4681 est
2377 4634 2433 4680 ut
2469 4626 2750 4681 utilitatem
2790 4642 2943 4681 suam
2991 4629 3218 4695 habeat,
3276 4630 3381 4683 nisi
3436 4628 3563 4683 dili-

1978 4730 2127 4784 gere.
2162 4714 2271 4768 Sed
2302 4713 2406 4783 ipsi
2436 4714 2682 4769 homines
2710 4723 2976 4769 conantur
2997 4716 3214 4771 assidue
3235 4716 3417 4771 facere
3446 4730 3569 4770 eam

1980 4801 2137 4872 quasi
2168 4817 2279 4856 non
2331 4802 2420 4867 sit,
2470 4802 2608 4857 sicut
2657 4801 2858 4872 pagani
2887 4803 3082 4858 Deum.
3132 4804 3268 4857 Nam
3327 4803 3373 4856 si
3418 4802 3567 4856 solus

1980 4890 2126 4943 Deus
2160 4889 2363 4943 utilitas
2408 4896 2489 4943 est
2536 4890 2840 4953 hominum,
2878 4906 2983 4959 quo
3010 4906 3198 4944 carere
3228 4905 3337 4944 non
3368 4897 3565 4959 potest,

1981 4977 2083 5031 nisi
2114 4977 2205 5048 qui
2234 4993 2357 5031 eum
2388 4992 2732 5048 nequaquam
2762 4976 2954 5046 diligit,
2986 4993 3095 5030 non
3125 4977 3367 5031 facienda
3386 4976 3568 5047 utique

1983 5075 2081 5131 est,
2115 5080 2239 5119 cum
2270 5064 2338 5117 sit
2366 5070 2589 5127 aeterna,
2634 5064 2731 5117 sed
2762 5071 2964 5117 tantum
2995 5064 3289 5133 diligenda.
3337 5065 3450 5119 Hoc
3483 5080 3570 5118 so-

1984 5154 2088 5208 lum
2120 5167 2347 5221 prorsus
2377 5158 2460 5205 est
2490 5151 2647 5205 totius
2677 5150 2912 5205 miseriae
2948 5159 3145 5205 nostrae
3193 5167 3353 5207 causa
3378 5196 3392 5218 ,
3428 5151 3573 5222 quod

1985 5240 2187 5295 scilicet
2218 5239 2500 5293 utilitatem
2531 5245 2621 5292 aut
2642 5253 2751 5292 non
2781 5238 3163 5309 cognoscimus
3193 5246 3245 5293 et
3274 5255 3382 5293 non
3420 5254 3571 5292 ama-

1985 5343 2125 5394 mus,
2188 5334 2276 5380 aut
2314 5342 2421 5380 non
2463 5334 2721 5396 quantum
2768 5325 2853 5380 vel
2896 5325 3033 5381 sicut
3092 5325 3474 5397 cognoscenda
3522 5331 3576 5380 et

1988 5413 2219 5468 amanda
2248 5421 2349 5478 est,
2380 5414 2761 5485 cognoscimus
2790 5420 2843 5467 et
2862 5428 3123 5467 amamus.

3297 5563 3366 5615 20
