3978 6050
467 229 567 280 619

966 409 1356 468 CAPITULUM
1385 408 1537 461 XIII.

473 564 544 614 De
563 559 832 630 prudenti
853 556 1216 630 cantataque
1234 550 1509 630 utendum
1530 545 1695 630 estad
1717 556 1876 630 suam
1892 539 2058 594 utili-

637 633 814 683 tatem
842 616 1175 697 quibuslibet
1196 620 1477 693 prosperis
1508 617 1593 671 vel
1622 616 1884 669 adversis.

543 771 686 827 Ecce
717 768 1089 825 constristatus
1121 774 1173 820 et
1202 762 1569 823 conturbatus,
1605 754 1851 827 quereris
1878 752 1947 806 de
1968 750 2061 805 illo

474 868 564 913 aut
593 859 701 923 illo,
738 857 881 928 quod
918 853 1306 910 contumeliosa
1338 858 1391 904 et
1419 848 1543 903 odio
1572 845 1735 915 plena
1780 840 1876 894 tibi
1904 838 2060 893 dixe-

476 947 750 1001 ritverba.
785 943 950 998 Doles
978 958 1113 1013 ergo
1144 947 1236 994 aut
1267 937 1394 993 talia
1436 935 1548 999 tibi,
1602 939 1692 987 aut
1736 928 1827 982 tali
1882 934 2063 980 mente

477 1051 599 1089 esse
630 1034 888 1088 locutum.
912 1032 1056 1084 Bene
1086 1028 1325 1095 omnino,
1359 1025 1403 1078 si
1434 1028 1659 1093 propter
1716 1018 1831 1085 ejus
1859 1014 2063 1069 utilita-

476 1130 583 1176 tem
624 1121 797 1175 doles.

544 1210 668 1264 Non
697 1208 839 1262 enim
871 1209 974 1262 hoc
1003 1207 1054 1261 ei
1101 1204 1333 1275 expedit.
1395 1204 1451 1257 Si
1494 1211 1674 1257 autem
1712 1208 1936 1272 propter
1990 1206 2061 1265 te,

474 1313 663 1367 prave.
694 1297 783 1350 Nil
812 1295 954 1350 enim
978 1303 1085 1348 tam
1124 1302 1368 1347 sanctum
1401 1307 1466 1347 ac
1514 1292 1715 1345 bonum
1750 1307 1762 1342 :
1796 1297 1904 1341 tam
1934 1302 2065 1340 san-

476 1394 563 1441 cte
593 1400 657 1440 ac
686 1385 825 1438 bene
855 1383 951 1436 tibi
981 1382 1165 1435 dicere
1198 1380 1477 1450 potuisset,
1513 1379 1655 1449 quod
1711 1384 1853 1431 esset
1883 1374 2066 1427 utilius

478 1473 574 1527 tibi
606 1488 767 1542 quam
797 1472 914 1525 hanc
946 1478 1120 1533 erunt,
1154 1469 1197 1521 si
1228 1469 1364 1521 bene
1396 1468 1473 1521 eis
1531 1466 1718 1520 utaris.
1754 1464 1876 1518 Sive
1924 1461 2067 1516 enim

479 1562 620 1615 bona
650 1560 764 1612 sive
786 1557 949 1619 mala,
983 1557 1123 1610 bene
1166 1556 1253 1610 vel
1282 1555 1423 1609 male
1481 1554 1624 1609 dicat
1670 1552 1766 1606 tibi
1819 1550 1940 1621 quis
1982 1548 2069 1602 vel

480 1646 657 1715 faciat,
690 1646 818 1700 talia
840 1646 934 1699 tibi
962 1651 1119 1699 erunt
1168 1643 1398 1713 qualiter
1424 1641 1503 1695 eis
1533 1657 1663 1695 usus
1719 1639 1905 1694 fueris.
1955 1635 2069 1692 Sibi

480 1744 659 1789 autem
676 1734 765 1805 qui
795 1733 920 1788 fecit
951 1740 1040 1786 aut
1069 1732 1222 1797 dixit,
1249 1730 1372 1784 talia
1395 1737 1567 1795 erunt,
1603 1728 1748 1799 quali
1779 1742 1844 1782 ea
1872 1725 2067 1783 volun-

478 1830 588 1877 tate
618 1822 742 1877 fecit
779 1830 869 1876 aut
911 1821 1060 1875 dixit.
1105 1820 1254 1874 Sicut
1311 1819 1453 1873 enim
1505 1817 1762 1872 mentitur
1817 1814 2070 1885 iniquitas

481 1910 582 1963 sibi
604 1909 995 1975 tantummodo,
1029 1923 1138 1961 non
1170 1907 1283 1973 tibi,
1338 1907 1382 1959 si
1419 1921 1526 1960 non
1584 1903 1909 1965 consentias,
1942 1910 1994 1955 et
2025 1901 2070 1955 si

478 1998 800 2067 redarguas,
834 1997 905 2049 ita
934 1996 1119 2049 omnia
1137 1994 1277 2047 mala
1308 1994 1433 2048 facit
1478 1992 1579 2045 sibi
1618 2006 1682 2045 ac
1724 1990 1871 2055 dicit,
1905 1989 1959 2043 id
1988 1995 2071 2043 est

477 2086 543 2139 ad
573 2084 871 2155 perniciem
892 2098 1067 2151 suam,
1100 2083 1144 2135 si
1166 2082 1253 2150 pie
1284 2097 1348 2136 ac
1377 2080 1767 2149 compatienter
1796 2093 1902 2132 non
1934 2091 2068 2131 con-

479 2173 678 2226 sentias
700 2171 797 2225 sed
810 2170 1129 2239 redarguas.
1155 2168 1219 2222 Ei
1240 2184 1373 2239 ergo
1396 2168 1487 2237 qui
1502 2167 1702 2220 malum
1725 2165 1821 2218 tibi
1834 2164 1960 2219 fecit
1980 2172 2071 2218 aut

481 2259 633 2323 dixit,
654 2256 946 2313 condolere
967 2257 1156 2321 debes,
1171 2272 1282 2310 non
1310 2255 1425 2319 tibi,
1447 2255 1533 2309 cui
1555 2254 1716 2308 etiam
1738 2250 2071 2306 alienamala

478 2347 533 2399 in
558 2346 778 2411 bonum,
814 2344 859 2397 si
880 2344 957 2398 eis
986 2345 1126 2398 bene
1141 2343 1324 2409 utaris,
1350 2342 1563 2406 cedent,
1587 2349 1638 2395 et
1659 2341 1712 2394 in
1737 2348 1845 2393 tam
1868 2340 2069 2393 bonum

479 2449 638 2505 quam
670 2434 808 2487 bene
837 2431 918 2485 eis
938 2432 1127 2485 uteris.
1142 2432 1288 2501 Ergo
1306 2438 1357 2483 et
1379 2436 1583 2483 tantum
1608 2429 1663 2481 in
1684 2427 1884 2481 malum
1906 2442 2067 2495 quam

476 2522 616 2576 male
654 2520 822 2575 uteris
851 2520 952 2589 eis,
983 2520 1096 2574 sive
1124 2518 1266 2571 mala
1296 2518 1431 2581 sint,
1468 2516 1582 2570 sive
1610 2516 1749 2569 bona
1780 2530 1899 2584 quae
1928 2513 2070 2568 facta

476 2610 561 2665 vel
584 2609 725 2664 dicta
755 2608 849 2661 tibi
876 2615 1015 2673 sunt,
1033 2608 1297 2677 quoniam
1313 2605 1675 2674 diligentibus
1687 2606 1861 2658 Deum
1875 2602 2069 2655 omnia

472 2700 843 2768 cooperantur
870 2697 933 2749 in
976 2696 1179 2749 bonum
1228 2694 1402 2760 (Rom.
1436 2706 1554 2755 vni,
1604 2691 1715 2759 28),
1749 2691 1802 2742 in
1859 2696 2067 2743 tantum

474 2784 672 2848 omnia,
730 2791 786 2837 ut
841 2783 1002 2836 etiam
1064 2781 1239 2835 aliena
1285 2779 1445 2833 mala.
1510 2778 1830 2832 Odientibus
1886 2785 2067 2831 autem

474 2872 670 2937 Deum,
724 2869 1029 2925 econtrario
1098 2867 1281 2922 omnia
1340 2872 1700 2935 cooperantur
1754 2866 1810 2918 in
1864 2865 2065 2918 malum

474 2960 737 3028 ipsorum,
772 2958 898 3012 etin
929 2964 1135 3011 tantum
1156 2955 1359 3019 omnia,
1392 2954 1637 3008 utetiam
1682 2954 1845 3007 bona.
1880 2953 2064 3006 Totam

474 3047 639 3116 igitur
689 3045 969 3116 querelam
1022 3044 1078 3097 in
1133 3043 1365 3113 teipsum
1411 3042 1555 3096 male
1602 3048 1841 3095 utentem
1889 3047 2060 3095 verte.

475 3134 615 3188 Nam
644 3134 765 3188 etsi
795 3149 850 3186 re
897 3147 1029 3186 vera
1068 3131 1211 3185 mala
1254 3137 1378 3183 sunt
1434 3145 1555 3200 qua;
1602 3128 1736 3183 facta
1792 3136 1882 3183 aut
1926 3128 2064 3183 dicta

476 3228 599 3275 sunt
628 3220 740 3289 tibi,
778 3220 873 3274 tibi
889 3227 1036 3275 certe
1064 3219 1207 3273 mala
1237 3234 1359 3273 esse
1390 3218 1537 3271 nullo
1571 3218 1734 3271 modo
1787 3223 2059 3286 poterunt,

476 3308 580 3361 nisi
611 3308 688 3361 eis
718 3308 859 3362 male
875 3306 1038 3362 utaris
1071 3325 1086 3373 ;
1120 3306 1197 3361 sic
1241 3321 1342 3360 nec
1392 3306 1533 3359 bona
1574 3306 1733 3371 bona,
1768 3304 1870 3358 nisi
1925 3304 2063 3357 bene

477 3395 556 3449 eis
586 3412 718 3450 usus
744 3394 931 3450 fueris.

550 3485 663 3539 Hoc
705 3499 919 3553 semper
953 3483 1267 3539 intuendum
1290 3483 1419 3554 quid
1448 3482 1539 3536 fiat
1566 3482 1621 3534 in
1668 3479 1849 3534 animo
1905 3486 1995 3533 tuo
2046 3497 2061 3543 ;

476 3587 577 3627 nec
598 3571 728 3643 quid
758 3573 872 3627 sive
900 3572 1027 3625 boni
1061 3572 1174 3627 sive
1220 3571 1345 3625 mali
1379 3570 1469 3624 alii
1527 3568 1753 3633 faciant,
1789 3566 1886 3621 sed
1934 3564 2063 3636 quid

476 3668 533 3713 tu
563 3660 631 3714 de
658 3660 792 3731 ipsis
829 3676 1016 3714 eorum
1074 3659 1231 3714 factis
1286 3657 1475 3721 facias,
1529 3654 1802 3725 quomodo
1858 3653 2064 3708 scilicet

476 3747 644 3801 utaris
673 3748 830 3801 bonis
860 3755 912 3801 et
959 3746 1118 3800 malis
1176 3761 1385 3809 eorum,
1445 3752 1806 3813 quantumque
1864 3757 1930 3795 ex
1984 3740 2064 3795 eis

473 3827 732 3904 proﬁcias
762 3834 875 3888 sive
926 3832 1157 3889 favendo
1193 3840 1245 3887 et
1283 3831 1610 3899 adjuvando,
1670 3829 1784 3884 sive
1838 3843 2060 3897 compa-

474 3922 656 3977 tiendo
686 3930 738 3976 et
768 3920 1127 3976 emendando.
1163 3922 1312 3973 Tunc
1341 3919 1485 3973 enim
1506 3918 1572 3972 de
1603 3916 1854 3971 omnibus
1908 3914 2063 3969 factis

472 4010 751 4064 hominum
780 4009 920 4063 bene
949 4008 1209 4077 Operaris,
1246 4023 1371 4062 cum
1399 4006 1559 4060 nullis
1616 4020 1803 4060 eorum
1852 4001 2056 4058 benefi-

473 4097 571 4152 ciis
601 4096 824 4152 illiceris
853 4097 920 4149 ad
952 4095 1211 4159 favorem,
1245 4093 1478 4149 nullisve
1526 4092 1828 4147 malefactis
1874 4091 2060 4146 deter-

472 4184 608 4239 reris
638 4184 703 4237 ab
734 4199 941 4237 amore.
976 4183 1125 4237 Tunc
1146 4181 1289 4237 enim
1319 4181 1523 4253 gratias
1552 4196 1724 4235 amas.
1770 4180 1891 4234 Non
1919 4178 2063 4233 enim

475 4279 555 4326 est
577 4271 738 4324 ullius
766 4270 939 4325 meriti
966 4285 1158 4340 pacem
1186 4269 1408 4335 habere,
1428 4269 1534 4323 nisi
1554 4285 1675 4324 cum
1705 4268 1770 4322 iis
1819 4267 1910 4337 qui
1941 4282 2061 4321 eam

472 4358 755 4412 nobiscum
784 4372 892 4411 non
914 4358 1131 4412 habent.

544 4443 815 4515 Quidquid
846 4445 937 4499 ﬁat
966 4445 1082 4510 tibi,
1107 4444 1401 4499 dummodo
1430 4444 1642 4498 animus
1671 4451 1792 4496 tuus
1814 4458 1915 4497 nec
1940 4442 2057 4508 irae,

469 4548 571 4587 nec
591 4531 700 4587 odii
726 4574 739 4598 ,
787 4548 889 4588 nec
928 4532 1155 4587 tristitia:
1185 4575 1197 4598 ,
1247 4548 1349 4587 nec
1376 4540 1554 4587 metus
1612 4538 1817 4585 motum
1870 4530 2057 4584 incur-

466 4628 568 4687 rat,
595 4636 773 4691 neque
819 4622 1014 4676 horum
1071 4633 1311 4686 causam,
1369 4620 1424 4673 in
1453 4619 1629 4673 futuro
1682 4617 1880 4673 sacculo
1926 4617 2059 4671 nihil

465 4708 699 4763 nocebit.

536 4795 763 4865 Oppone
796 4796 933 4851 duas
963 4795 1103 4866 pilas
1158 4793 1313 4847 radio
1363 4793 1511 4857 solis,
1559 4808 1722 4846 unam
1751 4792 1820 4847 de
1849 4791 2050 4863 argila,

464 4882 690 4937 alteram
719 4883 788 4938 de
819 4899 944 4939 cera
976 4901 988 4945 ;
1038 4880 1284 4951 quamvis
1314 4879 1381 4933 sit
1409 4897 1548 4933 unus
1578 4880 1831 4950 idemque
1868 4878 2055 4933 radius

458 4984 568 5024 non
588 4978 767 5024 tamen
796 4970 936 5023 idem
967 4969 1023 5022 in
1051 4976 1276 5037 utraque
1326 4968 1539 5036 operari
1588 4975 1783 5037 potest,
1834 4967 1931 5021 sed
1962 4983 2052 5020 se-

458 5057 695 5111 cundum
726 5055 1146 5125 praeparationes
1179 5070 1361 5109 earum
1382 5096 1395 5119 ,
1454 5054 1673 5109 diversa
1715 5055 1769 5108 in
1798 5054 1876 5109 eis
1915 5054 2048 5125 agit,

455 5143 595 5197 hanc
623 5143 907 5207 indurans,
941 5142 1089 5195 illam
1118 5142 1352 5211 liquans,
1413 5158 1591 5213 neque
1622 5142 1764 5197 enim
1814 5150 2051 5196 terream

452 5228 685 5300 liquare,
718 5237 806 5283 aut
835 5242 1052 5284 ceream
1082 5230 1275 5284 durare
1303 5236 1503 5298 potest.
1540 5231 1615 5284 Ita
1644 5238 1697 5284 et
1717 5245 1825 5284 una
1842 5228 2048 5285 metalli

454 5317 685 5388 species,
719 5333 908 5373 aurum
942 5316 1166 5383 scilicet,
1200 5324 1550 5389 conspectum
1580 5332 1612 5373 a
1645 5317 1912 5388 pluribus,
1965 5315 2047 5371 di-

449 5420 641 5463 versos
682 5406 739 5461 in
786 5406 885 5473 eis,
945 5405 1243 5461 secundum
1285 5405 1732 5477 praeparationem
1785 5404 2045 5459 mentium

1311 213 1650 272 GUIGONIS
1700 211 1720 262 I
1769 198 2177 261 CARTHUSIE
2207 194 2499 251 MAIORIS
2530 187 2801 246 PRIORIS
2831 186 2894 240 V.

2086 324 2367 386 Aeorum,
2435 316 2632 372 excitat
2675 318 2871 367 motus.
2944 303 3095 360 Alius
3143 300 3288 356 enim
3323 292 3634 386 accenditur
3679 289 3753 344 ad

3648 169 3754 224 620

2158 380 2494 479 rapiendum,
2530 403 2668 458 alius
2698 400 2768 454 ad
2789 395 3094 459 furandum,
3127 389 3263 444 alius
3304 393 3486 479 autem
3515 380 3585 479 ad
3610 395 3750 450 pau-

2158 470 2379 568 peribus
2400 470 2753 562 erogandum.
2805 484 2911 552 Qui
2952 480 3143 535 stultus
3187 483 3289 543 est,
3348 472 3476 527 dicit
3530 470 3752 523 beatum

2161 562 2277 653 ejus
2292 593 2705 653 possessorem;
2737 573 2828 645 qui
2858 569 3094 640 sapiens,
3119 567 3266 634 luget
3288 562 3404 630 ejus
3431 564 3750 653 amatorem.

2160 642 2358 726 Necin
2390 669 2529 722 bona
2563 642 2771 719 mente
2794 659 3010 723 malam,
3052 667 3155 709 nec
3182 652 3238 706 in
3261 655 3443 703 mente
3480 643 3629 699 mala
3655 642 3756 695 bo-

2161 774 2284 813 nam
2314 756 2643 810 voluntatem
2674 747 2907 804 excitare
2946 743 3109 808 valet,
3150 738 3246 794 sed
3287 735 3506 791 omnino
3535 738 3587 786 et
3615 730 3754 792 haec,

2164 854 2217 900 et
2246 844 2363 898 aliae
2402 858 2495 895 seu
2524 836 2842 907 corporum]
2888 848 2985 886 seu
3022 843 3206 884 rerum
3271 824 3499 879 aliarum
3544 816 3759 888 species

2166 934 2279 987 sive
2309 945 2505 994 causa),
2534 933 2745 980 mentes
2793 924 3076 982 humanas,
3126 911 3429 969 secundum
3475 919 3757 994 prmpara-

2165 1020 2339 1074 tiones
2369 989 2704 1077 earumdem,
2735 1014 2973 1063 movent.
2996 1005 3064 1059 Et
3094 1002 3217 1057 ideo
3249 1006 3358 1053 tota
3386 1008 3551 1052 causa
3598 989 3759 1044 mali-

2166 1108 2359 1161 tiarum
2387 1110 2699 1158 nostrarum
2749 1095 2905 1151 nobis
2952 1092 3087 1163 ipsis
3141 1084 3455 1157 imputanda
3513 1088 3612 1145 est,
3647 1092 3758 1132 non

2167 1194 2298 1265 ipsis
2329 1193 2494 1246 rebus
2524 1190 2578 1242 in
2637 1186 2831 1257 quibus
2886 1193 3199 1252 peccamus.
3230 1176 3378 1265 Ergo
3423 1168 3556 1265 nihil
3612 1164 3761 1265 aliud

2150 1252 2324 1336 nobis
2354 1278 2572 1343 faciunt,
2605 1252 2709 1327 nisi
2738 1271 3001 1342 probare.
3051 1261 3355 1320 Ostendunt
3384 1258 3528 1313 enim
3570 1252 3762 1343 quales

2168 1370 2223 1423 in
2254 1366 2466 1423 occulto
2487 1340 2864 1426 eramus—non
2886 1354 3089 1411 faciunt
3118 1367 3219 1405 nos
3248 1344 3593 1412 tales.Quam
3615 1340 3762 1395 enim

2169 1456 2321 1509 firmo
2370 1461 2419 1507 et
2450 1448 2717 1505 immobili
2747 1459 2936 1500 amore
2976 1453 3179 1512 sponsa
3230 1448 3432 1506 sponso
3471 1430 3762 1494 adhaereat,

2170 1543 2399 1597 aliorum
2482 1538 2721 1593 virorum
2774 1532 2969 1602 probat
3022 1526 3264 1581 intuitus.
3321 1521 3379 1576 Si
3435 1517 3580 1573 enim
3617 1515 3759 1568 bene

2098 1638 2318 1721 Bcasta
2349 1635 2449 1696 est,
2483 1624 2681 1679 nullius
2732 1620 2953 1675 alterius
3009 1609 3412 1721 pulchritudine
3468 1616 3761 1721 ple‘rmove-

2171 1728 2277 1772 tur.
2314 1718 2389 1770 Ita
2420 1694 2636 1785 quoque
2665 1719 2741 1775 tu,
2792 1709 2838 1762 si
2870 1702 3179 1760 ﬁrmissimo
3210 1697 3408 1754 affectu
3449 1694 3764 1785 adhaereres

2170 1808 2306 1871 Deo,
2360 1776 2564 1857 nullius
2597 1804 2853 1855 creaturae
2925 1788 3208 1847 illicereris
3262 1790 3505 1855 aspectu.
3566 1776 3763 1871 omnia

2169 1865 2402 1962 namque
2436 1934 2449 1955 ,
2496 1897 2641 1943 tuam
2690 1900 2819 1957 erga
2865 1882 3078 1945 Deum,
3138 1880 3335 1947 quanta
3378 1871 3479 1936 sit,
3528 1865 3763 1938 probant

2170 1981 2489 2036 castitatem.

2665 2111 3064 2170 CAPITULUM
3100 2107 3223 2163 XIV
3238 2148 3249 2159 .

2169 2252 2244 2305 De
2273 2244 2703 2304 adversitatibus
2717 2241 2883 2311 hujus
2911 2237 3123 2311 saeculi,
3170 2234 3414 2311 qualiter
3451 2226 3760 2311 tolerandae

2239 2301 2559 2389 sunt,un
2601 2329 2704 2387 per
2753 2301 2845 2367 eos
2894 2301 3147 2379 coqimur
3175 2301 3400 2359 utiliter
3455 2301 3526 2355 ad
3583 2301 3757 2355 Deum

2241 2388 2445 2443 redire.

2244 2521 2380 2576 Vide
2410 2515 2681 2590 quomodo
2701 2522 2754 2568 te
2784 2517 2989 2584 pungat
3034 2510 3201 2575 Deus,
3251 2517 3573 2576 quocunque
3603 2508 3753 2590 extra

2168 2626 2290 2667 eum
2329 2588 2638 2663 extenderis
2669 2618 2766 2673 per
2809 2595 3302 2667 concupiscentiam
3344 2592 3400 2646 in
3469 2588 3755 2653 creaturis,

2165 2708 2421 2767 tanquam
2453 2692 2629 2747 nutrix
2657 2688 2814 2759 pueri
2844 2684 3125 2741 brachium
3154 2688 3425 2738 extentum
3454 2685 3601 2734 extra
3656 2692 3754 2731 cu-

2166 2802 2263 2840 nas
2292 2800 2361 2837 ne
2391 2787 2580 2851 pereat
2597 2778 2818 2848 frigore.

2236 2869 2506 2940 PrOpitius
2534 2864 2630 2920 tibi
2660 2864 2727 2918 sit
2757 2864 2921 2928 Deus,
2955 2875 3024 2915 ne
3049 2856 3286 2913 inveniat
3313 2854 3406 2908 ubi
3455 2851 3758 2923 requiescat

2164 2976 2262 3031 pes
2288 2938 2488 3012 mentis
2517 2963 2659 3019 tuae;
2692 2958 2751 3005 ut
2781 2950 2969 3005 saltem
3001 2952 3205 3014 coacta,
3238 2960 3270 2999 ο
3301 2941 3501 3009 anima,
3562 2938 3754 2993 redeas

2166 3047 2233 3101 ad
2255 3060 2461 3113 arcam,
2493 3043 2631 3098 sicut
2644 3037 2899 3096 columba
2927 3036 3063 3090 Noe.

2238 3111 2467 3204 Egestas
2524 3130 2661 3200 ipsa,
2704 3126 2791 3182 vel
2836 3123 3133 3194 asperitas,
3173 3115 3487 3188 temporalis
3542 3111 3761 3168 tortoris

2164 3201 2457 3292 vice—cogit
2488 3233 2587 3272 nos
2635 3215 2795 3279 bona,
2844 3220 3005 3282 atque
3024 3209 3109 3264 his
3154 3207 3370 3261 diversa
3413 3201 3753 3258 desiderare.

2167 3309 2275 3366 Sed
2306 3289 2433 3379 quia
2486 3320 2589 3359 nos
2627 3310 2834 3357 tantum
2879 3295 3263 3368 temporalibus
3310 3289 3515 3347 assueti
3552 3303 3758 3353 sumus,

2164 3374 2407 3465 nihilque
2437 3392 2581 3447 aliud
2611 3390 2880 3453 novimus,
2914 3401 3023 3439 non
3064 3382 3290 3437 multum
3319 3379 3539 3434 diversa
3584 3376 3655 3429 ab
3676 3374 3762 3427 his

2166 3499 2285 3554 quae
2314 3462 2551 3551 patimur
2582 3476 2981 3538 desideramus,
3017 3480 3069 3526 et
3096 3469 3185 3527 vel
3204 3469 3312 3523 iras
3339 3480 3564 3554 eorum,
3599 3462 3655 3516 id
3681 3468 3767 3516 est

2164 3541 2511 3639 asperitates,
2547 3568 2995 3635 temperamento,
3040 3556 3197 3629 quasi
3243 3553 3480 3627 quadam
3516 3541 3766 3607 i'econci-

2162 3636 2402 3725 lia—tione,
2437 3654 2508 3710 ad
2539 3659 2873 3707 momentum
2902 3649 3322 3715 interrumpere,
3357 3641 3445 3697 vel
3488 3655 3597 3695 non
3624 3636 3764 3693 mul-

2162 3753 2277 3798 tum
2315 3743 2531 3797 diversa
2559 3740 2626 3794 ab
2656 3740 2761 3804 his,
2791 3736 2975 3791 subire
3008 3726 3291 3804 optamus.

2235 3830 2281 3886 Ο
2311 3832 2475 3885 homo
2504 3829 2597 3899 qui
2621 3827 2863 3883 dolorem
2883 3822 3106 3895 pateris,
3130 3820 3211 3875 vis
3225 3832 3346 3873 eum
3362 3815 3573 3872 lenire?
3602 3814 3758 3870 Volo.

2162 3918 2557 3989 Temporaliter
2587 3932 2654 3969 an
2682 3911 3004 3969 aeternaliter
3029 3910 3057 3963 ?
3084 3904 3452 3963 Eternaliter.
3483 3903 3762 3958 Eternurn

2164 3988 2682 4078 ergolinimentum,
2716 4002 2772 4056 id
2799 4008 2881 4055 est
2926 3999 3121 4061 Deum,
3152 3993 3405 4048 desidera
3436 4009 3451 4059 ;
3482 4006 3609 4045 nam
3638 3988 3764 4044 ideo

2161 4102 2213 4148 te
2243 4091 2529 4163 percussit,
2586 4098 2646 4144 ut
2691 4104 2817 4144 eum
2859 4085 3159 4148 desideres,
3215 4096 3321 4136 non
3375 4080 3602 4145 herbas,
3649 4091 3759 4133 non

2161 4182 2447 4253 ligaturas.

2231 4270 2351 4324 Una
2372 4266 2539 4321 febris
2569 4265 2747 4320 aufert
2792 4261 2977 4318 omnia
3024 4266 3216 4314 contra
3255 4271 3376 4327 quae
3415 4268 3644 4326 pugnas,
3705 4251 3762 4307 id

2080 4345 2133 4403 D
2163 4365 2246 4411 est
2284 4356 2677 4410 oblectamenta
2743 4352 2982 4422 quinque
3038 4360 3318 4401 sensuum.
3397 4340 3538 4408 Quid
3593 4348 3762 4395 restat

2159 4460 2313 4515 ergo,
2346 4443 2451 4496 nisi
2488 4449 2546 4495 ut
2575 4442 2691 4496 Deo
2722 4438 2923 4509 gratias
2950 4450 3049 4506 pro
3094 4432 3291 4489 collata
3340 4428 3564 4484 victoria
3619 4426 3762 4483 refe-

2158 4514 2243 4585 ras
2262 4531 2289 4583 ?
2321 4532 2387 4585 At
2417 4537 2471 4583 tu
2500 4536 2689 4584 contra
2718 4525 2919 4597 quaeris
2949 4521 3038 4579 cui
3084 4517 3433 4583 succumbas,
3466 4515 3657 4571 odiens
3692 4514 3757 4568 li-

2157 4619 2442 4673 bertatem.

2227 4706 2359 4773 Quae
2382 4720 2508 4774 spes
2538 4710 2641 4771 est,
2679 4702 2725 4757 si
2756 4702 2967 4773 laqueis
2997 4701 3200 4757 inimici
3223 4698 3677 4774 gratisincumbis
3708 4704 3763 4752 et

2149 4792 2361 4862 jaculis,
2396 4792 2443 4846 si
2462 4793 2581 4847 haec
2619 4805 2727 4845 non
2759 4790 2933 4845 solum
2972 4805 3083 4844 non
3113 4804 3296 4856 caves,
3321 4788 3419 4843 sed
3444 4788 3667 4857 insuper
3696 4784 3760 4838 li-

2153 4881 2345 4935 benter
2372 4879 2735 4949 amplecteris,
2768 4886 2927 4948 teque
2957 4876 3064 4930 illis
3091 4876 3322 4948 detegis,
3349 4876 3417 4930 ab
3439 4875 3547 4929 illis
3578 4874 3649 4928 ad
3664 4873 3758 4927 illa

2152 4968 2400 5040 confugis
2428 4968 2457 5021 ?
2487 4968 2569 5021 Ea
2599 4974 2762 5036 putas
2794 4964 3113 5031 remedium,
3140 4979 3207 5019 ea
3237 4964 3509 5031 solatium,
3535 4978 3601 5017 ea
3621 4960 3761 5016 desi-

2151 5057 2333 5119 deras,
2369 5061 2422 5108 et
2451 5055 2646 5107 abesse
2677 5068 2785 5107 non
2806 5052 3034 5122 pateris.

2220 5141 2561 5212 Prosperitas
2589 5140 2820 5212 laqueus
2849 5147 2952 5206 est,
3005 5138 3180 5195 culter
3207 5138 3454 5194 incidens
3499 5138 3643 5191 hunc
3670 5135 3756 5190 la-

2150 5246 2368 5300 queum,
2405 5229 2710 5285 adversitas
2740 5248 2760 5297 ;
2792 5242 2985 5284 carcer
3014 5227 3215 5282 amoris
3244 5225 3367 5297 Dei,
3397 5224 3755 5297 prosperitas;

2147 5317 2500 5390 confringens
2520 5318 2664 5373 hunc
2695 5316 2862 5384 aries,
2896 5315 3199 5372 adversitas

2219 5407 2359 5460 Dicit
2396 5406 2491 5460 tibi
2542 5406 2848 5461 adversitas
2884 5419 2898 5458 :
2928 5404 3131 5459 Niteris
3168 5411 3225 5458 ut
3255 5402 3530 5459 recedam.
3595 5399 3754 5469 Quod
