3978 6050
222 238 319 290 621

1593 232 2027 289 MEDITATION
2031 233 2133 288 ES.

3405 231 3507 284 622

228 364 375 411 certe
403 355 553 409 nullo
582 354 745 409 modo
775 353 1136 424 prohiberes;
1165 353 1211 408 si
1242 355 1382 410 bene
1410 354 1561 422 velis,
1593 357 1815 427 poteris.
1845 359 1898 417 Α
1920 356 2050 426 quid
2078 353 2418 423 hujusmodi,
2449 351 2725 408 materiam
2774 366 2988 422 quoque
3020 350 3165 404 unde
3222 349 3355 404 illud
3388 350 3507 403 ﬁeri

227 444 352 498 Non
409 444 553 497 enim
599 458 825 512 possum
899 442 1131 497 Domino
1184 443 1497 500 modulante
1571 460 1813 513 manere,

228 531 431 601 quippe
461 530 692 600 syllaba.

302 618 360 674 Si
390 634 525 689 erga
552 618 801 672 homines
826 618 1096 687 pessimos
1120 618 1264 673 velut
1285 635 1459 691 agnus
1480 636 1603 674 esse
1624 620 1813 687 debes,

226 708 355 781 quid
384 707 453 762 ad
482 707 676 770 Deum,
709 722 831 760 cum
854 706 921 760 ab
951 722 1017 761 eo
1037 706 1333 777 corriperis
1354 708 1569 779 ﬂagello
1591 708 1770 780 aliquo
1791 708 1818 760 ‘I

300 796 436 851 Vide
494 793 768 865 quomodo
816 794 891 847 sis
936 794 1091 865 quasi
1121 794 1177 848 in
1235 795 1417 849 bello:
1450 796 1576 850 Sitis
1624 805 1811 861 torret,

225 884 459 955 opponis
496 889 719 953 potum:
748 882 920 935 fames
975 881 1196 947 cruciat,
1230 883 1461 953 Opponis
1491 899 1680 948 escas;
1714 883 1815 937 fri-

223 972 368 1044 gori,
411 977 619 1026 vestem
655 976 745 1023 aut
773 969 989 1039 ignem;
1018 969 1245 1033 morbis,
1286 969 1633 1025 medicinam.
1668 972 1813 1025 Con-

218 1068 310 1114 tra
340 1060 456 1114 bazc
501 1056 682 1112 omnia
736 1072 872 1126 opus
903 1065 984 1111 est
1029 1057 1312 1127 patientia,
1359 1066 1413 1112 et
1459 1058 1647 1112 mundi
1677 1073 1813 1112 con-

220 1154 453 1216 temptu,
484 1160 553 1199 ne
583 1144 691 1198 alio
711 1144 874 1212 bello,
925 1144 1071 1214 quod
1099 1144 1224 1200 hinc
1275 1144 1469 1215 surgit,
1513 1146 1809 1215 supereris,

217 1233 456 1290 catervis
484 1231 737 1287 videlicet
776 1230 1046 1285 vitiorum.

297 1320 531 1389 Quando
560 1318 777 1390 quidem
808 1318 927 1373 sola
952 1318 1228 1388 voluptate
1257 1318 1492 1389 caperis,
1526 1319 1644 1374 sola
1673 1319 1815 1375 dele-

219 1408 441 1465 ctabilia
472 1414 596 1461 sunt
644 1407 906 1461 cavenda.
957 1407 1239 1477 Nusquam
1288 1422 1423 1477 ergo
1479 1423 1675 1462 secura
1732 1414 1813 1461 est

220 1496 406 1551 anima
436 1493 761 1560 Christiana,
786 1493 889 1546 nisi
919 1493 973 1545 in
1005 1493 1268 1548 adversis.

292 1585 375 1638 De
402 1583 488 1635 his
516 1597 637 1652 quae
668 1580 872 1651 diligis,
912 1579 1009 1633 tibi
1063 1580 1190 1636 fecit
1234 1581 1381 1636 Deus
1430 1582 1641 1654 virgas.
1682 1582 1811 1635 Pro-

220 1685 383 1741 spera
411 1669 689 1739 fugiendo,
717 1668 773 1720 in
803 1668 1037 1723 adversa
1062 1669 1315 1723 irruendo
1360 1670 1636 1725 cruciaris.
1671 1669 1806 1724 Om-
1830 1696 1883 1756 B

218 1758 313 1813 nia
340 1757 559 1829 ﬂagella
604 1762 746 1821 sunt,
780 1762 980 1825 praeter
1008 1755 1204 1826 ipsum,
1239 1756 1330 1827 qui
1372 1757 1646 1829 flagellum
1676 1758 1808 1812 des-

217 1845 369 1912 truit,
402 1844 553 1916 quasi
585 1842 728 1897 ﬁlius
758 1851 841 1898 est
887 1843 980 1914 qui
1008 1844 1214 1916 virgam
1254 1845 1426 1914 patris
1468 1845 1808 1901 verberantis

219 1931 442 2004 frangit.

293 2021 497 2090 Corpus
527 2034 560 2073 a
588 2017 944 2074 validioribus
1001 2020 1199 2075 victum
1256 2029 1346 2075 aut
1391 2020 1687 2091 impellitur
1716 2029 1807 2075 aut

217 2106 520 2169 attrahitur,
580 2106 829 2160 similiter
884 2106 1154 2161 voluntas.
1204 2108 1284 2162 Tu
1330 2124 1461 2163 vero
1508 2124 1617 2163 non
1662 2110 1805 2179 quod

218 2210 417 2264 corpus
447 2193 713 2249 vincendo
743 2201 979 2260 moveat,
1013 2195 1110 2249 sed
1138 2202 1375 2251 mentem
1407 2203 1459 2250 et
1480 2196 1804 2252 voluntatem

218 2297 370 2339 cura.
810 2344 815 2353 Ὗ

282 2370 378 2424 Vae
407 2383 517 2423 non
546 2368 630 2422 his
667 2368 756 2439 qui
786 2368 1138 2438 perdiderunt
1176 2370 1493 2439 temporalia
1513 2413 1529 2436 ,
1565 2372 1664 2425 sed
1720 2371 1803 2425 his

216 2456 310 2528 qui
368 2455 717 2526 perdiderunt
781 2455 1177 2510 sustinentiam.
1226 2457 1385 2511 Nulla
1428 2457 1571 2511 enim
1617 2458 1802 2527 passio

216 2551 522 2614 superatur,
555 2541 658 2596 nisi
689 2557 787 2611 per
822 2542 1014 2612 ipsam.
1059 2544 1181 2597 Non
1231 2544 1374 2597 enim
1431 2544 1643 2599 edendo
1673 2561 1802 2599 con-

215 2631 414 2686 traitur
441 2629 592 2695 fami,
624 2630 719 2684 sed
750 2629 1003 2695 servitur,
1038 2630 1178 2685 sicut
1198 2631 1433 2685 bibendo
1455 2632 1559 2687 siti.
1587 2633 1667 2685 Ad
1698 2633 1803 2688 hoc

214 2719 359 2774 enim
390 2717 616 2772 tendunt
644 2717 745 2770 ista
776 2725 834 2771 ut
869 2717 1075 2772 scilicet
1112 2718 1179 2772 ad
1203 2717 1493 2773 fruendum
1522 2720 1801 2774 exteriori-

212 2808 317 2861 bus
392 2820 679 2874 corporum
736 2804 926 2859 formis
969 2804 1228 2860 inclinent
1297 2806 1555 2861 animum.
1642 2806 1801 2875 Quod

209 2892 430 2966 quando
476 2890 532 2945 ﬁt
562 2932 576 2961 ,
609 2907 718 2946 non
771 2900 1111 2962 superantur,
1162 2893 1260 2947 sed
1312 2901 1577 2965 regnant,
1636 2894 1802 2949 finem

212 2997 393 3047 suum,
428 2980 481 3034 id
512 2987 594 3035 est
625 2980 792 3033 animi
818 2979 1223 3036 inclinationem
1254 2988 1307 3035 et
1342 2982 1800 3051 praeparationem

210 3069 283 3122 ad
313 3067 610 3125 faciliorem
639 3075 693 3121 et
719 3067 984 3136 majorem
1013 3068 1418 3123 inclinationem
1468 3069 1793 3125 obtinentes.

284 3156 540 3211 Omnium
566 3155 813 3209 dolorum
870 3163 923 3210 et
979 3156 1316 3211 cruciatuum
1365 3157 1481 3211 sola
1528 3158 1800 3213 medicina

207 3252 295 3300 est
322 3251 663 3313 contemptus
693 3258 884 3298 eorum
913 3260 1033 3315 quae
1061 3244 1194 3299 laesa
1247 3252 1389 3310 sunt,
1414 3252 1465 3299 et
1512 3245 1798 3300 conversio

203 3332 406 3388 mentis
436 3330 505 3385 ad
543 3332 735 3386 Deum.

280 3417 426 3485 Quot
482 3417 783 3487 voluptates
838 3417 1087 3473 carnales
1133 3425 1183 3473 et
1239 3434 1403 3489 quam
1449 3420 1798 3475 vehementes

204 3506 445 3576 spernis,
477 3505 698 3559 totidem
728 3513 779 3559 et
806 3514 916 3559 tam
946 3505 1154 3561 validos
1191 3506 1392 3562 diaboli
1420 3508 1645 3578 laqueos
1695 3509 1797 3563 de-

202 3593 363 3647 vitas.
425 3591 567 3660 Quot
620 3592 1015 3661 tribulationes,
1048 3595 1347 3663 praesertim
1405 3612 1503 3665 pro
1550 3596 1794 3665 veritate,

203 3679 373 3752 fugis,
415 3680 657 3748 totidem,
691 3679 1035 3735 medicinalia
1065 3682 1307 3737 remedia
1335 3683 1571 3753 spernis.

721 3922 1117 3978 CAPITULUM
1147 3923 1267 3979 XV.

204 4097 282 4151 De
300 4112 429 4151 vera
469 4098 780 4167 patientia,
812 4114 921 4168 qua
976 4098 1261 4153 tolerandi
1286 4103 1342 4154 el.
1397 4101 1632 4155 amandi
1660 4106 1799 4156 sunt

273 4172 591 4237 peccatore:
623 4172 679 4222 et
708 4168 945 4235 inﬁrmi,
968 4170 1058 4238 pie
1088 4169 1365 4240 sperando
1386 4174 1796 4227 correctionem

278 4252 493 4292 eorum.

1916 443 2106 513 possit,
2143 450 2313 509 amat,
2342 442 2491 513 ligna
2520 441 2722 496 scilicet
2752 447 2842 493 aut
2871 437 3106 508 lapides.
3150 436 3342 491 Omnis
3373 453 3507 507 ergo

1918 531 2009 601 qui
2039 531 2212 585 bonos
2243 530 2436 601 diligit,
2470 529 2659 593 malos,
2694 543 2758 582 eo
2788 527 2934 598 quod
2964 541 3239 595 nunquam
3291 524 3509 578 aliunde

1918 619 2046 672 boni
2075 617 2220 686 fiant,
2256 618 2445 687 diligat
2474 632 2700 671 necesse
2732 622 2835 670 est.
2877 615 2985 669 Cur
3041 612 3183 667 enim
3215 628 3323 667 non
3353 628 3507 665 amas

1915 705 1971 759 id
2000 705 2141 759 unde
2172 713 2351 775 potest
2380 705 2606 775 angelus
2637 702 2771 773 ﬁeri,
2805 702 2849 755 si
2880 701 3013 755 illud
3043 717 3193 754 amas
3214 700 3355 754 unde
3378 715 3506 770 scy-

1914 794 2053 862 phus
2080 792 2197 847 fieri
2226 793 2444 863 possit?
2479 793 2749 861 Scriptum
2786 806 3021 860 namque
3054 798 3134 843 est
3165 789 3233 842 de
3262 788 3504 841 homini-

1916 881 2015 934 bus
2049 896 2060 933 :
2094 881 2277 935 Erunt
2306 881 2546 951 mqualcs
2577 880 2792 950 angelis
2822 879 2919 933 Dei
2942 880 3098 943 (Luc.
3128 890 3230 941 xx,
3267 876 3387 945 36).

1985 968 2159 1035 Quam
2190 968 2413 1037 pulchra
2444 984 2534 1021 ars
2564 968 2784 1022 vincere
2812 966 2865 1018 in
2914 966 3056 1019 bono
3101 964 3341 1030 malum;
3374 978 3505 1019 con-

1913 1055 2073 1108 traria
2102 1055 2247 1109 enim
2278 1071 2309 1108 a
2339 1055 2625 1110 contrariis
2656 1062 3003 1124 superantur.

1987 1142 2198 1196 Positus
2229 1159 2287 1196 es
2320 1143 2472 1212 quasi
2503 1143 2719 1213 signum
2737 1142 2806 1195 ad
2828 1139 3170 1195 retundenda
3194 1138 3376 1209 jacula
3395 1138 3504 1191 ini-

1913 1229 2057 1297 mici,
2092 1230 2145 1283 id
2189 1238 2269 1283 est
2307 1230 2377 1283 ad
2432 1230 2817 1284 destruendum
2874 1227 3097 1293 malum,
3160 1225 3501 1295 oppositione

1912 1316 2057 1370 boni.
2092 1317 2343 1371 Reddere
2387 1325 2564 1371 autem
2623 1316 2823 1369 malum
2881 1331 2981 1385 pro
3023 1314 3167 1367 malo
3198 1328 3304 1366 non
3336 1312 3501 1367 debes

1912 1419 2165 1474 unquam,
2199 1404 2303 1457 nisi
2330 1404 2464 1458 forte
2501 1403 2908 1471 medicinaliter,
2944 1401 3089 1472 quod
3115 1401 3225 1468 jam
3254 1415 3362 1454 non
3420 1406 3502 1454 est

1911 1492 2115 1545 malum
2146 1506 2246 1560 pro
2276 1492 2435 1557 malo,
2462 1492 2569 1545 imo
2592 1491 2791 1545 bonum
2820 1506 2920 1560 pro
2952 1489 3116 1553 malo,
3139 1487 3393 1541 reddere.

1982 1578 2085 1646 Qui
2114 1579 2373 1632 mundum
2404 1586 2603 1644 amant,
2640 1586 2809 1632 artem
2868 1593 2971 1647 qua
3002 1575 3057 1629 id
3117 1573 3260 1645 quod
3318 1582 3502 1628 amant

1911 1673 2268 1736 assequamur
2332 1666 2417 1721 vel
2490 1665 2773 1731 fruantur,
2830 1663 3102 1718 laboriose
3178 1660 3495 1728 addiscunt;

1913 1760 1969 1806 tu
1997 1754 2166 1808 Deum
2201 1753 2283 1808 vis
2310 1753 2547 1824 assequi,
2580 1761 2631 1807 et
2662 1761 2832 1807 artem
2865 1768 2970 1822 qua
3001 1748 3315 1821 acquiritur,
3347 1749 3402 1803 id
3421 1758 3501 1804 est

1911 1841 2214 1896 retribuere
2244 1841 2447 1896 bonum
2479 1856 2579 1911 pro
2610 1841 2775 1907 malo,
2825 1843 3146 1897 contemnis.

1980 1932 2086 1983 Aut
2113 1930 2239 1984 hinc
2267 1929 2496 1995 recede,
2531 1937 2621 1982 aut
2658 1937 2883 1999 propter
2912 1931 3056 2000 quod
3084 1931 3173 1987 hic
3198 1933 3404 2003 positus
3437 1949 3495 1988 es

1909 2032 2031 2087 age,
2066 2016 2120 2071 id
2151 2025 2233 2071 est
2269 2018 2510 2083 medere,
2543 2025 2748 2087 patere.

1978 2105 2078 2159 Hic
2116 2105 2309 2158 stultus
2339 2112 2439 2167 est,
2474 2105 2527 2158 id
2558 2112 2639 2158 est
2668 2106 2831 2158 horno
2886 2105 3137 2161 inimicus
3172 2126 3186 2174 ;
3217 2108 3306 2163 ille
3334 2108 3490 2162 calli-

1905 2192 2027 2257 dus,
2054 2192 2304 2246 diabolus
2334 2192 2535 2246 scilicet
2566 2192 2657 2262 qui
2681 2208 2778 2261 per
2807 2193 2949 2247 hunc
2971 2200 3020 2247 te
3050 2194 3348 2265 impugnat.
3375 2197 3491 2251 Cir-

1906 2294 1971 2333 ca
2018 2280 2161 2334 hunc
2219 2280 2465 2346 blandus,
2501 2287 2557 2333 ut
2613 2296 2737 2334 eum
2775 2280 2992 2348 liberes,
3027 2290 3174 2350 esto;
3212 2291 3399 2339 contra
3428 2284 3491 2338 il-

1904 2366 2034 2433 lum,
2068 2374 2278 2422 cautus.

1973 2454 2249 2523 Turbaris,
2283 2455 2410 2525 quia
2440 2470 2543 2525 ego
2576 2455 2813 2509 turbatus
2846 2472 3003 2522 sum;
3036 2457 3277 2511 turbatus
3300 2459 3491 2513 turba~

1902 2548 2013 2595 tum
2043 2542 2415 2611 reprehendis.
2452 2542 2497 2595 Ο
2528 2542 2737 2612 pudor!
2771 2544 3094 2613 Loripedem
3124 2553 3304 2600 rectus
3335 2548 3484 2602 deri—

1903 2629 2045 2694 deat,
2078 2630 2379 2699 zEthiopem
2426 2630 2599 2683 albus.
2659 2632 2778 2700 Ego
2808 2630 3028 2700 quidem
3085 2635 3353 2705 corrigar,
3387 2652 3489 2691 nec

1903 2717 2133 2786 amplius
2162 2719 2263 2772 hoc
2290 2717 2491 2771 malum
2549 2718 2761 2772 faciam.
2796 2720 2874 2772 Tu
2930 2728 3111 2774 autem
3158 2722 3288 2792 quid
3320 2722 3488 2778 facies

1902 2804 1969 2858 de
1998 2805 2101 2859 hoc
2130 2804 2257 2859 vitio
2305 2812 2415 2868 tuo,
2450 2821 2557 2875 quo
2587 2821 2695 2859 non
2751 2807 2927 2859 solum
2954 2807 3086 2862 mihi
3142 2810 3351 2864 mederi
3378 2827 3487 2866 non

1901 2892 2072 2957 vales,
2107 2893 2205 2946 sed
2234 2908 2335 2947 nec
2366 2892 2510 2947 ferre
2542 2894 2769 2947 salutem
2800 2896 3001 2964 potes?

1974 2978 2156 3047 Quare
2187 2980 2271 3033 vis
2296 2979 2513 3035 fratrem
2542 2980 2689 3034 illum
2734 2982 3001 3037 dimittere
3020 2983 3048 3037 ?
3078 2982 3217 3050 Quia
3263 2984 3485 3040 iracun-

1897 3068 1987 3122 dia
2018 3076 2071 3122 et
2100 3068 2349 3121 omnibus
2380 3068 2521 3123 vitiis
2548 3069 2740 3139 plenus
2770 3074 2895 3124 est?
2923 3070 3012 3126 Sic
3039 3086 3173 3141 ergo
3202 3071 3362 3127 faciat
3393 3074 3486 3127 tibi

1898 3156 2063 3209 Deus.
2096 3156 2178 3209 Ex
2207 3170 2304 3209 ore
2330 3162 2421 3209 tuo
2438 3156 2679 3225 probasti
2708 3158 2849 3228 quod
2881 3174 2989 3212 non
3020 3159 3223 3213 debeas
3253 3176 3373 3213 eum
3406 3161 3488 3215 di-

1897 3243 2128 3296 mittere.
2165 3243 2282 3297 Non
2303 3247 2385 3297 est
2412 3244 2567 3297 sanis
2596 3261 2730 3315 opus
2770 3246 3037 3311 medicus,
3074 3247 3168 3302 sed
3199 3249 3349 3303 male
3382 3248 3485 3305 ha-

1899 3330 2153 3385 bentibus
2209 3329 2430 3399 (Matth.
2490 3346 2569 3396 lx,
2626 3334 2733 3400 12).
2785 3332 2839 3386 Si
2894 3341 3125 3387 matrem
3176 3335 3486 3405 interroges

1898 3434 2064 3488 quare
2094 3416 2259 3471 filium
2290 3434 2445 3471 suum
2491 3418 2848 3489 derelinquat,
2882 3427 2934 3474 et
2990 3422 3331 3491 responderit
3360 3425 3488 3493 quia

1898 3505 2096 3559 debilis
2127 3513 2210 3559 est
2266 3513 2317 3559 et
2369 3513 2630 3576 aegrotus,
2689 3506 2959 3578 interroga
2991 3508 3037 3561 si
3092 3508 3328 3578 idipsum
3359 3511 3487 3564 velit

1896 3593 2012 3662 ipsa
2042 3592 2161 3647 fieri
2205 3592 2306 3646 sibi
2336 3608 2369 3646 a
2398 3592 2526 3648 ﬁlio.
2560 3595 2625 3648 Et
2655 3609 2779 3648 cum
2819 3594 3014 3649 dixerit
3045 3613 3058 3649 :
3091 3596 3246 3661 Non;
3295 3597 3433 3652 adde
3470 3612 3481 3651 :

1896 3676 2034 3730 Mala
2066 3691 2199 3747 ergo
2230 3691 2395 3730 causa
2434 3676 2612 3730 odisti.
2648 3677 2736 3731 Sic
2790 3685 2873 3731 est
2931 3678 2998 3731 de
3037 3679 3270 3733 medico.

1966 3766 2089 3819 Non
2120 3764 2190 3817 sit
2218 3772 2441 3820 exactor
2475 3763 2726 3820 vindictae
2757 3766 2846 3835 qui
2877 3766 3071 3835 petitor
3105 3774 3187 3820 est
3214 3767 3408 3822 venia).

1968 3851 2025 3905 Si
2054 3852 2284 3922 teipsum
2314 3861 2421 3906 tam
2451 3852 2787 3906 immundum
2818 3853 3039 3920 toleras,
3072 3870 3167 3908 cur
3196 3870 3305 3909 non
3327 3855 3485 3910 etiam

1898 3939 2192 4009 quemlibet
2249 3940 2411 3993 alium
2434 3940 2461 3993 *Ρ

1965 4027 2303 4082 Hierusalem
2341 4036 2466 4082 eant
2503 4028 2613 4094 alii,
2646 4035 2703 4082 tu
2734 4045 2904 4099 usque
2933 4029 3002 4083 ad
3048 4030 3361 4099 patientiam
3395 4041 3487 4086 aut

1894 4114 2272 4182 humilitatem,
2306 4117 2408 4171 hoc
2442 4125 2524 4171 est
2550 4116 2694 4171 enim
2723 4124 2773 4170 te
2812 4116 2893 4171 ire
2925 4125 3077 4171 extra
3107 4106 3387 4184 mundum,
3422 4119 3487 4173 il-

1895 4200 1989 4255 lud
2013 4203 2169 4256 intra.

1967 4289 2193 4357 Qualem
2223 4306 2357 4361 erga
2386 4298 2435 4345 te
2466 4292 2635 4345 Deum
2676 4300 2727 4346 et
2755 4292 3003 4347 homines
3026 4291 3359 4350 voluntatem
3389 4297 3484 4350 ha-

277 4375 412 4430 Vide
442 4377 713 4447 quomodo
744 4377 797 4430 in
825 4393 920 4447 spe
950 4377 1181 4450 diligere
1219 4379 1399 4449 possis
1438 4378 1790 4446 frumentum,
1824 4377 1876 4435 D
1895 4376 2024 4431 bere
2058 4377 2157 4441 vis,
2202 4386 2637 4449 quatumcunque
2668 4386 2759 4432 aut
2790 4380 3277 4452 quomodocunque
3309 4382 3485 4439 offen-

200 4463 257 4518 in
296 4458 461 4518 herba
490 4465 722 4519 triticum
760 4465 1051 4537 gibbosum
1077 4482 1089 4519 :
1115 4467 1192 4522 sic
1221 4484 1316 4522 eos
1348 4467 1515 4539 dilige
1537 4468 1630 4539 qui
1660 4484 1793 4522 non-

201 4552 335 4605 dum
364 4551 491 4606 boni
520 4560 661 4605 sunt.
694 4553 839 4607 Talis
870 4561 987 4607 esto
1019 4570 1151 4625 erga
1207 4571 1417 4620 omnes,
1452 4556 1630 4626 qualis
1662 4572 1793 4627 erga

199 4646 253 4692 te
285 4638 496 4693 Veritas
527 4640 746 4693 exstitit.
780 4639 1012 4708 Qualem
1043 4648 1096 4696 te
1134 4642 1384 4697 sustinuit
1415 4650 1467 4696 et
1496 4644 1696 4698 amavit
1736 4652 1794 4697 ut

197 4724 483 4781 meliorem
516 4726 737 4793 faceret,
781 4726 920 4782 tales
968 4728 1174 4783 sustine
1207 4738 1261 4784 et
1280 4744 1421 4797 ama,
1452 4737 1511 4784 ut
1540 4731 1793 4786 meliores

198 4811 392 4867 facias.

273 4899 629 4970 Blasphemas
659 4902 950 4970 medicum,
984 4902 1324 4973 desperando
1352 4913 1634 4975 aegrotum.
1659 4905 1794 4958 Tam

202 4984 379 5039 facilis
425 4987 568 5040 enim
608 4996 690 5043 est
731 4991 845 5057 ejus
882 4990 1104 5056 sanitas,
1156 4998 1359 5061 quanta
1414 4991 1558 5046 illius
1586 4992 1639 5046 in
1671 5009 1791 5047 me-

201 5071 385 5127 dendo
404 5078 645 5143 potestas
679 5083 729 5129 et
752 5076 1080 5148 benignitas.

274 5160 411 5215 Vide
439 5177 527 5232 ne,
584 5171 809 5233 propter
836 5180 974 5234 opus
1013 5164 1244 5219 hominis
1265 5208 1277 5228 ,
1314 5174 1627 5222 contemnas
1656 5184 1793 5237 Opus

201 5246 321 5301 Dei.
356 5247 508 5318 Opus
555 5250 699 5304 enim
740 5251 996 5317 hominis,
1038 5252 1391 5307 homicidium
1449 5262 1549 5322 est,
1586 5256 1792 5309 adulte-

200 5334 344 5389 rium
389 5344 503 5401 est,
556 5344 608 5391 et
656 5345 854 5392 cetera
895 5339 1129 5404 similia;
1162 5356 1297 5409 opus
1344 5356 1476 5396 vero
1523 5342 1642 5407 Dei,
1676 5342 1792 5411 ipse

200 5423 385 5478 homo.
421 5422 525 5491 Qui
574 5424 751 5495 diligit
796 5426 1019 5498 aliquid,
1079 5427 1218 5482 sicut
1260 5428 1484 5483 domum
1539 5437 1633 5483 aut
1687 5430 1791 5483 ali-

1895 4465 2024 4529 das;
2058 4465 2220 4519 talem
2252 4474 2303 4520 te
2334 4465 2452 4518 aliis
2481 4466 2692 4531 exhibe,
2715 4475 3194 4539 quantumcunque
3225 4479 3315 4526 aut
3345 4488 3487 4543 quo-

1895 4553 2271 4624 modocumque
2300 4553 2630 4625 delinquant.

2363 4785 2775 4840 CAPITULUM.
2837 4786 2983 4841 XVI.

1892 4951 1969 5004 De
1995 4951 2093 5021 pia
2122 4954 2502 5025 compassione
2532 4959 2586 5009 et
2617 4955 2989 5012 medicamine
3011 4956 3391 5025 inﬁrmorum,
3427 4964 3483 5015 et

1963 5022 2229 5090 quomodo
2257 5027 2447 5078 mente
2494 5027 2827 5097 incorrupta
2873 5022 3169 5084 vivendum
3199 5034 3282 5084 est
3330 5022 3486 5086 inter

1964 5106 2074 5144 808.

1962 5260 2113 5315 Lmsa
2143 5270 2313 5316 mater
2341 5278 2372 5317 a
2405 5262 2511 5319 tilio
2550 5281 2656 5319 non
2705 5266 2929 5336 requirit
2968 5268 3023 5320 in
3059 5269 3351 5325 vindictam
3382 5271 3481 5324 la:-

1893 5362 2077 5401 suram
2103 5350 2237 5418 ejus,
2274 5367 2338 5405 eo
2376 5352 2521 5422 quod
2568 5354 2705 5408 hanc
2757 5370 2971 5425 quoque
3028 5373 3189 5410 suam
3238 5359 3476 5427 deputet.

1892 5432 2067 5503 Quare
2098 5437 2144 5491 si
2191 5438 2311 5509 quis
2339 5454 2460 5494 eam
2508 5439 2697 5496 ulcisci
2727 5441 2916 5497 volens
2963 5443 3121 5499 laedat
3149 5444 3336 5510 tilium,
3370 5460 3478 5501 non
