3978 6050
499 220 600 271 623

1310 216 1648 272 GUIGONIS
1705 218 1726 269 Ι
1776 206 2182 270 CARTHUSL'E
2239 207 2531 264 MAJORIS
2588 208 2863 264 PRIORIS
2919 209 2981 263 V.

3686 206 3793 260 624

495 339 762 409 putandus
793 346 875 393 est
905 339 954 393 ei
1002 338 1198 395 fecisse
1255 338 1563 405 vindictam,
1600 340 1697 393 sed
1726 339 1952 393 iterasse
1980 337 2080 390 lae-
2104 331 2157 389 A
2189 329 2353 385 nitate
2427 330 2605 385 minus
2650 331 2852 386 habere
2885 374 2899 397 ,
2957 327 3482 399 computandumque
3558 326 3613 381 id
3676 325 3772 381 tibi

496 442 698 481 suram.
731 428 806 481 Ita
835 426 995 481 debet
1026 443 1148 482 esse
1178 428 1354 481 omnis
1410 426 1745 482 Christianus
1794 427 1865 481 ad
1893 441 2084 481 omnes

495 514 764 578 homines,
800 514 1054 569 misereri
1082 514 1290 570 scilicet
1345 514 1702 570 desiderantis
1750 514 2083 570 certissimas

495 617 693 657 causas
721 602 928 657 doloris
960 602 1062 667 sui,
1094 602 1150 655 id
1198 611 1279 656 est
1324 602 1582 672 peritura.

563 725 695 780 Tam
723 724 880 780 facile
910 732 992 779 est
1033 724 1175 778 inter
1222 724 1440 780 fratrem
1471 733 1617 779 tuum
1648 732 1701 779 et
1748 725 1936 781 vitium
1967 724 2081 792 ejus

494 813 809 868 discernere
848 829 1006 883 quam
1051 812 1191 867 inter
1250 813 1450 866 bonum
1498 822 1550 867 et
1578 813 1798 866 malum.
1832 812 2081 883 Denique

493 902 611 956 viso
659 900 894 964 homine,
938 900 1057 970 quis
1088 900 1360 965 irascitur,
1413 900 1533 971 quis
1562 900 1919 972 indignatur?
1950 900 2080 954 Viso

490 987 620 1042 vitio
650 988 782 1055 ejus,
822 987 942 1058 quis
990 1003 1099 1041 non
1147 986 1450 1052 otl'enditur,
1485 987 1588 1040 nisi
1644 988 1763 1058 quis
1794 986 1953 1042 valde
1984 1002 2079 1040 sa-

491 1076 646 1146 piens
676 1083 725 1128 et
774 1075 967 1140 bonus,
999 1074 1090 1145 qui
1147 1076 1287 1129 norit
1330 1076 1431 1129 hoc
1469 1074 1644 1145 potius
1675 1074 1852 1129 eidem
1882 1075 2077 1129 obesse

493 1178 654 1235 quam
684 1161 937 1232 cuiquam
967 1162 1076 1227 alii,
1129 1177 1192 1217 ac
1241 1178 1341 1232 per
1367 1163 1472 1217 hoc
1530 1162 1707 1217 eidem
1736 1161 2075 1232 compatien-

489 1249 614 1303 dum
639 1266 762 1305 esse
782 1249 810 1303 Ὺ

557 1356 844 1421 Charitate,
887 1355 1150 1425 sapientia
1178 1356 1412 1425 repletur
1435 1355 1614 1422 frater,
1646 1370 1747 1411 nec
1768 1354 2074 1410 communi-

485 1459 617 1509 cas;
652 1442 750 1509 ira,
783 1443 929 1507 odio,
964 1442 1252 1513 furoreque
1283 1442 1537 1513 repletur,
1572 1459 1674 1498 nec
1704 1444 1938 1497 evadere
1968 1458 2073 1513 po-

485 1540 566 1587 tes
594 1530 724 1602 quin
750 1530 1141 1585 communices.
1181 1531 1411 1585 Insanus
1439 1530 1583 1584 sanis
1603 1530 1831 1603 indiget,
1863 1538 1919 1585 ut
1950 1546 2073 1586 eum

483 1618 571 1673 vel
599 1626 837 1682 servent,
872 1616 957 1673 vel
979 1625 1191 1673 curent.

554 1723 714 1791 Quod
744 1722 920 1777 solum
948 1722 1043 1776 tibi
1073 1738 1106 1777 a
1131 1724 1247 1777 Deo
1277 1723 1518 1777 exhiberi
1565 1722 1869 1791 desideras,
1904 1722 1959 1777 id
1990 1731 2072 1778 est

480 1811 888 1881 benignitatem,
914 1811 1056 1865 hanc
1087 1810 1338 1864 omnibus
1368 1810 1676 1865 hominibus
1708 1810 1922 1877 exhibe,
1957 1811 2071 1866 sive

480 1898 715 1970 ﬂagello.
751 1898 864 1952 sive
897 1897 1135 1952 lenitate.
1172 1896 1313 1965 Quid
1346 1898 1576 1952 insultas
1631 1898 1791 1953 caecis
1839 1906 1890 1951 et
1921 1896 2070 1950 inﬁr-

481 1986 629 2040 mis?
650 1987 747 2053 Tu,
782 1986 1057 2055 idipsum;
1090 1993 1183 2039 aut
1212 1985 1257 2039 si
1303 1985 1468 2051 aliud,
1504 2002 1613 2041 non
1662 2002 1759 2055 per
1812 1985 2066 2056 teipsum,

482 2089 585 2129 nec
616 2089 648 2128 a
677 2073 872 2143 teipso.

549 2195 761 2266 Cogita,
796 2194 842 2249 si
897 2209 1087 2249 omnes
1136 2194 1383 2249 homines
1415 2195 1485 2248 ita
1539 2211 1756 2265 semper
1785 2202 1837 2250 et
1863 2194 2068 2249 insania

478 2290 790 2356 agerentur,
827 2281 955 2353 quid
988 2282 1082 2335 tibi
1124 2283 1395 2353 agendum
1447 2289 1612 2337 esset.
1658 2282 1913 2353 Nunquid
1944 2282 2067 2337 ideo

476 2370 681 2426 turbari
736 2369 1016 2425 deberes?
1046 2370 1153 2425 Cur
1209 2385 1362 2440 ergo,
1416 2385 1539 2425 cum
1577 2386 1716 2424 unus
1776 2369 2067 2440 aliquando

476 2458 745 2525 turbatur,
778 2457 1051 2512 turbaris?
1080 2457 1401 2512 Medicinam
1427 2458 1477 2512 ei
1520 2457 1709 2524 debes,
1742 2473 1851 2513 non
1874 2458 2067 2512 turba-

475 2547 696 2602 tionem.
745 2544 1029 2614 Quomodo
1060 2545 1204 2600 enim
1257 2545 1466 2600 insania
1513 2544 1832 2601 insaniendo
1890 2544 2067 2601 curari

476 2641 652 2706 potest
670 2633 698 2686 ?

547 2748 655 2802 Cur
684 2746 777 2801 tibi
807 2746 883 2801 tui
929 2745 1147 2817 generis
1203 2745 1415 2815 placent
1458 2746 1775 2802 cruciatus?
1804 2749 1888 2801 An
1938 2745 2066 2817 quia

466 2837 673 2905 justum
702 2835 823 2889 est?
848 2834 998 2905 Ergo
1030 2841 1081 2888 et
1128 2832 1204 2887 tui
1233 2834 1347 2888 Deo
1391 2833 1671 2904 placeant,
1706 2834 1833 2905 quia
1857 2834 2064 2903 justum

474 2932 579 2980 est.
618 2924 747 2978 Haec
774 2930 953 2977 autem
983 2921 1249 2977 sententia
1275 2921 1494 2991 ignibus
1535 2930 1588 2977 te
1636 2922 1795 2976 tradit
1825 2922 2059 2977 aeternis.

543 3037 747 3093 Stultus
775 3034 1017 3089 medicus
1052 3035 1243 3089 nolens
1273 3034 1583 3093 Opinionem
1613 3050 1767 3089 suam
1794 3035 2055 3093 minuere.
2084 3010 2131 3072 Ο
2167 3009 2442 3093 θυέῃδ-⁵ηυ⁵

605 3037 747 3091 ultus
775 3035 1017 3089 medicus
1052 3035 1243 3089 nolens
1273 3035 1583 3105 Opinionem
1613 3050 1767 3089 suam
1794 3035 2055 3101 minuere,

471 3124 733 3196 quidquid
763 3138 872 3177 non
900 3122 1039 3176 bene
1070 3122 1354 3194 contingit,
1386 3123 1511 3177 licet
1548 3122 1707 3192 culpa
1736 3138 1834 3177 sua
1863 3124 1949 3188 sit,
1980 3123 2061 3194 ip-

471 3214 546 3268 sis
573 3221 756 3267 tamen
785 3210 1011 3280 imputat
1052 3210 1237 3281 aegris.
1290 3212 1369 3265 Ita
1398 3210 1530 3265 facis
1560 3219 1615 3264 tu
1647 3210 1902 3279 subjectis
1931 3211 2058 3266 tuis.

541 3324 765 3392 Qualem
796 3324 1039 3379 animum
1087 3323 1318 3378 haberes
1366 3323 1436 3377 ad
1493 3337 1684 3377 omnes
1713 3322 1981 3388 homines,
2015 3322 2062 3377 si

470 3422 713 3469 remotus
743 3428 895 3468 esses
926 3414 993 3466 ab
1022 3411 1100 3467 eis
1132 3412 1384 3484 cogitans
1429 3426 1621 3466 eorum
1651 3419 1873 3481 peccata
1900 3418 2061 3481 atque

466 3502 734 3569 miserias,
768 3501 989 3556 omnino
1041 3500 1231 3555 saltem
1283 3515 1423 3554 nunc
1470 3499 1629 3554 talem
1671 3499 1863 3554 habeto
1888 3540 1903 3566 ,
1935 3515 2060 3555 cum

465 3590 651 3644 videas
680 3589 850 3644 oculis
900 3588 1079 3659 perire
1110 3603 1204 3643 eos
1253 3594 1345 3642 aut
1401 3586 1663 3653 caecitate,
1698 3594 1790 3641 aut
1836 3585 2061 3640 infirmi-

466 3686 575 3733 tate
609 3693 621 3731 :
655 3685 743 3732 aut
792 3677 934 3732 enim
982 3676 1238 3730 falluntur
1266 3691 1296 3728 a
1336 3674 1549 3731 diabolo
1590 3690 1691 3744 per
1718 3674 2055 3745 temporalia,

467 3772 558 3819 aut
605 3772 947 3835 superantur.

538 3888 807 3943 Horresce
836 3884 1210 3940 inscrutabilia
1231 3884 1431 3954 judicia
1458 3884 1558 3939 Dei
1593 3900 1756 3954 super
1786 3893 1856 3939 te.
1890 3883 2062 3953 Quid-

467 3974 597 4046 quid
626 3974 771 4029 enim
800 3990 861 4029 es
888 3988 1054 4042 super
1082 3972 1239 4038 alios,
1273 3972 1453 4027 nescis
1482 3988 1652 4043 quare
1673 3972 1777 4042 ipsi
1796 3988 1905 4027 non
1932 3972 2057 4027 fue-

465 4064 575 4117 rint
603 4078 766 4133 super
794 4069 870 4116 te.
929 4059 1074 4114 Talis
1114 4076 1247 4130 ergo
1279 4067 1394 4114 esto
1424 4060 1493 4114 ad
1521 4058 1645 4114 illos
1675 4060 1865 4132 quales
1904 4060 2058 4117 vides

465 4150 587 4206 illos
612 4166 734 4205 esse
765 4147 1019 4204 debuisse
1048 4147 1117 4202 ad
1149 4155 1218 4215 te,
1252 4147 1299 4201 si
1328 4154 1511 4202 essent
1542 4163 1704 4218 super
1732 4156 1804 4203 te.

536 4274 658 4328 Non
689 4270 987 4327 secundum
1010 4269 1311 4340 profectum
1332 4270 1717 4338 subjectorum,
1744 4271 1843 4326 sed
1862 4284 2059 4326 secun-

2185 419 2401 474 deesse.

2255 508 2424 562 Indue
2451 523 2573 561 eum
2603 508 2751 578 prius
2781 522 2938 578 quem
2962 505 3208 575 judicare
3251 503 3333 559 vis
3363 510 3455 558 aut
3474 502 3766 573 corripere,

2183 601 2259 661 ut,
2293 594 2432 649 sicut
2461 595 2558 649 tibi
2587 595 2846 665 expedire
2874 594 3130 660 senseris,
3155 593 3200 647 si
3230 592 3302 647 ita
3332 591 3426 657 sis,
3459 590 3537 646 sic
3584 590 3633 645 ei
3678 589 3767 645 fa-

2184 680 2309 736 cito.
2344 684 2401 735 ln
2434 698 2539 753 qua
2568 684 2713 737 enim
2733 696 2987 737 mensura
3009 697 3231 736 mensus
3262 678 3449 743 fueris,
3490 678 3547 732 in
3574 678 3769 733 eadem

2183 770 2492 824 remetiatur
2534 770 2647 837 tibi,
2682 778 2733 824 et
2783 770 2838 823 in
2894 784 3000 840 quo
3053 767 3259 837 judicio
3309 765 3660 834 judicaveris,
3711 764 3771 819 in

2183 857 2375 911 eodem
2413 857 2746 925 judicaberis
2777 858 2994 928 (Matth.
3030 870 3127 921 vn,
3176 857 3254 925 2),
3286 870 3414 909 nam
3443 861 3497 909 et
3524 852 3769 908 Christus

2179 945 2326 1015 prius
2379 945 2551 1000 induit
2596 944 2890 1013 hominem,
2923 959 3083 1015 quam
3124 943 3411 1012 judicaret.

2250 1050 2373 1104 Non
2404 1049 2497 1103 tibi
2552 1049 2858 1105 conandum
2911 1056 2993 1105 est
3040 1056 3097 1103 ut
3142 1047 3347 1103 domini
3374 1046 3471 1113 tui,
3531 1060 3764 1118 quorum

2179 1137 2401 1192 servitio
2432 1137 2501 1191 ab
2518 1153 2706 1193 eorum
2737 1138 2914 1203 Patre,
2947 1136 3001 1190 id
3031 1143 3113 1191 est
3139 1135 3371 1191 Domino
3398 1136 3516 1190 Deo
3552 1141 3642 1189 tuo
3670 1134 3770 1189 de-

2178 1232 2393 1293 putatus
2424 1241 2503 1293 es,
2535 1225 2678 1296 quod
2721 1232 2775 1278 tu
2801 1224 2902 1289 vis,
2944 1224 3043 1279 sed
3072 1223 3216 1294 quod
3238 1224 3317 1278 eis
3371 1222 3546 1293 prosit
3572 1229 3759 1293 agant.

2176 1312 2250 1365 Te
2280 1311 2423 1365 enim
2445 1313 2511 1366 ad
2542 1327 2729 1367 eorum
2758 1311 3063 1379 utilitatem,
3100 1326 3209 1365 non
3237 1325 3332 1365 eos
3360 1310 3429 1364 ad
3474 1317 3623 1364 tuam
3659 1323 3763 1365 vo-

2176 1398 2436 1453 luntatem
2480 1399 2739 1454 inclinare
2788 1398 2976 1466 debes,
3013 1397 3133 1469 quia
3160 1413 3269 1452 non
3315 1404 3375 1451 ut
3419 1397 3629 1468 praesis,
3660 1396 3761 1451 sed

2175 1493 2233 1540 ut
2263 1486 2441 1556 prosis
2470 1485 2570 1552 eis,
2595 1486 2691 1540 tibi
2723 1485 2997 1542 commissi
3027 1492 3169 1551 sunt,
3202 1484 3343 1540 sicut
3361 1492 3415 1540 et
3443 1500 3594 1555 aeger
3636 1499 3760 1539 me-

2175 1573 2318 1639 dico,
2351 1589 2459 1629 non
2507 1581 2565 1627 ut
2612 1574 2661 1628 ei
2705 1573 3033 1640 dominetur,
3084 1573 3181 1627 sed
3237 1572 3416 1643 potius
3460 1571 3757 1637 medeatur,

2101 1668 2153 1727 B
2175 1661 2543 1717 committitur.
2588 1662 2703 1717 Nec
2743 1669 2932 1717 contra
2965 1677 3190 1733 aegrum,
3223 1660 3320 1715 sed
3364 1675 3466 1731 pro
3500 1675 3670 1732 aegro,
3703 1658 3761 1713 id

2172 1756 2254 1803 est
2283 1757 2471 1804 contra
2499 1749 2873 1821 :egritudinem
2904 1749 3040 1817 ejus,
3064 1756 3147 1804 est
3174 1748 3439 1816 medicus,
3485 1754 3759 1818 totamque

2171 1845 2223 1892 et
2253 1836 2605 1892 sufﬁcientem
2653 1838 2945 1893 vindictam
3001 1852 3100 1908 pro
3147 1836 3399 1892 omnibus
3436 1850 3557 1906 quae
3592 1834 3662 1889 ab
3692 1849 3758 1889 eo

2169 1925 2421 1995 patietur,
2480 1926 2706 1980 salutem
2761 1926 2879 1994 ejus
2908 1925 3098 1980 habet:
3148 1940 3323 1995 neque
3378 1922 3524 1979 enim
3553 1921 3757 1993 aliquid

2170 2013 2220 2067 ei
2264 2014 2509 2082 imputat,
2540 2013 2636 2067 sed
2666 2013 2771 2083 ipsi
2809 2013 3024 2078 morbo,
3048 2020 3099 2067 et
3118 2010 3243 2067 ideo
3272 2010 3434 2082 plena
3461 2017 3546 2067 est
3587 2009 3638 2066 ei
3664 2007 3753 2064 ul-

2170 2100 2261 2168 tio,
2307 2100 2486 2154 morbi
2506 2100 2678 2171 ipsius
2708 2100 3011 2156 exstinctio.

2239 2205 2463 2259 Duobus
2492 2205 2718 2260 medicis
2750 2204 3026 2260 commissi
3054 2205 3269 2261 fuerunt
3316 2210 3546 2275 quatuor
3574 2203 3753 2258 homi-

2168 2308 2265 2347 nes
2290 2311 2305 2359 ;
2334 2308 2500 2347 sanus
2530 2309 2669 2347 unus
2695 2308 2820 2348 cum
2857 2308 3009 2365 agro
3038 2307 3164 2359 uno,
3197 2292 3307 2360 uni,
3341 2300 3394 2346 et
3422 2306 3587 2346 sanus
3616 2290 3754 2346 alius

2168 2396 2293 2435 cum
2322 2396 2468 2451 azgro
2514 2380 2638 2446 alio,
2676 2380 2807 2448 alii;
2866 2380 3243 2451 promissaque
3270 2388 3352 2434 est
3396 2395 3610 2435 merces
3651 2393 3751 2449 pro

2168 2482 2301 2523 oura
2332 2467 2446 2523 sive
2488 2468 2883 2523 conservandae
2930 2467 3045 2525 sive
3076 2467 3463 2538 recuperanda
3491 2466 3753 2523 sanitatis.

2168 2556 2356 2627 Itaque
2407 2556 2543 2611 alter
2603 2571 2791 2611 eorum
2847 2555 2993 2621 fecit,
3050 2554 3315 2625 susceptis
3359 2554 3623 2626 quidquid
3654 2568 3751 2625 pro

2167 2644 2535 2699 conservanda
2566 2644 2651 2699 vel
2682 2643 3011 2698 restituenda
3060 2643 3233 2698 salute
3277 2642 3396 2698 ﬁeri
3450 2641 3652 2709 debuit,
3700 2647 3754 2696 et

2167 2738 2348 2784 tamen
2376 2730 2574 2785 mortui
2606 2738 2748 2785 sunt.
2788 2730 2939 2785 Alter
2976 2730 3110 2785 nihil
3138 2746 3326 2785 eorum
3355 2744 3476 2801 quae
3506 2728 3623 2783 ﬁeri
3651 2727 3751 2783 de-

2167 2818 2402 2872 buerunt
2420 2817 2564 2883 fecit,
2598 2826 2651 2873 et
2680 2826 2859 2874 tamen
2891 2818 2982 2889 qui
3012 2833 3175 2873 sanus
3206 2825 3317 2873 erat
3346 2817 3423 2872 ita
3454 2816 3671 2883 mansit,
3692 2821 3745 2871 et

2165 2921 2312 2977 ager
2354 2905 2646 2961 convaluit.
2706 2905 2838 2973 Quis
2888 2906 3081 2961 horum
3117 2904 3373 2961 mercede
3408 2904 3606 2976 dignus
3644 2911 3744 2971 est,

2446 2994 2586 3064 cepti
2615 2994 2774 3049 ambo
2807 2994 3007 3049 mortui
3037 3002 3180 3063 sunt,
3210 3008 3279 3048 an
3306 2993 3461 3061 cujus
3488 2993 3674 3048 vivunt
3693 2997 3746 3047 et

2163 3081 2391 3136 valent?
2451 3081 2546 3137 Ille
2585 3082 2701 3137 sine
2728 3081 2909 3150 dubio,
2944 3081 3035 3152 qui
3078 3082 3223 3153 quod
3262 3080 3448 3137 debuit
3486 3079 3624 3147 ﬁeri,
3656 3078 3747 3150 pia

2161 3169 2433 3224 voluntate
2463 3168 2609 3234 fecit,
2642 3169 2799 3224 laude
2838 3176 2889 3224 et
2918 3169 3171 3224 mercede
3199 3184 3307 3223 non
3336 3168 3518 3222 minus
3549 3167 3747 3239 dignus

2161 3264 2243 3311 est
2273 3272 2437 3327 quam
2466 3256 2512 3310 si
2558 3256 2637 3311 illi
2691 3256 2932 3313 viverent
2961 3264 3013 3312 et
3058 3257 3322 3312 valerent.
3347 3255 3441 3312 Ille
3496 3270 3625 3311 vero
3654 3253 3745 3326 qui

2160 3343 2331 3399 noluit
2370 3343 2551 3400 facerc
2588 3344 2735 3415 quod
2761 3344 2965 3411 debuit,
2997 3359 3157 3415 poena
3184 3359 3293 3400 non
3339 3342 3519 3399 minus
3550 3341 3745 3414 dignus

2160 3439 2243 3486 est
2271 3446 2434 3503 quam
2468 3431 2515 3485 si
2543 3431 2620 3485 illi
2650 3432 2849 3487 mortui
2874 3440 3076 3487 essent.

2229 3538 2349 3592 Duo
2379 3552 2514 3611 ergo
2541 3536 2828 3609 perficiunt
2873 3538 3143 3595 medicum
3176 3556 3189 3593 :
3222 3538 3469 3595 voluntas
3495 3537 3659 3608 bona,
3690 3545 3744 3593 et

2157 3624 2401 3695 perfecta
2432 3625 2676 3681 scientia.
2710 3626 2851 3681 Nam
2882 3634 2939 3681 ut
2974 3641 3165 3682 omnes
3198 3625 3392 3697 quibus
3434 3640 3621 3681 curam
3649 3625 3746 3679 im-

2156 3714 2346 3783 pendit
2375 3720 2546 3779 sanet,
2579 3714 2684 3769 hoc
2711 3729 2821 3768 non
2850 3722 2929 3769 est
2957 3714 3093 3783 ejus.
3123 3714 3245 3769 Non
3276 3714 3420 3770 enim
3440 3713 3582 3770 scire
3600 3719 3744 3785 quis-

2159 3816 2323 3873 quam
2343 3808 2520 3871 potest
2548 3801 2638 3872 qui
2667 3801 3096 3872 desperabiliter,
3129 3802 3215 3857 vel
3237 3802 3331 3874 qui
3362 3816 3485 3859 cum
3523 3818 3619 3872 spe
3645 3816 3741 3856 sa-

2156 3888 2285 3943 lutis
2313 3896 2558 3960 aegrotet.
2590 3889 2659 3943 Et
2686 3888 2810 3945 ideo
2851 3890 3101 3944 omnibus
3143 3890 3451 3945 adhibenda
3478 3897 3561 3945 est
3590 3904 3739 3957 cura,

2157 3984 2210 4031 et
2240 3991 2363 4032 cum
2393 3976 2541 4031 omni
2571 3976 2922 4049 benignitate,
2954 3985 3068 4032 tota
3097 3977 3154 4032 in
3183 3977 3412 4049 singulis
3440 3993 3533 4032 ars
3579 3991 3742 4033 exse-

2157 4065 2393 4136 quenda.
2428 4064 2517 4121 Sic
2546 4064 2690 4122 enim
2729 4066 2872 4136 apud
2907 4066 3124 4122 Patrem
3158 4066 3397 4122 omnium
3425 4080 3533 4121 non
3562 4064 3743 4119 minus

2154 4152 2340 4223 gratia:
2369 4160 2423 4207 et
2449 4152 2659 4224 praemii
2686 4169 2788 4224 pro
2816 4152 3087 4210 defunctis
3108 4170 3270 4226 quam
3295 4169 3398 4225 pro
3448 4152 3596 4209 sanis
3624 4166 3743 4208 me-

2154 4240 2413 4295 rebimur.

470 4361 598 4415 dum
627 4359 963 4414 desiderium
994 4366 1141 4413 tuum
1175 4366 1229 4413 et
1266 4366 1521 4414 conatum
1551 4358 1653 4413 erit
1699 4374 1913 4414 merces
1940 4366 2051 4425 tua,
2074 4353 2128 4415 D
2225 4348 2363 4401 Pam
2391 4353 2443 4401 te
2463 4346 2531 4400 ad
2559 4346 2978 4403 COhabilandum
3009 4347 3169 4404 malis
3197 4355 3377 4403 meme
3404 4348 3742 4418 ίῑιθοιτυρῑα.

467 4448 581 4502 sive
610 4446 689 4500 illi
726 4446 1030 4516 proficiant,
1082 4446 1195 4501 sive
1224 4462 1353 4502 non.

538 4561 672 4615 Cum
700 4561 840 4615 bene
870 4561 1189 4631 probaveris
1242 4561 1393 4615 illum
1413 4577 1535 4616 esse
1582 4560 1929 4627 sceleratum,
1955 4559 2055 4614 erit

462 4648 559 4703 tibi
587 4663 814 4703 necesse
836 4656 893 4701 ut
940 4648 1127 4719 lugeas
1155 4657 1436 4718 peccatum
1467 4650 1603 4717 ejus,
1639 4648 1763 4718 quia
1793 4655 1847 4702 et
1874 4647 2054 4700 Domi-

464 4753 567 4791 nus
595 4735 728 4790 luxit
753 4744 923 4790 tuum.
958 4736 1065 4790 Cur
1093 4736 1236 4791 enim
1267 4736 1480 4790 rimaris
1501 4735 1745 4807 languidi
1776 4734 2049 4801 morbum,

463 4824 509 4879 si
539 4824 758 4897 cognito
783 4824 975 4878 morbo
1004 4839 1114 4895 non
1151 4823 1328 4879 solum
1356 4839 1464 4878 non
1507 4822 1765 4879 condoles
1794 4837 1897 4877 nec
1930 4836 2050 4877 me-

462 4912 624 4979 deris,
662 4912 759 4966 sed
788 4912 947 4967 etiam
987 4910 1232 4965 insultas.

530 5028 669 5081 Dum
698 5027 851 5082 vides
874 5026 959 5082 vel
988 5026 1144 5081 audis
1174 5025 1312 5079 mala
1344 5023 1538 5092 aliena,
1570 5024 1783 5095 respice
1809 5024 2046 5081 animum

459 5123 627 5180 tuum,
661 5122 717 5168 ut
746 5115 943 5184 probes
984 5122 1242 5185 quantum
1286 5113 1335 5168 ei
1377 5128 1523 5168 verae
1580 5113 1887 5169 dilectionis
1916 5128 2049 5183 erga

457 5202 706 5258 homines
728 5201 871 5256 insit.

522 5326 647 5383 Non
676 5324 1022 5398 gaudendum
1056 5322 1152 5379 tibi
1190 5330 1291 5391 est,
1325 5323 1371 5379 si
1400 5321 1613 5380 caeteris
1666 5330 1719 5378 te
1762 5322 2045 5379 meliorem

454 5430 577 5471 esse
627 5412 921 5483 contingat,
955 5412 1054 5467 sed
1100 5411 1393 5468 dolendum
1435 5411 1613 5482 potius
1661 5425 1756 5465 eos
1813 5410 1882 5466 de
1938 5409 2043 5465 bo-

2155 4433 2301 4503 quod
2321 4441 2403 4488 est
2430 4434 2756 4504 angelicum.
2789 4434 2924 4503 Quae
2952 4442 3129 4492 autem
3176 4434 3352 4508 gloria
3381 4442 3484 4502 est,
3527 4435 3633 4490 hoc
3660 4434 3744 4489 fa-

2152 4536 2280 4576 cere
2303 4536 2426 4576 cum
2456 4520 2658 4576 sanctis
2689 4521 2718 4575 ‘2

2222 4625 2556 4697 Angelorum
2586 4625 2753 4681 virtus
2774 4634 2875 4696 est,
2909 4626 3091 4684 vivere
3119 4642 3244 4685 cum
3273 4624 3500 4697 vitiosis,
3531 4642 3633 4684 nec
3653 4641 3744 4683 eo-

2152 4730 2275 4767 rum
2321 4713 2597 4784 corrumpi
2644 4713 2809 4769 vitiis.
2873 4715 3219 4772 Summorum
3261 4716 3599 4773 medicorum
3652 4722 3739 4770 est

2150 4800 2355 4873 degere
2376 4817 2498 4855 cum
2526 4800 2711 4873 aegris,
2744 4810 2798 4858 et
2825 4803 3051 4871 insanis,
3084 4812 3135 4859 et
3164 4820 3274 4860 non
3313 4803 3487 4860 solum
3516 4803 3741 4859 minime

2150 4888 2440 4959 corrumpi,
2474 4889 2573 4944 sed
2594 4889 2822 4945 salutem
2846 4890 2924 4946 eis
2949 4891 3249 4948 restituere.

2678 5031 3069 5089 CAPITULUM
3096 5032 3267 5088 XVII.

2146 5154 2221 5207 De
2252 5153 2465 5227 virtute
2509 5156 2582 5227 et_
2609 5155 2817 5227 effectu
2861 5155 3083 5227 amoris
3138 5154 3239 5227 Dei
3267 5159 3323 5211 et
3366 5156 3639 5227 proximi,
3671 5160 3729 5210 et

2215 5222 2683 5349 Ξὲἓῖἰνξιιίγηοάαῇι
2711 5225 2965 5281 charitas
3001 5226 3249 5297 optanda
3277 5222 3380 5282 θεῖ
3407 5230 3462 5283 et
3500 5227 3727 5299 impen-

2215 5414 2319 5483 Qui
2346 5415 2537 5471 fruitur
2565 5416 2744 5488 aliqua
2768 5416 2945 5473 forma
2988 5416 3253 5490 corporis,
3286 5417 3430 5491 quod
3468 5417 3570 5474 sibi
3589 5416 3731 5475 bene
