3978 6050
272 231 374 287 625

1599 209 2139 273 MEDITATIONES.

3450 202 3553 256 626

269 354 483 410 videtur
512 367 577 407 ex
624 364 691 405 ea
738 363 845 403 non
876 345 1012 411 sibi,
1064 344 1160 400 sed
1192 343 1368 399 eidem
1396 343 1586 399 formae
1614 342 1856 412 imputat,
1886 338 1935 398 Α
2031 331 2248 403 Appetit
2302 329 2507 400 aliquid
2564 335 2803 383 creatum
2855 327 3055 390 homo,
3107 324 3193 379 vel
3221 411 3228 412 ﬁ
3251 324 3473 412 inhaeret
3502 321 3553 412 ei

271 450 325 499 et
354 447 578 513 prOpter
622 438 727 493 hoc
769 450 890 491 eam
922 440 1102 489 mente
1130 432 1310 486 laudat
1339 438 1391 486 et
1419 438 1583 485 amat.
1627 429 1733 484 Sed
1761 442 1863 482 nec

272 547 332 585 se
360 530 582 595 bonum,
614 524 711 579 sed
739 523 885 577 illam
916 520 1100 587 ducit;
1133 536 1193 575 se
1218 526 1395 574 autem
1425 519 1646 583 bonum,
1681 534 1746 571 ex
1777 531 1858 570 ea.

273 619 390 674 Nec
417 616 474 670 in
493 615 673 684 seipso
702 617 964 675 remanet,
989 608 1087 664 sed
1116 608 1169 661 in
1198 607 1342 661 illam
1363 606 1532 661 tendit
1561 614 1611 661 et
1632 604 1823 659 transit
1848 620 1860 656 :

273 712 419 760 tanto
447 703 632 773 utique
658 700 781 753 nisu
810 697 1007 753 mentis
1038 703 1090 751 et
1119 702 1266 750 motu
1298 694 1613 757 voluntatis,
1661 698 1863 763 quanto

282 790 456 862 magis
513 803 632 844 eam
690 785 922 841 fruendo
951 784 1180 838 miratur
1234 790 1288 837 et
1335 782 1527 853 diligit.
1569 782 1637 835 Et
1664 779 1787 834 ideo
1818 778 1865 831 si

277 880 400 952 quis
420 876 668 934 eamdem
698 874 926 928 formam
958 879 1049 926 aut
1077 870 1277 926 laeserit
1304 878 1393 923 aut
1422 868 1723 933 abstulerit,
1756 883 1865 921 non

273 969 343 1035 ei,
378 967 475 1023 sed
505 964 607 1020 sibi
636 962 885 1031 injuriam
906 960 1105 1016 factam
1133 966 1302 1029 putat.
1334 959 1402 1012 Et
1424 958 1550 1028 quia
1578 954 1865 1027 paradisus

274 1066 329 1113 et
357 1053 634 1111 beatitudo
664 1052 713 1107 ei
744 1057 872 1119 erat,
906 1048 1082 1104 eidem
1106 1047 1373 1102 inhaerere
1401 1044 1644 1100 infernus
1673 1058 1735 1098 ac
1765 1043 1867 1097 mi-

273 1144 419 1199 seria
447 1142 496 1198 ei
528 1148 627 1207 est,
659 1140 728 1193 ab
758 1154 824 1193 ea
852 1135 1117 1207 separari.
1156 1136 1235 1190 Ita
1258 1141 1373 1189 esto
1418 1142 1471 1187 tu
1503 1133 1571 1187 ad
1600 1132 1790 1186 Deum.

347 1268 404 1322 Si
450 1267 631 1335 imago
663 1262 920 1319 stercoris
949 1276 1015 1316 ex
1046 1275 1177 1315 auro
1208 1257 1318 1324 ﬁat,
1353 1258 1546 1313 melior
1575 1264 1657 1311 est
1684 1256 1868 1326 utique

272 1352 700 1411 substantialiter
763 1365 924 1421 quam
987 1347 1369 1419 imaginaliter.
1434 1344 1869 1401 Substantialiter

275 1458 513 1514 namque
564 1456 790 1504 aurum,
820 1435 1185 1508 imaginaliter
1230 1450 1356 1489 vero
1403 1441 1614 1489 stercus
1663 1431 1779 1486 erit.
1813 1430 1868 1484 Si

272 1540 453 1586 autem
479 1528 659 1600 angeli
688 1528 869 1598 imago
897 1540 1029 1581 auro
1076 1522 1446 1592 imprimatur,
1500 1520 1858 1591 imaginaliter

274 1619 379 1674 erit
407 1618 599 1674 melior
646 1633 807 1688 quam
838 1615 1280 1671 substantialiter.
1316 1610 1687 1682 lmaginaliter
1725 1606 1867 1662 enim

272 1706 571 1761 substantia
601 1680 723 1761 viva
754 1704 1046 1776 spiritualis
1092 1719 1158 1759 ac
1188 1680 1500 1765 rationalis,
1535 1696 1864 1751 substantia-
1894 1680 1946 1740 Β

272 1794 395 1849 liter
424 1802 605 1849 autem
634 1808 831 1863 corpus
861 1793 1191 1847 insensatum
1214 1834 1226 1855 ,
1280 1797 1332 1844 et
1373 1788 1489 1841 sine
1520 1786 1647 1839 vita.
1681 1786 1866 1853 Itaque

274 1898 400 1938 cum
429 1898 584 1937 mens
630 1889 723 1935 tua
770 1880 1087 1951 corporibus
1115 1877 1340 1933 mortuis
1369 1891 1431 1929 ac
1461 1872 1712 1944 perituris
1743 1886 1866 1926 cum

276 1985 466 2026 amore
523 1968 783 2035 afficitur,
823 1967 1016 2023 melior
1075 1974 1157 2021 est
1213 1965 1396 2035 utique
1445 1958 1868 2015 substantialiter

277 2073 436 2130 quam
466 2056 847 2129 imaginaliter.
885 2053 1320 2110 Substantialiter
1349 2051 1493 2105 enim
1523 2048 1630 2103 vita
1662 2054 1744 2101 est
1774 2061 1866 2099 ra-

275 2145 491 2200 tionalis
538 2144 608 2199 ad
656 2144 755 2199 Dei
785 2143 1076 2215 imaginem
1106 2141 1281 2206 facta;
1332 2136 1692 2208 imaginaliter
1736 2148 1867 2188 vero

276 2233 401 2287 talis
431 2240 549 2300 est,
598 2230 776 2303 qualia
823 2238 946 2284 sunt
975 2244 1040 2284 ea
1072 2229 1266 2300 quibus
1297 2226 1524 2281 intendit
1561 2238 1626 2278 ac
1654 2222 1864 2276 fruitur.

278 2320 415 2376 Cum
444 2334 578 2393 ergo
608 2335 641 2373 a
672 2319 848 2390 seipsa
874 2317 1042 2374 effusa
1069 2333 1168 2388 per
1198 2314 1443 2386 corporis
1475 2328 1688 2379 sensus,
1721 2310 1775 2364 in
1804 2324 1869 2364 ea

277 2408 524 2473 intendit,
556 2424 588 2462 a
616 2407 841 2463 meliore
869 2406 1131 2478 perfecto,
1165 2405 1221 2459 id
1250 2412 1331 2458 est
1361 2418 1393 2457 a
1417 2400 1715 2456 substantia
1746 2398 1871 2453 viva

274 2513 341 2553 ac
394 2496 664 2559 rationali,
723 2495 868 2566 quod
918 2502 1001 2549 est
1056 2494 1209 2564 ipsa,
1260 2493 1315 2546 in
1364 2490 1630 2545 deteriora
1661 2487 1866 2551 tendit;

278 2588 587 2653 quantoque
618 2580 672 2634 id
697 2578 1069 2635 vehementius
1098 2578 1226 2649 agit,
1261 2583 1409 2630 tanto
1439 2572 1680 2629 deterior
1709 2571 1871 2627 efiici-

276 2676 386 2723 tur.
419 2669 552 2722 Cum
583 2676 761 2722 autem
794 2682 956 2737 super
986 2665 1222 2736 seipsam
1271 2663 1470 2728 effusa,
1524 2660 1781 2724 veritate,
1816 2659 1870 2713 id

274 2763 359 2812 est
387 2757 502 2811 Deo
531 2755 783 2821 afficitur,
836 2754 1032 2809 melior
1062 2769 1191 2808 sane
1221 2760 1274 2808 et
1302 2750 1591 2822 pretiosior
1635 2755 1716 2803 est
1753 2748 1869 2801 for-

273 2844 495 2900 maliter
544 2859 707 2915 quam
756 2841 1194 2897 substantialiter.
1256 2837 1685 2895 Substantialiter
1728 2835 1870 2892 enim

275 2932 459 2987 anima
500 2949 513 2985 :
551 2930 851 2985 formaliter
881 2936 1061 2984 autem
1103 2929 1171 2998 (si
1200 2928 1306 2982 dici
1336 2927 1414 2980 fas
1448 2929 1549 2995 est)
1589 2927 1735 2981 Deus
1767 2932 1868 2979 est.

275 3024 389 3090 Ego
419 3018 559 3074 enim
583 3019 709 3073 dixi
759 3038 776 3073 :
824 3019 917 3073 Dii
962 3018 1131 3082 estis,
1183 3019 1237 3071 et
1266 3016 1375 3081 ﬁlii
1430 3016 1650 3069 Excelsi
1679 3028 1871 3067 omnes
1904 3028 1951 3088 ο

275 3109 453 3172 (Psal.
476 3123 665 3175 Lxxxr,
684 3106 757 3176 6).
784 3106 917 3160 Cum
948 3106 1128 3175 itaque
1151 3119 1182 3157 a
1207 3103 1389 3173 seipsa
1409 3102 1464 3155 in
1486 3101 1661 3171 ipsum
1686 3100 1875 3187 tendit,

274 3213 310 3253 a
338 3196 602 3252 deteriore
632 3195 688 3249 in
716 3195 770 3249 id
793 3209 899 3265 quo
929 3192 1061 3247 nihil
1081 3191 1275 3246 melius
1305 3207 1426 3246 esse
1449 3198 1644 3261 potest,
1668 3189 1864 3256 tendit;

278 3291 589 3357 quantoque
631 3283 684 3336 id
716 3281 988 3337 efﬁcacius
1017 3289 1174 3352 aget,
1209 3286 1359 3333 tanto
1394 3278 1587 3332 melior
1629 3275 1871 3331 efficitur.

353 3398 487 3453 Cum
534 3396 734 3453 volitur
787 3396 988 3450 bonum
1027 3394 1172 3465 quod
1221 3391 1429 3464 indiget
1485 3391 1664 3461 aliquo
1707 3389 1870 3446 bono,

278 3501 388 3542 non
419 3485 634 3541 miseria
659 3483 976 3548 excluditur,
1012 3482 1109 3537 sed
1140 3480 1441 3551 indigentia
1490 3477 1792 3533 cumulatur
1823 3483 1875 3530 et

280 3582 533 3646 augetur.
582 3574 729 3643 Ergo
775 3572 911 3627 velis
960 3570 1163 3625 bonum
1193 3569 1339 3640 quod
1382 3583 1491 3621 non
1528 3566 1735 3637 indiget
1766 3563 1872 3618 alio

278 3663 446 3717 bono.
500 3660 697 3717 Omnia
744 3667 924 3714 autem
992 3658 1230 3713 bonitate
1305 3657 1448 3711 bona
1503 3661 1644 3709 sunt.
1704 3652 1874 3723 Igitur

281 3749 461 3806 omnia
499 3755 661 3819 egent
704 3747 939 3803 bonitate
970 3754 1026 3799 ut
1081 3746 1224 3801 bona
1252 3744 1376 3798 sint.
1427 3742 1643 3797 Bonitas
1693 3748 1869 3795 autem

277 3838 478 3892 nullius
500 3843 625 3906 eget
648 3855 662 3902 ;
687 3852 786 3905 per
806 3850 865 3891 se
897 3833 1042 3889 enim
1062 3841 1144 3888 est
1160 3833 1319 3888 bona.
1344 3832 1494 3887 Hanc
1523 3830 1701 3901 itaque
1725 3844 1867 3895 ama,

278 3932 334 3981 et
369 3925 561 3980 beatus
607 3923 733 3979 eris.

351 4036 487 4093 Vide
520 4037 681 4108 quale
720 4044 802 4092 est
838 4037 1039 4091 bonum
1088 4035 1241 4104 cujus
1298 4034 1487 4089 ultima
1519 4032 1871 4104 vestigiorum

277 4125 525 4198 vestigia,
557 4126 612 4179 id
642 4133 721 4181 est
751 4124 1090 4195 temporalia,
1122 4131 1199 4178 tot
1230 4130 1282 4179 et
1312 4122 1474 4177 tantis
1504 4122 1751 4176 laborum
1784 4137 1870 4175 er-

281 4208 573 4284 rorumque
616 4212 1019 4269 discriminibus
1049 4228 1079 4266 a
1108 4219 1184 4267 tot
1214 4209 1621 4266 rationabilibus
1648 4217 1699 4265 et
1728 4208 1869 4263 irra-

278 4302 627 4357 tionabilibus
671 4309 1020 4373 appetuntur.

354 4426 442 4481 Nll
470 4426 821 4497 gaudendum
851 4432 933 4481 est
964 4423 1057 4478 tibi
1086 4423 1142 4478 in
1169 4432 1219 4479 te
1246 4423 1466 4478 omnino
1484 4465 1499 4489 ,
1545 4421 1631 4477 vel
1658 4421 1714 4475 in
1743 4420 1870 4485 alio,

280 4513 387 4568 nisi
429 4513 485 4568 in
532 4515 669 4570 Deo.

355 4636 552 4692 Omnia
598 4636 726 4692 vitia
772 4644 825 4692 et
872 4644 1092 4708 peccata
1138 4635 1264 4708 quia
1309 4642 1533 4707 propter
1576 4640 1875 4689 creaturam

282 4724 437 4790 ﬁunt,
468 4725 523 4780 id
552 4732 637 4781 est
666 4725 911 4779 ultimum
938 4725 1156 4791 bonum,
1193 4724 1415 4779 bonitati
1464 4721 1731 4779 Creatoris
1773 4720 1874 4775 ad-

284 4821 591 4882 versantur,
637 4813 691 4868 id
722 4821 803 4868 est
834 4829 1047 4867 summo
1078 4812 1242 4868 bono.

356 4918 413 4973 Si
443 4926 649 4974 tantum
672 4919 944 4990 appetitur
974 4926 1165 4975 ventus
1193 4918 1413 4989 generis
1443 4920 1606 4975 nostri
1632 4961 1645 4985 ,
1696 4921 1751 4976 id
1797 4930 1878 4977 est

286 5007 471 5078 opinio
498 5007 581 5062 vel
602 5006 719 5061 laus
740 5050 752 5073 ,
786 5014 1043 5078 quantum
1063 5007 1366 5078 appetenda
1387 5015 1469 5063 est
1491 5008 1633 5063 salus
1655 5011 1877 5081 generis

283 5095 473 5161 nostri,
508 5095 563 5150 id
593 5105 676 5151 est
704 5096 925 5151 Creator
949 5095 960 5148 l
994 5095 1051 5150 Si
1077 5103 1187 5150 tam
1216 5096 1375 5151 dulce
1405 5104 1487 5151 est
1516 5096 1623 5153 dici
1650 5097 1873 5165 bonum,

283 5191 343 5239 ut
372 5183 535 5239 etiam
577 5184 668 5255 qui
697 5186 801 5241 hoc
831 5200 952 5239 esse
982 5184 1189 5252 nolunt,
1222 5184 1374 5251 mali,
1425 5184 1550 5240 hinc
1581 5186 1873 5257 gaudeant,

284 5281 484 5345 quanto
513 5280 595 5328 est
614 5273 824 5329 dulcius
854 5288 975 5327 esse
1002 5272 1012 5326 l
1046 5272 1115 5327 Et
1136 5272 1182 5327 si
1213 5281 1318 5328 tam
1340 5290 1580 5328 amarum
1604 5282 1656 5328 et
1675 5274 1877 5330 foedum

287 5369 372 5417 est
400 5360 507 5416 dici
536 5360 771 5429 malum,
804 5367 862 5416 ut
892 5360 1054 5416 etiam
1091 5364 1187 5433 qui
1228 5363 1525 5427 laetantur,
1570 5378 1698 5418 cum
1729 5366 1877 5420 male

288 5452 553 5520 fecerint,
582 5454 637 5505 et
675 5450 977 5506 exsultant
1003 5450 1067 5505 in
1105 5450 1266 5506 rebus
1288 5450 1551 5521 pessimi:
1597 5452 1779 5521 (Prov.
1814 5467 1874 5518 ιι,

284 5543 309 5592 1
322 5540 395 5607 4),
431 5538 536 5594 hoc
556 5545 829 5610 nequeant
856 5537 1109 5607 tolerare,
1136 5546 1336 5611 quanto
1358 5546 1440 5594 est
1460 5538 1699 5597 deterius
1719 5556 1841 5597 esse
1861 5540 1873 5598 ι

1964 436 2129 475 sensu
2185 418 2429 489 corporis
2457 424 2507 471 et
2538 416 2621 469 sui
2666 413 3023 481 obliviscitur,
3059 411 3272 482 quando
3302 418 3354 489 tu
3383 410 3457 465 ita
3483 411 3554 464 ad

1964 488 2328 563 Creatorem?
2482 552 2485 555 .
3350 488 3355 501 ’

2035 593 2424 650 Beatitudinem
2466 592 2561 645 tibi
2592 589 2838 661 praecipit
2868 587 3151 651 Dominus,
3178 586 3233 639 id
3261 595 3343 639 est
3382 586 3555 655 perfe-

1965 687 2109 734 ctum
2158 692 2401 731 amorem
2430 676 2548 740 sui,
2598 674 2742 728 unde
2787 672 2933 727 venit
2981 686 3089 725 non
3123 669 3415 724 formidare
3454 684 3557 724 nec

1965 766 2187 829 turbari,
2223 764 2276 818 id
2306 772 2386 817 est
2417 779 2521 833 pax
2554 770 2605 816 et
2639 760 2921 816 securitas.
3520 808 3523 811 γ

2037 852 2324 908 Declinare
2353 868 2383 905 a
2414 850 2557 905 malo
2588 849 2705 904 sola
2734 847 2929 902 veritas
2958 846 3133 910 novit,
3186 853 3236 899 et
3266 845 3411 900 solus
3442 845 3558 912 ejus

1967 956 2121 995 amor
2167 947 2362 1010 potest.
2396 940 2546 1010 Ergo
2574 952 2683 991 non
2713 935 2957 990 localiter
2986 933 3287 987 declinatur
3334 949 3364 985 a
3394 932 3555 987 malo.

2040 1031 2235 1082 Amato
2284 1027 2427 1098 quod
2492 1025 2725 1079 amando
2790 1037 2979 1078 carere
3036 1037 3308 1091 nequeas,
3366 1019 3421 1073 id
3478 1028 3561 1075 est

1968 1118 2169 1172 Deum.

2042 1204 2099 1258 Si
2127 1203 2405 1257 adhaerere
2433 1202 2571 1267 Deo,
2604 1207 2776 1254 totum
2805 1205 2857 1253 et
2889 1196 3063 1252 solum
3092 1196 3293 1251 bonum
3324 1204 3406 1251 est
3442 1196 3558 1263 tibi,

1970 1292 2044 1346 ita
2072 1290 2319 1361 separari
2348 1289 2416 1343 ab
2448 1304 2543 1353 eo,
2598 1295 2766 1341 totum
2817 1294 2870 1339 et
2900 1285 3073 1339 solum
3103 1284 3305 1339 malum
3335 1293 3416 1339 est
3445 1285 3559 1350 tibi,

1972 1387 2025 1436 et
2054 1379 2183 1433 nihil
2213 1378 2375 1431 aliud.
2427 1377 2543 1449 Hoc
2588 1374 2685 1428 tibi
2716 1374 3001 1446 gehenna,
3034 1373 3140 1427 hoc
3169 1372 3265 1425 tibi
3293 1372 3558 1426 infernus.

2044 1466 2329 1521 Ablactare
2380 1464 2577 1517 amodo
2624 1462 2692 1516 ab
2741 1461 2857 1514 istis
2886 1476 3177 1529 corporum
3208 1460 3415 1525 formis,
3467 1477 3564 1528 pu-

1972 1555 2097 1608 deat
2124 1561 2176 1607 te
2207 1568 2317 1606 non
2345 1567 2510 1621 posse
2542 1566 2664 1605 esse
2696 1549 2813 1603 sine
2842 1548 2976 1601 istis.
3011 1549 3079 1602 Et
3109 1548 3236 1617 quia
3266 1547 3395 1613 ista,
3427 1547 3565 1601 velis

1974 1641 2115 1696 nolis
2138 1682 2154 1707 ,
2207 1639 2534 1710 quandoque
2581 1654 2641 1692 es
2670 1637 3000 1703 amissurus,
3044 1634 3129 1690 fac
3159 1635 3321 1689 modo
3353 1635 3563 1702 volens,

1969 1745 2091 1785 cum
2113 1744 2307 1801 magna
2338 1727 2592 1781 mercede
2626 1734 2714 1779 aut
2736 1724 2931 1796 gratia,
2965 1723 3110 1794 quod
3139 1724 3301 1777 etiam
3325 1738 3433 1777 non
3450 1722 3566 1777 sine

1968 1831 2166 1887 magno
2216 1814 2481 1885 supplicio
2528 1813 2853 1884 quandoque
2902 1810 3141 1865 facturus
3186 1826 3263 1863 es.
3308 1809 3566 1880 Nunquid

1970 1903 2113 1957 enim
2136 1945 2150 1967 ,
2203 1910 2254 1957 et
2300 1902 2343 1957 si
2395 1902 2574 1955 nullus
2604 1899 2831 1963 auferat,
2869 1914 2976 1953 non
3007 1913 3067 1952 es
3098 1898 3234 1952 hanc
3268 1897 3431 1951 vitam
3452 1938 3465 1965 ,
3515 1905 3568 1951 et

1970 1991 2150 2045 omnia
2182 2006 2302 2061 quae
2350 1990 2420 2044 ad
2467 1989 2615 2042 illam
2642 1987 2913 2058 pertinent
2943 1984 3397 2055 contempturus?
3426 1986 3566 2040 Ecce

1970 2079 2166 2133 habeto
2195 2077 2411 2141 omnia;
2464 2075 2705 2147 nunquid
2743 2090 2851 2129 non
2901 2091 2960 2128 es
3002 2074 3087 2127 his
3118 2073 3367 2128 omnibus
3388 2088 3566 2144 quan-

1971 2167 2150 2237 doque
2179 2165 2447 2221 cariturus
2467 2164 2494 2217 ‘?
2541 2164 2645 2219 Fac
2676 2178 2808 2234 ergo
2836 2162 3000 2216 modo
3048 2162 3193 2231 quod
3241 2160 3478 2215 facturus
3508 2177 3567 2215 es

1973 2254 2190 2325 quando
2224 2252 2401 2307 omnia
2433 2250 2711 2317 amiseris,
2743 2250 2796 2303 id
2828 2256 2931 2315 est,
2966 2248 3117 2304 disce
3147 2264 3269 2303 esse
3291 2248 3407 2304 sine
3429 2248 3564 2315 istis,

1972 2342 2121 2398 disce
2154 2341 2335 2397 vivere
2367 2348 2419 2395 et
2448 2339 2689 2411 gaudere
2718 2339 2786 2393 de
2814 2337 3067 2393 Domino.

2290 2496 2365 2549 De
2397 2493 2697 2547 dilectione
2717 2492 2975 2563 proximi
2997 2490 3272 2559 gratuita.

2040 2636 2145 2704 Qui
2175 2650 2363 2690 omnes
2394 2633 2592 2705 diligit,
2618 2632 2913 2687 salvabitur
2933 2630 3050 2685 sine
3079 2630 3279 2697 dubio;
3314 2629 3405 2701 qui
3434 2646 3565 2686 vero

1971 2723 2041 2777 ab
2070 2722 2382 2778 hominibus
2412 2721 2686 2793 diligitur,
2739 2735 2847 2775 non
2894 2720 3017 2773 ideo
3048 2718 3229 2773 salvus
3260 2718 3381 2773 erit;
3419 2718 3569 2773 Sicut

1973 2812 2160 2867 odium
2188 2810 2263 2864 tui
2293 2808 2541 2864 omnibus
2571 2816 2653 2863 est
2680 2807 3123 2879 impedimentum
3152 2806 3221 2860 ad
3249 2807 3413 2861 vitam
3432 2848 3445 2872 ,
3496 2806 3571 2861 ita

1971 2898 2213 2955 omnium
2246 2897 2361 2952 tibi.
2396 2896 2629 2966 Expedit
2649 2911 2785 2967 ergo
2815 2895 2911 2949 tibi
2941 2910 3131 2950 omnes
3162 2893 3430 2966 diligere;
3462 2893 3570 2949 illis

1972 3002 2187 3058 quoque
2216 2985 2439 3055 prodest
2469 2983 2702 3054 diligere
2732 2991 2803 3039 te.

2050 3072 2302 3144 Optanda
2331 3081 2411 3126 est
2440 3071 2655 3127 dilectio
2685 3071 2877 3142 gratis,
2908 3070 2963 3124 id
3008 3077 3233 3140 propter
3260 3084 3417 3124 suam
3446 3070 3567 3124 dul-

1977 3161 2227 3217 cedinem
2255 3158 2563 3229 propriam,
2616 3166 2871 3229 tanquam
2917 3165 3103 3212 nectar
3144 3156 3566 3225 suavissimum;

1976 3250 2135 3304 etiam
2165 3248 2211 3301 si
2239 3262 2429 3301 omnes
2457 3244 2759 3310 insaniant,
2808 3261 2918 3300 non
2962 3244 3245 3300 vendenda
3276 3245 3387 3299 ulla
3414 3261 3567 3300 mer-

1974 3337 2128 3391 cede.
2159 3334 2331 3389 Nobis
2380 3333 2523 3388 enim
2553 3332 2699 3387 utilis
2729 3340 2844 3398 est,
2894 3347 3103 3404 nosque
3151 3334 3275 3388 beat
3303 3332 3566 3405 quidquid

1973 3424 2064 3479 aJii
2094 3422 2291 3477 faciant
2303 3463 2315 3475 .

2040 3510 2095 3565 Si
2122 3525 2269 3563 amas
2299 3508 2427 3580 quia
2457 3506 2679 3574 amaris,
2704 3507 2789 3563 vel
2820 3513 2877 3562 ut
2903 3507 3122 3575 ameris,
3147 3523 3257 3563 non
3287 3516 3397 3563 tam
3418 3524 3566 3563 amas

1974 3612 2135 3668 quam
2197 3597 2476 3663 redamas,
2527 3611 2774 3651 amorem
2822 3611 2921 3666 pro
2970 3611 3157 3652 amore
3213 3596 3565 3667 rependens;

1979 3685 2243 3742 cambitor
2274 3701 2353 3751 es,
2389 3684 2642 3756 recepisti
2675 3685 2985 3741 mercedem
3012 3692 3177 3739 tuam.

2042 3774 2125 3829 Ad
2153 3789 2276 3828 eum
2308 3773 2399 3845 qui
2426 3772 2674 3844 injuriam
2704 3773 2798 3828 tibi
2828 3773 2974 3844 fecit,
3003 3772 3272 3829 affabilem
3300 3774 3473 3846 magis
3514 3782 3568 3830 et

1971 3862 2239 3933 privatum
2259 3872 2309 3917 te
2332 3862 2555 3928 exhibe;
2581 3862 2650 3917 ad
2680 3878 2803 3917 eum
2832 3862 2919 3918 cui
2950 3870 3003 3917 tu
3032 3861 3228 3932 fecisti,
3263 3861 3566 3934 supplicem

1972 3958 2025 4006 et
2054 3950 2487 4006 erubescentem.

2044 4039 2193 4094 Sicut
2223 4039 2482 4110 quidquid
2539 4037 2667 4093 boni
2722 4038 2788 4092 ab
2847 4037 3156 4093 hominibus
3212 4037 3270 4091 fit
3299 4038 3424 4106 tibi,
3466 4039 3568 4095 Dei

1969 4142 2199 4182 munera
2229 4127 2484 4195 aestimas,
2533 4135 2587 4181 et
2635 4127 2685 4181 ei
2731 4133 2899 4181 totam
2948 4126 3182 4197 gratiam
3230 4126 3568 4182 referendam

1971 4214 2147 4271 credis
2171 4233 2184 4281 ;
2216 4215 2290 4270 ita
2320 4213 2581 4285 quidquid
2603 4222 2657 4268 tu
2678 4213 2807 4269 boni
2833 4213 3144 4268 hominibus
3172 4213 3417 4280 exhibes,
3450 4215 3568 4284 ejus

1972 4301 2257 4369 beneficia,
2291 4318 2400 4356 non
2430 4308 2517 4356 tua
2548 4301 2765 4372 deputa.

2050 4390 2185 4445 Cum
2234 4405 2383 4444 amas
2432 4389 2670 4460 aliquem
2703 4396 2760 4443 ut
2789 4388 3021 4444 amicum
3045 4430 3058 4456 ,
3089 4397 3247 4460 optas
3290 4398 3469 4445 autem
3518 4389 3569 4446 ei

1975 4478 2191 4533 divitias
2240 4486 2497 4547 tanquam
2559 4478 2761 4533 bonum
2788 4523 2802 4547 ,
2859 4477 3210 4533 excellentius
3267 4494 3361 4533 eas
3419 4494 3568 4533 amas

1976 4582 2137 4638 quam
2167 4566 2366 4637 ipsum.
2397 4566 2539 4620 Eum
2569 4566 2713 4621 enim
2742 4573 2800 4620 ut
2831 4573 3085 4637 egentem
3110 4610 3121 4631 ,
3172 4568 3270 4621 has
3302 4576 3484 4622 autem
3514 4574 3572 4621 ut

1976 4653 2351 4710 sufﬁcientiam
2399 4669 2551 4709 amas
2577 4696 2591 4720 ,
2630 4654 2873 4725 paratior
2920 4653 3172 4708 nimirum
3218 4655 3324 4709 isto
3382 4670 3568 4710 carere

1976 4759 2136 4815 quam
2164 4742 2291 4797 illis.

2048 4831 2153 4899 Qui
2200 4832 2255 4885 in
2299 4830 2579 4902 iniquitate
2626 4846 2719 4885 sua
2768 4831 2964 4887 occidit
2991 4831 3264 4902 iniquum,
3315 4848 3381 4886 eo
3426 4834 3569 4903 quod

1976 4919 2101 4974 odio
2132 4919 2297 4973 habet
2328 4918 2693 4989 iniquitatem,
2744 4927 2795 4974 et
2826 4919 2937 4974 vult
2968 4935 3089 4974 eam
3110 4919 3312 4985 delere,
3346 4918 3569 4975 fallitur.

1976 5010 2184 5062 Mortuo
2233 5006 2376 5061 enim
2425 5006 2610 5077 iniquo
2658 5006 2714 5060 in
2761 5023 2855 5061 sua
2902 5008 3214 5077 iniquitate,
3259 5015 3460 5063 aeterna
3491 5018 3574 5063 est

1976 5094 2246 5166 iniquitas.
2282 5094 2385 5161 Qui
2415 5110 2552 5165 ergo
2584 5094 2696 5149 odit
2723 5094 3055 5164 iniquitatem
3076 5138 3091 5160 ,
3142 5095 3233 5149 det
3262 5112 3487 5166 Operam
3517 5106 3574 5152 ut

1978 5183 2287 5253 corrigatur
2317 5182 2550 5253 iniquus,
2587 5191 2638 5237 et
2670 5182 2747 5237 sic
2777 5182 2973 5252 peribit
3002 5182 3257 5254 iniquitas
3287 5186 3422 5253 ejus.

2049 5271 2193 5325 Deus
2232 5270 2484 5326 Charitas
2525 5275 2608 5326 est
2643 5272 2691 5341 (1
2708 5272 2848 5326 Joan
2880 5285 2969 5337 IV,
3005 5270 3079 5341 8).
3134 5270 3238 5339 Qui
3270 5289 3402 5344 ergo
3434 5274 3569 5328 cha-

1978 5359 2187 5414 ritatem
2239 5358 2457 5414 exhibet
2503 5358 2692 5425 alicui,
2744 5358 2849 5413 nisi
2876 5367 3096 5430 propter
3141 5360 3346 5430 ipsam,
3398 5362 3573 5415 Deum

1978 5447 2188 5513 vendit,
2227 5447 2614 5502 beatitudinem
2645 5462 2797 5502 suam
2829 5448 3011 5503 vendit
3050 5464 3061 5502 :
3100 5464 3208 5504 non
3242 5448 3386 5503 enim
3434 5449 3573 5509 bene

1978 5536 2055 5591 illi
2084 5543 2185 5603 est,
2217 5536 2321 5591 nisi
2351 5536 2607 5591 amando.
