3978 6050
434 202 537 256 627

502 322 557 376 Si
582 322 837 387 chari'as,
890 332 940 377 et
992 324 1109 391 ejus
1141 322 1327 394 signa,
1379 324 1433 377 id
1462 331 1543 377 est
1574 323 1845 389 alacritas,
1880 332 2014 389 etc.,
2037 327 2092 385 Α

428 410 501 463 ita
528 410 623 463 tibi
651 410 868 479 placent
897 409 951 463 in
1012 410 1145 475 alio,
1179 426 1275 465 cur
1304 426 1412 465 non
1441 411 1493 464 in
1518 412 1699 466 animo
1729 420 1822 465 tuo
1848 412 2017 466 multo

428 498 640 552 dulcior
671 506 752 551 est
770 499 795 551 Ὺ

499 584 601 652 Qui
635 585 728 639 dat
758 584 917 639 alicui
949 584 1172 655 aliquid,
1207 585 1292 639 vel
1321 585 1447 655 quia
1473 585 1640 650 dedit,
1663 586 1749 640 vel
1771 586 1895 657 quia
1925 588 2016 640 da-

427 679 583 725 turus
614 680 698 725 est
728 672 955 741 aliquid,
990 688 1099 725 non
1128 672 1288 725 habet
1336 688 1367 726 a
1411 674 1526 727 Deo
1556 674 1781 745 gratiam
1808 692 1821 739 ;
1852 675 1929 729 sic
1960 682 2013 729 tu

423 760 491 813 de
522 776 655 829 pace
685 767 737 813 et
766 760 1073 814 dilectione.

496 847 550 901 Si
583 863 732 900 amas
768 855 1005 911 tantum,
1060 848 1103 900 si
1132 846 1250 917 ipso
1279 863 1462 903 amore
1493 849 1726 919 cogeris,
1761 851 2007 922 objurga,

422 935 684 999 verbera;
720 934 763 987 si
790 935 947 988 aliter
979 934 1131 999 facis,
1166 935 1395 1005 teipsum
1428 938 1779 991 condemnas.
1817 938 2011 993 Omnia

422 1039 486 1076 eo
517 1023 696 1076 animo
727 1039 835 1093 quo
865 1022 957 1075 tibi
989 1038 1019 1076 a
1054 1024 1167 1076 Deo
1198 1024 1279 1076 vis
1310 1022 1443 1088 fieri,
1496 1024 1651 1078 facito
1699 1026 1835 1079 aliis.

497 1098 756 1165 Charitas
792 1112 890 1163 Dci
932 1110 1137 1181 (li/fusa
1168 1116 1251 1165 est
1300 1114 1359 1165 in
1391 1112 1645 1166 cordibus
1674 1115 1885 1167 nostris
1910 1130 2009 1185 per

419 1199 693 1269 Spiritum
724 1202 1005 1263 sanctum,
1032 1199 1125 1267 qui
1152 1198 1320 1253 datus
1353 1204 1432 1252 cst
1465 1199 1620 1253 nobis
1652 1202 1825 1268 (Rom.
1851 1217 1904 1265 v,
1928 1201 2003 1271 5).

416 1283 491 1334 Tu
524 1290 701 1335 autem
750 1296 850 1335 nec
903 1282 1104 1345 Deum,
1154 1296 1256 1335 nec
1283 1280 1586 1351 proximum
1610 1324 1621 1346 ,
1654 1282 1756 1336 nisi
1784 1292 2008 1353 prOpter

417 1368 739 1438 temporalia
782 1368 1041 1422 beneficia
1086 1368 1286 1439 diligis.
1338 1370 1442 1422 Per
1500 1370 1816 1439 temporalia
1862 1387 2005 1442 ergo

416 1456 733 1511 diffunditur
779 1456 835 1508 in
882 1463 933 1509 te
959 1498 971 1520 ,
1022 1471 1130 1509 non
1177 1472 1274 1525 per
1306 1456 1562 1526 Spiritum
1598 1467 1862 1524 sanctum,
1896 1475 2002 1513 non

414 1552 493 1597 est
526 1545 761 1597 charitas
796 1559 915 1612 qua:
943 1543 1015 1596 ita
1046 1542 1385 1607 diffunditur,
1433 1545 1529 1598 sed
1570 1546 1857 1614 cupiditas.

485 1633 627 1685 Ecce
672 1631 877 1684 nullum
922 1631 1065 1684 aliud
1114 1640 1195 1684 est
1226 1631 1457 1686 officium
1507 1640 1653 1685 tuum
1700 1650 1861 1703 quam
1890 1644 2077 1723 eratB

411 1727 699 1789 antequam
751 1719 905 1788 prior
951 1717 1137 1772 fieres.
1177 1719 1325 1773 Votis
1368 1720 1509 1773 enim
1560 1735 1625 1774 ac
1672 1722 1923 1790 precibus
1953 1732 2005 1777 et

412 1806 694 1861 affectibus
725 1806 930 1875 agebas
973 1807 1117 1877 quod
1148 1823 1290 1862 nunc
1322 1808 1475 1861 factis
1523 1824 1685 1878 agere
1708 1809 1999 1879 incwpisti,

407 1894 463 1948 id
492 1902 572 1948 est
601 1895 862 1964 prodesse
891 1894 1219 1948 hominibus.
1244 1895 1366 1948 Non
1397 1904 1577 1948 autem
1607 1895 1807 1949 debent
1836 1912 2001 1967 opera

407 1982 631 2037 atl'ectus
678 1982 826 2052 ipsos
879 1982 1151 2046 minuere,
1205 1984 1303 2037 sed
1333 1982 1643 2037 incitatione
1667 1999 1890 2053 augere.

479 2072 535 2124 In
566 2086 892 2141 quacunque
922 2086 981 2123 re
1014 2070 1310 2124 castitatem
1343 2086 1477 2141 erga
1502 2071 1695 2136 Deum,
1728 2071 1783 2124 in
1810 2073 1998 2127 eadem

405 2160 611 2229 poteris
655 2158 819 2211 etiam
847 2174 978 2227 erga
1009 2158 1305 2227 proximum
1339 2167 1485 2213 tuum
1511 2159 1773 2227 justitiam
1812 2169 1996 2215 custo-

406 2247 540 2309 dire,
576 2246 718 2316 quod
751 2244 808 2298 fit
852 2260 959 2299 non
1007 2246 1461 2315 concupiscendo.

476 2333 708 2389 Difficile
742 2334 969 2389 credunt
1017 2334 1265 2389 homines
1294 2350 1359 2389 ex
1403 2335 1663 2390 charitate
1711 2335 1823 2390 ﬁeri
1853 2338 1997 2409 quod

404 2422 506 2478 sibi
537 2422 821 2478 molestum
861 2430 959 2478 est.

840 2574 1231 2629 CAPITULUM
1263 2574 1457 2628 XVIII.

402 2700 477 2752 De
490 2701 744 2769 per/“ccta
762 2698 1091 2767 angelorum
1107 2698 1352 2769 iustitia,
1370 2702 1421 2751 et
1436 2714 1555 2768 qua:
1571 2698 1648 2751 sit
1670 2698 1901 2767 diﬁcren
1913 2700 1993 2754 tia

650 2768 1111 2837 interjustitiam
1132 2768 1362 2822 illorum
1385 2773 1439 2822 et
1467 2771 1746 2822 nostram.

469 2888 602 2939 Cum
637 2885 877 2956 qualibet
906 2901 967 2939 re
998 2884 1240 2955 perfecte
1273 2885 1394 2955 quis
1426 2884 1621 2939 fruitur
1669 2885 1748 2939 sui
1770 2886 1987 2954 oblitus,

396 2991 454 3029 se
488 2973 640 3043 quasi
672 2973 934 3027 derelicto
983 2981 1033 3026 et
1063 2980 1372 3043 contempto
1404 2973 1571 3027 tendit
1601 2973 1653 3027 in
1684 2974 1860 3040 illam,
1890 2990 1991 3030 nec

395 3062 620 3117 attendit
646 3061 775 3132 quid
806 3060 857 3113 in
892 3076 973 3127 se,
1009 3060 1105 3114 sed
1127 3060 1255 3130 quid
1287 3061 1340 3113 in
1371 3061 1461 3115 illa
1492 3069 1705 3132 agatur,
1738 3077 1840 3117 nec
1862 3078 1989 3133 qua-

394 3150 460 3204 lis
490 3150 605 3219 ipse
627 3193 641 3215 ,
696 3149 793 3204 sed
826 3148 1002 3218 qualis
1032 3148 1146 3219 ipsa
1177 3148 1261 3201 sit.
1297 3149 1448 3220 Ergo
1478 3150 1659 3220 angeli
1710 3150 1882 3221 magis
1928 3167 1988 3205 se

394 3244 742 3292 contemnunt
791 3252 949 3306 quam
999 3253 1117 3290 nos.
1174 3238 1231 3289 In
1280 3237 1450 3291 Deum
1481 3237 1679 3307 quippe
1729 3246 1838 3292 toto
1867 3238 1986 3292 nisu

396 3326 717 3390 tendentes,
769 3325 980 3395 seipsos
1027 3340 1149 3379 eum
1200 3325 1407 3380 caneris
1451 3326 1715 3380 creaturis
1763 3336 1884 3395 post
1927 3344 1986 3382 se

392 3418 500 3464 tota
533 3408 830 3463 intentione
878 3408 1298 3479 derelinquunt;
1348 3425 1451 3464 nec
1491 3409 1677 3463 saltem
1710 3411 1984 3480 respicere

391 3513 514 3552 sese
542 3496 875 3568 dignantur,
927 3496 996 3549 ita
1042 3512 1101 3550 se
1130 3496 1267 3550 viles
1299 3496 1520 3551 ducunt.
1554 3498 1691 3569 Tota.
1715 3514 1772 3552 se
1802 3499 1984 3569 utique

390 3593 571 3641 mente
621 3592 1070 3650 contemnentes,
1122 3585 1312 3655 suique
1342 3584 1524 3647 obliti,
1576 3585 1670 3639 toti
1718 3586 1786 3640 ad
1833 3586 1983 3639 illum

390 3674 612 3741 vadunt,
645 3688 746 3728 nec
778 3673 905 3744 quid
936 3680 1028 3726 aut
1049 3672 1234 3742 quales
1256 3672 1378 3741 ipsi,
1414 3672 1508 3726 sed
1541 3673 1657 3742 ipse
1688 3673 1773 3733 sit,
1812 3682 1984 3727 atten-

388 3760 539 3815 dunt.
591 3761 658 3814 Et
704 3768 902 3830 quanto
949 3776 1006 3813 se
1054 3760 1287 3829 amplius
1316 3768 1694 3825 contemnunt,
1746 3776 1912 3830 seque
1951 3776 1984 3814 a

389 3848 585 3917 seipsis
618 3856 893 3912 avertunt,
947 3846 1134 3917 suique
1163 3848 1578 3915 obliviscuntur,
1632 3856 1780 3901 tanto
1825 3848 1979 3902 simi-

388 3935 554 3989 liores
584 3935 652 3999 ei,
688 3942 737 3989 et
769 3935 891 3988 ideo
921 3934 1177 3988 meliores
1223 3934 1374 3987 fiunt.

459 4022 699 4094 Angelos
729 4022 872 4078 ducit
905 4022 1151 4076 Christus
1199 4023 1251 4075 in
1302 4022 1609 4092 amplexum
1641 4023 1825 4093 sponsi
1855 4024 1936 4078 sui
1962 4044 1975 4091 ;

387 4126 489 4165 nos
519 4110 703 4165 avellit
733 4111 800 4163 ab
830 4110 1093 4173 adultero,
1132 4110 1184 4163 id
1228 4118 1310 4164 est
1339 4126 1369 4164 a
1401 4112 1621 4165 mundo.
1657 4112 1784 4167 Illos
1815 4112 1977 4167 fortes

387 4206 439 4253 et
469 4206 783 4253 constantes
829 4196 993 4253 efficit
1040 4198 1106 4251 ad
1154 4196 1442 4252 fruendum
1471 4214 1709 4269 sponso,
1761 4217 1861 4253 nos
1908 4201 1977 4254 ad

386 4286 684 4340 carendum
743 4287 1003 4351 adultero,
1038 4286 1091 4339 id
1141 4295 1221 4340 est
1268 4287 1489 4340 mundo.
1552 4288 1680 4342 Illos
1728 4296 1875 4343 tenet
1921 4288 1975 4342 in

1292 200 1631 257 GUIGONIS
1661 204 1683 255 Ι
1711 200 2119 258 CARTHUSIE
2158 202 2449 259 MAIORIS
2488 203 2762 261 PRIORIS
2791 206 2855 259 V.

3607 206 3710 259 628

2628 399 3023 455 CAPITULUM
3054 397 3205 453 XIX.

2116 550 2192 602 De
2222 563 2351 603 vera
2380 552 2436 602 et
2456 548 2717 603 interiori
2746 549 2953 603 animo?
2967 547 3417 617 pulchritudine,
3441 551 3495 619 et
3518 548 3575 601 in
3600 563 3703 619 quo

2292 620 2563 673 consistat
2589 620 2770 673 omnis
2793 619 3035 673 hominis
3076 634 3203 671 vera
3228 618 3522 688 perfectio.

2182 757 2393 811 Nullam
2424 774 2540 811 rem
2571 758 2765 823 cernis,
2801 774 2923 828 qua:
2950 772 3058 813 non
3087 758 3142 812 in
3171 773 3269 812 suo
3298 774 3498 829 genere
3540 765 3704 811 natu-

2112 844 2279 899 ralem
2328 846 2615 915 quamdam
2646 845 3101 915 pulchritudinem
3133 845 3328 899 habeat
3375 853 3538 915 atque
3569 861 3698 915 per-

2112 930 2420 986 fectionem.
2474 932 2606 999 Qum
2645 949 2765 987 cum
2795 933 2949 987 deest
2980 933 3163 1002 aliquo
3208 932 3487 985 imminuta
3515 932 3698 996 modo,

2105 1018 2224 1085 jure
2253 1019 2348 1072 tibi
2381 1019 2648 1089 displicet,
2683 1028 2759 1087 ut,
2786 1020 2938 1074 verbi
2971 1019 3165 1091 gratia,
3190 1019 3235 1073 si
3263 1020 3538 1074 hominem
3566 1034 3702 1073 naso

2108 1113 2407 1161 truncatum
2439 1107 2702 1178 contingit
2732 1108 2937 1172 videre,
2971 1106 3146 1161 statim
3176 1107 3473 1176 improbas.
3526 1106 3704 1160 Sentis

2109 1192 2253 1245 enim
2284 1194 2413 1263 quid
2463 1194 2513 1247 ei
2544 1194 2685 1249 desit
2712 1194 2779 1248 ad
2809 1194 3196 1264 perfectionem
3242 1194 3544 1248 naturalem
3591 1195 3699 1247 hu-

2108 1294 2283 1333 manae
2330 1288 2574 1346 naturae;
2625 1282 2699 1335 ita
2729 1289 2809 1336 est
2839 1281 2892 1335 in
2923 1282 3172 1336 omnibus
3222 1282 3386 1336 rebus
3428 1297 3598 1351 usque
3628 1280 3698 1334 ad

2107 1366 2292 1421 folium
2323 1370 2510 1423 urticae
2540 1369 2625 1423 vel
2653 1369 2934 1437 cujuslibet
2964 1369 3169 1423 herbae.
3210 1369 3343 1436 Quis
3371 1384 3505 1423 vero
3534 1375 3699 1437 neget

2105 1454 2397 1509 humanam
2428 1464 2663 1509 mentem
2693 1456 2994 1511 naturalem
3010 1456 3303 1527 quamdam
3332 1471 3397 1511 ac
3417 1456 3694 1526 propriam

2106 1542 2312 1598 habere
2364 1543 2822 1613 pulchritudinem
2873 1552 3031 1614 atque
3078 1544 3516 1613 perfectionem?
3563 1543 3694 1611 Quae

2105 1630 2326 1701 utique,
2379 1631 2430 1683 in
2483 1639 2741 1702 quantum
2772 1632 2924 1685 adest
2953 1631 3038 1696 ei,
3092 1631 3285 1685 merito
3324 1631 3692 1701 approbatur;

2103 1717 2157 1771 in
2208 1726 2468 1787 quantum
2516 1718 2706 1783 deest,
2750 1720 2895 1787 justo
2930 1719 3281 1789 vituperatur.
3315 1719 3485 1787 Hujus
3513 1718 3691 1788 itaque

2104 1804 2518 1873 pulchritudinis
2595 1815 2753 1877 atque
2826 1806 3175 1876 perfectionis
3252 1813 3509 1876 quantum
3587 1813 3691 1859 tua:

2102 1892 2270 1945 menti
2313 1893 2471 1960 desit,
2520 1892 2805 1961 adjuvante
2855 1895 2989 1959 Deo,
3025 1893 3329 1960 considera,
3383 1902 3545 1965 atque
3589 1894 3692 1949 hoc

2101 1979 2409 2049 improbare
2433 1996 2541 2036 non
2563 1997 2766 2037 cesses.
2791 1980 2925 2049 Quae
2954 1989 3035 2036 est
3057 1998 3190 2053 ergo
3211 1982 3465 2036 naturalis
3496 1982 3689 2037 animas

2102 2067 2449 2138 pulchritudo
2471 2070 2498 2123 ἲ
2528 2070 2790 2124 Devotam
2822 2086 2943 2123 esse
2973 2085 3108 2141 erga
3137 2070 3331 2123 Deum.

2171 2175 2236 2227 Et
2267 2182 2525 2243 quantum
2546 2174 2572 2227 ?
2601 2175 2685 2229 Ex
2710 2180 2822 2231 toto
2844 2176 3023 2239 corde,
3048 2179 3107 2230 et
3124 2191 3198 2230 ex
3231 2179 3347 2230 tota
3367 2176 3593 2240 anima,
3628 2180 3683 2229 et

2099 2278 2173 2317 cx
2211 2262 2464 2316 omnibus
2500 2263 2705 2316 viribus
2730 2263 2883 2330 (Luc.
2910 2278 2969 2327 Χ,
2992 2264 3104 2331 27).
3138 2263 3328 2318 Adhuc
3357 2263 3591 2332 pertinet
3617 2263 3687 2317 ad

2098 2349 2342 2403 eamdem
2370 2349 2823 2419 pulchritudinem
2849 2394 2860 2416 ,
2913 2350 3208 2421 benignam
3252 2366 3372 2405 esse
3401 2366 3533 2423 erga
3561 2367 3686 2420 pro-

2097 2437 2318 2491 ximum.
2353 2436 2625 2507 Quantum
2646 2439 2673 2490 ‘?
2704 2439 2887 2508 Usque
2917 2438 2985 2493 ad
3014 2446 3271 2492 mortem.
3312 2438 3466 2506 Quod
3500 2438 3544 2491 si
3586 2439 3688 2493 hoc

2096 2541 2204 2581 non
2250 2524 2439 2590 fueris,
2471 2526 2623 2594 cujus
2672 2527 2773 2581 erit
2802 2527 3107 2582 damnum?
3158 2527 3257 2581 Dei
3303 2526 3518 2598 quidem
3557 2526 3684 2579 nul-

2094 2613 2244 2678 lum;
2296 2614 2537 2683 proximi
2586 2613 2811 2669 fortasse
2861 2614 3116 2685 aliquod;
3165 2622 3312 2668 tuum
3358 2621 3538 2668 autem
3567 2614 3684 2667 sine
3754 2612 3768 2622 ”

2095 2702 2259 2755 dubio
2290 2688 2579 2754 summum.
2605 2702 2848 2757 Naturali
2879 2702 3022 2756 enim
3043 2702 3438 2772 pulchritudine
3468 2717 3533 2756 ac
3562 2717 3683 2771 per-

2096 2788 2325 2843 fectione
2372 2789 2575 2857 privari
2602 2832 2614 2854 ,
2667 2790 2798 2843 nulli
2844 2790 2923 2843 rei
2952 2805 3061 2844 non
3092 2798 3266 2860 potest
3297 2806 3418 2844 esse
3449 2790 3681 2843 damno-

2094 2893 2233 2930 sum.
2282 2876 2418 2928 Nam
2451 2877 2495 2929 si
2529 2892 2652 2933 rosa
2682 2878 2903 2932 desistat
2933 2878 3157 2943 rubere,
3208 2878 3294 2933 vel
3341 2876 3511 2931 lilium
3542 2877 3679 2931 bene

2092 2965 2242 3019 olere
2264 3007 2277 3030 ,
2324 2964 2583 3019 damnum
2615 2966 2743 3018 mihi
2775 2965 2991 3035 quidem
3023 2966 3341 3023 nonnullum
3372 2981 3493 3019 esse
3524 2964 3678 3019 vide-

2090 3053 2227 3108 bitur
2264 3055 2567 3126 voluptates
2600 3053 2973 3121 hujuscemodi
3001 3053 3247 3125 diligenti
3274 3072 3288 3119 ;
3320 3053 3417 3107 sed
3447 3052 3526 3106 eis
3550 3092 3563 3118 ,
3624 3051 3675 3105 id

2089 3149 2198 3210 est,
2236 3159 2371 3198 rosae
2402 3142 2486 3197 vel
2515 3142 2627 3196 lilio
2648 3181 2662 3207 ,
2712 3140 2880 3195 multo
2912 3142 3087 3209 majus
3117 3140 3393 3211 multoque
3430 3138 3677 3194 infestius

2087 3231 2318 3286 naturali
2349 3246 2411 3286 ac
2440 3230 2659 3301 propria
2686 3229 3080 3299 pulchritudine
3110 3228 3355 3283 viduatis.

2157 3332 2455 3387 Rationalis
2475 3338 2737 3387 creaturas
2758 3346 2887 3385 vera
2908 3329 3171 3399 perfectio
3202 3338 3301 3398 est,
3324 3346 3675 3401 unamquam-

2087 3437 2192 3490 que
2221 3436 2339 3474 rem
2382 3420 2515 3474 tanti
2564 3418 2806 3487 habere,
2858 3418 3043 3487 quanti
3089 3418 3333 3472 habenda
3373 3426 3479 3473 est.
3534 3418 3673 3472 Nam

2085 3507 2257 3577 pluris
2305 3508 2390 3563 vel
2420 3506 2648 3561 minoris
2677 3520 2797 3560 eam
2828 3506 3057 3571 habere,
3109 3522 3292 3561 errare
3342 3515 3442 3561 est.
3504 3506 3674 3560 Porro

2085 3595 2262 3649 omnis
2310 3611 2398 3649 res
2447 3593 2762 3649 naturaliter
2809 3601 2901 3647 aut
2948 3610 3107 3663 supra
3139 3594 3349 3664 ipsam,
3402 3602 3492 3648 aut
3524 3594 3674 3661 juxta

2083 3683 2278 3753 ipsam,
2314 3691 2402 3736 aut
2425 3682 2565 3736 infra
2594 3688 2694 3735 est.
2724 3682 2927 3751 Supra,
2952 3682 3099 3735 Deus
3123 3700 3135 3746 ;
3162 3682 3327 3750 justa,
3362 3682 3671 3752 proximus;

2082 3770 2237 3835 infra,
2262 3780 2480 3826 caetera.
2512 3771 2684 3823 Deum
2707 3768 2890 3839 itaque
2919 3769 3051 3822 tanti
3073 3769 3233 3823 debet
3254 3769 3457 3823 habere
3488 3766 3675 3839 quanti

2082 3858 2365 3913 habendus
2394 3866 2493 3913 est.
2527 3857 2677 3911 Tanti
2703 3873 2833 3911 vero
2863 3856 3146 3911 habendus
3176 3865 3275 3921 est,
3303 3866 3535 3928 quantus
3565 3871 3667 3916 est.

2081 3946 2236 3999 Tanti
2262 3954 2442 3999 autem
2471 3952 2701 4015 quantus
2730 3951 2846 4013 est,
2879 3944 3078 3998 habere
3108 3960 3230 3998 eum
3262 3961 3421 4001 nemo
3453 3949 3666 4016 poterit,

2080 4032 2184 4086 nisi
2215 4041 2446 4103 quantus
2477 4040 2558 4087 est
2589 4032 2823 4087 noverit.
2864 4032 2970 4087 Sed
2999 4040 3231 4102 quantus
3260 4033 3360 4098 sit,
3410 4050 3517 4088 non
3566 4036 3669 4090 nisi

2079 4137 2109 4174 a
2140 4121 2319 4191 seipso
2350 4121 2501 4176 nosci
2530 4120 2730 4191 poterit
2766 4119 3023 4189 perfecte.
3075 4119 3347 4187 Quantum
3392 4122 3532 4177 enim
3564 4140 3668 4179 no-

2080 4217 2249 4263 stram
2280 4210 2397 4277 ejus
2427 4209 2691 4276 essentia,
2726 4215 2931 4262 tantum
2960 4216 3198 4262 nostram
3247 4210 3362 4277 ejus
3392 4208 3460 4265 de
3487 4212 3669 4282 seipso

2078 4297 2243 4352 vincit
2272 4297 2461 4351 notitia
2485 4340 2497 4351 .
2549 4297 2703 4351 Unde
2746 4296 2883 4350 sicut
2914 4295 3163 4350 essentia:
3192 4297 3306 4365 ejus
3333 4306 3520 4353 nostra
3548 4300 3667 4355 col-

385 4374 568 4444 specie
600 4390 695 4427 seu
723 4390 803 4441 re,
836 4389 937 4428 nos
966 4374 1020 4427 in
1051 4373 1156 4428 fide
1183 4382 1235 4429 et
1264 4391 1380 4444 spe.
1415 4375 1523 4428 Illis
1554 4376 1853 4445 perfectum
1889 4361 2010 4430 dat]

2098 4392 2208 4450 ata,
2242 4385 2373 4438 nihil
2402 4393 2483 4439 est
2508 4404 2523 4450 ;
2557 4384 2631 4438 ita
2660 4384 2861 4439 notitiae
2891 4384 3006 4452 ejus
3026 4385 3094 4439 de
3115 4401 3192 4446 se.
3227 4386 3271 4439 si
3302 4395 3487 4442 nostra
3512 4404 3667 4444 com-

386 4462 645 4533 gaudium
668 4461 720 4513 in
744 4478 872 4515 vera
894 4462 1242 4530 beatitudine,
1266 4463 1423 4517 nobis
1450 4463 1789 4518 tolerantiam
1812 4464 1864 4517 in
1885 4465 1975 4517 tri—

385 4548 680 4602 bulatione.
715 4548 845 4613 Illis,
881 4549 1089 4603 beatam
1121 4550 1302 4616 vitam,
1338 4551 1493 4605 nobis
1522 4560 1715 4614 autem,
1750 4559 1807 4605 ut
1838 4552 1977 4604 mul-

384 4646 513 4702 tum,
563 4636 859 4705 pretiosam
906 4645 1158 4691 mortem.
1208 4638 1346 4703 Illis,
1396 4638 1579 4693 vivere
1610 4639 1739 4703 sibi,
1787 4639 1841 4692 id
1872 4647 1971 4705 est,

384 4725 536 4789 Deo;
568 4724 758 4789 nobis,
811 4725 947 4778 mori
995 4726 1216 4779 mundo.
1268 4726 1405 4793 Illis,
1456 4726 1697 4795 gaudere
1746 4726 1813 4779 de
1865 4726 1975 4779 suis

382 4812 577 4876 bonis;
629 4813 817 4877 nobis,
870 4813 1059 4866 dolere
1105 4813 1172 4866 de
1220 4813 1420 4866 nostris
1470 4813 1649 4865 malis.
1691 4812 1820 4876 Illis,
1854 4813 1975 4867 laeta

382 4900 584 4965 corda;
618 4900 796 4965 nobis,
830 4901 1079 4955 contrita.
1116 4900 1246 4964 Illis,
1267 4900 1559 4967 justitiam;
1594 4900 1769 4963 nobis,
1795 4900 1973 4969 poeni-

382 4988 627 5041 tentiam.
660 4988 788 5050 lllis,
820 4987 1014 5052 ﬁnem;
1050 4987 1226 5051 nobis,
1260 4988 1466 5042 initium
1498 4989 1641 5041 boni.
1678 4987 1973 5042 Confiden-

381 5084 461 5129 ter
486 5075 611 5142 juro
660 5075 889 5146 angelos
919 5075 1127 5128 nullum
1177 5091 1209 5128 a
1257 5076 1372 5130 Deo
1422 5076 1731 5145 percepisse
1780 5093 1973 5129 munus

379 5164 554 5230 majus
602 5171 689 5215 aut
739 5163 989 5232 dignius,
1043 5162 1310 5233 pretiosus
1358 5163 1471 5217 sive
1504 5163 1715 5229 utilius,
1770 5171 1822 5217 et
1851 5163 1973 5217 ideo

378 5250 694 5320 Optabilius,
730 5266 828 5304 nec
859 5251 1163 5319 pulchrius,
1195 5251 1467 5305 charitate.
1516 5249 1648 5317 Quis
1680 5252 1781 5306 hoc
1810 5252 1971 5305 intel-

375 5338 508 5408 ligat
537 5346 627 5392 aut
657 5338 892 5394 credat?
938 5340 1082 5392 Deus
1130 5339 1273 5391 enim
1321 5338 1572 5392 charitas
1619 5343 1721 5392 cst.
1754 5340 1819 5393 Et
1848 5339 1971 5392 ideo

377 5426 469 5496 qui
511 5428 687 5495 majus
734 5424 934 5497 aliquid
981 5435 1069 5480 aut
1118 5427 1311 5480 melius
1342 5426 1605 5480 charitate
1640 5427 1833 5491 habet,
1868 5427 1971 5480 ali-

373 5514 503 5583 quid
537 5515 710 5583 majus
739 5522 828 5568 aut
856 5514 1053 5568 melius
1086 5516 1200 5568 Deo
1242 5514 1414 5568 habet.

2076 4481 2292 4542 paretur
2314 4512 2327 4539 ,
2377 4472 2587 4527 caecitas
2616 4480 2668 4526 et
2697 4472 2997 4543 ignorantia
3028 4480 3128 4528 est.
3173 4474 3297 4528 Sola
3343 4474 3508 4545 igitur
3552 4477 3668 4545 ejus

2076 4561 2145 4613 de
2175 4576 2233 4612 se
2263 4558 2522 4629 perfecta,
2547 4575 2608 4613 ac
2638 4560 2740 4613 sibi
2771 4559 2994 4630 aequalis
3024 4560 3207 4614 notitia
3239 4569 3338 4615 est.
3366 4563 3520 4618 Unde
3550 4565 3663 4619 Do-

2076 4647 2252 4700 minus
2281 4661 2292 4699 :
2319 4648 2486 4701 Nemo
2517 4648 2669 4701 novit
2691 4649 2921 4703 Patrem
2951 4649 3067 4703 nisi
3091 4649 3267 4703 Filius
3306 4651 3525 4716 (Matth.
3577 4667 3658 4718 χι,

2073 4734 2185 4803 2'7).
2222 4732 2364 4788 Sicut
2398 4750 2530 4805 ergo
2556 4734 2671 4787 sola
2704 4734 2817 4802 ejus
2846 4734 2914 4789 de
2946 4750 3004 4789 se
3056 4735 3155 4788 sibi
3203 4736 3439 4806 perfecta
3469 4738 3663 4809 cogni-

2076 4820 2149 4875 tio
2176 4840 2188 4886 ;
2222 4822 2293 4875 ita
2324 4821 2437 4877 sola
2460 4822 2577 4889 ejus
2604 4822 2673 4876 de
2705 4838 2762 4875 se
2794 4822 3018 4892 aequalis
3049 4831 3099 4877 et
3122 4839 3219 4893 par
3250 4831 3330 4877 est
3362 4840 3425 4877 ex
3458 4834 3567 4880 toto
3589 4826 3671 4880 di-

2074 4909 2252 4963 lectio.
2288 4909 2447 4964 Solus
2480 4909 2680 4980 quippe
2705 4951 2718 4974 ,
2774 4926 2832 4963 se
2861 4910 2986 4980 quia
3015 4910 3255 4980 perfecte
3304 4920 3538 4983 quantus
3586 4922 3669 4967 est

2074 4996 2238 5059 novit,
2272 4996 2510 5065 perfecte
2543 5005 2775 5065 quantus
2807 5006 2889 5051 est
2937 4998 3130 5069 diligit.

2145 5083 2278 5136 Redi
2310 5100 2449 5136 nunc
2500 5084 2569 5136 ad
2600 5084 2745 5137 illam
2775 5084 3143 5140 definitionem
3176 5102 3334 5157 quam
3382 5087 3433 5140 in
3466 5088 3664 5158 princi-

2072 5170 2161 5239 pio
2211 5170 2388 5238 posui.
2440 5170 2695 5223 Subtilius
2738 5172 2879 5224 enim
2923 5172 3204 5242 inspecta,
3255 5191 3361 5229 non
3412 5176 3662 5231 rationali

2070 5266 2363 5323 creaturae,
2414 5257 2511 5311 sed
2553 5266 2753 5311 tantum
2804 5260 2917 5313 Deo
2967 5262 3257 5315 convenire
3310 5264 3665 5319 convincitur.

2069 5344 2211 5399 Nam
2241 5353 2296 5397 ut
2324 5352 2516 5400 czetera
2549 5353 2857 5410 taceantur,
2910 5347 3146 5417 seipsum
3168 5390 3182 5412 ,
3220 5350 3356 5405 sicut
3387 5359 3664 5406 ostensum

2071 5440 2172 5497 est,
2208 5448 2316 5487 non
2362 5432 2465 5485 nisi
2491 5432 2722 5501 ipsemet
2752 5440 2956 5487 tantum
2990 5451 3053 5488 ex
3085 5444 3194 5490 toto
3226 5447 3456 5507 quantus
3503 5447 3582 5494 est
3612 5449 3665 5494 et

2071 5520 2237 5585 novit,
2272 5528 2325 5574 et
2354 5519 2547 5589 diligit.
2583 5518 2715 5588 Quae
2744 5536 2880 5593 ergo
2924 5530 3185 5579 creaturae
3230 5526 3503 5581 rationalis
3532 5544 3660 5597 per-
