3978 6050
232 242 335 294 629

1605 229 2151 286 MEDITATIONES.

3425 225 3528 277 630

234 361 398 416 fectio
427 360 550 415 est?
576 360 653 413 Ea
684 358 887 413 scilicet
916 365 974 411 ut
1002 358 1184 413 omnia
1226 366 1278 413 et
1330 358 1624 429 superiora,
1657 358 1712 412 id
1742 362 1824 409 est
1847 354 1895 413 A
1923 352 2103 406 nullus
2133 352 2235 405 nisi
2268 366 2299 404 a
2321 350 2454 405 Deo.
2480 349 2595 403 Nec
2626 348 2729 402 erit
2758 354 3057 418 peccatum,
3105 347 3158 400 id
3190 353 3272 401 est
3302 362 3522 417 perver-

234 450 427 512 Deum,
461 453 512 501 et
542 446 793 517 aequalia,
826 446 881 499 id
912 453 994 499 est
1030 446 1352 516 proximum,
1387 454 1439 499 et
1468 444 1740 512 inferiora,
1774 444 1827 497 id

231 544 317 591 est
345 534 561 605 spiritus
612 535 818 601 brutos,
861 541 990 597 etc.,
1043 532 1173 587 tanti
1218 534 1437 597 habeat,
1471 533 1655 604 quanti
1685 548 1717 586 a
1746 548 1824 595 se,

230 624 288 677 id
335 630 414 678 est
459 638 491 676 a
531 628 775 677 creatura
831 620 1080 675 rationali
1130 620 1381 674 habenda
1438 629 1581 675 sunt.
1632 619 1828 687 Quanti

226 718 409 765 autem
440 709 692 763 habenda
723 708 848 774 sint,
872 708 952 764 sic
981 707 1199 777 collige.
1223 708 1339 762 Deo
1368 708 1499 761 nihil
1522 707 1823 777 praefertur,

224 798 362 852 nihil
390 804 655 867 aequatur,
706 796 839 849 nihil
869 812 969 865 pro
1000 796 1211 859 media,
1246 795 1379 849 nihil
1409 811 1506 865 pro
1536 795 1708 860 tertia,
1741 795 1827 849 vel

225 901 328 955 pro
371 892 787 955 quantacunque
832 900 1005 953 usque
1036 883 1091 936 in
1122 881 1386 936 inﬁnitum
1417 890 1571 952 parte
1601 897 1824 951 compa-

226 980 395 1027 ratur.
429 971 575 1027 Nihil
622 986 757 1039 ergo
796 970 985 1041 pluris,
1036 970 1168 1023 nihil
1216 970 1370 1037 tanti,
1404 970 1537 1023 nihil
1569 985 1671 1039 pro
1705 986 1824 1022 mo-

225 1060 338 1125 dia,
370 1059 455 1115 vel
485 1075 586 1129 pro
614 1066 1029 1129 quantacunque
1061 1058 1114 1111 in
1138 1056 1406 1111 infinitum
1426 1066 1579 1127 parte
1603 1058 1819 1111 habeat.

225 1147 376 1201 Nihil
406 1146 548 1216 plus,
582 1146 713 1199 nihil
765 1154 986 1210 tantum,
1040 1145 1175 1201 nihil
1215 1161 1313 1215 pro
1367 1145 1547 1216 aliqua
1574 1153 1726 1214 parte
1757 1144 1826 1198 ad

224 1234 690 1305 comparationem
732 1233 875 1287 illius
915 1232 1122 1303 diligat.
1174 1233 1312 1287 Hinc
1359 1233 1475 1301 ipse
1510 1232 1774 1287 Dominus
1809 1250 1821 1285 :

221 1324 431 1393 Diliges
453 1323 755 1377 Dominum
768 1324 941 1376 Deum
963 1324 1123 1376 tuum
1139 1336 1211 1375 ex
1227 1324 1337 1375 toto
1355 1320 1518 1374 corde
1537 1324 1653 1385 tuo,
1674 1323 1729 1373 et
1746 1335 1821 1373 ex

225 1414 347 1464 tota
367 1412 561 1464 anima
575 1414 674 1463 tua
696 1414 837 1464 etex
850 1408 1106 1463 omnibus
1120 1408 1329 1461 viribus
1347 1408 1479 1471 tuis,
1495 1411 1551 1460 et
1570 1423 1643 1461 ex
1655 1409 1808 1461 omni

220 1501 413 1552 mente
435 1501 535 1551 tua
555 1496 709 1566 (Luc.
742 1510 800 1563 χ,
820 1499 933 1565 27),
953 1497 1056 1549 hoc
1086 1502 1186 1561 est,
1211 1494 1343 1547 nihil
1364 1494 1505 1547 aliud
1536 1494 1603 1547 ad
1634 1493 1816 1547 fruen-

219 1586 371 1650 dum,
396 1584 464 1638 ad
494 1583 835 1638 innitendum
866 1582 1085 1654 diligas.
1119 1582 1300 1636 Ilabes
1330 1582 1399 1635 de
1429 1580 1819 1651 superioribus.

219 1672 476 1743 quuales
506 1678 683 1725 autem
727 1670 1059 1735 naturaliter,
1108 1670 1161 1723 id
1193 1677 1272 1724 est
1321 1677 1581 1740 quantum
1613 1668 1681 1722 ad
1711 1684 1813 1721 na-
1833 1694 1886 1753 B

220 1768 396 1814 turam
426 1759 633 1821 attinet,
688 1766 814 1811 sunt
858 1774 1048 1812 omnes
1096 1758 1363 1823 homines.
1400 1756 1606 1811 Omnes
1634 1756 1813 1825 itaque

218 1848 350 1901 tanti
380 1847 581 1901 habere
624 1845 806 1910 debet,
855 1846 1040 1916 quanti
1088 1860 1166 1899 se.
1199 1846 1350 1915 Ergo
1381 1845 1517 1898 sicut
1546 1844 1614 1897 de
1645 1860 1811 1913 supe-

217 1935 475 1999 rioribus,
518 1933 573 1987 id
602 1940 682 1987 est
709 1933 777 1986 de
810 1934 924 1987 Deo
970 1933 1024 1986 in
1063 1932 1352 1987 dilectione
1391 1949 1491 1986 nec
1528 1930 1807 2001 praeferre,

216 2038 321 2077 nec
349 2036 585 2092 requare,
618 2036 721 2075 nec
751 2021 858 2074 ulla
886 2021 1047 2075 debet
1080 2037 1143 2075 ex
1173 2028 1331 2090 parte
1361 2035 1695 2089 comparare,
1736 2018 1807 2071 ita

217 2126 320 2165 nec
360 2109 514 2163 saluti
557 2108 843 2176 cujuslibet
871 2108 1121 2171 hominis,
1157 2116 1208 2162 et
1238 2107 1498 2177 quidquid
1528 2123 1629 2175 pro
1660 2122 1808 2161 sem-

214 2199 423 2269 piterna
453 2212 552 2251 sua
580 2197 753 2251 salute
787 2196 968 2252 facere
997 2195 1083 2250 vel
1112 2196 1218 2265 pati
1249 2196 1430 2260 debet,
1463 2195 1696 2263 idipsum
1728 2202 1811 2248 to-

215 2294 330 2339 tum
360 2285 543 2340 facere
573 2284 658 2338 vel
690 2284 797 2353 pati
828 2284 991 2338 debet
1016 2299 1115 2353 pro
1145 2283 1472 2351 sempiterna
1505 2282 1675 2335 salute
1707 2298 1806 2335 cu-

213 2373 442 2443 juslibet
487 2372 741 2426 hominis.
791 2372 925 2425 Hinc
967 2372 1111 2425 enim
1160 2371 1233 2424 ait
1261 2369 1523 2424 Dominus
1555 2388 1567 2422 :
1601 2370 1807 2438 Diliges

217 2462 547 2532 proximum
594 2461 742 2515 sicut
798 2460 1058 2530 teipsum.
1113 2458 1295 2511 Habes
1341 2458 1409 2511 de
1455 2456 1669 2511 mediis.
1723 2458 1808 2509 In-

212 2548 411 2603 feriora
441 2563 571 2602 vero
601 2555 725 2601 sunt
753 2562 1088 2617 quaecunque
1119 2554 1243 2616 post
1274 2544 1517 2615 spiritum
1563 2543 1803 2598 rationa-

212 2637 320 2691 lem
354 2644 497 2701 sunt,
524 2635 579 2689 id
600 2643 682 2689 est
700 2634 967 2690 sensualis
988 2635 1116 2703 vita,
1142 2633 1444 2688 communis
1484 2649 1607 2687 cum
1641 2647 1804 2701 peco-

212 2725 385 2788 ribus,
406 2732 458 2778 et
480 2740 601 2794 quae
621 2730 836 2794 vegetat
870 2738 1089 2792 corpus,
1131 2721 1432 2776 communis
1468 2736 1589 2774 cum
1617 2720 1803 2774 herbis

210 2819 263 2867 et
294 2811 579 2866 arboribus
600 2853 615 2875 ,
668 2820 719 2865 et
744 2810 1047 2863 substantia
1076 2808 1320 2878 corporis
1361 2823 1483 2863 cum
1512 2807 1700 2862 formis
1751 2815 1803 2861 et

210 2899 575 2971 qualitatibus,
630 2912 753 2953 cum
799 2897 1029 2951 metallis
1067 2897 1371 2951 communis
1418 2903 1468 2949 et
1509 2895 1795 2965 lapidibus.

212 2987 360 3041 Sicut
388 2986 565 3056 itaque
596 2984 727 3038 nihil
775 2985 896 3055 plus
941 2999 1102 3055 quam
1153 2982 1451 3054 superiora,
1496 2982 1627 3035 nihil
1675 2991 1798 3035 tan-

207 3083 322 3129 tum
351 3074 407 3127 in
436 3073 839 3143 comparatione
868 3088 1057 3126 eorum
1087 3071 1246 3125 debet
1277 3070 1525 3139 diligere,
1562 3070 1635 3123 ita
1664 3069 1797 3123 nihil

207 3161 434 3216 minoris
480 3176 642 3231 quam
688 3159 959 3225 inferiora,
1008 3158 1144 3213 nihil
1191 3166 1297 3211 tam
1357 3158 1527 3227 parvi,
1579 3156 1711 3210 nihil
1742 3157 1797 3210 in

204 3248 610 3319 comparatione
659 3263 863 3313 eorum,
913 3262 1014 3317 pro
1061 3254 1477 3316 quantacunque
1528 3260 1698 3315 usque
1740 3244 1794 3298 in

206 3336 472 3391 inﬁnitum
513 3343 686 3406 parte,
719 3335 824 3390 vile
852 3335 1017 3390 debet
1044 3335 1266 3389 habere.
1298 3334 1368 3387 Et
1404 3334 1509 3387 hoc
1537 3340 1619 3387 est
1649 3333 1794 3402 quod

205 3424 470 3495 scriptum
499 3432 581 3479 est
608 3441 621 3477 :
651 3424 831 3478 Nolite
862 3423 1093 3493 diligere
1122 3421 1422 3487 mundum,
1447 3436 1550 3475 nec
1581 3436 1645 3475 ea
1674 3436 1795 3491 qua:

204 3515 267 3568 in
297 3512 509 3569 mundo
548 3514 685 3567 sunt
710 3512 759 3580 (I
782 3513 943 3568 Joan.
975 3525 1031 3575 ιι,
1067 3512 1176 3579 15).
1211 3509 1390 3564 Habes
1420 3508 1489 3562 de
1518 3506 1792 3562 inferiori-

201 3602 325 3655 bus.
357 3600 588 3655 Habebit
616 3600 797 3670 itaque
837 3599 959 3653 talis
990 3597 1271 3667 superiora
1302 3596 1580 3669 gaudium,
1604 3610 1792 3666 aequa-

197 3690 269 3743 lia
300 3688 370 3743 ad
397 3687 751 3752 consortium,
794 3685 1057 3741 inferiora
1100 3685 1169 3741 ad
1200 3684 1503 3740 servitium.
1552 3685 1792 3739 Devotus

197 3778 304 3833 erit
332 3776 403 3831 ad
429 3777 622 3839 Deum,
673 3774 943 3844 benignus
989 3773 1059 3827 ad
1101 3772 1427 3843 proximum,
1474 3772 1690 3826 sobrius
1722 3772 1792 3825 ad

195 3864 479 3929 mundum,
532 3863 630 3917 Dei
680 3878 893 3927 servus,
944 3861 1180 3915 hominis
1223 3860 1419 3925 socius,
1468 3860 1655 3913 mundi
1687 3860 1790 3915 do~

197 3953 418 4017 minus;
448 3951 547 4005 sub
589 3950 704 4005 Deo
752 3949 1095 4017 constitutus,
1147 3964 1279 4020 erga
1324 3947 1628 4018 proximum
1681 3962 1791 4002 non

196 4042 390 4106 elatus,
430 4038 632 4094 mundo
671 4053 781 4092 non
825 4038 1111 4102 subditus;
1146 4037 1403 4106 redigens
1436 4035 1689 4089 inferiora
1719 4036 1790 4089 ad

194 4129 481 4183 utilitatem
528 4126 850 4193 mediorum,
902 4124 1080 4180 media
1132 4124 1201 4177 ad
1242 4125 1507 4179 honorem
1538 4123 1788 4192 superio-

195 4232 355 4281 rum;
386 4230 488 4270 nec
524 4214 736 4284 impius,
779 4227 882 4268 nec
924 4212 1296 4282 blasphemus,
1339 4226 1443 4267 nec
1490 4210 1788 4279 sacrilegus

197 4306 270 4361 ad
292 4302 599 4374 superiora,
644 4317 745 4356 nec
775 4300 970 4367 elatus,
1022 4315 1125 4355 nec
1172 4299 1404 4363 invidus,
1440 4313 1545 4353 nec
1573 4297 1786 4352 iracun-

1929 441 2059 494 sitas
2088 438 2401 502 voluntatis,
2435 451 2537 491 nec
2564 451 2724 505 poena
2772 435 2997 505 peccati,
3044 434 3318 503 corruptio
3367 434 3522 487 vide-

1927 527 2053 582 licet
2081 535 2133 580 et
2164 526 2383 579 dolores
2412 533 2464 578 et
2493 524 2737 578 interitus
2769 523 2970 577 carnis.
3004 522 3163 576 Nuda
3209 537 3383 585 mens,
3419 538 3523 573 nu-

1927 616 2011 669 dae
2051 613 2351 667 adhaerebit
2395 611 2624 671 veritati,
2676 610 2837 663 nullis
2886 609 3086 673 verbis,
3140 608 3301 662 nullis
3344 623 3524 662 sacra-

1928 702 2143 769 mentis,
2174 700 2335 754 nullis
2366 697 2826 764 similitudinibus,
2862 705 2919 750 ut
2948 697 3016 750 ad
3065 712 3185 750 eam
3218 696 3523 765 perveniat,

1924 789 2195 858 indigens,
2229 795 2318 841 aut
2349 786 2629 856 exemplis.
2667 786 2743 838 lbi
2766 786 2909 840 enim
2931 801 3045 841 non
3068 785 3283 838 docebit
3306 786 3392 840 vir
3407 788 3522 854 fra-

1929 881 2073 931 trem
2103 892 2287 941 suum,
2333 876 2525 930 dicens
2552 894 2569 929 :
2606 873 2871 945 Cognosce
2935 873 3256 926 Dominum.
3320 874 3520 927 Omnes

1926 966 2080 1019 enim
2112 981 2145 1017 a
2166 966 2379 1018 minore
2398 979 2569 1033 usque
2593 962 2663 1015 ad
2684 963 3005 1015 maximum
3042 962 3225 1014 scient
3250 976 3353 1023 me,
3379 960 3519 1014 dicit

1924 1052 2197 1105 Dominus
2211 1051 2343 1120 (Jer.
2367 1065 2531 1104 xxxx.
2558 1051 2648 1118 35)
2671 1068 2684 1115 ;
2713 1064 2841 1102 nam
2853 1064 3044 1104 omnes
3066 1051 3237 1103 erunt
3260 1048 3519 1103 docibiles

1925 1140 2023 1194 Dei
2055 1140 2239 1209 (Joan.
2285 1153 2359 1203 vr,
2417 1138 2523 1206 43).

2419 1310 2813 1366 CAPITULUM
2844 1310 2969 1364 ΧΧ.

1925 1462 1998 1516 De
2029 1462 2427 1542 incarnatione
2463 1461 2634 1527 Verbi,
2670 1459 3221 1542 et‘quemad‘modufn
3250 1461 3515 1542 in'seipso

1994 1531 2578 1655 nobis-perfectionem
2596 1529 2927 1602 prwdz'cta-m
2938 1530 3264 1600 plenissime
3286 1529 3513 1584 demon-

1995 1618 2019 1654 s
2052 1618 2167 1657 ravz
2210 1643 2221 1654 .

1995 1758 2105 1811 Has
2134 1758 2355 1812 virtutes
2387 1774 2484 1812 seu
2507 1756 2727 1825 justitize
2758 1756 2931 1809 lineas
2961 1756 3121 1809 etiam
3152 1770 3293 1810 nunc
3324 1756 3378 1808 in
3408 1758 3511 1811 hac

1912 1850 2127 1906 mortali
2155 1848 2285 1911 vita,
2320 1846 2365 1898 si
2388 1845 2542 1899 valde
2567 1844 2769 1897 munda
2790 1853 2933 1897 esset
2964 1842 3161 1907 anima,
3188 1859 3284 1912 per
3306 1853 3510 1897 semet-

1914 1941 2089 2009 ipsam
2119 1937 2173 1989 in
2205 1936 2323 2005 ipsa
2352 1933 2579 1987 veritate
2609 1938 2765 2002 atque
2812 1931 3071 2000 sapientia
3118 1931 3216 1985 Dei
3266 1930 3499 1986 videret.

1909 2027 2133 2081 Videt-et
2163 2023 2325 2077 etiam
2357 2036 2465 2075 non
2498 2019 2674 2074 solum
2704 2036 2781 2083 se,
2816 2018 2871 2072 id
2902 2027 2983 2073 cst
3033 2018 3267 2071 animam
3313 2020 3507 2072 huma-

1908 2130 2035 2167 nam
2084 2109 2443 2165 immortalem
2484 2115 2647 2177 atque
2686 2114 2946 2161 aeternam
2992 2105 3107 2160 fore
3134 2147 3147 2170 ,
3198 2106 3295 2159 sed
3344 2106 3505 2160 etiam

1907 2216 2127 2257 carnem
2159 2214 2314 2251 suam
2346 2196 2505 2250 talem
2536 2195 2590 2248 in
2633 2193 3034 2249 resurrectione
3080 2192 3332 2248 futuram.
3364 2194 3503 2247 Nam

1908 2298 1961 2344 et
1990 2287 2239 2343 eamdem
2284 2282 2739 2339 resurrectionem
2784 2281 3021 2346 ibidem,
3083 2280 3137 2333 id
3179 2288 3261 2335 est
3307 2280 3361 2334 in
3406 2282 3505 2336 Dei

1907 2377 2084 2431 Verbo
2116 2383 2167 2428 et
2200 2372 2498 2444 Sapientia,
2536 2371 2683 2425 clare
2714 2368 3072 2437 conspiceret,
3107 2368 3201 2422 sed
3232 2368 3357 2439 quia
3386 2369 3504 2424 haec

1905 2480 2014 2519 non
2070 2468 2281 2532 poterat
2330 2466 2556 2530 pr0pter
2598 2456 2989 2511 immunditiam
3034 2470 3209 2523 suam,
3242 2456 3383 2510 adita
3414 2464 3496 2511 est

1906 2551 2087 2607 Verbo
2119 2566 2273 2603 mens
2311 2549 2567 2615 humana,
2621 2560 2739 2615 quze
2767 2544 2944 2614 ipsum
2991 2544 3090 2597 Dei
3120 2543 3356 2598 Verbum
3385 2544 3501 2614 ple-

1904 2639 2127 2692 nissime
2176 2635 2495 2704 suscipiens,
2546 2634 2703 2703 eique
2735 2632 2953 2686 omnino
3002 2631 3294 2686 conformis
3337 2639 3499 2702 atque

1901 2725 2218 2790 consimilis,
2253 2738 2427 2792 eoque
2458 2721 2575 2775 solo
2603 2727 2713 2773 tota
2742 2728 2793 2773 et
2822 2736 2885 2773 ex
2916 2726 3026 2772 toto
3054 2718 3339 2787 impressa.
3375 2719 3496 2773 Sic-

1902 2822 1957 2867 ut
1988 2814 2244 2883 scriptum
2276 2818 2357 2865 est
2392 2825 2403 2862 :
2437 2812 2587 2863 Pone
2617 2824 2706 2863 me
2749 2810 2896 2862 sicut
2945 2808 3301 2876 signaculum
3330 2822 3500 2878 super

1899 2918 1994 2957 cor
2025 2905 2185 2955 tuum
2218 2897 2407 2968 (Cant.
2432 2911 2547 2961 vm,
2574 2896 2649 2963 6).
2672 2896 2729 2948 In
2754 2894 3065 2964 ejusitaque
3088 2893 3494 2949 similitudinem

1898 2995 2009 3043 tota
2037 2988 2272 3050 redacta,
2307 2985 2443 3040 sicut
2474 2984 2544 3038 ad
2585 2982 2749 3053 sigilli
2795 2981 3201 3035 similitudinem
3244 2996 3374 3036 cera
3402 2998 3492 3036 re-

1898 3076 2120 3147 digitur,
2154 3074 2333 3144 ipsum
2362 3071 2523 3126 nobis
2552 3070 2607 3125 in
2638 3070 2818 3140 seipsa
2864 3069 3158 3124 videndum
3188 3068 3493 3125 sciendum-

1896 3179 2001 3235 que
2031 3163 2331 3217 exhiberet.
2367 3161 2473 3216 Sed
2504 3175 2605 3213 nos
2632 3159 2707 3212 ita
2737 3158 2866 3213 caeci
2914 3173 3125 3212 eramus
3172 3165 3229 3213 ut
3256 3173 3365 3213 non
3396 3173 3489 3212 so-

1894 3250 2007 3304 lum
2038 3250 2137 3304 Dei
2170 3248 2425 3311 Verbum,
2459 3247 2558 3301 sed
2587 3261 2689 3301 nec
2719 3246 3010 3300 humanam
3040 3246 3274 3299 animam
3302 3247 3489 3302 videre

1893 3353 2203 3408 possemus,
2238 3336 2442 3391 idcirco
2472 3334 2713 3389 additum
2752 3341 2833 3388 est
2868 3333 3029 3388 etiam
3075 3349 3271 3404 corpus
3301 3335 3489 3389 huma-

1892 3442 2042 3481 num.
2076 3426 2225 3481 Pone
2256 3424 2402 3479 enim
2430 3424 2549 3477 haec
2578 3421 2703 3487 tria,
2748 3420 2849 3475 Dei
2892 3422 3145 3487 Verbum,
3192 3422 3486 3479 humanam

1892 3521 2151 3579 mentem,
2184 3528 2383 3582 corpus
2417 3512 2727 3565 humanum.
2762 3508 2819 3563 Si
2846 3507 3097 3579 primum,
3128 3509 3267 3564 bene
3299 3510 3483 3566 videre

1892 3617 2200 3673 possemus,
2234 3615 2341 3655 non
2368 3598 2737 3669 indigeremus
2780 3596 3039 3651 secundo.
3085 3596 3243 3665 Quod
3298 3598 3344 3651 si
3373 3599 3483 3652 sal-

1892 3700 2001 3747 tem
2030 3689 2327 3746 secundum
2356 3686 2687 3748 videremus,
2736 3699 2843 3740 non
2883 3684 3250 3754 indigeremus
3301 3687 3481 3741 tertio.

1892 3779 1999 3834 Sed
2028 3780 2155 3850 quia
2194 3790 2295 3831 nec
2336 3775 2592 3846 primum,
2640 3788 2742 3829 nec
2794 3773 3111 3839 secundum,
3157 3772 3214 3827 id
3256 3782 3339 3829 est
3384 3790 3485 3831 nec

1890 3867 1989 3921 Dei
2022 3867 2283 3930 Verbum,
2316 3878 2419 3919 nec
2447 3864 2741 3917 humanam
2769 3869 3007 3916 mentem
3039 3860 3228 3917 videre
3258 3871 3482 3934 potera-

1889 3971 2027 4019 mus,
2061 3952 2301 4007 additum
2329 3958 2414 4005 est
2443 3951 2680 4017 tertium,
2722 3949 2777 4003 id
2815 3957 2898 4005 est
2934 3964 3133 4020 corpus
3161 3951 3479 4006 humanum.

1889 4043 2063 4112 Atque
2094 4041 2169 4095 ita
2197 4040 2438 4095 Verbum
2468 4054 2592 4093 caro
2623 4037 2825 4092 factum
2855 4045 2955 4106 est,
2989 4045 3042 4093 et
3088 4038 3349 4094 habitavit
3377 4055 3481 4093 no-

1888 4129 2100 4185 biscum
2130 4130 2313 4198 (Joan.
2349 4143 2385 4192 1,
2421 4126 2510 4196 14)
2540 4126 2596 4180 in
2652 4126 3011 4180 exterioribus
3054 4126 3277 4192 nostris,
3311 4134 3369 4180 ut
3397 4128 3485 4181 vel

1888 4218 1968 4273 sic
2008 4233 2110 4271 nos
2170 4215 2538 4269 introduceret
2593 4214 2879 4284 aliquando
2938 4213 3009 4267 ad
3052 4212 3314 4269 interiora
3360 4229 3478 4270 sua.

1887 4304 2083 4360 Anima
2110 4304 2292 4374 itaque
2322 4301 2618 4367 rationalis,
2667 4301 2872 4356 habens
2920 4317 3159 4368 carnem,
3190 4302 3373 4357 addita
3402 4310 3486 4357 est

194 4394 323 4457 dus,
355 4390 425 4445 ad
439 4389 709 4461 aequalia;
744 4404 845 4443 nec
865 4388 1122 4457 furiosus,
1146 4402 1249 4443 nec
1267 4386 1588 4459 ﬂagitiosus,
1608 4386 1675 4441 ad
1699 4386 1785 4440 in-
1808 4388 1859 4446 D
1893 4393 2092 4457 Verbo,
2124 4407 2245 4463 qua:
2272 4405 2370 4461 per
2396 4390 2574 4461 ipsam
2613 4403 2833 4444 carnem
2881 4388 3141 4461 quidquid
3189 4390 3348 4446 nobis
3376 4390 3482 4447 do-

196 4479 426 4544 feriora;
460 4476 593 4531 nihil
637 4476 706 4530 ab
752 4475 1119 4539 inferioribus,
1173 4474 1305 4528 nihil
1350 4474 1419 4527 ab
1463 4473 1787 4545 aequalibus,

197 4568 298 4623 sed
328 4574 497 4621 totum
526 4581 557 4619 a
584 4563 959 4635 superioribus
999 4562 1337 4633 suscipiens;
1369 4578 1400 4616 a
1419 4561 1789 4632 superioribus

196 4657 519 4725 impressus,
552 4651 810 4707 inferiora
836 4651 1190 4722 imprimens;
1224 4666 1255 4704 a
1273 4650 1647 4721 superioribus
1672 4665 1784 4705 mo-

195 4752 305 4809 tus,
338 4741 591 4797 inferiora
638 4756 907 4804 movens;
941 4756 974 4793 a
1004 4738 1378 4811 superioribus
1423 4737 1665 4804 affectus,
1698 4738 1787 4792 in—

191 4830 394 4886 feriora
440 4828 724 4895 afﬁciens;
757 4827 1045 4898 superiora
1094 4842 1347 4897 sequens,
1386 4825 1647 4880 inferiora
1676 4834 1786 4879 tra-

192 4921 332 4974 hens
363 4936 376 4973 :
417 4918 486 4972 ab
516 4917 622 4971 illis
664 4931 975 4987 possessus,
1008 4914 1109 4969 ista
1137 4915 1464 4985 possidens;
1499 4915 1567 4967 ab
1597 4914 1701 4968 illis
1732 4914 1786 4968 in

192 5022 381 5062 eorum
436 5005 843 5059 similitudinem
882 5003 1164 5069 redactus,
1198 5004 1302 5057 ista
1332 5003 1387 5056 in
1414 5002 1501 5056 sui
1530 5002 1785 5057 similitu-

191 5094 375 5149 dinem
406 5093 682 5164 redigens.
736 5092 821 5146 Ad
856 5092 996 5147 hanc
1044 5090 1438 5161 perfectionem
1468 5091 1522 5145 in
1549 5092 1649 5146 hac
1680 5092 1785 5145 vita

190 5182 482 5250 tendimus,
517 5196 678 5251 quam
719 5187 900 5233 tamen
931 5194 1041 5234 non
1079 5178 1186 5232 nisi
1233 5179 1286 5233 in
1339 5179 1515 5232 futura
1544 5178 1783 5248 perfecte

192 5268 579 5324 obtinebimus.
616 5269 765 5322 Hanc
812 5274 958 5322 tanto
1000 5275 1125 5322 tunc
1154 5267 1365 5336 plenius
1395 5266 1777 5332 obtinebimus,

189 5365 393 5428 quanto
424 5371 567 5411 nunc
618 5355 915 5411 ferventius
944 5354 1274 5410 affectamus.
1305 5354 1497 5409 Nullus
1530 5361 1653 5408 tunc
1683 5354 1783 5409 erit

187 5453 371 5501 motus
398 5444 454 5498 in
487 5452 691 5509 mente,
726 5442 828 5497 nisi
859 5458 889 5497 a
918 5444 1073 5509 Deo;
1105 5442 1283 5496 nullus
1313 5442 1366 5495 in
1398 5457 1644 5512 corpore,
1678 5442 1781 5496 nisi

186 5535 259 5589 ab
289 5533 485 5598 anima,
518 5539 677 5602 atque
706 5531 777 5585 ita
806 5546 908 5586 nec
949 5532 1003 5585 in
1051 5531 1248 5597 anima,
1300 5544 1402 5585 nec
1452 5530 1506 5583 in
1552 5545 1779 5603 corpore

1890 4480 2077 4536 cendis
2108 4486 2161 4534 et
2187 4477 2526 4551 corrigendis
2571 4477 2937 4533 necessarium
2974 4485 3104 4544 erat,
3138 4478 3380 4549 doceret,
3414 4479 3485 4534 fa-

1889 4576 2053 4634 ceret,
2081 4574 2371 4639 pateretur.
2413 4568 2472 4620 In
2511 4566 2600 4619 illa
2633 4565 2749 4620 sola
2800 4565 3195 4636 perfectissime
3242 4566 3479 4634 fuerunt,

1887 4672 2006 4728 quae
2034 4671 2200 4727 supra
2228 4654 2591 4721 tractavimus,
2626 4653 2681 4707 id
2710 4662 2791 4708 est
2814 4654 3030 4709 devotio
3060 4655 3130 4708 ad
3159 4656 3353 4721 Deum,
3387 4656 3478 4711 be-

1885 4745 2124 4817 nignitas
2155 4745 2222 4798 ad
2272 4743 2599 4813 proximum,
2649 4742 2918 4796 sobrietas
2958 4742 3025 4796 ad
3072 4744 3351 4799 mundum.
3383 4743 3481 4797 Ni-

1886 4832 1960 4886 hil
1994 4832 2139 4887 enim
2169 4833 2285 4885 Deo
2307 4830 2560 4901 praetulit,
2594 4830 2727 4885 nihil
2748 4832 3000 4901 aequavit,
3034 4830 3165 4884 nihil
3194 4847 3296 4902 pro
3326 4839 3478 4902 parte

1886 4919 2070 4991 aliqua
2096 4918 2451 4989 comparavit,
2483 4917 2617 4971 nihil
2648 4933 2745 4988 pro
2786 4926 3201 4989 quantacunque
3230 4927 3379 4989 parte
3409 4922 3479 4974 ad

1886 5007 2351 5078 comparationem
2380 5006 2541 5060 illius.
2595 5006 2749 5061 Unde
2786 5006 2857 5059 ait
2894 5020 2905 5059 :
2948 5006 3289 5061 Voluntatem
3337 5008 3473 5076 ejus,

1884 5096 1936 5150 id
1968 5104 2048 5150 est
2080 5094 2276 5160 Patris,
2301 5093 2436 5149 facio
2458 5110 2673 5164 semper
2694 5096 2872 5163 (Joan.
2900 5108 3017 5161 VIII,
3036 5098 3147 5163 29).
3173 5096 3479 5151 Proximum

1884 5199 2011 5238 vero
2042 5182 2435 5254 perfectissime
2466 5183 2650 5237 dilexit
2678 5183 2815 5237 sicut
2865 5182 3125 5251 seipsum.
3158 5183 3304 5238 Nulli
3334 5185 3477 5237 enim

1884 5288 1949 5327 ex
1980 5272 2046 5325 iis
2078 5287 2199 5342 qum
2229 5270 2367 5325 infra
2399 5287 2476 5335 se,
2510 5270 2565 5324 id
2595 5278 2677 5324 est
2706 5269 2842 5325 infra
2888 5270 3208 5325 rationalem
3236 5279 3474 5326 mentem

1883 5368 2057 5427 erant,
2108 5358 2371 5429 pepercit,
2418 5359 2514 5413 sed
2561 5358 2745 5413 omnia
2786 5359 2854 5413 ad
2902 5358 3182 5414 utilitatem
3248 5360 3477 5430 proximi

1882 5448 2167 5515 convertit,
2199 5456 2251 5501 et
2278 5447 2461 5513 vitam,
2497 5447 2593 5501 sed
2618 5447 2945 5513 sensualem,
2982 5456 3033 5501 et
3063 5463 3180 5503 eam
3214 5464 3335 5518 qua:
3364 5463 3479 5503 car-

1880 5551 2005 5591 nem
2032 5542 2268 5605 vegetat,
2303 5543 2355 5589 et
2385 5535 2556 5603 ipsam
2587 5550 2824 5591 carnem.
2858 5536 2994 5591 Nam
3025 5545 3075 5589 et
3122 5535 3343 5592 dolores
3374 5551 3473 5607 pro
