3978 6050
429 230 525 283 631

1269 229 1608 287 GUIGONIS
1647 232 1668 284 Ι
1707 228 2116 286 (ΖΑΒΤΗΠΞΙΛΕ
2152 227 2444 286 MAIORIS
2484 228 2760 286 PBIORIS
2800 230 2865 283 V.

3601 228 3705 281 632

426 349 584 403 nobis
631 350 875 405 sustinuit
917 351 1172 417 acriores,
1225 360 1277 406 et
1327 359 1556 407 mortem
1618 360 1802 407 contra
1850 352 2090 411 vitamA
2117 352 2294 421 ipsum
2340 351 2440 407 Dei
2476 350 2710 407 Verbum
2749 356 2801 406 et
2850 346 3122 420 Sapientia
3178 346 3482 417 tripliciter,
3523 346 3576 400 id
3624 352 3707 401 est

425 437 806 509 vegetabilem,
841 447 892 493 et
939 440 1159 494 vulnera
1202 448 1389 495 contra
1430 440 1603 509 ipsam
1648 455 1882 494 carnem.
1938 440 2023 493 Ad

427 526 685 579 mundum
715 534 893 580 autem
925 534 1124 581 tantam
1158 528 1520 592 sobrietatem,
1568 535 1882 597 tantumque
1926 528 2021 580 ha-

428 613 540 666 buit
582 621 970 683 contemptum,
1021 622 1078 667 ut
1126 631 1235 668 non
1283 615 1525 669 habuerit
1577 614 1741 668 Filius
1786 614 2021 668 hominis

428 700 519 753 ubi
548 700 740 755 saltem
772 710 932 771 caput
962 702 1251 757 reclinaret
1289 718 1463 755 suum.
1498 702 1585 755 Nil
1632 702 1699 755 ab
1750 701 2020 755 inferiori-

428 788 548 853 bus,
583 788 715 841 nihil
747 803 779 842 a
808 789 1020 855 mediis,
1055 791 1150 843 sed
1179 797 1345 843 totum
1378 789 1817 859 asuperioribus,
1852 789 1908 842 id
1937 796 2021 843 est

426 875 526 929 Dei
557 876 754 942 Verbo,
788 877 870 931 cui
902 878 969 929 ad
1000 876 1257 931 unitatem
1304 892 1550 947 personae
1597 877 1883 944 conjuncta
1913 884 2014 941 est,

427 963 683 1032 suscepit.
714 964 835 1017 Non
874 965 1250 1028 sacramentis,
1284 980 1391 1018 non
1440 964 1640 1027 verbis,
1691 979 1801 1017 non
1830 979 2018 1017 exem-

424 1049 548 1118 plis,
584 1051 679 1104 sed
712 1050 808 1104 Dei
838 1052 1210 1106 tantummodo
1240 1051 1401 1105 Verbi
1433 1051 1721 1121 praesentia
1751 1057 1833 1104 est
1862 1051 2018 1105 docta

423 1145 479 1194 ut
509 1138 851 1210 intelligeret,
887 1148 938 1193 et
970 1154 1202 1195 accensa
1230 1148 1286 1193 ut
1307 1148 1536 1194 amaret.
1579 1140 1680 1193 Per
1710 1154 1829 1193 eam
1860 1139 2018 1193 nobis

2124 440 2498 506 sacramentis,
2532 439 2711 494 verbis
2740 446 2793 493 et
2810 436 3088 507 exemplis,
3115 434 3243 506 quid
3264 435 3555 506 agendum,
3579 433 3709 506 quid

2122 527 2477 595 tolerandum,
2512 535 2563 582 et
2592 543 2688 596 per
2718 526 2849 597 quid
2876 532 3022 580 esset
3042 523 3297 578 ostendit.
3321 524 3444 577 Non
3465 522 3609 577 enim
3628 538 3710 576 se-

2122 616 2211 685 qui
2268 616 2429 669 homo
2496 615 2730 669 debebat
2777 613 2882 667 nisi
2930 614 3123 677 Deum,
3175 625 3276 666 nec
3321 618 3553 680 poterat,
3605 609 3709 663 nisi

2120 702 2420 756 hominem.
2476 705 2799 771 Assumptus
2850 706 2931 754 est
2956 698 3123 770 igitur
3152 698 3313 752 homo
3343 704 3421 763 ut,
3456 697 3583 751 dum
3613 711 3707 750 se-

2121 789 2301 860 quitur
2332 806 2493 860 quem
2540 796 2738 859 potest,
2786 794 3043 859 sequatur
3071 794 3122 840 et
3151 801 3311 857 quem
3342 784 3529 839 debet.
3571 785 3708 839 Item

2118 893 2226 932 non
2254 883 2461 947 poterat
2508 875 2834 931 conformari
2874 874 2980 929 nisi
3026 875 3162 938 Deo,
3212 872 3282 927 ad
3308 872 3459 941 cujus
3499 871 3704 941 imagi-

2119 981 2243 1020 nem
2308 965 2478 1020 t'actus
2524 972 2641 1031 est;
2674 980 2775 1019 nec
2819 970 3030 1034 poterat
3072 961 3175 1015 nisi
3238 959 3461 1015 homini.
3515 960 3704 1029 Itaque

2118 1053 2265 1108 Deus
2295 1052 2465 1107 factus
2495 1060 2575 1107 est
2604 1053 2787 1117 homo,
2831 1059 2906 1115 ut,
2937 1051 3063 1104 dum
3094 1047 3467 1105 conformatur
3495 1046 3701 1101 homini

2119 1137 2205 1192 cui
2232 1144 2427 1207 potest,
2461 1136 2826 1192 conformetur
2853 1142 2907 1189 et
2935 1136 3071 1201 Deo,
3104 1132 3191 1189 cui
3219 1132 3468 1204 prodest.

1598 1491 2523 1641 GUIGONIS

878 1790 1601 1888 CARTHUSIXE
1683 1791 2200 1888 MAJORIS
2276 1789 2772 1886 PRIORIS
2830 1788 3251 1903 QUINTI

1323 2036 2813 2167 CONSUETUDINES.

541 2303 809 2371 (Annales
840 2304 1053 2359 ordinis
1090 2304 1522 2371 Carthusiensis,
1557 2310 1777 2361 curante
1807 2304 1873 2358 D.
1909 2302 2223 2360 Innocentio
2256 2302 2570 2367 Laxasson,
2604 2300 2869 2357 Correrize
2903 2304 3057 2369 1687,
3087 2305 3180 2361 fol.
3216 2312 3253 2360 t.
3290 2306 3329 2371 Ι,
3362 2321 3417 2376 p.
3451 2305 3570 2373 30.)

1702 2501 2420 2598 MONITUM-

1424 2728 1532 2789 AD
1576 2725 1952 2787 FRATRES
2000 2724 2701 2789 CARTHUSIENSES.

496 3078 793 3145 Antequam
816 3075 884 3129 ad
906 3073 1321 3129 elucidationem
1360 3080 1411 3127 et
1433 3072 1843 3143 explicationem
1874 3073 2022 3128 Con-
2041 3078 2094 3137 B
2124 3072 2273 3139 estis,
2306 3088 2409 3129 nec
2436 3088 2674 3145 unquam
2708 3074 2775 3127 ab
2808 3073 2951 3128 avita
2970 3073 3339 3129 Carthusiensi
3355 3073 3700 3129 observantia

426 3163 769 3218 suetudinem
799 3163 862 3217 Β.
896 3161 1066 3216 Patris
1112 3161 1377 3232 Guigonis
1422 3161 1793 3225 deveniamus,
1842 3161 2014 3216 debe-

422 3268 544 3305 mus
574 3259 627 3305 et
656 3266 756 3305 nos
800 3250 870 3304 ad
916 3248 1271 3303 imitationem
1321 3248 1451 3302 tanti
1498 3249 1598 3304 viri
1645 3264 1816 3318 pauca
1859 3250 2014 3304 vobis

421 3338 694 3410 proloqui,
727 3345 783 3392 ut
813 3337 1105 3408 perfectius
1143 3337 1363 3407 possitis
1393 3336 1699 3408 intelligere
1729 3345 1841 3391 tum
1871 3354 2016 3391 men-

423 3435 531 3482 tem
553 3425 807 3491 auctoris,
832 3434 945 3479 tum
968 3425 1204 3495 suscepti
1225 3441 1257 3479 a
1276 3425 1433 3480 nobis
1455 3425 1637 3495 Operis
1656 3426 2011 3495 pr0positum,

424 3516 550 3570 dum
589 3515 722 3569 istas
761 3513 1210 3581 Consuetudines,
1261 3530 1383 3583 quae
1426 3529 1569 3567 nunc
1615 3513 1779 3583 vulgo
1819 3521 2016 3567 statuta

427 3610 709 3668 vocantur,
743 3601 833 3657 hic
863 3602 1071 3655 referre
1100 3609 1153 3654 et
1182 3600 1250 3654 de
1279 3616 1421 3655 novo
1442 3600 1675 3671 imprimi
1704 3616 1977 3655 curamus.

498 3692 602 3759 Qui
612 3692 757 3761 facit
778 3690 1075 3743 veritatem
1092 3689 1244 3743 venit
1258 3687 1331 3743 ad
1345 3690 1546 3752 lucem,
1566 3693 1625 3742 ut
1642 3692 2015 3759 mani/esten-

428 3781 525 3831 tur
546 3793 711 3847 opera
729 3777 850 3835 eius
871 3776 1053 3841 (Joan.
1078 3779 1179 3843 tn).
1196 3775 1306 3829 Hac
1323 3790 1457 3844 ergo
1470 3774 1667 3829 Christi
1685 3791 1819 3830 voce
1848 3776 2015 3830 edoc-

424 3864 461 3917 ti
490 3871 543 3917 et
572 3862 774 3917 invitati
794 3863 1105 3916 thesaurum
1136 3868 1397 3927 nostrum,
1424 3862 1479 3915 id
1500 3869 1581 3915 est
1596 3863 1771 3931 prima
1794 3863 2015 3917 instituti

423 3950 596 4004 nostri
642 3949 944 4003 rudimenta
982 3956 1035 4002 et
1081 3948 1406 4003 documenta
1450 3948 1612 4003 veluti
1660 3949 1727 4003 de
1781 3951 2016 4004 tenebris

422 4037 683 4105 eruimus,
716 4052 784 4091 ne
814 4036 964 4090 illum
992 4036 1328 4091 abscondere
1378 4036 1518 4092 velle
1548 4037 1687 4091 ultra
1712 4038 2011 4105 videamur,

422 4126 508 4181 his
536 4124 838 4195 praesertim
876 4124 944 4178 de
974 4123 1157 4178 causis
1189 4141 1202 4176 :

490 4212 687 4279 Primo,
722 4219 777 4265 ut
814 4210 882 4265 sit
910 4210 1067 4265 vobis
1095 4210 1260 4265 veluti
1307 4210 1530 4267 lucerna
1573 4228 1802 4268 accensa
1829 4221 1881 4268 et
1911 4229 2015 4284 po-

422 4301 524 4356 sita
553 4316 715 4369 super
744 4298 1150 4364 candelabrum,
1184 4299 1338 4367 cujus
1386 4300 1648 4356 beneﬁcio
1676 4302 1896 4372 possitis
1926 4302 2014 4356 in-

2116 3162 2505 3231 degenerandi.
2524 3161 2820 3217 Censorum
2843 3169 2994 3216 notas
3011 3162 3356 3232 praeviderat,
3375 3161 3705 3217 reverendus

2116 3251 2277 3305 Pater
2308 3250 2505 3320 Guigo,
2538 3257 2589 3304 et
2640 3249 2777 3304 forte
2811 3250 2921 3317 jam
2962 3249 3076 3304 suis
3104 3250 3434 3320 temporibus
3455 3257 3706 3320 expertus

2117 3346 2247 3403 erat,
2293 3346 2453 3408 atque
2481 3336 2604 3392 ideo
2654 3346 2867 3392 teneras
2908 3338 3177 3391 bonorum
3215 3336 3696 3392 Carthusianorum

2116 3426 2495 3492 conscientias,
2531 3441 2599 3480 ne
2631 3425 2758 3480 inde
2786 3425 2839 3478 in
2870 3425 3152 3495 scrupulos
3181 3424 3511 3493 deciderent,
3542 3433 3629 3479 aut
3650 3424 3705 3478 in

2116 3513 2279 3568 animi
2306 3513 2708 3584 perplexitates,
2738 3520 2931 3568 contra
2961 3513 3178 3567 illorum
3197 3512 3440 3583 argutias
3468 3528 3705 3582 praemu-

2115 3602 2234 3657 nire
2270 3602 2454 3666 voluit,
2505 3610 2563 3656 ut
2610 3617 2675 3657 ex
2722 3601 2881 3656 variis
2917 3600 3053 3656 locis
3101 3600 3256 3656 vobis
3300 3600 3599 3671 apparebit,
3653 3608 3706 3654 et

2115 3690 2349 3745 maxime
2380 3706 2443 3744 ex
2473 3705 2591 3759 cap.
2624 3692 2712 3755 20,
2746 3696 2799 3744 et
2826 3705 2892 3744 ex
2921 3704 3039 3759 cap.
3064 3691 3149 3755 57,
3174 3704 3230 3742 n.
3254 3691 3307 3742 4.
3332 3697 3385 3747 et
3406 3688 3526 3744 aliis
3545 3687 3701 3743 locis.

2186 3777 2387 3845 Tertio,
2421 3784 2478 3829 ut
2507 3777 2724 3831 tandem
2754 3776 3023 3831 fervorem
3052 3792 3083 3829 a
3111 3774 3353 3846 pluribus
3384 3783 3705 3845 conceptum

2115 3872 2167 3920 et
2196 3865 2341 3919 varie
2370 3865 2664 3919 exhibitum
2696 3864 2842 3920 circa
2872 3864 3094 3935 antiqua
3122 3862 3327 3917 ordinis
3349 3870 3539 3917 statuta
3558 3877 3706 3918 com-

2115 3968 2422 4023 pascamus,
2456 3967 2684 4023 quorum
2732 3952 2895 4023 aliqui
2938 3968 3003 4006 ex
3050 3950 3359 4016 devotione,
3412 3966 3572 4021 quam
3603 3950 3696 4003 ha-

2114 4040 2244 4094 bent
2291 4056 2425 4109 erga
2470 4040 2731 4104 ordinem,
2779 4038 3024 4110 quaedam
3069 4038 3400 4108 exemplaria
3428 4054 3458 4093 e
3489 4037 3704 4093 cellulis

2114 4128 2314 4182 nostris
2344 4127 2575 4192 sublata,
2624 4142 2828 4199 magno
2856 4126 3033 4197 pretio
3061 4136 3094 4181 a
3122 4125 3514 4181 mercatoribus
3544 4140 3701 4180 eme-

2116 4223 2257 4281 runt,
2293 4215 2436 4269 illius
2482 4215 2649 4271 veluti
2697 4216 2967 4269 elementa
3011 4222 3063 4269 et
3092 4213 3197 4283 ipsi
3228 4229 3391 4269 nosse
3422 4213 3703 4284 cupientes

2116 4303 2207 4357 alii
2237 4319 2363 4357 vero
2393 4319 2458 4357 ex
2489 4302 2622 4372 ipsis
2672 4302 2903 4372 antiquis
2934 4301 3143 4356 statutis
3173 4309 3357 4356 contra
3383 4308 3705 4371 praesentem

421 4387 576 4452 strui,
610 4387 793 4457 dirigi,
814 4395 863 4441 et
894 4387 1140 4442 accendi.
1166 4387 1361 4441 lnstrui
1392 4389 1459 4442 de
1480 4390 1777 4458 primorum
1807 4391 2014 4446 ordinis
2048 4422 2093 4482 Ο
2117 4398 2318 4445 statum
2390 4390 2594 4445 ordinis
2650 4390 2897 4445 sinistras
2944 4389 3227 4460 opiniones
3281 4389 3384 4445 sibi
3440 4388 3704 4445 formave-

417 4476 637 4529 Patrum
668 4475 923 4546 religiosa
945 4475 1359 4530 conversatione
1385 4494 1400 4541 ;
1433 4477 1595 4547 dirigi
1624 4478 1675 4531 in
1711 4484 1907 4533 vestrae
1928 4496 2014 4534 vo-

417 4562 643 4618 cationis
673 4562 1030 4632 adimplenda:
1060 4563 1224 4617 modo
1254 4570 1308 4617 et
1356 4563 1611 4619 fidelitate
1638 4584 1652 4630 ;
1686 4567 1909 4621 accendi
1962 4566 2017 4620 in

416 4650 629 4705 illorum
652 4650 961 4704 imitationis
984 4658 1036 4705 et
1062 4651 1336 4705 charitatis
1357 4667 1465 4705 non
1487 4651 1621 4707 fictae
1653 4654 2011 4709 aemulatione.

491 4738 762 4803 Secundo,
804 4746 860 4791 ut
890 4754 954 4792 ex
985 4739 1222 4793 veritatis
1254 4754 1439 4794 coram
1471 4740 1627 4794 vobis
1653 4742 1913 4810 exposita:
1942 4742 2017 4796 lu-

416 4825 579 4890 mine,
624 4842 729 4897 quo
752 4825 999 4881 videbitis
1030 4826 1262 4897 qualiter
1282 4828 1417 4881 ordo
1449 4828 1502 4879 in
1533 4828 1725 4899 vigore
1748 4836 1799 4882 et
1824 4829 2013 4898 spiritu

416 4914 501 4968 sui
530 4914 774 4979 instituti,
809 4929 874 4967 ex
905 4914 1167 4984 singulari
1185 4914 1282 4969 Dei
1304 4916 1640 4984 protectione
1659 4924 2015 4971 conservatus

419 5000 598 5064 fuerit,
635 5000 1058 5055 consolationem
1087 5000 1359 5069 accipiatis
1393 5017 1404 5053 :
1438 5009 1492 5055 et
1520 5002 1795 5072 dissipatis
1838 5004 2013 5059 nube-

417 5088 552 5142 culis
581 5088 1028 5158 inquietudinum,
1064 5103 1200 5157 quas
1224 5088 1278 5140 in
1310 5090 1667 5158 quorumdam
1698 5090 2013 5159 pusillorum

422 5175 633 5230 animos
690 5175 938 5245 quaedam
983 5174 1165 5244 opinio
1208 5175 1511 5244 ingesserat
1566 5178 1760 5231 decidii
1809 5178 2012 5233 ordinis

418 5262 835 5327 Carthusiensis,
872 5278 1073 5316 novum
1104 5261 1367 5316 fervorem
1389 5264 1704 5334 concipiatis
1735 5268 2009 5321 honoran-

415 5351 470 5403 di
500 5350 799 5404 institutum
827 5356 1068 5402 nostrum
1100 5356 1207 5401 tam
1239 5349 1501 5418 singulari
1545 5352 1641 5407 Dei
1674 5354 2010 5422 protectione

416 5437 758 5501 honoratum,
794 5443 848 5490 et
875 5437 980 5490 huc
1010 5451 1182 5507 usque
1211 5446 1609 5505 conservatum,
1652 5449 1812 5510 atque
1843 5442 2007 5512 digne

419 5525 533 5579 Deo
566 5523 874 5578 ambulandi
903 5524 957 5577 in
986 5525 1085 5578 hac
1110 5532 1298 5579 sancta
1328 5526 1630 5593 vocatione,
1679 5544 1784 5598 qua
1832 5531 2007 5586 vocati

2118 4488 2254 4534 runt.

2189 4566 2346 4635 Quod
2378 4582 2512 4638 ergo
2544 4566 2943 4637 quodammodo
2973 4566 3188 4635 latebat,
3211 4565 3489 4635 publicum
3520 4565 3704 4620 reddi-

2116 4671 2257 4722 mus,
2292 4670 2358 4708 ne
2393 4655 2531 4707 ultra
2577 4654 2936 4724 quorumdam
2967 4653 3175 4707 animos
3206 4654 3394 4707 subeat
3422 4653 3707 4708 temeraria

2120 4742 2374 4812 suspicio,
2411 4758 2514 4813 qua
2563 4742 2728 4796 veluti
2777 4742 3083 4813 degeneres
3119 4740 3213 4795 filii
3258 4741 3579 4807 habeamur,
3614 4740 3706 4811 qui

2119 4832 2332 4884 Patrum
2364 4830 2624 4899 praeclara
2647 4837 2799 4899 gesta
2819 4829 3153 4884 abscondere
3170 4837 3457 4894 conantur,
3480 4845 3549 4883 ne
3578 4828 3704 4883 inde

2112 4917 2333 4971 illorum
2366 4925 2623 4989 appareat
2666 4918 2956 4972 decidium.
3005 4916 3093 4971 Sic
3136 4917 3279 4971 enim
3321 4916 3404 4970 his
3450 4917 3706 4972 extremis

2119 5006 2455 5074 temporibus
2501 5005 2671 5075 (quod
2720 5004 2966 5060 dolentes
3008 5011 3061 5058 et
3088 5004 3338 5075 lugentes
3368 5004 3701 5074 referimus),

2118 5093 2219 5158 sic,
2250 5093 2406 5147 amici
2448 5101 2501 5148 et
2530 5094 2725 5147 fratres
2772 5092 2828 5146 in
2860 5092 3075 5147 Christo
3120 5092 3447 5160 charissimi,
3471 5093 3706 5147 charitas

2113 5180 2398 5251 refriguit;
2431 5181 2539 5236 imo
2570 5197 2764 5234 aurum
2814 5180 2948 5234 illud
2976 5180 3239 5250 Optimum
3271 5180 3564 5249 cbaritatis,
3598 5197 3705 5252 quo

2111 5276 2273 5338 caput
2304 5268 2539 5323 cmlestis
2570 5268 2765 5339 Sponsi
2786 5276 3040 5323 constare
3061 5268 3256 5323 asserit
3276 5284 3480 5338 sponsa
3500 5269 3706 5324 Cantici

2111 5356 2300 5427 (Cant.
2344 5357 2422 5419 v),
2470 5356 2813 5411 obscuratum
2865 5364 2964 5423 est,
3013 5364 3065 5411 et
3109 5355 3260 5411 color
3306 5356 3423 5424 ejus
3467 5356 3705 5425 Optimus

2109 5452 2381 5507 mutatus,
2431 5452 2489 5499 ut
2536 5459 2643 5498 non
2692 5452 2895 5499 tantum
2958 5460 3205 5515 quaerere
3270 5444 3610 5515 iniquitatem
3649 5445 3703 5499 in

2108 5532 2271 5587 domo
2295 5532 2443 5599 justi,
2476 5540 2528 5588 et
2557 5540 2769 5587 vastare
2813 5532 3061 5603 requiem
3093 5532 3229 5601 ejus,
3263 5540 3455 5589 contra
3483 5532 3541 5589 S.
3576 5531 3704 5602 Spi~
