3978 6050
291 149 394 200 633

1640 142 2246 202 CONSUETUDINES.

3482 144 3586 201 634

290 267 424 322 ritus
480 274 695 322 enatum
743 267 924 336 (Prov.
976 268 1153 336 xxxv),
1219 267 1442 339 quidam
1498 267 1705 323 licitum
1760 284 1883 323 esse
1911 275 1964 331 Α
1986 270 2290 339 voluerunt,
2322 273 2453 327 dum
2484 272 2715 328 viderint
2742 288 2775 327 a
2803 272 2960 327 nobis
2989 271 3121 342 ipsis
3140 273 3321 328 omnia
3343 274 3581 347 ingenue

290 356 558 410 mstiment
591 373 605 421 ;
638 354 735 410 sed
765 355 927 409 etiam
956 371 1019 409 ea
1048 372 1168 427 qua:
1196 355 1251 409 in
1299 356 1475 426 aliqua
1520 363 1674 425 parte
1720 356 1883 409 dubia

291 459 413 498 esse
440 444 710 509 videntur,
743 458 852 497 non
880 444 935 496 in
964 444 1249 498 meliorem
1278 452 1490 513 partem
1540 443 1883 512 interpretari

287 532 385 585 sed
414 531 470 584 in
499 531 761 601 pejorem,
794 545 934 585 novo
957 531 1080 598 jure
1101 530 1425 595 introducto,
1453 531 1596 602 quod
1617 538 1764 584 certe
1779 546 1882 586 nec

289 618 391 673 Dei
416 634 519 674 nec
548 618 808 673 Ecclesiae
838 625 933 684 est,
961 619 1077 687 jam
1097 617 1327 672 liberum
1347 618 1449 671 sibi
1478 633 1600 672 esse
1622 618 1878 682 credant;

285 705 395 760 imo
425 722 487 760 ea
517 722 637 777 qum
666 722 795 760 vere
826 713 878 759 et
907 706 1110 777 absque
1140 705 1251 759 ulla
1281 706 1555 760 dubietate
1572 706 1715 760 bona
1736 713 1877 772 sunt,

285 793 506 847 sinistra
533 793 971 864 interpretatione
1002 793 1208 863 absque
1238 792 1346 846 ullo
1387 793 1662 863 scrupulo,
1714 793 1881 847 veluti

285 896 647 951 conspurcare
691 896 854 950 posse
892 888 1095 951 putent,
1148 888 1205 934 ut
1253 880 1441 935 {cetere
1484 880 1777 949 incipiant;
1828 886 1880 934 et

283 969 385 1035 sic,
418 969 563 1040 quod
592 969 738 1039 prius
786 969 911 1023 boui
958 968 1144 1023 odoris
1199 976 1317 1023 erat
1374 976 1426 1023 et
1482 967 1872 1033 aediﬁcationis,

281 1071 542 1111 nauseam
572 1056 809 1111 excitare
840 1056 1074 1126 incipiat.

354 1145 627 1215 Legantur
656 1143 977 1216 Evangelia,
1009 1143 1131 1197 libri
1162 1144 1446 1214 apostolici
1475 1152 1678 1201 attente
1706 1142 1880 1199 revol-

280 1240 514 1297 vantur;
547 1232 621 1285 ibi
648 1231 918 1303 legimus:
955 1233 1218 1288 Charitas
1247 1249 1363 1288 non
1393 1235 1718 1299 aemulatur,
1764 1248 1878 1287 non

280 1323 399 1392 agit
420 1336 735 1393 perperam,
754 1335 870 1375 non
890 1321 1101 1391 cogitat
1125 1322 1338 1376 malum
1365 1322 1439 1391 (II
1467 1324 1588 1378 Cor.
1630 1323 1775 1390 xm),
1826 1327 1879 1373 et

280 1408 385 1461 alia
412 1408 566 1478 plura
594 1406 811 1462 similia.
866 1407 974 1462 Sed
1010 1407 1144 1461 nihil
1182 1408 1518 1478 reperiemus
1564 1409 1706 1462 unde
1755 1406 1876 1462 lici-

282 1504 398 1550 tum
428 1511 550 1549 esse
599 1495 878 1565 probetur,
928 1493 1128 1549 famam
1175 1496 1407 1566 proximi
1451 1496 1670 1560 lmdere,
1723 1503 1775 1549 et
1821 1501 1879 1548 ut

1987 366 2039 411 et
2054 359 2268 415 sincere
2287 361 2534 430 proferri,
2556 362 2611 414 in
2632 361 2802 414 nihilo
2820 360 2978 414 nobis
2993 361 3127 431 ipsis
3156 362 3435 431 parcendo
3451 363 3584 416 nihil

1983 447 2326 515 occultando,
2344 449 2439 503 sed
2450 448 2627 518 potius
2640 464 2739 503 nos
2753 448 2900 517 ipsos
2913 450 3191 518 (quantum
3206 450 3423 515 veritas,
3435 449 3589 517 justi-

1983 533 2057 587 tia
2078 542 2131 588 et
2146 536 2378 589 charitas
2400 536 2737 605 permittunt)
2756 537 2879 589 data
2896 536 3185 591 occasione
3216 537 3579 609 objurgando.

2053 622 2208 675 Absit
2237 639 2266 675 a
2313 624 2470 677 nobis
2517 632 2573 677 ut
2618 623 2958 678 sanctitatem
2998 623 3165 688 illam,
3220 641 3341 695 qua:
3389 625 3585 680 merito

1980 708 2169 777 primis
2252 711 2497 764 Patribus
2580 711 2754 765 nostri
2812 711 3077 780 tribuitur,
3134 712 3293 766 nobis
3352 712 3583 767 velimus

1981 811 2281 865 usurpare;
2316 798 2413 852 sed
2436 798 2491 851 id
2518 806 2721 851 tantum
2743 798 2901 852 nobis
2923 799 3150 853 concedi
3166 800 3417 869 petimus,
3435 800 3583 869 quod

1979 899 2008 935 a
2038 883 2274 950 nemine,
2309 885 2397 955 qui
2419 885 2641 953 justitiae
2670 901 2799 940 osor
2845 901 2955 939 non
2999 886 3085 954 sit,
3139 894 3320 956 potest
3365 886 3573 957 negari,

1979 985 2176 1040 nempe
2202 979 2261 1025 ut
2290 974 2507 1042 corpori
2538 972 2745 1027 ordinis
2777 980 2828 1027 et
2876 972 3090 1039 animae,
3144 981 3199 1027 ut
3246 974 3322 1027 ita
3372 974 3571 1039 dicam,

1979 1056 2205 1111 instituti
2260 1050 2427 1121 nostri
2485 1076 2593 1114 non
2643 1059 2957 1129 imputetur,
3018 1060 3163 1130 quod
3218 1060 3576 1132 Singularium

1978 1161 2341 1214 personarum
2369 1146 2541 1216 culpis
2572 1155 2776 1200 tantum
2804 1148 3053 1214 debetur,
3074 1148 3315 1218 aquibus
3333 1148 3578 1203 ordinem

1979 1249 2081 1288 nec
2107 1233 2227 1303 ipso
2257 1235 2546 1288 reverendi
2576 1234 2753 1288 Patris
2787 1234 3053 1306 Guigonis
3092 1242 3333 1306 tempore
3385 1251 3573 1290 exem-

1977 1329 2130 1391 ptum
2159 1320 2325 1375 fuisse
2354 1323 2623 1376 constabit
2653 1338 2716 1376 ex
2747 1337 2869 1391 cap.
2903 1324 2972 1376 77
3002 1322 3227 1377 istarum
3272 1324 3578 1378 Consuetu-

1978 1407 2181 1462 dinum.
2208 1409 2452 1464 Clament
2480 1417 2741 1480 quantum
2772 1409 2958 1464 velint.
2991 1410 3162 1476 Tolle,
3194 1410 3342 1476 tolle,
3392 1418 3580 1465 contra

1978 1503 2300 1550 statutorum
2338 1497 2545 1551 ordinis
2578 1505 3019 1568 transgressores
3051 1505 3103 1551 et
3133 1497 3202 1551 ab
3234 1498 3351 1565 ejus
3377 1498 3570 1568 spiritu

280 1584 449 1655 longe
478 1582 688 1654 lateque
720 1582 836 1650 ejus
865 1581 1111 1638 defectus
1142 1583 1256 1638 sive
1287 1584 1400 1639 veri
1430 1583 1547 1638 sive
1576 1583 1699 1638 falsi
1721 1598 1877 1653 spar-
1904 1610 1956 1670 B
1978 1584 2315 1651 aberrantes,
2348 1600 2458 1639 non
2484 1585 2822 1651 abnuemus;
2850 1585 2946 1639 sed
2978 1592 3031 1640 et
3070 1585 3525 1641 succlamabimus
3561 1601 3573 1639 :

280 1674 498 1739 gantur,
528 1665 682 1736 quasi
720 1681 884 1736 super
921 1673 1062 1720 tecta
1109 1666 1427 1722 ascendere.
1480 1667 1536 1721 Si
1583 1666 1661 1721 sic
1708 1681 1876 1738 agere

279 1770 406 1810 cum
435 1753 695 1825 singulari
723 1769 955 1824 persona
986 1753 1229 1809 illicitum
1259 1770 1380 1809 esse
1414 1754 1707 1825 Scriptura:
1751 1769 1875 1807 san-

278 1850 382 1898 ctae
410 1842 725 1907 decernant,
757 1841 883 1913 quid
914 1842 981 1897 de
1012 1842 1416 1908 communitate,
1444 1842 1572 1913 quid
1594 1842 1662 1896 de
1683 1841 1874 1896 ordine

278 1930 515 2003 integro,
549 1930 702 1999 cujus
728 1928 872 1985 fama
897 1929 1114 2002 integra
1143 1938 1244 1999 est,
1275 1930 1611 1986 censendum
1643 1930 1767 1985 est?

350 2018 549 2076 Christi
581 2026 633 2074 et
662 2033 940 2074 sacrarum
985 2018 1387 2089 Scripturarum
1419 2033 1642 2074 sensum
1672 2033 1871 2088 seque-

280 2108 436 2162 batur
464 2108 529 2161 D.
562 2108 834 2177 Thomas,
890 2107 1019 2161 dum
1072 2107 1455 2179 paradigmate
1510 2106 1743 2162 hominis
1782 2104 1874 2177 qui

279 2194 501 2268 triginta
529 2194 696 2250 facies
737 2195 987 2260 haberet,
1023 2195 1222 2267 quique
1267 2196 1320 2249 in
1367 2194 1658 2266 pulchriori
1686 2195 1754 2249 ab
1786 2193 1871 2246 in-

280 2284 553 2340 tuentibus
581 2282 773 2355 procul
803 2284 968 2339 dubio
999 2284 1354 2354 aspiceretur,
1376 2284 1647 2350 utebatur,
1670 2290 1727 2337 ut
1749 2298 1872 2338 sen-

292 2388 409 2428 sum
442 2387 600 2427 suum
632 2387 797 2444 super
826 2372 930 2426 hac
958 2387 1020 2426 re
1050 2371 1393 2442 exprimeret,
1443 2387 1605 2442 quem
1652 2387 1873 2425 sensum

280 2460 534 2532 amplecti
561 2467 612 2515 et
640 2459 696 2513 in
726 2460 974 2515 omnibus
1005 2459 1161 2532 sequi
1189 2460 1471 2515 debemus.
1494 2460 1616 2514 Non
1639 2459 1782 2513 enim
1803 2460 1873 2513 ad

281 2548 717 2604 succensendum
746 2547 830 2602 his
862 2548 954 2618 qui
983 2548 1051 2603 de
1080 2547 1237 2602 nobis
1258 2548 1437 2603 minus
1460 2548 1596 2604 bene
1611 2548 1869 2615 sentiunt,

203 2674 216 2682 .
281 2639 401 2692 haec
431 2652 601 2707 pauca
649 2637 718 2692 de
766 2636 1051 2691 immutato
1088 2636 1361 2693 charitatis
1392 2636 1572 2693 colore
1615 2636 1868 2703 diximus,

282 2720 381 2780 sed
411 2734 468 2780 ut
513 2726 743 2781 meliora
790 2726 1116 2781 charismata
1165 2742 1380 2797 semper
1420 2726 1758 2796 aemulemur,
1819 2734 1872 2781 et

278 2828 568 2870 caveamus
592 2829 625 2869 a
653 2829 820 2885 prava
847 2814 1290 2885 interpretatione
1324 2814 1616 2869 verborum
1653 2814 1870 2869 illorum

279 2902 527 2973 Apostoli
557 2902 786 2957 dicentis
810 2920 822 2956 :
847 2904 1176 2974 Spiritualis
1190 2903 1418 2973 judicat
1438 2904 1648 2969 omnia,
1675 2907 1729 2958 et
1753 2905 1871 2975 ipse

278 3010 315 3048 a
344 2994 572 3046 nemine
581 2992 882 3061 juiicatur
910 2993 975 3061 (Ι.
1014 2992 1132 3047 Cor.
1154 2990 1237 3061 ιι),
1267 2991 1463 3061 quibus
1485 3006 1873 3062 nonnunquam

279 3079 591 3150 spirituales
618 3079 735 3148 viri,
768 3079 983 3150 proprio
1022 3095 1186 3134 sensu
1235 3079 1448 3150 decepti
1494 3087 1545 3134 et
1590 3080 1868 3149 obcaecati,

277 3167 523 3223 incidunt
553 3176 603 3223 et
631 3167 733 3239 ipsi
764 3167 817 3220 in
847 3168 1097 3239 laqueum
1130 3167 1352 3222 diaboli.

348 3256 692 3311 Tentationes
720 3255 1027 3326 spirituales
1069 3271 1178 3310 non
1221 3255 1399 3310 minus
1444 3256 1700 3311 cavendae
1751 3263 1875 3310 sunt

278 3362 440 3418 quam
471 3344 740 3409 carnales,
770 3344 881 3398 imo
911 3344 1075 3416 longe
1103 3344 1314 3399 cautius
1345 3351 1397 3399 et
1442 3344 1709 3410 subtilius,
1751 3360 1871 3399 ma-

280 3435 424 3490 xime
454 3450 486 3488 a
515 3432 763 3488 solitariae
790 3432 912 3488 vita:
940 3432 1358 3502 professoribus,
1404 3432 1527 3503 quia
1558 3447 1591 3486 a
1636 3432 1872 3487 carnali-

278 3524 383 3578 bus
439 3521 664 3591 objectis
717 3528 769 3575 et
824 3521 1110 3575 desideriis
1164 3520 1425 3576 abstracti
1480 3530 1874 3576 evanescerent

279 3611 441 3667 facile
470 3611 523 3665 in
556 3609 974 3682 cogitationibus
1004 3608 1116 3663 suis
1162 3616 1213 3663 et
1242 3609 1293 3662 in
1338 3609 1543 3678 judicia
1589 3611 1873 3664 temeraria

277 3700 600 3765 inciderent,
633 3698 737 3751 nisi
766 3714 799 3751 a
828 3697 1097 3753 daemonio
1126 3696 1424 3752 meridiano
1471 3698 1707 3769 propriae
1749 3698 1871 3769 opi-

276 3787 476 3853 nionis,
509 3794 562 3841 et
590 3786 799 3856 proprii
821 3785 1009 3854 judicii
1039 3785 1263 3856 laqueos
1294 3785 1425 3856 ipsis
1453 3795 1709 3856 ponente,
1757 3786 1872 3841 sol-

276 3875 424 3931 licite
452 3874 555 3928 sibi
586 3880 858 3929 caverent.
884 3874 1004 3943 Ipse
1034 3873 1175 3927 enim
1209 3872 1438 3927 Satanas
1478 3873 1873 3946 transfigurans

276 3978 336 4017 se
368 3963 421 4016 in
452 3961 703 4033 angelum
734 3961 871 4016 lucis
902 3960 1079 4015 minus
1110 3968 1299 4016 cautos
1316 3970 1365 4015 et
1384 3961 1437 4014 in
1461 3962 1560 4017 hac
1583 3970 1736 4032 parte
1771 3963 1873 4017 sibi

275 4050 409 4121 ipsis
439 4050 669 4104 ﬁdentes
701 4049 920 4119 decipit,
953 4064 1016 4104 ac
1047 4049 1100 4101 in
1132 4064 1376 4104 errorem
1410 4050 1579 4104 semel
1608 4051 1868 4119 dejectos,

274 4139 495 4209 proprio
516 4154 678 4193 sensu
709 4137 905 4192 deinde
936 4137 1258 4206 obcaecatos,
1291 4137 1529 4192 strictius
1558 4138 1691 4210 ligat
1740 4145 1793 4192 et
1841 4154 1873 4193 a

276 4226 614 4282 correctione
647 4226 862 4280 tandem
892 4224 1006 4280 fere
1033 4224 1267 4280 totaliter
1293 4225 1498 4281 alienos
1527 4226 1704 4281 efficit.

346 4314 412 4369 Hi
442 4323 565 4369 sunt
594 4314 777 4368 miseri
806 4314 1008 4385 gradus
1039 4313 1435 4381 descensionis,
1472 4329 1609 4385 quos
1638 4314 1741 4368 sibi
1788 4314 1870 4369 fa-

275 4403 485 4459 bricant
517 4401 835 4473 Spirituales
866 4418 895 4454 a
922 4401 1144 4472 proprio
1184 4402 1386 4470 judicio
1434 4418 1542 4457 non
1593 4402 1695 4456 sibi
1741 4404 1871 4457 satis

275 4499 433 4546 caute
490 4499 761 4557 caventes,
821 4506 850 4543 a
910 4490 1105 4561 quibus
1161 4490 1325 4562 longe
1401 4490 1738 4557 distabimus,
1827 4491 1871 4544 si

275 4596 493 4649 semper
522 4579 589 4634 ob
621 4579 810 4634 oculos
852 4578 1150 4632 habeamus
1193 4578 1285 4631 illa
1332 4578 1529 4633 Christi
1574 4579 1871 4634 Salvatoris

273 4667 446 4721 nostri
480 4667 685 4721 verba:
713 4668 896 4722 Nolite
921 4667 1204 4737 judicare,
1242 4669 1297 4721 et
1326 4683 1441 4721 non
1470 4668 1873 4737 judicabimini

272 4756 429 4825 (Luc.
456 4754 536 4823 ιν)
560 4773 573 4819 ς
599 4762 651 4809 et
680 4754 771 4808 illa
802 4756 867 4807 D.
923 4754 1110 4807 Pauli:
1139 4754 1269 4820 Quis
1318 4771 1374 4809 es
1423 4759 1485 4809 tu
1525 4757 1619 4825 qui
1645 4755 1873 4826 judicas

271 4860 497 4899 servum
519 4844 775 4898 alienum
803 4847 825 4898 ξ)
848 4845 1076 4898 Domino
1113 4858 1210 4897 suo
1233 4847 1349 4897 stat
1371 4847 1473 4898 aut
1513 4844 1667 4898 cadit
1692 4844 1867 4912 (Rom.

271 4932 917 5001 x1v).Ilemque:Nolite
952 4935 1087 4986 ante
1128 4935 1346 5002 tempus
1373 4932 1653 5003 judicare,
1697 4948 1868 5002 quoa-

270 5020 480 5091 dusque
500 5020 691 5073 veniat
708 5020 995 5085 Dominus,
1037 5020 1134 5090 qui
1168 5020 1521 5076 illuminabit
1545 5021 1871 5076 abscondita

278 5108 659 5172 tenebrarum,
695 5111 749 5162 et
771 5107 1165 5177 manifestabit
1206 5109 1449 5163 consilia
1489 5110 1741 5164 cordium
1764 5128 1781 5163 :
1813 5114 1869 5164 et

272 5200 411 5249 tunc
432 5196 555 5249 laus
572 5196 683 5249 erit
702 5197 1005 5267 unicuique
1035 5212 1068 5250 a
1092 5197 1196 5251 Deo
1219 5196 1265 5265 (I
1291 5197 1411 5251 Cor.
1438 5197 1539 5264 iv.)

340 5284 497 5339 Nunc
528 5298 662 5354 ergo
694 5283 991 5354 quiescent,
1026 5291 1081 5337 ut
1109 5299 1413 5353 speramus,
1451 5284 1539 5355 qui
1579 5291 1717 5337 tanta
1748 5284 1867 5338 avi-

266 5369 433 5428 ditate
465 5378 663 5426 statuta
695 5371 898 5428 ordinis
930 5371 1119 5440 nostri,
1156 5379 1247 5426 aut
1277 5372 1484 5444 legere,
1518 5379 1608 5426 aut
1638 5387 1866 5444 carpere

1979 1671 2289 1737 Puniantur,
2336 1672 2649 1742 puniantur,
2682 1673 2761 1728 sic
2818 1672 2962 1727 enim
3018 1688 3129 1727 non
3184 1688 3306 1727 cum
3362 1673 3576 1729 modica

1975 1766 2163 1813 nostra
2208 1767 2261 1813 et
2300 1760 2561 1814 bonorum
2612 1760 2854 1815 omnium
2921 1760 3311 1829 consolatione,
3376 1760 3579 1817 factum

1975 1846 2143 1901 fuisse
2172 1847 2228 1900 in
2257 1847 2449 1901 ordine
2479 1863 2511 1902 a
2541 1848 2629 1902 die
2660 1864 2771 1903 suae
2799 1848 3152 1903 institutionis
3172 1864 3346 1920 usque
3368 1849 3438 1902 ad
3457 1850 3577 1905 haec

1974 1942 2159 1989 nostra
2189 1942 2433 2005 tempora
2465 1936 2766 2007 apparebit,
2800 1953 2897 2007 per
2925 1936 3141 1992 chartas
3189 1943 3242 1991 et
3272 1936 3574 1992 ordinatio-

1972 2037 2070 2077 nes
2099 2023 2460 2093 capitulorum
2489 2024 2847 2095 generalium,
2902 2039 3039 2095 quas
3081 2024 3315 2096 antiquis
3363 2025 3576 2080 statutis

1974 2125 2039 2164 ex
2067 2110 2315 2180 professo
2346 2112 2468 2166 data
2501 2112 2790 2167 occasione
2820 2118 3141 2179 attexemus,
3182 2120 3239 2167 ut
3269 2114 3386 2168 haec
3432 2113 3575 2169 scri-

1972 2205 2063 2268 pta
2092 2206 2144 2252 et
2173 2199 2454 2269 prepalata
2502 2199 2734 2255 existant
2773 2200 2829 2254 in
2877 2200 3235 2272 generatione
3282 2200 3469 2271 altera,
3522 2209 3575 2256 et

1971 2282 2207 2353 populus
2238 2283 2329 2355 qui
2378 2284 2657 2338 creabitur
2686 2283 2869 2339 laudet
2920 2284 3229 2351 Dominum,
3276 2285 3368 2356 qui
3413 2284 3574 2340 talem

1972 2371 2166 2438 zelum,
2218 2371 2647 2441 unanimitatem,
2696 2372 2958 2443 propositi
3017 2372 3357 2428 tenacitatem
3427 2372 3578 2428 dedit

1972 2458 2187 2513 miseris
2216 2460 2690 2527 homuncionibus,
2726 2461 2965 2530 natione,
3017 2460 3355 2526 educatione,
3410 2461 3572 2532 genio

1971 2547 2206 2602 naturali
2234 2556 2343 2601 tam
2373 2548 2626 2615 diversis,
2660 2549 2822 2603 etiam
2843 2556 3085 2619 tempore
3115 2548 3228 2615 illo,
3255 2564 3361 2620 quo
3389 2548 3578 2604 Eccle-

1973 2635 2053 2689 sia
2081 2635 2180 2690 Dei
2206 2652 2308 2705 per
2337 2635 2648 2691 deﬂendum
2677 2637 2917 2691 schisma
2944 2637 2999 2690 in
3026 2637 3213 2707 plures
3256 2644 3436 2708 partes
3484 2636 3571 2691 di-

1972 2723 2106 2789 visa,
2139 2723 2389 2778 ordinem
2414 2731 2654 2778 nostrum
2683 2724 2739 2777 in
2786 2732 2863 2779 tot
2899 2732 3083 2795 partes
3133 2725 3291 2781 etiam
3339 2725 3570 2780 scissum

1971 2820 2095 2882 post
2124 2828 2190 2889 se.
2210 2818 2471 2877 traxerat,
2507 2812 2608 2865 sub
2640 2811 2803 2867 ﬁnem
2835 2813 3009 2883 quarti
3037 2813 3233 2868 decimi
3292 2814 3474 2869 smculi
3521 2823 3573 2870 et

1972 2900 2181 2954 initium
2208 2900 2404 2955 decimi
2435 2900 2626 2971 quinti,
2662 2901 2835 2956 donec
2865 2900 3154 2957 concilium
3185 2901 3435 2957 Pisanum
3475 2919 3572 2958 ce-

1895 2958 1941 3018 C
1970 2989 2293 3053 lebraretur,
2328 2997 2384 3042 ut
2414 2958 2514 3043 suo
2542 2958 2662 3044 loco
2683 2989 2911 3043 dicetur.
2937 2990 2993 3042 Id
3017 2989 3160 3043 velut
3180 2990 3390 3061 grande
3412 2990 3576 3045 mira-

1972 3076 2155 3131 culum
2184 3092 2215 3129 a
2244 3076 2476 3131 Domino
2506 3076 2707 3132 factum
2739 3076 2911 3131 oculis
2932 3075 3129 3131 mentis
3151 3085 3396 3147 apparet,
3422 3077 3569 3148 quod

1971 3165 2100 3219 dum
2129 3164 2345 3219 intueor
2374 3165 2703 3235 obstupesco
2724 3172 2776 3218 et
2800 3164 3108 3220 succlamo:
3135 3164 3347 3236 Digitus
3369 3165 3469 3220 Dei
3489 3173 3573 3220 est

1972 3252 2105 3319 iste;
2138 3269 2247 3307 non
2279 3253 2421 3307 enim
2448 3252 2650 3306 similes
2694 3252 2902 3308 fructus
2945 3252 3153 3323 profert
3197 3260 3339 3307 terra
3388 3253 3572 3309 cordis

1970 3340 2192 3395 humani
2222 3341 2408 3411 spinas
2437 3349 2487 3395 et
2519 3340 2743 3395 tribulos
2773 3357 2835 3395 ex
2886 3357 2945 3395 se
2993 3348 3197 3395 tantum
3227 3341 3563 3413 germinans.

1970 3431 2143 3484 Porro
2173 3430 2239 3483 de
2271 3429 2346 3483 rei
2378 3429 2597 3484 veritate
2640 3428 2958 3497 judicabunt
3007 3428 3098 3499 qui
3143 3444 3277 3499 opus
3324 3429 3469 3484 istud
3514 3429 3569 3483 in

1972 3533 2135 3573 sensu
2167 3516 2381 3588 pietatis
2410 3525 2463 3571 et
2491 3516 2683 3587 spiritu
2711 3516 2987 3571 charitatis
3016 3516 3203 3571 lecturi
3232 3524 3373 3571 sunt.

2042 3607 2122 3660 De
2146 3605 2469 3676 quibusdam
2498 3605 2675 3660 adhuc
2704 3604 2938 3659 monitos
2970 3620 3067 3660 vos
3097 3620 3219 3659 esse
3248 3603 3392 3669 volo,
3426 3611 3575 3660 ante-

1974 3710 2132 3764 quam
2182 3695 2249 3748 ad
2296 3693 2789 3764 interpretationem
2838 3693 3298 3748 Consuetudinum
3343 3693 3569 3749 istarum

1972 3782 2036 3837 R.
2070 3782 2245 3837 Patris
2273 3782 2443 3837 nostri
2478 3781 2744 3852 Guigonis
2773 3782 3151 3849 deveniamus,
3185 3781 3379 3854 quibus
3398 3782 3569 3837 moni-

1972 3870 2039 3923 tis
2067 3871 2134 3924 ad
2164 3870 2465 3925 faciliorem
2492 3870 2907 3940 intelligentiam
2937 3886 3131 3926 sensus
3172 3878 3225 3926 et
3270 3871 3565 3927 verborum

1970 3958 2199 4029 piissimi
2230 3958 2504 4029 scriptoris
2533 3959 2885 4029 perveniatis.

2045 4047 2224 4101 Primo
2253 4062 2383 4118 ergo
2411 4047 2709 4101 notandum
2739 4055 2821 4102 est
2852 4047 3001 4101 illum
3051 4047 3324 4103 succincte
3373 4049 3570 4105 admo-

1974 4136 2103 4190 dum
2134 4135 2394 4199 scribere,
2431 4143 2542 4188 tum
2572 4142 2629 4188 ut
2661 4136 2909 4190 exhibeat
2926 4152 2984 4190 se
3009 4135 3062 4189 in
3085 4136 3377 4191 scribendo
3407 4137 3569 4192 etiam

1972 4225 2126 4296 leges
2158 4222 2355 4277 silentii
2386 4238 2605 4278 servare
2638 4223 2793 4287 velle,
2830 4224 2959 4278 dum
2990 4224 3261 4294 superﬂua
3292 4226 3463 4280 verba
3483 4242 3569 4281 re-

1891 4303 1944 4364 D
1976 4327 2162 4368 secare
2192 4312 2386 4377 studet,
2419 4320 2472 4366 et
2502 4327 2564 4366 ea
2594 4319 2797 4365 tantum
2839 4311 3078 4381 proferre
3110 4329 3231 4383 quae
3258 4314 3570 4370 necessaria

1973 4400 2242 4467 videntur,
2277 4408 2389 4454 tum
2420 4400 2546 4471 quia
2577 4399 2920 4454 Carthusiani
2947 4401 3212 4471 propositi
3241 4402 3564 4458 observato-

1974 4488 2125 4542 ribus
2156 4488 2360 4555 scribit,
2394 4488 2483 4560 qui
2515 4488 2638 4543 ideo
2668 4504 2777 4543 uno
2806 4488 2912 4556 vel,
2944 4497 3000 4543 ut
3043 4489 3111 4543 ita
3158 4490 3353 4558 dicam,
3401 4490 3565 4544 dimi-

1974 4578 2117 4632 diato
2148 4578 2313 4633 verbo
2343 4577 2603 4649 quidquid
2634 4577 2737 4631 sibi
2767 4578 2980 4632 volebat
3037 4579 3369 4634 reverendus
3409 4579 3570 4633 Pater

1975 4666 2155 4738 Guigo
2187 4666 2583 4736 intelligebant,
2617 4682 2719 4721 nec
2748 4665 3063 4737 indigebant
3094 4675 3151 4721 ut
3179 4667 3360 4722 omnia
3407 4666 3570 4721 veluti

1973 4754 2273 4808 minutatim
2305 4754 2657 4824 exprimeret.
2710 4755 3135 4810 Consuetudiues
3182 4770 3317 4826 ergo
3365 4762 3568 4808 tantum

1972 4843 2136 4897 veluti
2167 4843 2574 4909 substantiales,
2608 4843 2830 4912 majoris
2859 4852 2910 4899 et
2956 4843 3224 4914 primariae
3268 4842 3567 4900 Carthusiae

1974 4930 2137 4985 sociis
2169 4938 2231 4984 et
2252 4930 2511 4985 fratribus
2541 4933 2921 4997 communicat,
2946 4931 3001 4985 id
3022 4948 3051 4984 a
3073 4948 3130 4986 se
3152 4931 3562 5002 postulantibus,

1972 5026 2029 5072 ut
2058 5018 2399 5073 uniformitas
2426 5019 2539 5085 illa,
2576 5036 2697 5089 quae
2726 5021 2795 5074 ab
2827 5019 2976 5074 initio
3006 5028 3058 5074 et
3086 5020 3345 5091 deinceps
3376 5020 3429 5076 in
3470 5036 3564 5076 or-

1970 5106 2097 5160 dine
2128 5106 2223 5160 fuit
2254 5106 2306 5160 iu
2338 5115 2485 5162 tanto
2530 5106 2707 5178 pretio
2755 5108 2937 5163 habita
2994 5116 3047 5163 et
3094 5108 3345 5165 continuo
3392 5109 3567 5165 studio

1971 5203 2200 5259 servata,
2232 5195 2669 5251 introduceretur
2701 5214 2713 5249 :

2043 5283 2311 5349 Secundo,
2344 5285 2493 5353 plura
2526 5302 2647 5355 qua:
2676 5285 2731 5338 in
2758 5284 2992 5357 antiquis
3022 5286 3231 5341 statutis
3280 5285 3563 5342 continen-

1970 5378 2055 5425 tur
2085 5387 2186 5429 ncc
2216 5372 2269 5426 in
2300 5372 2794 5428 Consuetudinibus
2839 5374 2901 5428 lt.
2956 5374 3014 5429 P.
3066 5374 3333 5449 Guigonis
3384 5374 3561 5445 expri-
