3978 6050
346 164 450 217 636

1180 162 1522 219 GUIGONIS
1560 164 1582 216 ι
1621 163 2031 219 CARTHUSLE
2059 161 2355 219 MAJORIS
2394 163 2671 220 PRIORIS
2704 126 2776 218 ‘v.

3533 169 3642 221 636

325 260 581 350 .muntur,
616 298 726 339 non
769 285 895 340 ideo
932 280 1186 340 novitatis
1225 286 1440 341 debere-
1472 286 1649 357 argui,
1698 286 1825 356 quia
1866 287 1932 341 Β.
1959 291 2009 349 Α
2039 287 2142 339 sint
2171 284 2497 341 sufﬁcienter
2525 286 2806 356 explicata,
2832 294 2889 340 ut
2918 284 3094 355 possit
3112 284 3327 340 illorum
3347 286 3635 356 genuinus-

345 373 437 427 ille
470 375 627 427 Pater
654 373 857 427 nullam
887 374 955 427 de
1003 374 1109 427 illis
1160 375 1489 429 mentionem
1534 374 1676 441 facit,
1729 373 1827 428 sed
1875 374 1944 427 ad

348 460 613 515 rationem
645 461 1054 515 condendorum
1082 469 1407 516 statutorum
1453 462 1729 531 pertinere
1756 480 1769 527 ;
1818 478 1943 515 cre-

351 556 536 604 scente
567 548 712 602 enim
741 565 967 603 numero
998 550 1283 604 domorum
1312 558 1363 603 et
1392 565 1752 620 personarum
1795 550 1945 603 ordi-

350 635 454 700 nis,
507 652 628 689 eum
671 644 863 690 statuta
912 645 1094 691 essent
1136 638 1417 692 condenda
1478 654 1599 708 quae
1672 637 1946 708 simplices

351 723 772 779 consuetudines
801 724 855 776 in
885 726 1151 794 quasdam
1181 724 1344 779 veluti
1376 723 1511 777 fixas
1552 725 1775 795 regulas
1820 741 1947 778 ver-

352 820 544 876 terent,
578 819 630 864 et
659 827 776 881 qum
806 819 958 865 actus
1006 812 1302 866 multorum
1349 812 1631 865 hominum
1679 812 1735 864 in
1785 812 1949 866 variis

352 897 581 968 agendis
627 898 682 951 in
730 914 891 951 unam
923 899 1336 953 consonantiam
1368 908 1420 953 et
1448 899 1631 969 praxis
1660 898 1949 952 uniformi-

356 994 519 1040 tatem
548 986 892 1053 adducerent,
926 995 983 1039 ut
1013 986 1068 1039 in
1095 988 1289 1041 eadem
1318 988 1483 1043 veluti
1541 988 1787 1059 regulam
1836 987 1951 1041 col—

354 1073 623 1137 limarent,
657 1089 885 1127 necesse
914 1090 1137 1143 prorsus
1168 1083 1287 1129 erat
1330 1084 1387 1128 ut
1429 1076 1760 1129 enucleatior
1799 1074 1953 1129 ﬁeret

359 1160 640 1229 expressio
671 1158 1011 1231 singulorum
1042 1162 1402 1233 agendorum,
1436 1170 1487 1216 et
1516 1162 1664 1216 modi
1696 1177 1802 1232 quo
1836 1161 1951 1214 sin-

356 1247 486 1318 gula
515 1256 663 1302 erant
693 1248 927 1319 agenda,
959 1265 1027 1303 ne
1058 1250 1112 1302 in
1144 1250 1245 1304 hac
1274 1249 1616 1303 multitudine
1648 1265 1713 1303 ex
1758 1249 1952 1320 singu-

360 1335 530 1389 larum
558 1351 913 1405 personarum
944 1336 1320 1391 abundantiori
1341 1336 1787 1406 multiplicatione
1809 1351 1956 1390 eom-

359 1422 555 1492 posita,
589 1422 797 1477 facilior
827 1430 1035 1492 pateret
1062 1424 1236 1477 aditus
1277 1424 1641 1494 singularibus
1679 1423 1950 1494 personis,

366 1510 436 1563 ad
468 1510 717 1579 quaedam
749 1511 1048 1565 secundum
1096 1512 1374 1582 proprium
1424 1528 1643 1565 sensum
1685 1512 1954 1582 interpre-

2050 390 2241 428 sensus
2270 373 2392 443 capi
2421 375 2488 427 ab
2515 374 2599 427 his
2631 374 2723 445 qui
2753 374 2888 427 ritus
2929 372 3314 427 Carthusianos
3356 389 3457 443 per
3503 390 3635 443 pra—

2050 461 2157 515 xim
2187 476 2294 515 non
2322 469 2535 526 norunt,
2574 461 2781 515 etiamsi
2811 461 2915 514 sint
2964 460 3094 513 alias
3138 460 3283 515 docti
3331 469 3383 514 et
3431 463 3635 516 cordati

2048 549 2168 603 viri.
2203 550 2333 603 Inde
2363 549 2533 603 oritur
2561 549 2699 603 ratio
2728 548 3047 618 indulgendi
3076 548 3161 600 his
3192 547 3282 617 qui
3312 548 3511 603 vellent
3552 567 3637 604 se-

2050 637 2286 691 cundum
2317 653 2473 690 suum
2504 652 2724 691 sensum
2746 636 2876 689 istas
2894 634 3323 689 Consuetudines
3345 634 3397 688 in
3418 636 3640 706 quibus-

2052 725 2179 778 dam
2226 724 2360 779 locis
2397 724 2699 795 intelligere
2730 732 2782 778 et
2813 722 3110 793 applicare,
3146 723 3341 792 quibus
3370 723 3491 778 ideo
3513 724 3641 779 illud

2051 811 2404 881 apostolicum
2436 820 2622 881 posset
2650 811 2704 864 in
2734 812 2867 876 hoc,
2899 810 3046 864 salva
3076 810 3290 864 illorum
3318 812 3637 880 reverentia,

2054 899 2335 969 applicari,
2362 915 2475 954 non
2495 900 2641 953 intel
2649 900 2907 967 ligentes,
2921 914 3099 969 neque
3119 898 3184 952 de
3201 898 3398 969 quibus
3416 900 3642 969 loquun-

2057 992 2170 1048 tur,
2206 1003 2384 1058 neque
2413 988 2479 1041 de
2507 987 2705 1058 quibus
2736 988 3029 1057 afﬁrmant
3061 986 3111 1054 (Ι
3152 986 3292 1040 Tim.
3334 986 3395 1055 ι).

2125 1076 2261 1129 Poro
2292 1075 2436 1129 circa
2468 1081 2679 1144 tempus
2710 1089 2817 1145 quo
2848 1075 2912 1127 R.
2944 1073 3004 1126 P.
3039 1072 3218 1144 Guigo
3248 1075 3346 1127 has
3395 1075 3642 1130 Consue-

2054 1162 2268 1215 tudines
2297 1162 2531 1232 scripsit,
2566 1161 2699 1215 nihil
2728 1168 2907 1231 potest
2937 1160 3303 1215 certissimum
3333 1161 3603 1232 assignari
3628 1183 3640 1227 ;

2055 1250 2152 1303 sed
2182 1250 2524 1319 supputando
2586 1264 2757 1303 annos
2789 1249 2857 1302 ab
2890 1263 3116 1303 accessu
3150 1248 3205 1302 S.
3254 1248 3427 1302 Patris
3474 1251 3644 1304 nostri

2054 1336 2322 1390 Brunonis
2342 1338 2584 1407 adrupes
2606 1336 2961 1399 Charthusiaa,
2995 1351 3089 1390 eas
3119 1335 3403 1406 scripsisse
3434 1336 3644 1392 videtur

2056 1427 2122 1478 44
2152 1433 2241 1478 aut
2278 1427 2345 1478 45
2394 1425 2610 1479 circiter
2663 1424 2818 1478 annis
2874 1431 2998 1493 post
3054 1423 3348 1493 inemptum
3380 1424 3642 1479 ordinem.

2126 1513 2317 1567 Adhuc
2347 1512 2490 1566 enim
2521 1513 2734 1567 vivebat
2766 1512 2819 1565 S.
2854 1512 3012 1583 Hugo
3043 1510 3331 1581 episcopus
3363 1511 3645 1566 Gratiano-

362 1598 528 1651 tanda
559 1605 609 1653 et
638 1597 1033 1669 detorquenda,
1067 1598 1209 1653 unde
1239 1598 1663 1654 uniformitatem
1700 1600 1757 1653 in
1804 1599 1956 1669 praxi
1984 1632 2036 1692 B
2056 1600 2350 1671 politanus,
2384 1608 2441 1654 ut
2469 1615 2534 1654 ex
2562 1600 2681 1669 ipso
2712 1598 2933 1671 Prologi
2962 1606 3109 1653 textu
3138 1598 3443 1654 innotescit.
3492 1600 3549 1654 S.
3580 1601 3640 1653 P.

367 1701 530 1739 sensu
562 1685 968 1755 depravandam
1002 1685 1134 1750 fore,
1167 1702 1327 1741 nemo
1358 1703 1467 1741 non
1497 1687 1669 1742 videt.

435 1773 637 1840 Tertio,
671 1781 915 1829 sanctum
948 1774 1097 1827 illum
1124 1775 1318 1839 virum,
1353 1775 1445 1845 qui
1476 1784 1591 1829 erat
1622 1775 1674 1828 in
1714 1776 1957 1846 utrisque

364 1861 555 1915 litteris
585 1861 782 1916 divinis
831 1870 881 1916 et
933 1862 1183 1915 humanis
1232 1863 1475 1933 apprime
1524 1863 1781 1929 eruditus,
1836 1862 1959 1932 styli

365 1949 712 2020 elegantiam,
746 1966 909 2020 quam
938 1951 1006 2004 ad
1036 1966 1254 2004 manum
1284 1951 1536 2015 habebat,
1569 1967 1957 2021 nonnunquam

288 2057 294 2062 ε
365 2037 697 2102 deseruisse,
730 2045 787 2091 ut
813 2038 867 2091 in
896 2038 1200 2093 scribendis
1232 2038 1725 2093 Consuetudinibus
1751 2038 1959 2093 ordinis

366 2126 766 2195 simplicitatem
829 2134 1150 2193 sectaretur,
1203 2134 1256 2179 et
1305 2126 1430 2180 inde
1502 2142 1601 2180 nos
1666 2127 1959 2181 instrueret

368 2220 622 2283 quantum
657 2228 690 2266 a
717 2213 976 2283 loquendi
1007 2221 1097 2267 aut
1129 2214 1404 2268 scribendi
1425 2213 1621 2281 modis,
1648 2214 1739 2284 qui
1761 2214 1959 2267 fastum

368 2300 606 2371 aliquem
663 2301 923 2368 redolent,
984 2302 1259 2355 abstinere
1315 2302 1628 2356 debeamus.
1700 2302 1959 2357 Scintilla:

370 2396 546 2444 autem
581 2388 819 2444 coelestis
849 2389 1169 2460 eloquentia
1200 2389 1359 2443 simul
1389 2397 1442 2443 et
1472 2390 1739 2455 humana},
1765 2390 1959 2460 quibus

369 2477 607 2547 pollebat
639 2477 792 2548 quasi
821 2478 944 2532 aeris
972 2477 1276 2543 candentis,
1312 2494 1380 2532 ex
1409 2478 1554 2531 illius
1612 2479 1959 2532 nihilominus

369 2565 579 2620 calamo
609 2579 717 2620 non
748 2582 872 2619 raro
902 2574 1286 2635 proruperunt,
1321 2574 1377 2619 ut
1405 2566 1591 2620 videre
1638 2575 1719 2621 est
1762 2567 1817 2620 in
1868 2566 1958 2620 illo

367 2653 604 2707 mirabili
632 2652 863 2722 capitulo
893 2654 967 2707 De
996 2654 1125 2708 vita:
1147 2655 1420 2708 solitariae
1450 2655 1956 2721 commendatione,

367 2758 433 2797 ex
464 2756 571 2812 quo
600 2740 859 2795 discimus
889 2749 1145 2811 quantum
1178 2748 1423 2795 versatus
1452 2750 1595 2795 esset
1626 2742 1679 2794 in
1702 2742 1958 2813 colligen-

369 2829 453 2884 dis
484 2845 551 2883 ex
582 2836 889 2883 sanctarum
919 2828 1322 2898 Scripturarum
1368 2843 1558 2898 campo
1606 2828 1844 2895 ﬂoribus,
1896 2846 1961 2883 ex

373 2918 566 2989 quibus
593 2917 890 2987 prudenter
918 2917 1158 2971 collectis
1189 2924 1238 2970 et
1267 2924 1494 2971 venuste
1528 2918 1790 2971 contextis
1820 2925 1962 2971 serta

373 3020 702 3075 componere
749 3013 974 3059 noverat
1024 3004 1301 3059 caelestem
1343 3005 1569 3059 odorem
1619 3004 1951 3059 exhalantia.

372 3093 525 3147 Unde
554 3093 713 3147 etiam
745 3093 1060 3146 instruimur
1089 3092 1143 3145 in
1173 3093 1321 3148 nullo
1352 3108 1451 3147 nos
1482 3093 1682 3149 laedere
1704 3093 1961 3163 simplici-

372 3188 533 3235 tatem
567 3180 995 3247 Carthusianam,
1031 3181 1077 3234 si
1107 3196 1386 3236 sacrorum
1428 3180 1653 3235 istorum
1704 3182 1964 3236 librorum

373 3268 731 3339 eloquentiam
762 3268 1126 3336 addiscamus,
1160 3277 1217 3323 ut
1246 3270 1336 3340 qui
1362 3271 1475 3339 jam
1505 3286 1602 3340 per
1630 3270 1959 3325 consolatio-

373 3372 495 3411 nem
530 3356 931 3426 Scripturarum
960 3374 1113 3427 spem
1129 3358 1411 3423 habemus,
1432 3358 1485 3411 in
1504 3358 1778 3429 loquendo
1800 3359 1961 3412 etiam

374 3443 589 3515 eloquia
616 3444 710 3499 illa
737 3444 952 3499 Domini
983 3453 1131 3501 casta
1160 3454 1406 3501 eructare
1437 3446 1776 3512 aemulemur,
1810 3454 1862 3500 et
1888 3446 1966 3501 sic

373 3533 682 3603 OptatumB.
699 3533 835 3588 Petri
848 3533 1144 3604 apostoliin
1161 3534 1320 3588 nobis
1342 3534 1679 3604 compleatur
1703 3534 1928 3589 dicentis
1950 3548 1962 3585 :

372 3620 432 3675 Si
461 3623 584 3691 qui:
620 3623 885 3692 loquitur,
910 3622 1069 3693 quasi
1100 3638 1385 3678 sermones
1436 3622 1535 3677 Dei
1567 3622 1616 3687 (Ι
1659 3624 1813 3676 Petr.
1864 3621 1963 3689 iv).

445 3707 669 3776 Quarto,
716 3709 872 3778 plura
921 3709 1149 3779 reperiri
1192 3710 1245 3762 in
1294 3710 1426 3779 ipsis
1477 3708 1967 3763 Consuetudinibus

376 3812 497 3865 quae
544 3812 577 3850 a
618 3796 746 3850 solis
796 3797 1147 3865 ,Carthusiani
1195 3798 1457 3867 propositi
1523 3797 1966 3851 observatoribus

372 3892 600 3954 possunt
629 3884 765 3938 bene
794 3884 1038 3956 intelligi,
1056 3899 1179 3940 cum
1210 3885 1389 3940 verbis
1417 3886 1548 3939 satis
1569 3885 1814 3939 barbaris
1830 3900 1965 3939 non-

375 3987 649 4042 nunquam
682 3972 787 4026 sint
817 3988 1093 4043 expressa,
1126 3981 1196 4039 et,
1229 3981 1285 4027 ut
1333 3990 1501 4044 supra
1547 3973 1800 4039 diximus,
1855 3990 1965 4028 non

2056 1690 2234 1741 Bruno
2283 1688 2352 1741 ad
2410 1704 2646 1741 eremum
2697 1686 2998 1741 Carthusise
3046 1694 3267 1741 venerat
3313 1703 3435 1741 cum
3485 1687 3646 1742 sociis

2059 1791 2201 1829 anno
2230 1776 2444 1829 circiter
2474 1778 2629 1839 1084,
2664 1783 2716 1829 et
2747 1790 2781 1829 a
2808 1775 2893 1828 die
2924 1775 3005 1828 sui
3053 1775 3309 1828 adventus
3358 1791 3529 1846 usque
3577 1776 3646 1829 ad

2059 1863 2175 1931 ejus
2203 1863 2407 1917 obitum
2441 1861 2757 1916 eﬂluxerunt
2791 1866 2856 1916 17
2883 1863 3028 1916 anni.
3062 1864 3264 1917 Decem
3296 1862 3513 1933 quidem
3544 1878 3645 1917 an-

2057 1952 2142 2005 nis
2171 1950 2385 2020 praefuit
2411 1951 2467 2002 in
2486 1951 2648 2004 domo
2680 1950 2973 2004 Carthusiaa
3022 1951 3081 2002 B.
3130 1950 3457 2015 Lauduinus,
3507 1967 3645 2004 unus

2057 2054 2087 2091 e
2118 2038 2311 2101 sociis;
2344 2039 2442 2092 sed
2474 2038 2529 2093 S.
2564 2040 2743 2093 Bruno
2778 2037 2833 2090 in
2861 2037 3114 2091 Calabria
3144 2037 3370 2108 degens,
3396 2038 3571 2093 adhuc
3594 2038 3649 2091 in

2057 2126 2195 2181 vivis
2227 2134 2361 2190 erat,
2396 2126 2691 2196 supervixit
2719 2125 2863 2180 enim
2890 2126 2949 2179 B.
2984 2125 3282 2190 Lauduino,
3315 2125 3456 2179 inter
3499 2141 3645 2181 mar-

2060 2223 2207 2286 tyres
2237 2215 2430 2269 merito
2462 2215 2802 2278 collocando,
2835 2214 3048 2285 integro
3078 2229 3221 2269 anno
3251 2222 3305 2268 et
3347 2219 3411 2268 19
3431 2214 3643 2268 diebus.

2130 2303 2227 2357 Cui
2257 2304 2316 2356 B.
2352 2303 2633 2356 Lauduino
2664 2302 2927 2357 successit
2955 2304 3020 2357 R.
3058 2304 3212 2357 Pater
3255 2304 3442 2357 Petrus
3474 2304 3646 2357 Fran-

2060 2407 2175 2455 cus,
2206 2399 2258 2445 et
2288 2391 2334 2444 is
2362 2390 2518 2444 annis
2548 2398 2753 2443 tantum
2780 2390 2991 2444 duobus
3019 2389 3233 2459 praefuit
3266 2408 3278 2443 :
3311 2390 3469 2461 eique
3516 2407 3647 2445 suc-

2059 2480 2221 2534 cessit
2252 2480 2314 2533 R.
2341 2480 2398 2532 P.
2434 2479 2505 2532 D.
2534 2478 2772 2532 Joannes
2802 2478 3027 2547 primus,
3055 2478 3146 2548 qui
3177 2478 3241 2531 R.
3265 2479 3321 2531 P.
3343 2478 3647 2550 Guigonem

2058 2567 2321 2621 Ecclesiae
2353 2566 2869 2635 Gratianopolitanae
2900 2566 3161 2620 decanum
3194 2566 3393 2636 recepit
3424 2566 3478 2618 in
3509 2567 3653 2620 ordi-

2060 2672 2148 2723 ne,
2181 2655 2275 2708 ubi
2303 2662 2509 2708 tantum
2538 2653 2785 2723 profecit,
2828 2661 2884 2707 ut
2930 2661 3054 2723 post
3106 2662 3216 2708 tres
3274 2662 3365 2707 aut
3421 2661 3649 2724 quatuor
3744 2661 3761 2677 '

2061 2758 2233 2796 annos
2264 2743 2319 2795 in
2346 2742 2583 2811 priorem
2615 2742 2935 2806 Carthusiee,
2969 2758 3109 2796 anno
3138 2740 3388 2798 videlicet
3414 2745 3483 2797 26
3512 2742 3653 2796 ordi-

2061 2831 2144 2884 nis
2174 2830 2305 2895 nati,
2340 2831 2544 2884 electus
2576 2830 2670 2883 sit.

2132 2918 2226 2971 His
2258 2933 2389 2987 ergo
2418 2921 2486 2973 26
2516 2917 2672 2971 annis
2703 2917 2748 2970 si
2789 2921 2852 2970 18
2895 2926 2984 2971 aut
3016 2921 3080 2971 19
3128 2917 3418 2985 addantur,
3476 2916 3650 2971 donec

2063 3005 2212 3076 prior
2241 3005 2479 3059 existens
2526 3004 2801 3074 scripserit
2840 3004 3270 3059 Consuetudines
3312 3004 3460 3069 istas,
3512 3019 3653 3059 anno

2064 3094 2131 3147 44
2160 3101 2250 3146 aut
2284 3094 2348 3147 45
2378 3100 2501 3163 post
2542 3092 2788 3147 ordinem
2839 3100 3040 3156 natum,
3093 3099 3151 3146 ut
3191 3106 3353 3162 supra
3399 3091 3652 3159 diximus,

2064 3180 2158 3236 eas
2190 3182 2420 3251 scriptas
2452 3180 2620 3235 fuisse
2649 3180 2936 3236 constabit.
2969 3181 3051 3233 Ex
3091 3180 3177 3233 his
3223 3179 3385 3234 etiam
3429 3188 3656 3249 apparet

2063 3272 2126 3325 R.
2161 3271 2377 3324 Patrem
2405 3269 2710 3339 Guigonem
2740 3267 2957 3323 venisse
3004 3268 3075 3321 ad
3122 3268 3370 3322 ordinem
3414 3268 3651 3338 quinque

2062 3365 2151 3411 aut
2180 3374 2274 3412 sex
2305 3364 2512 3411 tantum
2541 3357 2695 3410 annis
2725 3364 2848 3426 post
2885 3364 3115 3410 mortem
3156 3355 3211 3409 S.
3264 3355 3554 3422 Brunonis,
3604 3363 3657 3410 et

2066 3453 2175 3500 tum
2206 3462 2303 3515 per
2329 3460 2517 3515 opera,
2552 3452 2664 3497 tum
2692 3460 2793 3514 per
2823 3444 3007 3511 verba,
3032 3444 3099 3498 ab
3121 3444 3239 3512 ejus
3259 3443 3540 3513 discipulis
3561 3443 3653 3514 qui

2067 3534 2230 3587 etiam
2258 3550 2379 3589 eum
2431 3534 2487 3588 S.
2531 3533 2834 3586 institutore
2880 3531 3126 3587 vixerant
3173 3548 3234 3586 ea
3281 3531 3465 3586 omnia
3510 3532 3656 3586 didi-

2067 3622 2229 3687 cisse,
2262 3638 2383 3691 qua":
2410 3621 2465 3674 in
2492 3621 2610 3675 istis
2641 3620 2856 3690 scriptis
2887 3620 3378 3674 Consuetudinibus
3421 3619 3656 3689 posteris

2068 3710 2305 3780 reliquit,
2340 3726 2461 3780 qua:
2493 3709 2957 3763 Consuetudinum
2985 3724 3181 3763 nomen
3212 3724 3320 3762 non
3373 3723 3658 3762 mereren-

2068 3807 2171 3863 tur,
2207 3797 2309 3851 nisi
2338 3813 2369 3851 a
2400 3797 2647 3867 pluribus
2671 3798 2781 3865 jam
2812 3796 2966 3850 annis
3013 3797 3254 3850 instituta
3302 3796 3549 3862 fuissent,
3605 3804 3657 3850 et

2066 3885 2310 3940 moribus
2339 3886 2600 3939 utentium
2629 3885 2924 3955 approbata
2953 3892 3005 3939 et
3033 3883 3366 3939 conﬁrmata.
3393 3884 3486 3938 His
3507 3900 3652 3954 pra:-

2067 3974 2263 4028 notatis
2295 3990 2437 4028 nunc
2469 3974 2539 4027 ad
2569 3990 2685 4027 rem
2714 3973 3015 4028 veniamus.

1290 4278 1884 4365 PROLOGUS
1953 4281 2060 4363 D.
2166 4277 2728 4363 GUIGONIS.

745 4433 963 4514 Incipit
1018 4437 1329 4519 Prologus
1385 4439 1921 4503 Consuetudinum
1980 4437 2213 4498 domini
2256 4435 2562 4514 Guigonis
2600 4436 2826 4513 prioris
2874 4433 3241 4497 Carthusiae.

452 4741 499 4792 l.
535 4737 737 4793 Amicis
768 4745 819 4790 et
846 4734 1101 4790 fratribus
1131 4736 1184 4789 in
1214 4734 1426 4790 Christo
1456 4730 1842 4795 dilectissimis,
1879 4731 2183 4784 Bsnmnno
2213 4730 2518 4795 Portarum,
2553 4727 2858 4781 Hunnsnro
2889 4725 2945 4780 S.
2978 4723 3211 4794 Sulpitii,
3264 4724 3473 4779 MILONI
3504 4722 3669 4790 Majo-

378 4836 506 4893 raavi
536 4834 805 4906 prioribus
835 4842 887 4888 et
914 4833 1180 4888 universis
1211 4831 1301 4902 qui
1329 4846 1451 4885 cum
1483 4829 1562 4884 eis
1592 4830 1707 4882 Deo
1739 4827 1976 4882 serviunt
2008 4826 2280 4891 fratribus,
2314 4822 2615 4879 Carthusiae
2652 4821 2803 4891 prior
2845 4827 3068 4875 vocatus
3118 4819 3303 4874 GUIGO
3326 4826 3385 4872 et
3428 4816 3523 4887 qui
3570 4832 3665 4871 se-

378 4950 502 4990 cum
532 4942 654 4987 sunt
683 4932 896 4999 fratres,
930 4938 1247 5003 perpetuam
1276 4929 1333 4981 in
1361 4926 1593 4983 Domino
1624 4926 1870 4980 salutem.

446 5036 500 5087 2.
535 5030 845 5085 Charissimi
873 5045 937 5084 ac
964 5026 1403 5084 reverendissimi
1433 5025 1591 5079 nobis
1622 5024 1788 5079 Patris
1818 5024 2064 5095 Ilugonis
2094 5019 2576 5090 Gratianopolitani
2607 5017 2868 5090 episcopi,
2912 5017 3063 5085 cujus
3115 5013 3378 5070 voluntati
3419 5011 3673 5066 resistere

378 5128 460 5183 fas
489 5143 598 5182 non
629 5127 910 5192 habemus,
938 5124 1105 5195 jussis
1135 5132 1187 5179 et
1215 5123 1431 5177 monitis
1462 5121 1918 5192 obtemperantes,
1954 5121 2097 5191 quod
2130 5126 2311 5175 vestra
2337 5132 2446 5171 non
2474 5116 2643 5171 semel
2681 5114 2898 5170 dilectio
2940 5111 3253 5185 postulavit,
3301 5107 3667 5165 Consuetudi-

1742 5260 2329 5316 COMMENTARIUM.

458 5399 773 5452 Pnor.oc.—
793 5393 934 5447 Num
949 5396 1003 5449 2.
1024 5389 1469 5448 Consuetudines
1491 5389 1685 5444 domus
1703 5392 1977 5443 nostris...

2074 5392 2192 5440 vata
2222 5392 2335 5437 tum
2365 5383 2434 5436 ab
2462 5382 2555 5436 illo
2583 5389 2697 5435 tum
2741 5395 2772 5434 a
2816 5378 2979 5434 sociis
3025 5378 3082 5432 in
3131 5377 3293 5431 domo
3342 5390 3440 5429 seu
3487 5372 3666 5443 potius

388 5490 470 5546 Ea
500 5500 619 5560 quae
650 5499 681 5539 θ.
710 5483 766 5537 8.
800 5483 951 5536 Patre
983 5482 1234 5535 Brunone
1262 5478 1500 5534 instituta
1543 5485 1714 5543 erant,
1765 5484 1817 5531 et
1866 5490 1985 5531 ser-
2078 5472 2386 5531 eremitorio
2417 5469 2728 5537 Carthusiae,
2762 5484 2791 5522 a
2823 5465 3232 5523 successoribus
3262 5463 3480 5518 illorum
3520 5460 3669 5515 ﬁdeli
