3978 6050
258 209 363 263 63³7

1597 201 2201 267 CONSUETUDINES.

3432 206 3534 261 638

253 344 353 384 nes
373 329 566 385 domus
586 337 788 384 nostra
817 330 1048 400 scriptas
1072 332 1348 387 memoria
1372 333 1637 388 mandare
1684 333 1988 389 curavimus
2035 332 2133 403 (al.
2184 330 2477 402 curamus].
2525 332 2571 385 A
2597 345 2703 401 quo
2756 328 2975 401 negotio
3022 326 3447 393 rationabilibus,
3480 336 3538 382 ut

248 433 516 495 putamus,
552 426 619 481 de
649 426 828 481 causis
853 427 945 481 diu
980 416 1455 497 dissimulavimus,
1490 429 1738 484 videlicet
1769 430 1898 501 quia
1943 430 2027 484 vel
2074 431 2128 483 in
2160 430 2403 500 epistolis
2434 430 2492 483 B.
2528 427 2859 497 Hieronymi,
2894 427 2980 482 vel
3033 427 3087 480 in
3142 427 3346 497 Regula
3391 426 3532 480 beati

244 522 518 577 Benedicti
548 539 645 577 seu
674 523 731 577 in
762 523 971 579 cateris
992 524 1285 595 Scripturis
1316 526 1413 597 [al.
1448 526 1659 581 caeteris
1689 525 1860 597 libris]
1891 527 2231 591 authenticis,
2256 526 2434 581 omnia
2463 542 2603 596 pene
2635 542 2757 596 qua
2786 524 2874 580 hic
2908 524 3167 596 religiose
3196 540 3358 594 agere
3388 538 3524 578 con-

246 618 523 672 suevimus
553 619 816 674 contineri
845 620 1223 675 credebamus.
1258 623 1322 676 Et
1351 637 1469 687 nos,
1496 623 1585 693 qui
1616 622 1723 677 tale
1760 622 1960 693 aliquid
1990 621 2167 677 facere
2213 638 2499 693 possemus
2543 621 2629 676 vel
2673 620 3015 704 deberemus,
3059 619 3255 690 dignos
3310 618 3531 673 minime

248 714 594 783 putabamus.

315 815 365 865 3.
399 812 515 866 Huc
544 809 838 865 accedebat
859 810 986 880 quia
1014 809 1202 864 doceri
1234 810 1410 881 magis
1427 826 1587 881 quam
1610 812 1809 866 docere
1839 810 1908 865 ad
1942 810 2255 865 humilitatis
2286 818 2483 866 nostra
2511 811 2846 881 propositum
2874 811 3149 881 pertinere
3180 828 3520 882 noveramus,

245 907 514 978 tutiusque
536 923 658 961 esse
685 906 862 961 aliena
887 906 1067 976 potius
1095 907 1236 961 bona
1265 923 1428 978 quam
1465 924 1563 962 sua
1595 908 1913 978 praedicare,
1955 907 2226 976 Scriptura
2255 906 2467 961 dicente
2504 922 2514 959 :
2554 906 2766 962 Laudet
2822 911 2875 960 te
2913 908 3157 973 alienus,
3209 911 3263 961 et
3311 924 3424 964 non
3472 924 3530 963 os

247 1006 449 1067 tuum;
483 1005 813 1065 extraneas,
871 1005 927 1056 et
994 1019 1107 1056 non
1157 1003 1304 1057 labia
1363 1006 1460 1058 tua
1496 1002 1679 1072 (Prov.
1732 1018 1915 1071 xxvn,
1964 1002 2047 1070 ‘2).

2107 1002 2339 1056 Domino
2396 1017 2609 1073 quoque
2652 1002 2707 1055 in
2764 1002 3066 1072 Evangelio
3123 1002 3520 1073 pracipiente:

256 1098 440 1152 Videte
486 1114 559 1152 ne
577 1098 871 1167 justitiam
900 1103 1143 1155 vestram
1170 1101 1401 1170 faciatis
1430 1116 1620 1155 coram
1653 1099 1987 1165 hominibus,
2008 1104 2073 1156 ut
2093 1098 2401 1154 videamini
2429 1100 2494 1153 ab
2515 1099 2593 1153 eis
2624 1098 2839 1168 (Matth.
2875 1114 2951 1168 vr,
2985 1100 3062 1168 1).

1588 1325 2169 1382 COMMENTARIUM.

235 1535 317 1582 ter
346 1527 808 1583 custodiebantur.
844 1529 948 1583 Pro
979 1528 1190 1583 statutis
1220 1528 1326 1583 illis
1355 1537 1510 1584 erant
1542 1536 1667 1585 tunc
1691 1530 1825 1584 cha-
1848 1534 1900 1592 Α
1930 1545 2131 1584 annum
2165 1532 2319 1595 1509,
2354 1545 2553 1585 nomen
2605 1532 2811 1586 statuti
2832 1529 2995 1584 etiam
3024 1531 3518 1586 Consuetudinibus

231 1614 365 1668 ritas
394 1624 447 1669 et
475 1617 667 1686 pietas,
703 1632 927 1686 quarum
956 1616 1192 1686 impulsu
1232 1633 1297 1671 ea
1344 1633 1462 1688 qua
1519 1633 1548 1670 a
1580 1618 1827 1673 Patribus

234 1703 431 1757 tradita
475 1712 631 1759 erant
678 1712 730 1759 et
780 1705 1159 1759 commendata
1220 1721 1384 1774 opere
1455 1704 1827 1774 complebant;

232 1791 369 1846 nihil
396 1799 521 1847 tunc
552 1792 620 1846 de
650 1805 749 1845 sua
794 1792 1135 1847 observantia
1182 1792 1394 1861 scriptis
1415 1792 1821 1859 mandaverant,

228 1879 359 1950 quia
384 1879 559 1934 adhuc
587 1879 804 1934 illorum
833 1879 1172 1949 propositum
1216 1880 1361 1935 velut
1407 1880 1460 1932 in
1493 1879 1644 1933 cunis
1667 1887 1822 1945 erat;

224 1975 279 2022 et
310 1967 663 2022 observantia
709 1966 932 2034 ordinis,
996 1967 1161 2022 veluti
1194 1968 1292 2021 sub
1329 1967 1527 2022 incude
1554 1975 1607 2021 et
1653 1983 1821 2037 expe-

221 2054 432 2109 rientiae
462 2054 654 2109 malleo
682 2056 857 2110 adhuc
883 2056 1263 2110 versabantur.
1295 2055 1412 2109 Vile
1442 2071 1598 2109 suum
1615 2070 1821 2124 pr0po-

221 2142 402 2208 situm,
434 2150 488 2196 ut
518 2142 643 2196 alibi
670 2142 909 2213 loquitur
936 2143 1210 2212 piissimus
1240 2142 1488 2212 scriptor,
1535 2158 1645 2197 non
1693 2158 1821 2196 con-

221 2229 534 2284 siderabant
562 2230 725 2285 veluti
780 2229 983 2285 fontem
1029 2231 1176 2285 illum
1232 2230 1536 2300 parvulum,
1570 2230 1661 2301 qui
1692 2247 1818 2286 cre-

220 2334 379 2373 scere
406 2318 643 2373 debebat
669 2318 725 2371 in
754 2318 1005 2385 ﬂuvium;
1037 2318 1146 2373 imo
1176 2335 1274 2373 nec
1305 2319 1404 2373 hac
1451 2318 1519 2373 de
1571 2335 1631 2373 re
1662 2320 1817 2389 cogi-

222 2406 431 2459 tabant.
467 2405 630 2460 Filios
658 2406 876 2461 Rechab
919 2405 1284 2473 imitabantur,
1332 2406 1527 2477 quibus
1557 2422 1658 2477 pro
1696 2407 1819 2479 lege

223 2501 276 2548 et
306 2493 515 2547 statutis
543 2503 694 2548 erant
738 2509 803 2549 ea
829 2510 949 2565 qua
1004 2510 1034 2548 a
1090 2502 1237 2563 patre
1295 2494 1397 2548 sibi
1443 2496 1818 2549 commendata

220 2580 431 2635 fuerant
461 2589 513 2635 et
542 2582 736 2635 tradita
769 2602 782 2648 ;
818 2590 870 2636 et
900 2590 1023 2636 tunc
1054 2582 1352 2636 institutum
1410 2582 1811 2648 Carthusiense,

222 2669 371 2739 quod
400 2670 598 2741 ubique
628 2670 745 2725 solo
769 2672 1047 2743 propositi
1063 2670 1280 2725 nomine
1294 2670 1525 2740 scriptor
1540 2671 1811 2739 exprimit,

218 2757 333 2811 sola
365 2757 653 2812 traditione
682 2759 984 2813 constabat.

1927 1617 2193 1687 Guigonis
2222 1618 2276 1671 in
2305 1619 2479 1688 capite
2510 1618 2832 1691 paginarum
2861 1618 3019 1672 fuerit
3047 1618 3349 1688 prafixum,
3382 1619 3522 1674 sicut

1926 1713 1977 1759 et
2008 1705 2213 1759 statutis
2242 1706 2492 1776 antiquis,
2529 1723 2647 1776 qua
2678 1722 2743 1760 ex
2787 1706 3034 1776 professo
3064 1707 3359 1776 composita
3398 1706 3520 1761 fue-

1926 1802 2059 1857 rant,
2113 1802 2169 1845 ut
2219 1809 2348 1848 vere
2379 1802 2563 1847 essent
2600 1794 3011 1848 constitutiones
3041 1794 3155 1848 sive
3198 1801 3393 1848 statuta
3422 1810 3519 1848 or-

1923 1880 2065 1933 dinis
2093 1881 2337 1950 quamvis
2367 1882 2422 1934 in
2459 1881 2612 1936 titulo
2641 1897 2838 1936 nomen
2884 1881 3043 1936 etiam
3091 1882 3517 1937 consuetudinis

1922 1968 2098 2022 adhuc
2128 1968 2360 2039 legatur.

1992 2056 2129 2110 Ibid.
2186 2057 2435 2127 Scriptus
2487 2059 2774 2112 memoriae
2814 2057 3112 2112 mandare.
3170 2056 3230 2110 Id
3260 2064 3343 2111 est
3371 2057 3513 2113 scri-

1920 2144 2100 2198 bendo
2128 2144 2421 2213 cognitioni
2451 2145 2725 2198 hominum
2774 2151 2827 2199 et
2872 2144 3198 2214 posteritatis
3240 2144 3518 2200 memoria

1920 2232 2215 2287 servandas
2262 2232 2607 2301 exposuimus
2661 2242 2714 2286 et
2770 2232 3108 2286 tradidimus.
3168 2232 3387 2287 Phrasis
3436 2241 3518 2287 est

1919 2320 2240 2385 monastica,
2276 2320 2453 2390 captui
2484 2328 2535 2374 et
2583 2320 2741 2374 modo
2771 2320 3027 2391 loquendi
3084 2328 3209 2374 tunc
3256 2320 3515 2390 temporis

1920 2408 2115 2462 usitato
2166 2408 2344 2478 potius
2387 2408 2794 2463 accommodata
2824 2424 2986 2478 quam
3016 2408 3222 2480 regulis
3251 2424 3403 2479 pura
3433 2408 3516 2462 la-

1920 2495 2160 2549 tinitatis.
2196 2495 2353 2564 Quod
2387 2497 2469 2550 hic
2502 2496 2670 2551 semel
2696 2504 2931 2550 notatum
2971 2497 3039 2550 sit
3084 2513 3183 2567 pro
3230 2496 3509 2563 omnibus;

1918 2598 2045 2637 nam
2073 2584 2129 2637 in
2160 2584 2432 2654 plerisque
2462 2584 2595 2639 locis
2626 2584 2891 2638 similibus
2926 2585 3220 2655 phrasibus
3250 2592 3301 2640 et
3329 2585 3510 2641 verbis
3592 2592 3599 2599 '

1918 2680 2137 2727 sanctus
2168 2671 2251 2726 vir
2275 2672 2457 2725 utitur.

1988 2760 2123 2814 Ibid.
2152 2759 2291 2825 Quia
2312 2761 2397 2815 vel
2424 2761 2485 2815 in
2514 2761 2765 2832 epistolis
2787 2762 2845 2814 B.
2880 2762 3272 2833 Hieronymi...
3312 2762 3516 2817 Omnia

290 2846 369 2898 De
399 2845 877 2900 consuetudinibus
908 2861 1042 2917 ergo
1085 2861 1115 2898 a
1164 2845 1228 2899 R.
1276 2847 1334 2900 P.
1379 2845 1629 2917 Guigone
1671 2847 1813 2902 scri-
1836 2878 1886 2937 B
1912 2863 2056 2918 pene
2078 2863 2198 2919 qua:
2229 2846 2319 2901 hic
2358 2848 2613 2917 religiose
2636 2864 2799 2917 agere
2820 2850 3206 2904 consuevimus
3228 2851 3516 2904 contineri

225 2932 417 2985 bendis
447 2932 534 2988 hic
563 2933 766 3004 agitur,
798 2948 905 2987 non
951 2933 1169 3002 proprie
1200 2933 1268 2987 de
1311 2934 1539 2987 statutis.
1575 2935 1682 2988 Cur
1711 2950 1813 2989 au-

222 3024 329 3070 tem
360 3018 413 3070 in
442 3018 707 3089 capitibus
738 3020 1059 3090 paginarum
1105 3020 1227 3073 libri
1274 3021 1415 3090 typis
1456 3022 1691 3075 mandati
1720 3023 1816 3076 ha-

223 3103 382 3158 betur
404 3107 635 3162 Statuta
671 3108 930 3178 Guigonis
947 3112 969 3162 ?
984 3107 1183 3178 Accipe
1206 3108 1491 3162 rationem.
1527 3109 1658 3163 Cum
1680 3110 1814 3164 ordo

213 3192 328 3260 jam
366 3195 630 3250 crevisset
676 3203 726 3250 et
755 3195 1128 3250 necessarium
1160 3196 1332 3250 visum
1376 3195 1567 3251 fuisset
1623 3204 1814 3251 statuta

214 3282 454 3340 condere
494 3283 687 3354 quibus
718 3290 831 3337 tum
861 3283 1044 3353 politia
1077 3291 1316 3351 externa,
1357 3292 1469 3338 tum
1514 3284 1814 3355 disciplina

213 3371 488 3443 regularis
538 3370 730 3435 forma,
763 3378 871 3425 tum
906 3372 1268 3427 observantia
1299 3373 1669 3427 Carthusiana
1716 3389 1811 3427 seu

214 3458 543 3515 austeritatis
573 3467 625 3513 et
655 3459 911 3513 solitaria
957 3459 1081 3514 vita
1110 3460 1267 3527 ratio,
1305 3468 1417 3514 tum
1465 3461 1683 3515 demum
1732 3461 1813 3513 in-

211 3548 385 3602 stituti
425 3547 760 3601 Carthusiani
815 3563 971 3601 mens
1016 3548 1451 3617 exprimerentur
1504 3556 1557 3603 et
1599 3548 1811 3618 scriptis

206 3635 616 3701 mandarentur,
668 3650 732 3690 ac
762 3651 858 3705 per
886 3635 1108 3689 modum
1137 3636 1331 3705 legalis
1372 3636 1598 3691 instituti
1632 3636 1810 3690 omni-

212 3724 314 3777 bus
343 3722 610 3777 servanda
640 3722 983 3791 traderentur
1017 3740 1030 3777 :
1066 3724 1130 3778 R.
1165 3724 1222 3777 P.
1256 3725 1321 3778 D.
1356 3723 1604 3779 Rifferius
1634 3724 1811 3794 prima

205 3810 322 3876 illa,
356 3826 475 3881 qua
503 3811 739 3882 antiqua
778 3825 1053 3879 vocamus,
1090 3819 1290 3865 statuta
1319 3811 1573 3876 condidit,
1606 3812 1663 3864 in
1686 3812 1809 3881 qui-

207 3900 311 3953 bus
348 3914 409 3953 ea
439 3898 623 3952 omnia
671 3898 1006 3968 transcripsit
1050 3915 1168 3969 qua
1207 3898 1262 3951 in
1319 3899 1810 3954 Consuetudinibus

204 3988 270 4041 R.
305 3988 363 4041 Ρ.
399 3986 664 4058 Guigonis
695 3986 979 4051 habentur,
1002 3986 1343 4056 paucissimis
1391 3987 1629 4057 exceptis
1690 4004 1810 4058 qua

206 4091 273 4129 ex
313 4073 564 4144 professo
610 4073 940 4142 notabimus,
973 4082 1029 4128 ut
1064 4074 1314 4129 omnibus
1342 4075 1687 4145 perspicuum
1719 4075 1805 4143 sit,

202 4169 464 4234 quantum
495 4170 740 4217 errarent
767 4162 857 4233 qui
892 4162 1177 4217 occasione
1228 4163 1444 4233 capituli
1490 4165 1566 4219 De
1614 4180 1806 4236 repre-

205 4252 477 4306 hensione
526 4251 692 4321 (quod
751 4258 1002 4320 quartum
1053 4250 1107 4304 in
1138 4250 1377 4305 secunda
1413 4260 1566 4321 parte
1597 4251 1805 4321 primo-

204 4355 328 4391 rum
376 4337 589 4393 illorum
620 4344 936 4393 statutorum
960 4339 1296 4407 numeratur)
1344 4353 1452 4393 non
1509 4340 1805 4394 secundum

202 4443 427 4481 sensum
480 4426 736 4488 auctoris,
790 4426 1066 4494 intellecti,
1134 4426 1403 4482 decidium
1460 4427 1667 4482 ordinis
1734 4428 1802 4481 ab

195 4514 355 4569 initio
378 4515 489 4582 jam
520 4513 770 4570 evenisse
797 4522 1065 4585 putarent.

268 4602 399 4656 Inde
429 4618 563 4673 ergo
585 4602 781 4658 accidit
817 4610 873 4656 ut
898 4603 1044 4673 quod
1090 4602 1411 4672 simpliciter
1454 4604 1798 4659 consuetudo

192 4690 375 4762 primo
404 4691 705 4746 vocabatur
734 4690 836 4745 sub
856 4690 1152 4745 reverendo
1213 4692 1365 4746 Patre
1414 4691 1683 4763 Guigone,
1743 4692 1798 4745 in

197 4779 492 4850 quamdam
516 4779 656 4847 juris
695 4778 934 4849 speciem
967 4778 1169 4833 sensim
1198 4796 1297 4848 per
1326 4795 1505 4834 mores
1535 4781 1793 4834 utentium

195 4867 473 4933 transiret,
500 4867 639 4922 sicut
669 4866 771 4921 fert
798 4867 918 4937 ipsa
939 4866 1350 4922 consuetudinis
1380 4866 1620 4922 definitio
1650 4869 1794 4938 apud

184 4953 528 5024 jurisperitos
588 4972 601 5007 :
658 4954 904 5024 sicutque
956 4954 1250 5009 accedente
1318 4962 1509 5024 postea
1564 4956 1795 5026 quadam

1916 2936 2296 2990 credebamus.
2329 2935 2466 2989 Hinc
2512 2942 2657 3004 patet
2686 2935 2930 2999 libertas,
2982 2951 3087 3006 qua
3131 2936 3186 2990 S.
3218 2938 3400 2991 Bruno
3459 2946 3515 2992 et

1917 3038 2263 3078 successores
2311 3024 2428 3090 ejus
2456 3022 2743 3078 voluerunt
2800 3024 3137 3093 propositum
3195 3033 3247 3078 et
3288 3025 3511 3080 modum

1916 3110 2019 3163 sibi
2050 3110 2265 3165 vivendi
2296 3111 2517 3184 eligere,
2541 3119 2593 3165 et
2622 3126 2969 3181 componere,
3001 3119 3161 3180 prout
3204 3111 3427 3182 spiritus
3458 3120 3510 3167 et

1913 3199 2202 3268 prudentia
2238 3206 2611 3270 suggererent,
2646 3206 2696 3252 et
2728 3214 2836 3252 non
2871 3215 2930 3252 se
2960 3199 3263 3271 astringere
3291 3200 3359 3254 ad
3388 3200 3511 3255 illas

1912 3286 2135 3357 regulas
2167 3303 2261 3340 seu
2291 3286 2697 3341 constitutiones
2727 3285 3027 3356 speciﬁcas,
3081 3303 3201 3358 qua
3255 3287 3310 3341 in
3347 3287 3510 3343 variis

1912 3370 2193 3423 ordinibus
2243 3368 2553 3423 monasticis
2593 3368 2705 3423 sive
2734 3369 2789 3421 in
2822 3368 3043 3423 Oriente
3091 3370 3204 3424 sive
3249 3370 3304 3423 in
3352 3369 3511 3426 Occi-

1913 3457 2072 3511 dente
2105 3457 2460 3525 jamidudum
2490 3455 2699 3510 fuerant
2729 3457 2975 3512 condita.
2999 3457 3147 3510 Nihil
3195 3458 3298 3512 sibi
3345 3458 3510 3528 elegit

1912 3545 1973 3599 S.
2006 3546 2183 3599 Bruno
2210 3561 2307 3615 pro
2337 3545 2553 3600 vivendi
2583 3545 2764 3613 modo,
2798 3545 2942 3615 quod
2971 3560 3080 3599 non
3111 3553 3255 3600 esset
3285 3553 3505 3600 sancto—

1911 3649 2028 3687 rum
2059 3633 2391 3705 Hieronymi,
2425 3633 2700 3688 Benedicti
2747 3641 2798 3687 et
2828 3633 3059 3688 aliorum
3119 3633 3332 3705 scriptis
3384 3633 3502 3687 lau-

1911 3722 2115 3787 datum,
2178 3721 2273 3775 sed
2328 3737 2436 3775 non
2495 3722 2617 3775 ideo
2672 3721 2888 3775 illorum
2940 3721 3146 3793 regulis
3176 3737 3235 3776 se
3264 3720 3506 3789 addixit;

1911 3809 2159 3879 quamvis
2189 3809 2315 3863 inde
2347 3808 2507 3863 veluti
2558 3809 2847 3879 spiritualis
2872 3809 2989 3879 apis
3036 3809 3316 3882 collegerit
3364 3810 3508 3865 unde

1908 3898 2017 3952 mel
2038 3906 2088 3953 et
2119 3913 2299 3953 ceram
2329 3897 2607 3968 propriam
2639 3906 3008 3968 componeret.
3042 3899 3163 3953 Non
3194 3914 3327 3971 ergo
3386 3914 3506 3953 me-

1910 3985 2013 4039 rito
2065 3986 2425 4056 improperari
2464 3993 2642 4056 potest
2680 3986 2762 4041 sui
2806 3986 3032 4041 instituti
3080 3986 3503 4056 professoribus,

1909 4074 2056 4144 quod
2086 4074 2184 4128 has
2214 4075 2297 4129 vel
2345 4075 2467 4129 illas
2500 4084 2809 4130 sanctorum
2840 4075 2953 4129 sive
2984 4074 3224 4142 Antonii,
3257 4076 3370 4131 sive
3400 4076 3506 4131 Cli-

1907 4162 2077 4225 maci,
2128 4162 2242 4217 sive
2287 4162 2581 4227 Benedicti,
2640 4163 2753 4217 sive
2801 4163 3064 4217 Bernardi
3120 4171 3211 4217 aut
3261 4170 3507 4219 veterum

1908 4249 2249 4304 orientalium
2282 4251 2495 4303 Patrum
2526 4250 2767 4304 instituta
2797 4258 2849 4304 et
2898 4266 3093 4320 praxes
3124 4266 3233 4305 non
3275 4267 3505 4322 sequan-

1906 4346 2011 4403 tur,
2046 4338 2168 4408 quia
2189 4337 2271 4391 sui
2300 4337 2565 4407 propositi
2595 4354 2703 4392 non
2735 4346 2877 4404 sunt,
2929 4353 3032 4394 nec
3058 4339 3182 4394 illas
3212 4340 3506 4396 servandas

1904 4426 2008 4480 sibi
2031 4426 2330 4498 elegerunt.

1985 4513 2119 4568 lbid.
2154 4517 2221 4570 Et
2243 4531 2344 4571 nos
2364 4515 2459 4587 qui
2480 4516 2593 4570 tale
2616 4515 2831 4587 aliquid
2851 4532 3161 4587 possemus.
3183 4517 3313 4573 Inde
3343 4517 3503 4572 etiam

1903 4610 2123 4672 apparet
2152 4603 2296 4674 quod
2326 4603 2393 4657 de
2423 4603 2703 4658 condenda
2750 4618 2894 4658 nova
2936 4612 2987 4658 et
3024 4605 3287 4677 singulari
3315 4606 3503 4676 regula

1899 4706 2009 4745 non
2043 4691 2361 4760 cogitarent.
2415 4692 2512 4745 sed
2543 4699 2749 4745 tantum
2780 4691 3007 4746 formam
3059 4693 3348 4763 quamdam
3377 4710 3503 4749 ere-

1898 4781 2091 4834 mitice
2122 4780 2279 4833 simul
2302 4787 2353 4833 et
2380 4781 2705 4836 canobitice
2722 4780 2957 4846 vivendi,
2984 4780 3086 4835 sibi
3116 4781 3248 4851 ipsis
3278 4796 3501 4852 compo—

1897 4884 2033 4922 nere
2064 4876 2453 4938 pr0ponerent.
2489 4869 2652 4937 Cujus
2700 4869 2947 4939 exemplo
2994 4869 3224 4935 attracti,
3270 4870 3499 4924 Bernar-

1897 4956 1999 5009 dus
2030 4957 2307 5009 Portarum
2342 4963 2395 5009 et
2415 4956 2504 5009 alii
2534 4956 2589 5009 in
2610 4957 2847 5029 Prologo
2876 4956 3158 5023 nominati,
3184 4957 3496 5011 sodalitium

190 5041 584 5110 approbatione
617 5042 672 5097 S.
706 5043 771 5094 D.
796 5042 864 5096 N.
890 5042 1192 5097 Innocentii
1212 5058 1366 5113 papa
1384 5044 1429 5096 II
1450 5052 1608 5114 atque
1630 5044 1791 5098 etiam
1894 5044 2105 5113 piorum
2137 5044 2192 5096 in
2233 5044 2376 5097 idem
2408 5060 2582 5113 genus
2640 5045 2761 5100 vita
2818 5045 3243 5112 conjuratorum,
3296 5045 3496 5117 singuli

185 5128 529 5183 ordinatione
561 5129 779 5199 capituli
809 5130 1101 5201 generalis,
1138 5131 1239 5184 sub
1279 5130 1335 5185 S.
1369 5131 1615 5186 Antelmo
1647 5132 1792 5187 circa

185 5231 389 5269 annum
421 5219 553 5270 1143
610 5216 890 5286 celebrati,
951 5218 1042 5271 ubi
1087 5218 1283 5273 dicitur
1339 5220 1641 5274 servandas
1672 5235 1791 5275 esse

178 5306 546 5374 praescriptas
574 5306 1030 5373 consuetudines,
1048 5307 1162 5375 jam
1179 5306 1234 5359 in
1249 5313 1449 5359 statuta
1463 5307 1787 5362 transierant

186 5399 435 5461 tempore
479 5394 758 5448 reverendi
809 5394 980 5447 Patris
1029 5394 1252 5449 Rifferii.
1286 5394 1406 5462 Qua
1462 5393 1667 5448 ratione
1700 5394 1784 5449 fa-

182 5486 337 5535 ctum
366 5487 448 5533 est
474 5488 529 5534 ut
560 5481 692 5536 dum
722 5489 918 5537 statuta
941 5481 1080 5552 typis
1108 5490 1291 5538 essent
1312 5481 1619 5537 mandanda
1640 5482 1784 5539 circa

1892 5131 1995 5184 sibi
2044 5130 2206 5184 etiam
2263 5130 2528 5195 fecerunt,
2553 5139 2606 5185 et
2661 5148 2875 5185 eremos
2921 5130 3025 5184 sibi
3070 5132 3370 5205 elegerunt,
3404 5133 3494 5187 ubi

1892 5219 2202 5273 eremitoria
2248 5226 2686 5280 construxerunt.
2722 5236 2843 5290 qua
2880 5219 3043 5273 hodie
3077 5229 3202 5275 sunt
3233 5222 3502 5293 antiquio-

1889 5323 1977 5361 res
2008 5307 2203 5361 domus
2227 5308 2451 5362 ordinis.

1961 5396 2124 5450 Num.
2157 5399 2214 5449 3.
2254 5396 2394 5463 Quia
2416 5395 2600 5451 doceri
2637 5398 2813 5466 magis
2837 5412 3005 5467 quam
3037 5397 3251 5452 docere.
3283 5398 3340 5450 In
3363 5396 3493 5451 abs-

1885 5484 2103 5539 condito
2150 5484 2306 5539 faciei
2336 5483 2435 5539 Dei
2489 5484 2673 5551 latere,
2707 5484 3177 5541 conversationem
3229 5484 3284 5540 in
3344 5483 3494 5543 caelis
