3944 6062
434 197 536 259 639
856 252 861 255 .
1252 208 1593 265 GUIGONIS
1642 210 1666 264 Ι
1715 210 2121 267 CARTHUSIE
2168 212 2461 269 MAIORIS
2509 212 2786 271 PRIORIS
2825 214 2890 269 V.
3626 216 3737 271 640

498 327 551 378 4.
590 326 793 381 Verum
825 327 951 398 quia
981 337 1249 385 tantorum
1278 332 1532 402 precibus
1562 341 1615 388 et
1636 332 1958 400 auctoritati,
1992 334 2105 390 sive
2144 335 2439 402 dilectioni,
2482 337 2740 393 resistere
2786 352 2894 391 non
2929 336 3214 403 debemus,
3267 338 3413 409 quod
3455 338 3729 393 Dominus

426 421 657 490 dederit,
688 424 882 479 eodem
912 425 1030 496 ipso
1056 429 1295 495 juvante,
1333 430 1610 497 dicamus;
1643 439 1695 485 et
1721 446 1752 484 a
1780 431 2015 503 digniori
2061 440 2235 501 parte,
2282 432 2457 487 oﬂicio
2496 432 2747 488 videlicet
2773 431 2957 487 divino
3001 440 3279 487 sumentes
3325 433 3632 499 exordium,
3667 433 3728 486 in

432 535 539 589 quo
569 536 693 575 cum
721 522 933 577 caeteris
965 524 1265 594 monachis,
1292 526 1539 594 multum,
1576 528 1806 583 maxime
1842 528 1898 581 in
1919 529 2227 584 Psalmodia
2265 529 2522 601 regulari,
2547 529 2851 585 concordes
2872 529 3215 584 inveniamur
3246 529 3344 603 [αι.
3370 528 3730 601 invenimur].

1724 726 2359 824 INCIPIUNT

975 917 2161 1031 CONSUETUDINES
2248 923 2377 1031 D.
2480 920 3191 1034 GUIGONIS.

1716 1105 2108 1161 CAPITULUM
2158 1107 2446 1163 PRIMUM.

1820 1229 1894 1284 De
1925 1229 2100 1298 oﬂicio
2132 1227 2340 1283 divino.

500 1349 548 1399 1.
583 1348 629 1400 Α
656 1346 915 1402 Kalendis
943 1348 1122 1419 itaque
1159 1348 1486 1403 Novembris
1514 1364 1687 1420 usque
1718 1350 1786 1404 ad
1816 1358 2033 1405 octavas
2086 1352 2451 1419 Pentecostes,
2486 1354 2633 1408 omni
2662 1354 2769 1418 die,
2804 1352 3041 1423 exceptis
3088 1352 3381 1408 duodecim
3428 1350 3734 1406 lectionum

432 1440 880 1508 solemnitatibus,
915 1451 1023 1498 tres
1052 1444 1309 1498 lectiones
1340 1460 1460 1499 curn
1493 1445 1667 1499 tribus
1696 1447 2059 1516 responsoriis
2090 1447 2320 1503 dicimus
2346 1468 2359 1516 ;
2392 1449 2523 1503 illud
2553 1450 2905 1504 observantes
2922 1457 2980 1503 ut
3008 1448 3054 1502 si
3083 1456 3209 1503 ante
3250 1450 3491 1519 quintam
3528 1445 3736 1501 feriam

432 1537 675 1605 praedicti
719 1538 922 1593 mensis
978 1540 1234 1595 Kalendae
1272 1541 1620 1611 contigerint,
1670 1542 1725 1595 in
1767 1543 2093 1613 praecedenti
2117 1544 2400 1601 Dominica
2429 1545 2779 1615 responsoria
2809 1553 2863 1599 et
2890 1545 3186 1616 prOphetas
3214 1542 3576 1614 incipiamus;
3630 1557 3736 1597 se-

440 1634 626 1702 quenti
655 1640 706 1688 et
736 1634 993 1705 deinceps
1032 1635 1168 1690 feria
1198 1644 1305 1691 tres
1336 1637 1595 1692 lectiones
1624 1654 1746 1694 cum
1774 1640 2135 1710 responsoriis
2157 1642 2391 1699 delibris
2423 1645 2630 1700 eisdem
2659 1646 2969 1701 recitantes.

503 1732 558 1783 2.
589 1729 682 1782 Sin
728 1739 906 1786 autem
936 1732 1119 1803 quinta
1148 1732 1233 1787 vel
1281 1741 1404 1802 post
1435 1733 1694 1805 quintam,
1729 1736 1980 1807 sequenti
2010 1737 2291 1794 Dominica
2323 1741 2547 1796 eosdem
2584 1744 2877 1814 prophetas
2924 1756 3046 1797 cum
3076 1740 3188 1795 suis
3222 1735 3591 1809 responsoriis
3635 1735 3730 1789 in-

440 1825 699 1879 choemus
729 1845 741 1892 ;
774 1826 983 1882 dierum
1014 1828 1104 1899 qui
1135 1828 1274 1883 inter
1301 1829 1578 1886 Kalendas
1606 1838 1657 1887 et
1686 1831 2024 1887 Dominicam
2071 1842 2215 1899 sunt,
2266 1836 2491 1892 alterum
2535 1853 2655 1893 cum
2698 1838 2872 1892 tribus
2917 1843 3139 1907 propter
3165 1840 3453 1905 martyres,
3495 1831 3735 1886 alterum

439 1936 559 1975 cum
591 1938 694 1977 una
723 1922 955 1981 lectione
985 1925 1369 1997 transigentes.

1824 2014 2218 2071 CAPITULUM
2246 2016 2318 2071 II.

1780 2136 1919 2191 Item
1959 2137 2023 2193 de
2063 2139 2257 2193 eadem
2294 2156 2375 2194 re.

508 2260 558 2310 1.
594 2255 828 2311 Sabbato
858 2258 1048 2329 primm
1078 2260 1343 2314 adventus
1370 2258 1667 2314 Dominica:
1697 2260 1990 2314 cohazrenti
2022 2263 2594 2317 commemorationem
2637 2263 2705 2318 de
2753 2276 2915 2317 cruce
2958 2276 3131 2331 usque
3162 2258 3229 2313 ad
3279 2254 3576 2313 secundam
3605 2262 3738 2324 post

435 2358 653 2407 octavas
699 2354 918 2410 Pascbae
961 2355 1202 2423 Feriam;
1236 2356 1305 2411 de
1358 2364 1547 2411 sancta
1594 2371 1720 2412 vero
1755 2356 1918 2410 Maria
1963 2372 2135 2428 usque
2183 2358 2253 2412 ad
2300 2357 2534 2428 primam
2564 2367 2686 2429 post
2717 2366 2939 2413 octavas
2982 2354 3301 2428 Epiphania:
3346 2352 3493 2406 diem
3548 2350 3731 2405 inter-

442 2450 723 2505 mittimus.

501 2552 555 2604 2.
590 2548 650 2602 In
678 2546 932 2617 prmdicta
963 2545 1241 2601 Dominica
1264 2544 1426 2600 finitis
1456 2544 1743 2600 Ezechiele
1772 2552 1825 2599 et
1873 2545 2160 2600 duodecim
2192 2546 2465 2617 prOphetis
2497 2548 2645 2618 (nam
2698 2546 2979 2602 Danielem
3008 2546 3063 2601 in
3120 2544 3409 2601 refectorio
3466 2544 3737 2616 legimus)

440 2642 636 2697 Isaiam
666 2642 973 2712 incipimus,
1007 2659 1177 2713 usque
1208 2642 1276 2695 ad
1310 2640 1551 2711 vigiliam
1580 2640 1884 2695 Nativitatis
1933 2657 1996 2696 eo
2027 2644 2280 2699 contenti.
2316 2647 2374 2698 In
2421 2659 2529 2715 quo
2559 2653 2670 2700 toto
2708 2644 2878 2715 spatio
2922 2643 3202 2714 capitulis,
3239 2642 3486 2697 versibus
3516 2650 3566 2696 et
3599 2655 3737 2696 ora-

436 2738 676 2793 tionibus
731 2738 799 2793 ad
857 2738 1149 2792 adventum
1191 2737 1581 2808 pertinentibus
1628 2736 1848 2803 utimur,
1887 2739 2073 2793 Gloria
2120 2741 2180 2794 in
2220 2742 2461 2797 excelsis
2492 2758 2664 2812 usque
2705 2742 2773 2796 ad
2812 2741 3046 2813 primam
3074 2740 3130 2796 in
3170 2738 3460 2795 Nativitate
3504 2737 3739 2794 missam

441 2840 701 2890 tacentes.

1786 2924 2367 2989 COMMENTARIUM.
2424 2884 2427 2887 Ι

437 3068 653 3123 semper
679 3065 937 3122 quaerere,
969 3064 1153 3103 amare
1192 3048 1259 3101 ab
1291 3048 1600 3102 hominibus
1630 3048 1825 3103 nesciri
1855 3056 1907 3102 et
1936 3063 2036 3118 pro
2058 3052 2110 3111 Α
2141 3052 2292 3106 cibus
2321 3068 2439 3123 quae
2469 3052 2537 3105 ab
2558 3052 2803 3108 Ecclesia
2833 3052 3184 3124 Lugdunensi
3217 3054 3273 3107 in
3301 3063 3540 3110 nostrum
3573 3070 3741 3109 usum

444 3140 612 3195 nihilo
648 3137 903 3208 reputari,
924 3144 976 3191 et
1007 3136 1268 3206 quidquid
1316 3137 1383 3188 ad
1414 3151 1597 3190 veram
1628 3143 1679 3189 et
1710 3135 2035 3205 profundam

438 3226 795 3282 humilitatem
844 3223 1115 3289 conducit,
1152 3224 1391 3278 omnium
1424 3223 1674 3278 virtutum
1715 3224 1951 3278 radicem
1986 3232 2038 3278 et

438 3314 603 3370 veluti
632 3312 792 3368 fontis
822 3310 1009 3382 gratiae
1039 3312 1136 3365 Dci
1167 3311 1433 3375 canalem,
1467 3311 1801 3365 in'omnibus
1822 3312 2035 3382 ample-

436 3402 527 3467 cti,
560 3403 664 3456 hoc
692 3399 921 3455 instituti
953 3398 1291 3454 Carthusiani
1322 3414 1532 3452 summa
1563 3407 1616 3452 et
1640 3398 1761 3452 finis
1790 3408 1891 3453 est.

436 3489 599 3544 Num.
634 3490 685 3543 4.
743 3490 939 3544 Verum
979 3489 1108 3558 quia
1163 3491 1458 3541 tantorum
1503 3487 1781 3558 precibus.
1813 3486 1913 3541 Hic
1940 3486 2037 3539 ha-

440 3578 539 3632 bes
570 3576 798 3631 formam
829 3582 1025 3630 sanctae
1056 3574 1319 3629 libertatis
1340 3573 1701 3643 adimplendae
1726 3582 1779 3628 et
1797 3574 2037 3628 obstina-

440 3665 600 3720 tionis
648 3664 701 3717 in
731 3680 829 3718 suo
859 3680 1024 3717 sensu
1044 3678 1073 3715 a
1103 3662 1471 3715 Carthusianis
1505 3661 1793 3733 fugiendae,
1822 3669 1873 3715 et
1904 3676 2037 3731 qua-

440 3753 562 3807 liter
591 3751 825 3807 charitas
855 3759 905 3805 et
954 3749 1282 3817 obedientia,
1326 3749 1551 3803 scientia
1598 3756 1650 3802 et
1678 3748 1953 3802 humilitas
1983 3747 2039 3801 in

440 3840 566 3895 vita:
595 3838 849 3893 solitariae
879 3844 1037 3901 statu,
1089 3836 1258 3889 simul
1278 3836 1487 3905 possint
1515 3843 1567 3889 et
1604 3835 1837 3889 debeant
1872 3852 1901 3888 a
1932 3850 2036 3889 no-

442 3927 526 3981 bis
557 3924 900 3988 concordari,
937 3931 988 3977 et
1020 3923 1148 3978 inde
1168 3922 1485 3993 simplicitas
1507 3922 1865 3977 Carthusiana
1893 3939 2037 3977 com-

444 4014 591 4085 poni,
625 4022 677 4067 ut
709 4012 838 4065 nihil
878 4026 1111 4082 unquam
1145 4018 1416 4081 quaeratur
1454 4027 1482 4063 a
1513 4026 1641 4065 vero
1682 4010 2038 4065 Carthusiano

445 4120 510 4158 ex
539 4100 775 4173 propriae
805 4098 1097 4156 voluntatis
1119 4098 1482 4169 instigatione,
1522 4098 1668 4169 quod
1697 4113 1729 4152 a
1754 4098 1877 4154 vitae
1906 4098 2037 4152 abs-

444 4191 675 4246 conditae
726 4196 913 4245 centro
958 4188 1108 4242 illum
1158 4187 1429 4254 retrahat;
1464 4186 1562 4243 sed
1608 4186 1741 4240 nihil
1771 4186 2040 4243 obstinato

444 4279 626 4334 animo
658 4278 917 4348 t'ugiatur,
955 4276 1170 4348 quando
1197 4276 1264 4330 ad
1293 4276 1565 4347 agendum
1593 4282 1683 4330 aut
1708 4274 2039 4345 loquendum

447 4383 511 4421 ex
559 4366 907 4435 Superiorum
932 4364 1133 4433 judicio
1180 4364 1493 4434 impellitur.
1518 4363 1677 4432 Quod
1716 4364 1889 4418 adhuc
1920 4364 2037 4418 evi-

448 4452 664 4507 dentius
692 4453 899 4522 patebit
929 4452 1089 4517 infra,
1122 4452 1212 4505 udi
1244 4452 1310 4506 de
1346 4452 1650 4508 obedientia
1682 4451 2037 4505 Carthusiana

446 4548 633 4613 agetur
644 4581 657 4594 .

516 4628 655 4683 Ibid.
688 4629 752 4681 In
774 4643 1024 4699 quocum
1055 4628 1341 4681 caeteris...
1374 4628 1640 4681 multum.
1673 4626 1795 4679 Non
1829 4625 1955 4679 dicit
1982 4628 2045 4681 in

448 4721 646 4783 totum,
708 4717 829 4787 quia
863 4730 1049 4769 revera
1097 4714 1151 4767 in
1208 4714 1585 4784 componendo
1638 4714 1819 4769 divino
1872 4715 2049 4770 oﬂicio

446 4804 807 4860 Carthusiano
842 4802 977 4857 ritus
1022 4801 1240 4872 quidem
1288 4802 1617 4857 monasticus
1659 4802 1713 4855 in
1757 4803 2043 4859 duodecim

447 4894 695 4963 psalmis,
748 4892 921 4946 tribus
976 4889 1202 4945 canticis
1252 4897 1305 4944 et
1361 4894 1425 4944 12
1476 4890 1798 4946 lectionibus
1842 4899 1894 4946 et
1925 4891 2044 4944 aliis

452 4981 717 5035 similibus
739 4986 1048 5047 assumptus
1079 4985 1180 5042 est,
1214 4978 1311 5033 sed
1341 4994 1447 5033 non
1478 4994 1647 5048 pauca
1681 4979 1837 5033 etiam
1870 4980 1919 5033 ei
1949 4980 2043 5032 ad-

442 5070 626 5138 juncta
657 5066 867 5120 fuerunt
899 5083 963 5119 ex
1002 5065 1191 5119 ritibus
1221 5074 1329 5118 tum
1362 5065 1621 5120 Ecclesiae
1646 5067 2038 5137 Lugdunensis,

448 5165 559 5210 tum
591 5153 1125 5223 GratianOpolitanae,
1163 5154 1215 5206 in
1235 5154 1386 5221 cujus
1412 5153 1633 5208 diazccsi
1666 5154 1768 5208 sita
1792 5162 1873 5209 est
1904 5155 2041 5209 Car-

452 5241 645 5306 thusia,
680 5248 736 5293 ut
761 5241 974 5310 probari
1005 5250 1181 5309 potest
1211 5257 1276 5295 ex
1316 5241 1549 5311 antiquis
1580 5241 1884 5295 Missalibus
1932 5243 2041 5297 Ec-

448 5330 629 5387 clesiaa
650 5327 1185 5398 Gratianopolitanae,
1219 5328 1452 5383 etmodo
1474 5328 1787 5383 celebrandi
1816 5330 2041 5384 missam

450 5428 575 5473 tunc
600 5416 673 5472 ibi
703 5416 917 5481 usitato,
954 5432 1073 5487 quae
1119 5417 1172 5469 in
1211 5416 1410 5471 nostris
1438 5416 1508 5471 ad
1536 5433 1776 5486 unguem
1804 5417 1915 5472 fere
1948 5434 2039 5472 re-

456 5506 700 5562 feruntur
724 5524 738 5571 ;
762 5505 1001 5575 itemque
1031 5520 1095 5558 ex
1127 5506 1397 5560 veteribus
1417 5505 1825 5576 Antiphonariis
1854 5514 1907 5561 et
1924 5523 2039 5576 pre-

2138 3148 2347 3195 constat
2373 3139 2540 3195 fuisse
2571 3148 2929 3211 transumpta.

2208 3264 2339 3318 CAP.
2366 3266 2405 3317 Ι.
2440 3295 2507 3303 -
2528 3265 2871 3336 Capitulum.
2894 3265 3008 3319 Hoc
3029 3265 3274 3332 verbum,
3301 3280 3408 3336 quo
3435 3265 3491 3318 in
3521 3266 3742 3320 statutis

2138 3351 2338 3405 nostris
2392 3351 2664 3407 dictinctio
2706 3352 3059 3407 materiarum
3115 3360 3348 3418 notatur,
3393 3369 3539 3408 nunc
3587 3368 3744 3408 com-

2136 3439 2371 3493 muniter
2400 3455 2497 3509 per
2524 3440 2748 3494 verbum
2772 3438 2953 3511 Caput
2971 3439 3283 3510 exprimitur
3307 3459 3320 3505 ;
3354 3440 3450 3495 sed
3478 3440 3547 3495 ad
3578 3457 3745 3496 reve-

2138 3526 2366 3580 rentiam
2408 3528 2623 3581 Patrum
2660 3528 3005 3598 antiquorum
3035 3528 3140 3583 hoc
3185 3528 3411 3583 verbum
3456 3528 3512 3582 in
3543 3529 3745 3584 ordine

2138 3614 2473 3679 retinuimus,
2508 3615 2644 3671 sicut
2672 3624 2723 3669 et
2747 3616 2847 3668 alia
2880 3615 3107 3669 similia:
3138 3615 3248 3670 imo
3278 3624 3330 3671 et
3359 3616 3552 3671 modos
3570 3633 3738 3686 quos-

2137 3702 2259 3756 dam
2290 3703 2691 3772 pronuntiandi,
2727 3703 2819 3774 qui
2848 3702 3006 3757 etiam
3036 3704 3091 3757 in
3139 3703 3371 3775 antiquis
3400 3703 3613 3757 statutis
3644 3720 3743 3759 ex-

2137 3806 2327 3859 presse
2383 3790 2829 3861 designabantur,
2878 3791 3015 3845 adeo
3072 3806 3290 3861 semper
3346 3791 3488 3862 apud
3547 3806 3651 3847 nos
3680 3792 3743 3846 in

2137 3878 2312 3950 pretio
2340 3878 2523 3932 habita
2556 3886 2637 3933 est
2665 3877 2975 3933 stabilitatis
3014 3886 3066 3933 et
3096 3878 3425 3950 antiquitatis
3456 3894 3737 3935 veneran-

2137 3967 2224 4021 dae
2250 3965 2531 4021 tenacitas.

2208 4055 2367 4108 Num.
2396 4058 2443 4107 1.
2478 4056 2517 4108 Α
2549 4054 2831 4109 Kalendis.
2867 4054 3061 4109 Totum
3110 4054 3212 4108 hoc
3253 4053 3547 4123 capitulum
3577 4070 3744 4125 repe-

2138 4141 2274 4196 ritur
2315 4142 2694 4211 transcriptum
2750 4142 2805 4195 in
2861 4141 3035 4211 prima
3091 4149 3246 4212 parte
3296 4142 3489 4207 Statut,
3542 4143 3741 4214 antiq.,

2138 4246 2255 4301 cap.
2290 4234 2378 4301 2t,
2412 4247 2465 4283 n.
2492 4233 2522 4283 8
2554 4237 2607 4284 et
2636 4234 2688 4295 9,
2731 4238 2781 4284 et
2815 4229 2962 4284 nulla
2991 4238 3072 4285 est
3121 4228 3424 4284 diﬂ‘erentia
3453 4229 3557 4283 nisi
3588 4231 3743 4301 quod

2140 4335 2204 4373 ea
2236 4335 2353 4389 quae
2382 4318 2467 4373 hic
2500 4318 2770 4372 succincte
2802 4318 3073 4383 dicuntur,
3098 4317 3173 4371 ibi
3202 4317 3362 4372 latius
3379 4317 3745 4388 explicantur,

2140 4415 2303 4477 prout
2332 4406 2463 4461 ratio
2505 4406 2911 4463 condendorum
2958 4413 3279 4461 statutorum
3339 4405 3523 4477 exigit.
3589 4407 3746 4463 Idem

2144 4511 2368 4564 prorsus
2401 4494 2690 4548 etiamnum
2722 4510 2753 4546 a
2782 4494 2940 4547 nobis
2971 4494 3307 4549 observatur.

2219 4629 2349 4681 CAP.
2385 4628 2449 4681 Il.
2493 4657 2561 4666 —
2608 4627 2754 4681 Idem
2814 4625 3113 4695 Capitulum
3164 4624 3422 4696 reperitur
3470 4627 3743 4682 transcri-

2152 4724 2322 4787 ptum,
2356 4730 2483 4785 cap.
2522 4718 2575 4780 2,
2608 4730 2625 4768 ι
2655 4723 2789 4784 part.
2822 4714 2991 4786 antiq.
3036 4714 3252 4779 Statut.,
3286 4729 3437 4768 num.
3470 4718 3523 4779 3,
3557 4717 3609 4781 5,
3633 4718 3685 4783 6,
3712 4720 3746 4770 8

2146 4812 2197 4857 et
2230 4808 2280 4857 9.

2215 4893 2377 4947 Num.
2408 4895 2462 4947 2.
2502 4892 2687 4947 Gloria
2708 4892 2771 4945 in
2792 4891 3056 4957 excelsis,
3088 4906 3260 4962 usque
3289 4890 3427 4946 ad...
3462 4895 3742 4947 tacentes.

2144 4981 2223 5034 Ex
2255 4980 2358 5034 hoc
2390 4978 2509 5033 loco
2541 4986 2591 5033 et
2621 4977 2739 5031 aliis
2769 4977 2903 5031 infra
2928 4977 3180 5032 notandis
3215 4978 3437 5048 patebit,
3472 4994 3581 5032 non
3603 4978 3747 5034 bene

2145 5066 2353 5137 Opinari
2383 5082 2478 5121 eos
2496 5066 2586 5137 qui
2617 5073 2805 5137 putant
2827 5065 2969 5136 quod
2991 5065 3118 5119 olim
3141 5064 3195 5118 in
3215 5066 3405 5122 ordine
3425 5082 3551 5120 raro
3572 5065 3748 5119 missa

2145 5171 2176 5209 a
2206 5155 2405 5210 nostris
2453 5153 2851 5209 celebrabatur.
2896 5153 3115 5208 Certum
3146 5161 3231 5207 est
3262 5153 3383 5208 illos
3433 5161 3560 5208 tunc
3618 5161 3745 5206 tan-

2144 5252 2253 5298 tum
2282 5243 2535 5297 habuisse
2590 5258 2753 5295 unum
2802 5242 2988 5310 altare,
3042 5249 3097 5295 et
3155 5257 3282 5295 raro
3332 5242 3468 5307 duo;
3500 5241 3646 5311 quod
3679 5257 3748 5295 ex

2143 5333 2328 5387 charta
2359 5346 2475 5401 cap.
2511 5329 2785 5402 generalis
2815 5329 2940 5383 anni
2971 5330 3110 5385 I250
3140 5329 3419 5400 probatur,
3472 5328 3564 5383 ubi
3605 5328 3750 5384 dici-

2143 5426 2267 5475 tur:
2303 5422 2377 5474 De
2417 5419 2626 5474 duobus
2665 5419 2943 5473 altaribus
3008 5418 3381 5490 suscipiendis
3422 5418 3754 5488 requiratur

2141 5524 2446 5565 consensus
2476 5511 2875 5562 conventuum.
2904 5505 3192 5563 Raritatem
3204 5521 3339 5576 ergo
3354 5505 3517 5560 istam
3548 5519 3657 5560 non
3680 5504 3751 5560 ad
