3944 6062
238 224 336 296 ρμ
1564 211 2174 271 CONSUETUDINES.
3100 164 3107 169 ’
3418 210 3519 265 sta

297 348 350 398 3.
382 343 720 415 Antiphonas
746 345 786 398 0
813 345 1112 415 sapientia,
1146 356 1270 397 cum
1298 340 1417 395 aliis
1446 355 1563 409 sex,
1597 346 1649 394 et
1669 337 1990 408 antiphonas
2019 335 2265 407 proprias
2307 335 2377 389 ad
2423 334 2715 389 matutinas
2765 334 2951 390 laudes
2998 334 3072 389 ita
3118 332 3426 405 incipimus,
3460 339 3519 386 ut

229 439 319 495 die
348 447 473 495 ante
503 440 747 513 vigiliam
774 439 983 495 Natalis
1013 438 1230 494 Domini
1261 436 1536 492 ﬁniantur.

300 538 353 590 4.
387 536 627 609 Singulae
654 537 915 592 adventus
944 535 1244 591 Dominicae
1270 534 1505 606 prOpriis
1533 530 1880 603 responsoris
1909 538 1962 585 et
1989 528 2298 599 antiphonis
2346 527 2413 581 ad
2460 526 2745 581 matutinas
2788 525 2974 581 laudes
3023 525 3370 592 decorantur,
3422 522 3520 579 sed

226 637 283 684 et
310 630 519 686 caeteris
546 631 739 687 diebus
769 647 985 703 semper
1014 631 1085 686 ad
1117 631 1438 702 Magniﬁcat
1464 637 1517 685 et
1546 628 1877 684 Benedictus
1908 626 2231 697 antiphonas
2262 626 2331 679 de
2360 625 2596 680 adventu
2626 622 2881 679 dicimus.

1613 742 2008 798 CAPITULUM
2051 741 2143 794 III.

1578 840 1717 894 Item
1766 838 1917 893 unde
1973 853 2164 909 supra.

304 940 354 992 1.
386 938 450 993 In
478 937 717 993 Sabbato
740 937 1067 1007 jejuniorum
1097 936 1472 1007 temporalium
1503 942 1708 990 sextam
1738 941 1791 989 et
1819 934 2045 990 missam
2074 950 2197 989 cum
2232 933 2488 1005 quinque,
2523 940 2751 1003 excepta
2780 931 3029 1002 epistola,
3081 930 3422 996 lectionibus,
3475 936 3529 985 et

224 1034 428 1089 deinde
456 1049 653 1089 nonam
683 1034 1035 1090 continuatim
1063 1034 1117 1087 in
1147 1032 1381 1089 ecclesia
1410 1040 1734 1098 cantamus;
1778 1032 1923 1086 idem
1969 1031 2025 1083 in
2067 1028 2279 1084 caeteris
2325 1027 2542 1096 jejuniis
2586 1026 2852 1080 similibus
2900 1026 3181 1094 facientes,
3232 1025 3336 1079 nisi
3384 1024 3527 1096 quod

224 1129 285 1183 in
316 1144 505 1184 mense
533 1129 711 1199 primo
738 1136 862 1199 post
889 1143 1092 1184 nonam
1118 1134 1346 1198 propter
1374 1125 1889 1198 Quadragesimam.

298 1230 354 1281 2.
386 1227 446 1280 In
477 1226 709 1281 Sabbato
739 1225 873 1280 infra
902 1232 1124 1281 octavas
1152 1226 1473 1279 Pentecoste
1501 1223 1639 1278 inter
1668 1222 1882 1277 tertiam
1939 1231 1990 1274 et
2020 1227 2246 1284 sextam,
2292 1226 2345 1273 et
2388 1219 2443 1272 in
2492 1234 2681 1273 mense
2732 1218 2962 1288 septimo
3002 1225 3124 1288 post
3173 1225 3380 1272 sextam
3432 1216 3531 1271 mi-

233 1336 357 1377 sam
385 1322 556 1393 ipsam
586 1322 948 1389 celebramus,
979 1337 1181 1377 nonam
1210 1337 1383 1393 usque
1410 1329 1535 1392 post
1563 1320 1942 1376 dormitionem
1971 1319 2025 1374 in
2058 1316 2270 1373 cellulis
2301 1316 2591 1372 dicendam
2620 1312 2951 1369 differentes.

1618 1434 2010 1491 CAPITULUM
2060 1435 2150 1488 IV.

1581 1531 1723 1586 Item
1771 1531 1919 1586 unde
1990 1545 2182 1601 supra.

310 1633 363 1684 1.
398 1631 444 1684 Α
473 1636 664 1701 quarto
693 1629 881 1685 Nonas
899 1628 1142 1683 Januarii
1170 1644 1342 1699 usque
1373 1627 1444 1682 ad
1473 1626 1965 1699 Septuagesimum,
2018 1625 2160 1680 beati
2192 1623 2343 1678 Pauli
2373 1622 2603 1693 apostoli
2634 1621 2905 1692 Epistolas
2936 1620 3194 1692 legimus.

308 1729 364 1781 2.
396 1726 480 1780 Ab
508 1725 676 1780 altera
702 1733 826 1797 post
855 1733 1073 1781 octavas
1101 1724 1421 1795 Epiphaniae
1478 1724 1565 1779 die
1622 1740 1795 1794 usque
1842 1723 1908 1776 ad
1939 1720 2428 1793 Septuagesimam,
2462 1719 2664 1773 ferialia
2695 1717 2924 1773 dicimus
2969 1717 3330 1788 responsoria,
3363 1717 3539 1788 prima

242 1829 368 1893 post
396 1820 543 1892 ipsas
572 1822 855 1877 Dominica
884 1822 1136 1888 Domine,
1163 1838 1234 1877 ne
1264 1822 1327 1875 in
1357 1822 1447 1876 ira
1471 1824 1572 1875 tua
1602 1820 1944 1889 incipientes.

309 1922 362 1975 3.
395 1920 456 1974 In
485 1920 723 1975 Sabbato
753 1919 899 1990 quod
926 1919 1162 1989 primam
1192 1916 1621 1989 Septuagesimaa
1651 1916 1995 1971 Dominicam
2024 1914 2312 1981 antecedit,
2359 1914 2429 1968 ad
2458 1927 2721 1983 vesperas
2774 1918 2983 1966 tantum
3003 1910 3234 1966 dicimus
3265 1911 3534 1978 Alleluia,

236 2013 308 2067 ad
337 2013 555 2068 Missam
586 2011 834 2068 similiter
863 2011 1036 2068 sancti
1067 2011 1283 2067 Sabbati
1313 2010 1609 2082 recepturi.

316 2109 367 2162 4.
398 2108 481 2164 Ab
508 2109 627 2179 ipsa
654 2116 835 2164 autem
873 2108 1154 2164 Dominica
1184 2124 1357 2179 usque
1388 2107 1458 2161 ad
1484 2106 1824 2162 Dominicam
1853 2107 1922 2161 de
1953 2105 2213 2160 Passione
2243 2103 2459 2159 Domini
2487 2103 2821 2173 Heptaticum
2871 2110 2979 2156 tam
3008 2102 3062 2156 in
3104 2101 3337 2157 ecclesia
3376 2117 3541 2172 quam

249 2205 308 2259 in
339 2203 625 2260 refectorio
645 2203 901 2276 legimus,
932 2204 1104 2275 prima
1134 2210 1188 2259 et
1215 2202 1458 2259 secunda
1494 2202 1796 2271 Dominica,
1828 2204 1894 2259 In
1915 2202 2215 2274 principio,
2248 2200 2460 2256 caeteris
2474 2215 2605 2255 vero
2628 2198 2925 2259 Dominicis
2953 2199 3149 2253 usitata
3177 2197 3543 2268 Responsoria

243 2300 622 2356 decantantes.

316 2400 376 2453 5.
414 2398 474 2452 In
502 2396 686 2468 Capite
710 2396 899 2466 jejunii
928 2396 1162 2468 capitula
1203 2404 1468 2452 nocturna
1496 2403 1549 2451 et
1576 2396 1791 2462 diurna,
1839 2403 1893 2450 et
1919 2390 2193 2451 orationes
2239 2401 2509 2448 mutamus
2537 2407 2549 2446 :
2582 2399 2793 2449 sextam
2821 2400 2873 2448 et
2917 2392 3140 2446 missam
3169 2398 3221 2447 et
3250 2405 3452 2447 nonam
3482 2390 3539 2447 in

242 2492 476 2549 ecclesia
503 2499 805 2549 cantamus.

320 2592 373 2644 6.
405 2590 517 2645 Hac
547 2589 635 2644 die
664 2602 854 2645 cruces
882 2588 1227 2660 cooperimus
1256 2587 1312 2642 in
1342 2589 1645 2645 Parasceve
1673 2586 2029 2657 detegendas.

319 2687 374 2741 7.
406 2688 545 2741 Ante
563 2684 747 2740 missae
773 2684 983 2739 initium
1030 2684 1167 2740 cinis
1213 2692 1337 2754 post
1378 2684 1782 2741 confessionem
1819 2681 2091 2738 sacerdoti
2120 2681 2525 2737 benedicendus
2554 2680 2815 2749 offertur,-
2846 2695 2951 2753 quo
2997 2680 3284 2737 benedicto
3315 2688 3368 2736 et
3399 2693 3543 2751 aqua

247 2790 436 2838 sancta
482 2796 755 2853 resperso,
806 2796 998 2835 omnes
1026 2796 1127 2851 per
1174 2779 1423 2835 ordinem
1479 2781 1711 2852 genibus
1754 2787 1879 2834 ante
1916 2779 2299 2849 presbyterum
2342 2778 2496 2833 ﬂexis
2546 2777 2891 2848 participant,
2925 2778 3139 2834 dicente
3167 2778 3287 2848 ipso
3322 2794 3333 2833 :
3371 2780 3542 2834 Reco-

251 2895 486 2951 gnosce,
521 2880 701 2948 homo,
735 2880 867 2950 quia
892 2878 1080 2949 pulvis
1109 2893 1185 2943 es,
1222 2878 1361 2932 etin
1390 2878 1679 2948 pulverem
1706 2877 2038 2943 reverteris;
2060 2875 2269 2931 caeteris
2288 2890 2417 2930 vero
2439 2874 2775 2945 Antiphonas
2795 2874 2928 2929 istas
2945 2874 3297 2930 canentibus:
3322 2872 3546 2928 Exaudi

248 2994 374 3045 nos,
405 2979 675 3046 Domine;
704 2979 887 3033 Juxta
916 2977 1273 3043 vestibulum,
1300 2985 1404 3032 etc.
1438 2975 1649 3043 Quibus
1680 2975 1844 3030 ﬁnitis
1876 2975 2058 3030 subdit
2086 2975 2380 3039 sacerdos;
2413 2975 2686 3031 Dominus
2732 2974 3041 3045 vobiscum,
3074 2982 3126 3029 et
3154 2975 3311 3029 istam
3341 2974 3544 3030 oratio-

248 3090 382 3131 nem
416 3074 658 3130 Concede
689 3073 869 3139 nobis,
901 3073 1168 3139 Domine;
1200 3072 1394 3128 eadem
1413 3072 1551 3126 hora
1569 3071 1782 3126 duobus
1814 3071 2165 3143 sequentibus
2187 3071 2378 3127 diebus
2407 3071 2599 3125 Missas
2626 3070 2876 3126 facimus.

325 3174 378 3226 9.
410 3170 472 3225 Ib
499 3171 603 3226 hoc
624 3168 862 3224 Sabbato
892 3167 1245 3224 Dominicalia
1274 3167 1513 3239 capitula
1536 3176 1810 3223 mutamus
1839 3168 1909 3222 ad
1934 3182 2216 3237 vesperas.

329 3268 417 3321 10.
447 3265 775 3337 Capitulum,
798 3266 1055 3332 Domine,
1086 3266 1356 3321 miserere
1384 3264 1589 3333 nostri,
1624 3262 1679 3318 in
1709 3263 2136 3336 Quadragesima
2185 3270 2239 3318 et
2284 3262 2339 3316 in
2367 3263 2617 3319 Adventu
2646 3263 2853 3320 festivis
2882 3263 3076 3320 diebus
3106 3263 3177 3319 ad
3203 3262 3437 3334 primam
3458 3263 3545 3319 di—

255 3363 451 3420 cimus.

331 3463 422 3513 11.
459 3460 506 3513 Α
535 3457 783 3530 sequenti
813 3456 1053 3513 secunda
1081 3455 1217 3512 feria
1243 3470 1418 3527 usque
1447 3456 1519 3511 ad
1549 3455 1772 3511 Coenam
1801 3456 2019 3512 Domini
2048 3464 2259 3529 septem
2290 3456 2530 3527 psalmos
2558 3472 2684 3514 cum
2710 3457 2894 3513 litania
2940 3465 3063 3530 post
3089 3458 3325 3529 primam
3345 3457 3401 3513 in
3431 3456 3549 3514 cel—

255 3556 384 3612 lulis
402 3554 663 3628 quotidie,
695 3554 935 3627 exceptis
965 3553 1250 3611 duodecim
1274 3553 1566 3610 lectionum
1595 3553 1766 3623 festis,
1799 3555 2147 3611 exsolvimus.

1609 3667 2178 3727 COMMENTARIUM
2185 3712 2197 3725 .

261 3767 650 3827 conventuales
688 3765 905 3833 missas,
938 3765 1036 3822 sed
1064 3764 1134 3820 ad
1163 3764 1406 3835 privatas
1434 3771 1643 3820 tantum
1689 3766 1859 3836 perti-
1879 3777 1935 3837 Α
1962 3774 2047 3821 ter
2076 3766 2253 3823 ofﬁcia
2282 3767 2465 3825 divina
2497 3766 2870 3840 singularibus
2898 3766 3091 3822 diebus
3138 3766 3415 3838 assignate
3456 3781 3549 3821 re-

258 3857 446 3914 nuisse
474 3864 741 3927 putamus,
776 3870 896 3926 quae
938 3869 972 3909 a
1015 3853 1298 3908 monachis
1342 3852 1718 3909 sacerdotibus
1748 3862 1853 3908 sta-
1958 3862 2241 3911 censetur.

261 3946 395 4001 tutis
413 3951 621 3999 tantum
664 3942 858 3998 diebus
888 3941 1317 3997 celebrabantur.
1358 3942 1551 3997 Totum
1583 3956 1715 4011 ergo
1752 3942 1857 3997 hoc
2028 3943 2163 3998 CAP.
2192 3943 2282 3998 IV.
2320 3973 2390 3983 --
2430 3943 2633 3997 Textus
2679 3943 2837 4011 hujus
2883 3941 3106 4013 capituli
3132 3957 3306 4013 usque
3336 3942 3408 3997 ad
3461 3940 3553 3996 illa

260 4031 560 4103 capitulum
583 4029 683 4085 fuit
710 4030 767 4085 in
796 4029 1016 4101 antiqua
1046 4036 1243 4084 statuta
1270 4027 1625 4083 transfusum.
1958 4030 2145 4095 verba,
2176 4031 2475 4086 Sabbatum
2497 4046 2749 4103 sequens,
2775 4037 2900 4095 ctc.,
2932 4030 3001 4086 de
3036 4016 3203 4086 verbo
3223 4030 3293 4085 ad
3324 4030 3555 4085 verbum

1958 4117 2191 4173 refertur
2232 4133 2351 4188 cap.
2403 4122 2435 4172 5
2485 4118 2677 4188 prima;
2731 4117 2897 4189 partis
2949 4117 3121 4189 antiq.
3201 4119 3551 4188 Statutorum,

1957 4208 2142 4271 n.56;
2176 4220 2298 4276 cap.
2347 4207 2401 4271 7,
2442 4222 2498 4259 n.
2532 4209 2596 4273 1;
2643 4221 2761 4276 cap.
2818 4209 2869 4275 9,
2920 4209 3033 4260 n.l
3085 4213 3138 4259 et
3187 4208 3252 4270 2;
3310 4220 3430 4277 cap.
3464 4209 3552 4272 10,

1958 4309 2051 4346 nn.
2088 4296 2139 4360 1,
2163 4296 2215 4356 2,
2244 4297 2274 4347 3
2298 4300 2350 4347 et
2390 4293 2446 4346 4.

334 4172 467 4228 CAP.
498 4171 592 4227 Ill.
611 4201 680 4210 —
699 4171 842 4227 Item
860 4170 1011 4226 unde
1040 4187 1232 4241 supra.
1252 4169 1313 4224 Id
1342 4177 1425 4225 est
1440 4168 1509 4225 de
1520 4167 1713 4225 eadem
1733 4182 1856 4223 ma-

262 4260 417 4325 teria,
451 4258 520 4314 de
554 4257 785 4331 quajam
819 4257 1072 4329 superius
1100 4264 1278 4313 actum
1309 4264 1411 4312 est.

332 4348 533 4403 Textus
561 4346 722 4415 hujus
770 4345 1000 4416 Capituli
1036 4344 1305 4416 reperitur
1324 4344 1393 4398 de
1423 4343 1592 4400 verbo
1622 4343 1693 4399 ad
1731 4359 1856 4399 ver—

263 4434 394 4489 bum
429 4433 630 4490 relatus
659 4447 778 4504 cap.
811 4436 864 4501 3,
897 4448 916 4487 1
952 4440 1096 4504 part.
1128 4432 1295 4503 antiq.
1337 4432 1553 4500 Statut.,
1586 4448 1736 4486 num.
1787 4436 1856 4497 8;

266 4536 389 4592 cap.
423 4524 510 4589 11,
543 4528 752 4591 tpart.,
783 4535 940 4575 num.
980 4523 1078 4587 10,
1112 4534 1239 4590 cap.
1271 4521 1361 4588 19,
1400 4519 1646 4587 ejusdem
1688 4518 1861 4590 partis

2029 4381 2191 4435 Num.
2225 4382 2277 4433 5.
2311 4381 2545 4436 Sextum
2564 4384 2622 4436 et
2640 4380 2877 4435 missam
2906 4384 2961 4435 et
2990 4396 3222 4435 nonam.
3270 4380 3369 4436 Hic
3398 4380 3559 4435 etiam

1962 4468 2031 4523 de
2062 4466 2232 4521 missa
2260 4467 2417 4538 quasi
2446 4467 2695 4522 ordinate
2724 4468 3055 4524 celebranda
3075 4467 3133 4522 ﬁt
3162 4468 3386 4523 mentio.

2033 4556 2194 4610 Num.
2215 4559 2266 4609 8.
2294 4556 2593 4611 Sabbatum
2613 4572 2846 4627 sequens
2869 4558 3043 4612 missa
3061 4561 3237 4613 caret.
3260 4556 3360 4612 Hic
3379 4564 3559 4612 autem

1961 4644 2115 4699 locus
2148 4643 2227 4699 sic
2257 4642 2576 4714 exprimitur
2604 4659 2621 4697 ι
2650 4652 2809 4715 part.,
2834 4659 2952 4715 cap.
2989 4648 3075 4710 11,
3120 4648 3169 4710 1,
3213 4661 3267 4700 n.
3302 4648 3352 4711 1,
3389 4645 3558 4715 antiq.

1964 4730 2154 4787 Statut.
2208 4732 2370 4787 Missa
2400 4732 2626 4803 propria
2666 4736 2847 4799 caret,
2902 4736 2956 4788 et
2980 4736 3254 4788 cantatur
3287 4733 3465 4786 missa
3494 4732 3561 4786 de

1965 4821 2030 4874 Β.
2078 4820 2254 4874 Maria
2281 4820 2344 4873 in
2377 4823 2686 4886 conventu;
2722 4820 2916 4891 quibus
2946 4820 3126 4876 verbis
3154 4835 3347 4874 sensus
3385 4819 3452 4873 R.
3497 4819 3559 4873 Ρ.

1967 4906 2233 4977 Guigonis
2262 4906 2458 4961 clarius
2491 4907 2811 4979 exprimitur
2859 4908 3005 4964 circa
3046 4907 3268 4961 missam
3308 4907 3377 4961 de
3416 4906 3564 4975 jeju-

1966 4994 2076 5060 nio,
2111 5010 2232 5066 quae
2262 4993 2423 5049 etiam
2464 5011 2608 5051 nunc
2662 5004 2822 5052 vacat
2869 4996 2923 5050 in
2970 4995 3171 5050 nostris
3229 4993 3563 5064 Missalibus,

1895 5121 1949 5182 Β
1969 5090 2020 5137 et
2049 5081 2341 5157 celebratio
2369 5082 2552 5139 missa:
2581 5082 2651 5139 de
2672 5083 2834 5139 beata
2872 5083 3037 5138 Maria
3067 5082 3308 5154 Virgine,
3342 5082 3451 5138 diei
3489 5082 3567 5137 illi

1968 5169 2295 5240 assignatur.

268 4624 417 4664 num.
480 4610 535 4674 '7,
596 4615 645 4663 et
674 4623 792 4679 cap.
825 4610 914 4674 27,
954 4623 1105 4663 num.
1142 4610 1195 4662 5.
1249 4609 1325 4663 De
1353 4607 1691 4665 dormitione
1719 4606 1864 4663 idem

269 4694 498 4751 refertur
527 4709 647 4767 cap.
683 4698 749 4751 34
778 4695 1023 4764 ejusdem
1043 4693 1234 4765 partis.

339 4784 532 4838 Totum
560 4798 691 4856 ergo
735 4782 1032 4854 capitulum
1069 4782 1213 4836 istud
1257 4781 1356 4836 fuit
1391 4781 1447 4836 in
1502 4789 1695 4837 statuta
1717 4781 1860 4838 anti-

272 4886 380 4943 qua
426 4870 776 4941 transfusum,
825 4878 877 4926 et
912 4870 1107 4927 eadem
1135 4885 1359 4939 prorsus
1408 4885 1552 4925 nunc
1598 4870 1861 4924 observa-

266 4974 405 5024 mus,
438 4966 662 5029 excepta
700 4958 1022 5014 dormitione
1054 4956 1268 5023 diurna,
1317 4973 1439 5027 quae
1468 4964 1550 5012 est
1578 4957 1860 5029 abrogata.

342 5063 504 5118 Num.
529 5067 580 5118 1.
612 5064 678 5119 In
706 5080 898 5120 mense
909 5064 1114 5135 primo,
1140 5070 1242 5118 etc.
1276 5062 1414 5118 Hinc
1442 5061 1703 5133 probatur
1720 5062 1865 5133 quod

272 5150 476 5206 mensis
529 5150 748 5206 Martius
810 5158 939 5206 tunc
984 5151 1160 5206 adhuc
1222 5150 1433 5221 primus
1496 5150 1863 5220 reputabatur,

274 5254 401 5293 nam
428 5238 483 5292 in
510 5254 699 5295 mense
747 5238 851 5294 ίεῑο
893 5239 1097 5308 ieiunia
1145 5237 1461 5310 temporalia
1507 5239 1866 5294 communiter
2036 5237 2198 5313 Num.
2228 5262 2280 5313 9.
2313 5259 2379 5315 In
2428 5260 2527 5314 hoc
2560 5260 2810 5326 Sabbato,
2847 5276 3021 5331 usque
3052 5260 3123 5315 ad
3162 5260 3281 5316 haec
3317 5261 3485 5317 verba
3513 5260 3569 5315 si

277 5334 589 5383 occurrunt
1968 5347 2345 5403 sacerdotum.
2390 5347 2541 5402 Idem
2570 5355 2745 5405 textus
2776 5347 3009 5404 ecfertur
3037 5348 3106 5402 de
3145 5348 3313 5403 verbo
3343 5348 3411 5403 ad
3439 5362 3567 5403 ver-

348 5432 510 5489 Num.
540 5436 595 5489 2.
652 5434 872 5490 Missam
893 5434 1259 5490 celebramus.
1294 5432 1441 5487 Ecce
1488 5430 1576 5487 hic
1605 5431 1783 5487 adhuc
1812 5428 1871 5485 ﬁt
1970 5435 2099 5489 bum
2130 5452 2247 5507 cap.
2283 5438 2339 5489 11
2395 5434 2584 5505 primae
2625 5434 2798 5507 partis
2838 5445 2951 5492 ant.
2983 5437 3195 5501 Statut.,
3229 5451 3321 5487 nn.
3356 5439 3408 5503 2,
3444 5437 3495 5504 3,
3531 5438 3563 5489 5

280 5520 463 5578 misse
504 5520 709 5577 mentio
754 5536 873 5592 quae
911 5520 1268 5579 communiter
1309 5518 1637 5589 celebratur,
1695 5526 1747 5574 et
1790 5518 1872 5573 in-
1971 5531 2026 5577 et
2057 5525 2143 5578 1ο.
