3978 6050
411 108 513 163 643
1259 104 1599 162 GUIGONIS
1637 107 1659 160 Ι
1698 106 2105 164 CARTHUSUE
2142 104 2435 163 MAIORIS
2471 106 2746 166 PRIORIS
2785 110 2849 166 V.
3590 114 3694 197 64b

482 233 568 286 12.
600 229 812 284 Nonam
845 235 897 283 et
926 228 1148 282 missam
1177 244 1300 283 cum
1329 227 1646 299 praefatione
1674 229 1742 283 de
1772 228 2197 301 Quadragesima
2225 239 2278 286 et
2298 247 2554 303 vesperas
2610 234 2757 289 omni
2815 234 2902 288 die
2958 233 3011 288 in
3042 234 3273 290 ecclesia
3302 241 3603 304 cantamus,
3636 236 3684 289 si

408 326 751 381 sacerdotum
778 325 919 380 adsit
947 324 1120 395 cOpia,
1154 324 1241 379 vel
1269 325 1358 395 qui
1389 325 1585 379 adsunt
1613 325 1790 396 aliqua
1820 326 2126 382 rationabili
2157 344 2265 383 non
2293 328 2659 400 impediantur
2688 331 2757 385 de
2788 346 2969 386 causa.

484 428 571 480 13.
618 422 902 478 Dominica
949 422 1017 476 de
1064 421 1323 476 Passione
1368 422 1604 491 capitula
1647 430 1935 491 mutamus,
1980 432 2238 478 consueta
2280 424 2535 497 suffragia
2596 443 2770 497 usque
2816 427 2884 481 ad
2946 427 3244 483 secundam
3297 437 3418 499 post
3464 438 3685 485 octavas

408 526 627 581 Paschae
677 524 869 580 feriam
914 522 1353 587 intermittimus;
1385 539 1416 575 a
1461 536 1568 590 quo
1616 519 1703 574 die
1752 536 1925 591 usque
1969 521 2039 574 ad
2069 521 2290 576 Coenam
2335 522 2622 577 Jeremiam
2668 523 2866 594 partim
2911 524 2967 578 in
2991 525 3242 593 ecclesia,
3278 528 3471 597 partim
3504 528 3557 582 in
3586 546 3681 583 re-

406 621 655 691 fectorio,
684 628 905 692 propter
935 619 1173 675 noctium
1204 617 1521 673 brevitatem
1550 617 1804 688 legimus.
1856 617 1915 669 In
1946 631 2053 686 quo
2080 616 2338 686 temporis
2368 617 2562 687 spatio,
2596 618 2700 672 nisi
2729 618 3017 674 duodecim
3048 619 3340 675 lectionum
3366 621 3683 678 solemnitas

407 719 635 785 intersit,
672 719 741 773 ad
767 715 1129 772 invitatorium
1161 722 1213 769 et
1241 714 1310 768 ad
1340 714 1703 783 Responsoria
1732 720 1783 767 et
1812 712 1882 765 ad
1912 711 2183 767 introitum
2218 713 2462 768 Gloriam
2493 728 2601 767 non
2630 713 2881 769 dicimus.
3552 720 3561 727 ‘

482 819 568 870 14.
595 817 673 869 De
702 813 837 868 festo
867 811 1026 865 trium
1055 810 1347 864 lectionum
1374 808 1943 863 commemorationem
1973 816 2179 863 tantum
2209 808 2453 863 facimus.

482 914 568 966 15.
604 910 844 966 Sabbato
876 907 1019 978 quod
1048 906 1345 960 Dominica)
1375 904 1675 958 Palmarum
1700 903 1963 975 jungitur,
1996 904 2221 958 missam
2251 920 2359 959 non
2387 903 2635 959 dicimus.

482 1012 567 1062 16.
602 1007 683 1061 Ad
713 1019 973 1074 vesperas
1003 1002 1314 1072 capitulum,
1348 1002 1455 1055 Hoc
1476 1002 1703 1063 sentite,
1738 999 2166 1069 responsorium,
2202 1001 2425 1055 Fratres
2445 1002 2575 1067 mei,
2601 1016 2773 1071 usque
2801 1000 2870 1055 ad
2908 1001 3148 1056 Coenam.

483 1107 567 1158 17.
600 1101 884 1156 Dominica
914 1100 969 1153 in
1015 1097 1215 1153 Palmis
1258 1103 1468 1151 cantata
1508 1095 1680 1159 tertia,
1732 1102 1783 1148 et
1813 1094 1999 1148 induto
2028 1094 2208 1149 casula
2258 1096 2568 1163 sacerdote,
2600 1103 2722 1165 post
2749 1094 3148 1151 confessionem
3180 1097 3314 1151 rami
3342 1097 3684 1153 benedicun-

410 1210 518 1269 tur,
550 1199 866 1271 aspersique
912 1212 1049 1267 aqua
1086 1194 1373 1250 benedicta
1416 1193 1663 1247 omnibus
1694 1207 1728 1246 a
1756 1192 2039 1246 sacerdote
2078 1192 2392 1259 traduntur;
2426 1201 2479 1247 et
2520 1193 2733 1247 interim
2780 1201 3027 1250 cantatur
3075 1195 3393 1265 antiphona,
3433 1196 3682 1266 Collega-

410 1302 585 1365 runt;
618 1295 859 1366 sequitur
885 1295 1151 1348 Dominus
1180 1291 1457 1345 vobiscum
1487 1296 1539 1342 et
1568 1287 1737 1342 oratio
1768 1288 1872 1341 ista
1905 1303 1916 1340 :
1954 1288 2317 1359 Omnipotens
2354 1289 2698 1359 sempiterne
2729 1291 2894 1345 Deus.

481 1398 568 1448 18.
603 1393 661 1448 Si
707 1388 1051 1445 Annuntiatio
1102 1387 1187 1441 vel
1235 1385 1498 1440 festivitas
1528 1384 1701 1439 sancti
1731 1384 2007 1439 Benedicti
2036 1393 2284 1455 quartam
2314 1384 2474 1452 hujus
2506 1385 2862 1441 hebdomadm
2892 1387 3199 1443 transierint
3229 1387 3441 1457 feriam,
3475 1388 3673 1442 nullam

410 1499 603 1562 postea
632 1488 699 1543 de
730 1486 862 1557 ipsis
892 1484 1119 1539 facimus
1147 1482 1496 1536 mentionem.

482 1589 568 1640 19.
602 1585 660 1638 In
693 1584 862 1638 Coena
906 1580 1099 1635 festum
1144 1578 1389 1642 facimus,
1437 1591 1633 1630 novem
1676 1574 1814 1629 sicut
1856 1574 2040 1630 clerici
2072 1573 2394 1629 lectionibus
2423 1575 2678 1641 contenti,
2711 1575 2777 1630 ad
2810 1577 3141 1634 Benedictus
3170 1577 3443 1633 lucernam
3476 1578 3680 1633 exstin-

410 1678 649 1752 guimus,
681 1675 941 1732 Ecclesiae
970 1690 1179 1729 morem
1209 1672 1410 1726 tantilla
1441 1687 1506 1725 ex
1534 1650 1686 1740 parte
1712 1669 2002 1724 imitantes.

478 1779 568 1832 20.
618 1773 703 1828 Ad
748 1773 983 1843 primam
1030 1769 1403 1834 convenimus,
1450 1774 1573 1837 post
1614 1766 1904 1836 capitulum
1954 1767 2165 1821 tertiam
2206 1768 2262 1821 in
2308 1769 2461 1823 cellis
2507 1770 2757 1837 dicimus,
2795 1778 2847 1825 et
2876 1771 3165 1826 munditias
3196 1772 3397 1845 singuli
3427 1772 3675 1837 facimus,

410 1877 617 1927 sextam
647 1884 862 1941 quoque
888 1867 1088 1922 ibidem
1118 1872 1413 1933 cantantes,
1446 1878 1665 1917 nomam
1695 1869 1748 1917 et
1776 1862 1999 1917 missam
2029 1871 2083 1918 et
2109 1880 2369 1934 vesperas
2400 1865 2455 1919 in
2485 1866 2717 1922 ecclesia
2748 1866 3109 1922 celebramus.

478 1974 568 2028 21.
604 1970 664 2023 In
693 1967 881 2033 missa,
912 1966 1085 2022 hostia
1113 1963 1381 2018 Dominici
1411 1964 1655 2034 corporis
1686 1965 1900 2036 integra
1928 1964 1984 2017 in
2016 1964 2313 2020 Parasceve
2342 1980 2375 2019 a
2405 1966 2687 2021 sacerdote
2718 1968 2981 2022 sumenda
3011 1976 3271 2023 servatur.

475 2072 565 2124 22.
626 2068 753 2121 Post
788 2064 1140 2120 refectionem
1186 2078 1394 2127 omnes,
1444 2062 1499 2114 in
1548 2070 1804 2132 quantum
1844 2060 2104 2132 possibile
2154 2070 2253 2128 est,
2300 2063 2549 2118 monachi
2591 2071 2645 2117 et
2688 2063 2810 2119 laici
2858 2064 2928 2118 ad
2958 2064 3272 2118 mandatum
3302 2063 3355 2117 in
3386 2062 3677 2134 capitulum

407 2162 777 2229 convenimus,
827 2161 1009 2232 ibique
1045 2159 1215 2229 pedes
1261 2158 1469 2213 cunctis
1496 2174 1527 2211 a
1556 2158 1737 2227 priore
1784 2157 1870 2213 vel
1899 2157 1983 2213 cui
2009 2158 2114 2211 hoc
2141 2156 2258 2226 ipse
2301 2158 2603 2226 injunxerit,
2636 2158 2847 2230 ipsique
2878 2160 2945 2213 ab
2977 2175 3042 2215 eo
3073 2161 3163 2229 qui
3194 2160 3344 2230 prior
3375 2168 3456 2214 est
3484 2159 3675 2214 ordine

408 2261 715 2324 abluuntur,
748 2263 1051 2328 terguntur,
1099 2254 1428 2320 osculantur,
1480 2253 1691 2308 caeteris
1732 2268 2001 2324 congruas
2048 2254 2372 2324 antiphonas
2419 2256 2757 2310 canentibus.
2803 2256 3009 2310 Dehinc
3050 2256 3227 2327 priore
3266 2272 3460 2327 aquam
3492 2254 3675 2309 infun-

408 2357 590 2421 dente,
620 2355 745 2410 lotis
772 2353 1010 2409 omnium
1032 2352 1303 2419 manibus,
1337 2366 1567 2407 accensa
1597 2350 1821 2405 candela
1850 2350 2195 2422 evangelium
2222 2351 2440 2422 legitur,
2469 2353 2736 2407 stantibus
2768 2354 2976 2409 cunctis
3008 2370 3180 2425 usque
3210 2354 3279 2408 ad
3310 2354 3381 2418 id,
3419 2354 3556 2409 Cum
3588 2369 3675 2408 re-

407 2454 689 2509 cubuisset
718 2455 945 2508 iterum.

474 2556 562 2610 23.
599 2553 645 2606 A
673 2566 780 2623 quo
808 2551 929 2606 loco
958 2550 1207 2605 eamdem
1238 2547 1525 2603 lectionem
1556 2548 1807 2602 sedentes
1840 2546 2109 2616 audimus,
2146 2563 2318 2617 usque
2360 2547 2490 2601 dum
2534 2548 2757 2616 dicatur,
2812 2551 3055 2619 Surgite,
3098 2566 3290 2605 eamus
3330 2550 3479 2605 hinc.
3529 2549 3678 2603 Tunc

405 2648 570 2717 enim,
614 2646 953 2718 praecedente
1015 2646 1262 2711 diacono,
1306 2644 1359 2697 in
1418 2642 1766 2698 refectorium
1831 2641 2130 2713 pergimus,
2179 2643 2323 2713 quod
2369 2651 2619 2712 superest
2666 2644 2916 2700 lectionis
2965 2645 3219 2700 sedentes
3262 2644 3522 2709 audituri;
3569 2660 3676 2714 qua

401 2745 552 2799 finita
596 2744 779 2798 vinum
808 2760 839 2797 a
865 2742 1126 2797 ministris
1172 2740 1460 2812 apponitur
1505 2739 1755 2811 singulis.
1799 2739 2046 2809 Dataque
2075 2754 2108 2791 a
2137 2739 2418 2794 sacerdote
2462 2740 2856 2809 benedictione,
2908 2741 3141 2796 bibimus
3189 2750 3241 2797 et
3286 2742 3515 2796 abimus.
3550 2742 3676 2794 Post

442 2857 526 2896 uae
554 2840 785 2895 nudatur
812 2839 997 2893 altare.

405 2858 526 2913 quae
554 2858 785 2895 nudatur
812 2858 997 2893 auare.

474 2937 569 2992 24.
609 2935 724 2990 Hac
752 2934 840 2989 die
869 2940 992 3004 post
1018 2932 1326 3003 prandium,
1360 2931 1472 2987 sive
1502 2938 1626 3001 post
1664 2929 1993 2994 mandatum,
2040 2928 2270 2984 duorum
2320 2931 2663 3002 sequentium
2709 2932 2969 2987 lectiones
3017 2941 3069 2988 et
3096 2932 3446 3004 responsoria
3474 2932 3675 3004 praevi-

404 3033 535 3088 dent
562 3032 780 3101 fratres,
816 3039 1073 3103 tanquam
1103 3047 1276 3102 usque
1305 3029 1373 3084 ad
1404 3028 1699 3085 Sabbatum
1728 3035 1851 3098 post
1880 3025 2253 3093 refectionem,
2286 3027 2355 3081 ad
2375 3028 2667 3084 claustrum
2695 3043 2804 3084 non
2826 3030 3116 3085 reversuri.

2250 3124 2374 3178 IUM
2380 3166 2391 3178 .

1660 3170 1664 3177 .
2250 3124 2269 3175 Ι
2380 3166 2391 3178 .

470 3212 1181 3268 Num.12.Sisacerdotum
1198 3210 1350 3265 adsit
1368 3212 1545 3281 copia,
1566 3211 1651 3264 vel
1671 3210 1765 3281 qui
1781 3122 2411 3265 αὲἳαῦξιὶῙΞΝὲἐ-ἒὲῐῌέξη
2479 3209 2885 3277 ordinabantur,
2945 3218 2995 3265 et
3052 3210 3311 3266 lectiones
3378 3211 3671 3282 longiores,

401 3301 593 3371 aliqua
622 3299 956 3355 rationabili
987 3316 1100 3353 non
1132 3299 1523 3369 impediantur
1554 3299 1617 3353 de
1648 3313 1837 3352 causa.
1862 3297 1989 3349 Haec

398 3388 570 3442 verba
618 3402 729 3441 non
778 3386 1119 3457 reperiuntur
1163 3386 1218 3439 in
1263 3385 1495 3456 antiquis
1544 3385 1752 3439 statutis
1800 3383 1983 3449 relata,

400 3490 467 3530 ex
496 3474 692 3546 quibus
719 3482 773 3529 et
802 3473 1109 3529 conditione
1158 3473 1402 3543 apposita
1445 3472 1721 3544 colligitur
1768 3472 1913 3542 quod
1943 3470 1988 3524 si

398 3578 588 3617 omnes
632 3562 885 3618 monachi
932 3569 1177 3632 tempore
1205 3562 1268 3615 R.
1304 3562 1363 3614 Ρ.
1397 3560 1660 3630 Guigonis
1704 3559 1771 3613 ad
1800 3575 1985 3614 sacer-

399 3651 607 3705 dotium
635 3650 877 3705 nondum
907 3656 1089 3704 essent
1116 3648 1369 3718 promoti,
1394 3648 1578 3718 plures
1600 3655 1778 3701 tamen
1808 3654 1981 3710 erant,

397 3746 450 3792 et
477 3740 669 3793 omnes
697 3738 769 3791 ad
816 3737 1128 3793 clericatum
1176 3735 1377 3801 idonei,
1411 3742 1465 3788 ut
1503 3751 1568 3789 ex
1597 3749 1719 3805 cap.
1752 3736 1817 3788 73
1849 3734 1985 3788 ista-

397 3842 516 3880 rum
546 3824 1006 3879 Consuetudinum
1038 3822 1258 3893 patebit.
1291 3823 1372 3875 Ex
1407 3820 1858 3891 praetermissione
1886 3838 1985 3876 au-

394 3920 506 3967 tem
557 3913 848 3967 verborum
910 3910 1158 3977 istorum,
1208 3910 1262 3963 in
1307 3908 1539 3979 antiquis
1601 3908 1812 3963 statutis
1876 3925 1985 3963 non

395 4000 714 4065 relatorum,
747 3999 801 4052 id
828 4005 1034 4053 tantum
1084 3996 1358 4069 colligitur
1401 3997 1544 4066 quod
1593 4004 1838 4065 tempore
1877 4013 1984 4067 quo

395 4096 597 4143 statuta
624 4087 845 4158 antiqua
874 4085 1089 4142 condita
1118 4084 1355 4152 fuerunt,
1376 4084 1520 4154 apud
1550 4099 1649 4138 nos
1670 4083 1983 4139 sacerdotes

395 4178 596 4247 saepius
622 4175 969 4231 celebrabant
1017 4190 1177 4245 quam
1226 4181 1468 4243 tempore
1505 4172 1568 4227 Β.
1602 4172 1661 4226 Ρ.
1696 4171 1980 4241 Guigonis,

391 4264 536 4318 unde
567 4264 931 4318 conditionem
958 4262 1107 4317 illam
1137 4277 1343 4331 ponere
1367 4261 1477 4329 jam
1506 4260 1620 4314 fere
1651 4260 1983 4329 superfluum

391 4367 514 4407 esse
541 4350 715 4406 visum
736 4351 849 4405 fuit.
884 4353 962 4405 De
994 4365 1159 4406 causa
1189 4350 1280 4403 illa
1301 4347 1606 4403 rationabili
1626 4347 1983 4418 impedimen-

390 4446 505 4494 tum
534 4437 789 4493 afferente
820 4454 918 4492 suo
947 4438 1068 4493 loco
1096 4445 1306 4509 agetur.

2085 3300 2172 3355 vel
2220 3297 2498 3353 breviores
2546 3297 2749 3351 ﬁebant
2792 3298 2847 3351 in
2892 3298 3186 3367 matutinis,
3232 3300 3382 3367 juxta
3436 3300 3674 3354 noctium

2088 3387 2416 3458 qualitatem.
2441 3383 2633 3456 Agitur
2661 3392 2839 3440 autem
2859 3385 2947 3441 hic
2975 3386 3043 3440 de
3069 3385 3175 3441 fine
3206 3385 3672 3458 Quadragesimaa,

2087 3490 2194 3545 quo
2224 3482 2463 3543 tempore
2510 3480 2719 3527 constat
2764 3472 2883 3528 dies
2930 3471 3049 3527 fieri
3093 3474 3373 3546 longiores
3404 3482 3457 3529 et
3486 3482 3674 3530 noctes

2086 3562 2383 3618 breviores.
2417 3563 2497 3615 De
2527 3560 2644 3614 istis
2672 3560 2872 3632 vigiliis
2901 3560 3046 3615 infra
3074 3570 3267 3633 agetur
3298 3577 3396 3617 suo
3424 3562 3565 3617 loco.

2154 3651 2317 3703 Num.
2353 3653 2438 3703 19.
2470 3649 2737 3704 Novem...
2774 3649 3108 3704 lectionibus
3136 3651 3410 3705 contenti.
3434 3650 3529 3704 His
3551 3666 3673 3705 ver-

2084 3736 2168 3790 bis
2197 3737 2310 3791 vult
2354 3736 2675 3805 exprimere,
2724 3734 2807 3789 his
2857 3744 3062 3790 tantum
3106 3737 3295 3791 diebus
3345 3738 3674 3793 austeriores

2084 3825 2299 3895 vigilias
2329 3839 2362 3877 a
2391 3824 2548 3878 nobis
2578 3823 2857 3894 paululum
2887 3824 3137 3892 relaxari,
3170 3841 3236 3881 ac
3270 3825 3575 3896 lampadem
3603 3827 3673 3880 ad

2084 3912 2418 3966 Benedictus
2448 3911 2719 3983 exstingui
2747 3930 2761 3978 ;
2794 3911 2981 3982 sicque
3010 3912 3178 3967 tribus
3198 3912 3305 3967 illis
3326 3913 3673 3984 diebus,qu2e

2085 4006 2207 4052 sunt
2236 3999 2444 4052 tantilla
2473 4015 2602 4069 pars
2632 4007 2883 4069 respectu
2902 4000 3064 4054 totius
3082 4001 3229 4066 anni,
3255 4009 3464 4055 nostras
3501 4008 3673 4055 matu-

2082 4086 2219 4140 tinas
2249 4086 2513 4142 Ecclesiae
2542 4086 2664 4141 usui
2695 4102 2817 4142 esse
2848 4086 3177 4143 conformes.

2153 4174 2316 4228 Num.
2340 4177 2428 4232 20.
2454 4175 2761 4230 Munditias
2800 4177 3011 4247 singuli
3038 4177 3302 4247 facimus.
3326 4179 3371 4231 A
3395 4176 3524 4232 solis
3542 4177 3671 4231 Car-

2082 4261 2345 4315 thusianis
2372 4261 2429 4315 id
2476 4270 2654 4332 potest
2698 4262 2946 4335 intelligi,
2981 4271 3034 4318 et
3064 4263 3335 4336 significat
3382 4273 3672 4320 consuetu-

2082 4349 2262 4403 dinem
2293 4366 2412 4420 quae
2438 4351 2718 4421 hucusque
2747 4350 2802 4404 in
2831 4351 3022 4405 ordine
3054 4359 3371 4408 conservata
3401 4360 3480 4407 est
3500 4352 3553 4406 in
3583 4353 3672 4408 die

2083 4437 2262 4491 Cmnae
2307 4437 2542 4502 Domini,
2574 4446 2633 4491 ut
2660 4438 2913 4507 privatim
2944 4438 2999 4491 in
3027 4440 3180 4494 cellis
3225 4441 3395 4509 pedes
3436 4441 3671 4495 munde-

463 4527 669 4581 Caetera
698 4526 890 4580 iisdem
920 4524 1035 4579 fere
1064 4524 1247 4581 verbis
1273 4523 1577 4578 referuntur
1618 4523 1797 4592 prima
1824 4531 1977 4593 parte
2006 4544 2059 4605 Β
2081 4540 2204 4578 mus
2234 4532 2286 4579 et
2305 4524 2546 4579 lavemus
2574 4533 2867 4595 antequam
2896 4526 2964 4580 ad
2992 4526 3301 4596 capitulum,
3320 4527 3413 4582 ubi
3440 4543 3473 4582 a
3492 4528 3668 4598 priore

392 4614 587 4670 Statut.
648 4612 843 4685 antiq.,
892 4628 1011 4683 cap.
1062 4615 1148 4678 11,
1200 4615 1285 4678 12,
1336 4614 1424 4677 13,
1479 4611 1563 4675 14,
1616 4613 1700 4677 15,
1753 4613 1838 4677 17,
1909 4614 1974 4665 18

389 4710 441 4758 et
470 4706 556 4756 19.

456 4791 619 4846 Num.
652 4792 737 4844 13.
773 4789 994 4845 Partim
1019 4788 1082 4842 in
1114 4786 1365 4851 ecclesia,
1396 4787 1611 4858 partim
1639 4788 1702 4842 in
1732 4790 1973 4857 refecto—

386 4881 491 4935 rio.
542 4879 889 4933 Innotescere
934 4875 1119 4945 incipit
1168 4891 1318 4940 usus,
1370 4875 1461 4945 qui
1517 4890 1733 4945 semper
1778 4875 1832 4928 in
1881 4892 1972 4929 or-

386 4966 512 5020 dine
558 4966 750 5037 viguit,
788 4974 845 5019 ut
887 4964 1061 5018 Biblia
1107 4962 1222 5018 sine
1251 4962 1305 5015 in
1355 4962 1602 5028 ecclesia,
1650 4962 1763 5017 sive
1804 4963 1858 5016 in
1889 4979 1975 5017 re-

384 5052 630 5117 fectorio,
664 5053 777 5108 sive
806 5052 861 5105 in
891 5050 1161 5122 colloquio
1193 5050 1418 5121 singulis
1447 5051 1625 5116 annis,
1658 5066 1724 5104 ex
1762 5050 1972 5121 integro

383 5141 653 5211 legantur.

452 5228 590 5283 Ibid.
637 5230 874 5299 Propter
938 5228 1191 5283 noctium
1259 5227 1612 5283 brevitatem.
1683 5226 1840 5293 Quod
1905 5226 1972 5279 de

378 5317 616 5372 noctium
677 5316 941 5371 brevitate
994 5315 1083 5371 hic
1128 5315 1274 5379 dicit,
1325 5315 1556 5369 refertur
1603 5314 1671 5368 ad
1736 5312 1969 5384 vigilias,

381 5421 501 5476 qua:
532 5405 659 5460 olim
690 5405 745 5459 in
773 5404 963 5460 ordine
999 5404 1152 5472 juxta
1177 5404 1413 5459 noctium
1461 5401 1855 5472 longitudinem
1883 5409 1973 5455 aut

2083 4611 2255 4667 lavari
2299 4612 2515 4678 debent,
2560 4612 2861 4668 veniamus.
2894 4613 2954 4667 Id
2982 4622 3140 4669 vocat
3186 4615 3250 4669 R.
3284 4616 3441 4671 Pater
3488 4616 3669 4688 Guigo

2082 4700 2396 4755 munditias
2424 4702 2626 4769 facere.

2152 4788 2315 4841 Num.
2336 4787 2424 4843 24.
2458 4789 2568 4843 Hac
2596 4789 2685 4843 die
2710 4793 2838 4858 post
2863 4789 3169 4860 prandium
3199 4793 3377 4846 sive...
3410 4791 3483 4846 ad
3511 4792 3668 4847 clau-

2082 4878 2267 4930 strum
2294 4892 2407 4930 non
2436 4876 2734 4933 reversuri.
2767 4875 2868 4931 Hic
2896 4876 3127 4932 obscure
3156 4877 3355 4933 indicat
3384 4894 3541 4933 usum
3580 4896 3669 4934 re-

2081 4962 2472 5028 cordationnm,
2524 4979 2644 5033 quae
2691 4962 2746 5016 in
2790 4962 3021 5018 claustro
3070 4964 3288 5032 ﬁebant,
3338 4983 3501 5036 quem
3559 4982 3669 5021 non

2080 5050 2239 5120 plene
2284 5049 2534 5119 exprimit
2563 5050 2686 5121 quia
2716 5067 2805 5105 res
2850 5059 2967 5106 erat
2996 5054 3300 5107 communis
3329 5062 3381 5108 et
3410 5062 3534 5109 nota
3582 5055 3667 5109 his

2074 5138 2144 5192 ad
2172 5153 2308 5208 quos
2337 5137 2621 5203 scribebat,
2656 5146 2709 5193 et
2737 5138 2862 5194 inde
2894 5140 3068 5195 elucet
3099 5141 3331 5211 qualiter
3368 5157 3457 5196 res
3484 5142 3664 5211 potius

2072 5225 2358 5296 aliquando
2415 5225 2641 5281 innuere
2708 5235 2991 5282 contentus
3052 5227 3213 5283 fuerit
3260 5230 3323 5284 Β.
3375 5229 3436 5284 Ρ.
3484 5229 3665 5300 Guigo

2072 5329 2235 5384 quam
2280 5314 2399 5368 illas
2429 5314 2538 5370 late
2581 5314 2869 5384 explicare.
2903 5313 3045 5383 Quid
3093 5324 3277 5372 essent
3322 5325 3501 5372 autem
3547 5318 3665 5373 istae

2070 5402 2495 5468 recordationes,
2530 5411 2582 5456 et
2610 5403 2883 5473 quomodo
2921 5402 3041 5459 fieri
3070 5404 3348 5473 deberent,
3382 5406 3483 5461 sub
3514 5405 3663 5461 titulo
