3978 6050
271 159 374 212 645

340 282 430 335 25.
465 279 886 350 Completorium
916 290 1103 353 postea
1133 292 1373 339 sonatur.

342 379 436 431 26.
472 377 529 430 In
560 378 865 434 Parasceve
896 395 1073 448 genua
1101 380 1385 448 ﬂectimus,
1419 384 1677 440 Miserere
1704 388 1836 456 mei,
1864 390 2027 457 Deus,
2053 390 2309 445 dicimus.

334 473 423 527 27.
459 472 715 544 Totisque
744 474 827 529 his
858 475 1026 529 tribus
1057 476 1249 531 diebus
1278 493 1470 548 preces
1492 480 1691 552 singuli
1723 484 1924 555 quique
1955 485 2010 539 in
2040 485 2253 541 silentio
2283 488 2513 544 dicimus
2543 489 2596 543 in
2644 491 2893 546 omnibus
2924 493 3072 549 horis
3092 537 3104 561 ,
3144 496 3261 550 haec
3293 511 3398 551 una
3440 512 3569 552 ora-

273 566 425 621 tione
456 569 723 636 contenti,
766 573 1012 642 Respice,
1044 590 1383 644 quaesumus,
1419 578 1691 646 Domine;
1727 587 2003 653 totumque
2049 582 2163 638 fere
2212 584 2446 640 ofﬁcium
2488 587 2641 655 juxta
2681 588 3003 644 clericorum
3051 606 3258 646 morem
3306 594 3567 665 exsequi-

270 677 413 715 mur.
448 662 771 718 Psalterium
796 665 913 720 aliis
941 667 1159 721 omissis
1182 670 1434 740 operibus
1463 672 1869 743 frequentamus
1894 695 1907 742 ;
1940 693 1972 732 a
2001 681 2230 737 sacrista
2274 683 2428 739 laicis
2452 686 2766 753 juvantibus
2793 688 3081 743 mundatur
3113 688 3364 745 ecclesia.
3401 662 3570 762 Signo

272 760 546 832 aliquanto
576 763 779 818 tardius
807 780 970 835 quam
1002 767 1140 822 solet
1169 767 1316 835 dato,
1350 778 1503 825 sexta
1533 780 1585 827 et
1611 788 1755 828 nona
1783 776 2136 833 continuatim
2165 780 2221 835 in
2261 782 2412 837 cellis
2451 783 2721 851 dicuntur,
2758 793 2811 840 et
2838 785 3054 841 interim
3083 787 3344 842 sacerdos
3386 760 3568 842 indui-

271 862 381 924 tur,
411 857 647 930 datoque
678 859 876 915 iterum
907 860 1066 933 signo
1097 862 1166 917 ad
1196 864 1481 920 ecclesiam
1503 870 1888 927 convenientes
1917 874 2151 931 oﬂicium
2182 895 2247 932 ex
2268 895 2418 935 more
2450 881 2805 937 celebramus.
2840 883 3105 938 Praecedit
3124 884 3304 954 lectio,
3329 885 3569 955 sequitur

269 960 477 1008 tractus
507 962 561 1010 et
589 954 763 1010 oratio
778 958 926 1012 Deus
950 975 985 1013 α
1015 975 1118 1029 quo
1150 963 1207 1014 et
1232 961 1441 1029 Iudas;
1470 963 1599 1019 item
1627 966 1730 1020 alia
1758 968 1937 1038 lectio,
1969 980 2017 1026 et
2050 981 2273 1046 tractus,
2308 976 2504 1032 deinde
2533 980 2717 1050 passio
2743 980 2950 1052 absque
2971 981 3241 1035 Dominus
3264 981 3562 1051 vobiscum,

269 1058 393 1119 post
422 1065 584 1149 quam
614 1053 925 1119 orationes;
956 1054 1152 1126 quibus
1184 1056 1347 1112 finitis
1379 1061 1592 1115 exuitur
1619 1068 1879 1123 sacerdos
1900 1070 2104 1137 casula,
2137 1074 2401 1129 nudamus
2422 1076 2611 1145 pedes,
2644 1077 2988 1149 oblatamque
3025 1093 3054 1130 a
3084 1078 3312 1133 diacono
3342 1093 3560 1133 crucem

272 1147 657 1203 venerabiliter
685 1150 1019 1219 osculamur,
1055 1154 1298 1209 dicentes
1318 1156 1460 1211 intra
1489 1174 1589 1213 nos
1628 1160 1830 1232 singuli
1865 1181 1876 1218 ε
1907 1167 2219 1224 Adoramus
2254 1174 2323 1239 te,
2376 1172 2613 1242 Christe,
2648 1178 2705 1229 et
2735 1147 3111 1229 benedicimus
3148 1174 3267 1240 tibi,
3308 1174 3438 1245 quia
3466 1189 3566 1244 per

269 1250 527 1302 sanctam
556 1264 781 1304 crucem
830 1254 987 1306 tuam
1033 1253 1319 1309 redemisti
1356 1259 1654 1314 mundum.
1702 1262 1921 1317 Interim
1968 1273 2266 1321 conventus
2298 1277 2474 1325 cantat
2510 1272 2879 1341 antiphonam,
2932 1273 3036 1328 Nos
3084 1275 3277 1327 autem
3324 1270 3563 1340 gloriari

269 1347 509 1414 oportet,
544 1352 598 1400 et
628 1345 1017 1416 Responsoria,
1066 1353 1276 1421 Popule
1312 1370 1471 1409 meus
1511 1363 1564 1409 et
1607 1359 1871 1429 Expandi
1910 1378 2114 1417 manus
2163 1380 2335 1420 meas.
2386 1367 2515 1421 Post
2562 1383 2680 1438 qua
2722 1368 2790 1422 ad
2839 1368 3017 1422 locum
3067 1367 3350 1438 pristinum
3400 1381 3559 1421 cruce

267 1440 461 1508 relata,
492 1443 754 1499 sacerdos
785 1444 909 1499 lotis
939 1447 1190 1502 manibus
1219 1452 1511 1523 casulaque
1541 1454 1779 1527 indutus,
1814 1459 2039 1515 calicem
2071 1478 2192 1516 cum
2222 1462 2348 1519 vino
2373 1478 2597 1534 corpore
2628 1464 2845 1518 Domini
2875 1464 3234 1534 superposito,
3268 1479 3301 1517 a
3330 1463 3559 1518 diacono

269 1538 513 1609 suscipit,
544 1538 829 1596 inchoante
861 1542 1055 1598 eodem
1083 1548 1539 1621 communionem,
1574 1554 1680 1609 Hoc
1711 1570 1938 1626 corpus.
1982 1555 2187 1624 Quibus
2210 1557 2264 1611 in
2295 1558 2452 1613 altari
2472 1559 2806 1630 compositis,
2840 1567 2963 1629 post
2990 1560 3262 1615 modicum
3292 1558 3560 1613 silentium

266 1634 418 1705 icipit
446 1636 543 1704 sic,
580 1639 829 1704 Oremus,
862 1646 1156 1713 praceptis
1186 1647 1535 1703 salutaribus
1564 1653 1790 1707 moniti.
1824 1654 2015 1724 Agnus
2046 1656 2145 1711 Dei
2175 1671 2285 1710 non
2310 1656 2523 1726 dicitur,
2549 1673 2650 1713 nec
2671 1658 2725 1711 in
2748 1658 3006 1713 Sabbato.
3041 1658 3305 1728 Percepto
3333 1662 3511 1710 autem
3531 1671 3562 1708 a

263 1731 552 1789 sacerdote
581 1734 798 1790 Domini
826 1752 1076 1808 corpore,
1118 1756 1376 1812 vesperas
1405 1744 1724 1803 alterutrum
1755 1766 1875 1805 cum
1908 1752 2121 1809 silentio
2151 1754 2403 1810 dicimus.

335 1832 425 1885 28.
460 1830 719 1901 Sabbato,
739 1834 965 1888 cantatis
995 1836 1051 1889 in
1080 1837 1287 1892 cellulis
1317 1848 1470 1895 sexta
1499 1850 1549 1896 et
1578 1859 1741 1913 nona,
1767 1856 1819 1902 et
1847 1849 2061 1905 interim
2089 1851 2368 1906 sacerdote
2398 1850 2604 1918 induto,
2638 1851 2708 1906 ad
2738 1849 3024 1907 ecclesiam
3055 1847 3395 1919 congregati,
3420 1861 3559 1917 prae-

265 1928 448 1982 missis
496 1936 727 2000 quatuor
768 1931 1088 1988 lectionibus
1134 1952 1257 1990 cum
1302 1937 1469 1993 tribus
1527 1942 1785 1997 tractibus
1835 1952 1887 2000 et
1934 1946 2120 2001 litania
2154 1949 2425 2018 perbrevi,
2469 1949 2695 2003 missam
2724 1964 2757 2003 a
2793 1951 2957 2019 Kyrie
2996 1950 3205 2003 eleison
3246 1943 3562 2001 solemniter

266 2025 619 2093 inchoamus;
648 2028 835 2084 Gloria
864 2030 927 2083 in
950 2032 1191 2087 excelsis
1223 2034 1331 2090 Deo
1363 2034 1609 2102 dicimus,
1645 2039 1780 2093 duas
1810 2043 2068 2098 candelas
2099 2046 2468 2113 accendimus,
2502 2063 2694 2117 pacem
2723 2046 3052 2117 accipimus,
3100 2045 3379 2100 incensum
3427 2055 3560 2097 vero

265 2138 375 2177 non
405 2123 705 2179 adolemus.
742 2125 949 2194 Quibus
978 2127 1208 2198 expletis
1236 2130 1451 2200 pulsato
1489 2133 1847 2192 tintinnabulo
1878 2155 2135 2211 vesperas
2159 2128 2312 2210 juxta
2350 2159 2562 2198 morem
2591 2142 2965 2199 monachicum
2992 2141 3391 2197 solemnissime
3420 2155 3557 2194 can-

262 2229 459 2277 tamus.

334 2321 423 2374 29.
456 2318 518 2371 In
546 2317 633 2373 die
664 2325 849 2374 sancto
878 2320 1104 2376 Pascha:
1132 2321 1272 2377 inter
1299 2326 1583 2382 matutinas
1614 2338 1666 2384 et
1696 2334 1945 2403 primam,
1980 2338 2204 2406 cunctis,
2238 2338 2293 2392 in
2325 2346 2584 2410 quantum
2616 2354 2802 2394 eorum
2835 2338 3016 2392 sinunt
3044 2334 3383 2400 obedientiae,
3408 2333 3558 2388 laicis

258 2416 618 2487 praesentibus
647 2425 700 2472 et
730 2419 1273 2489 communicantibus,
1308 2439 1374 2478 ea
1413 2426 1726 2483 celebritate
1769 2446 1872 2500 qua
1919 2433 2217 2490 Dominicis
2271 2434 2407 2491 solet
2445 2436 2639 2492 diebus
2685 2436 2853 2490 missa
2907 2440 3169 2499 cantatur,
3220 2431 3436 2486 duobus
3475 2428 3557 2484 vel

260 2513 438 2569 tribus
466 2515 860 2571 monachorum
882 2517 1224 2571 sacerdotem
1236 2520 1568 2587 juvantibus.

336 2613 422 2665 30.
459 2611 519 2664 In
546 2610 743 2679 majori
764 2610 932 2666 missa
961 2613 1321 2669 communicat
1348 2628 1662 2686 conventus,
1699 2630 1751 2677 et
1785 2625 1875 2695 qui
1903 2625 1970 2680 de
2000 2626 2152 2680 laicis
2184 2626 2635 2682 communicaturi
2665 2632 2808 2679 sunt.

335 2709 423 2762 3t.
459 2707 624 2762 Totos
655 2715 888 2778 quatuor
915 2708 1016 2762 hos
1047 2708 1163 2764 dies
1191 2711 1583 2770 celeberrimos
1628 2718 1893 2776 ducimus.
1946 2722 2098 2778 Feria
2147 2724 2401 2790 secunda,
2442 2723 2618 2789 tertia,
2669 2729 2862 2793 quarta
2898 2721 2954 2775 in
2982 2718 3261 2775 matutinis
3306 2717 3557 2773 laudibus

262 2802 402 2857 duas
451 2803 703 2859 candelas
753 2803 1100 2859 accendimus
1145 2805 1533 2881 incensumque
1582 2813 1881 2872 offerimus.
1923 2820 2079 2875 Feria
2110 2828 2299 2891 quarta
2342 2820 2603 2875 recedunt
2630 2819 2774 2874 laici.
2826 2818 3041 2887 Quinta,
3076 2824 3246 2882 sexta,
3297 2815 3554 2880 Sabbato,

262 2905 475 2953 sextam
502 2898 558 2952 in
588 2898 817 2954 ecclesia
838 2908 1112 2981 cantantes
1130 2902 1289 2956 simul
1305 2905 1598 2963 reficimus.
1622 2911 2100 2972 Hebdomadarum
2130 2918 2351 2973 Pascha:
2368 2924 2418 2971 et
2439 2917 2791 2972 Pentecostes
2810 2914 3086 2985 prioribus
3116 2913 3309 2968 diebus
3337 2920 3563 2982 quatuor

260 2994 471 3049 nullum
501 2995 719 3051 omnino
757 3004 1069 3051 sanctorum
1099 2996 1295 3052 festum
1325 3002 1683 3062 celebramus.
1716 3009 1907 3066 Tribus
1936 3028 2067 3068 vero
2098 3012 2501 3084 posterioribus,
2538 3013 2583 3067 si
2613 3012 2776 3067 trium
2796 3011 3087 3067 lectionum
3118 3009 3314 3063 festum
3361 3021 3559 3062 occur-

256 3092 413 3242 Erit,
448 3091 619 3148 solam
649 3093 1241 3164 commemorationem,
1276 3096 1360 3151 sin
1385 3106 1564 3156 autem
1598 3103 1906 3177 duodecim,
1931 3118 2101 3165 totum
2130 3111 2381 3167 facimus.
2437 3109 2801 3181 Responsoria
2842 3107 3114 3180 paschalia
3154 3104 3556 3178 quatuordecim

301 3187 453 3242 'ebus
483 3197 786 3242 cantamus.

318 3197 453 3243 BDUS
483 3197 760 3244 cantamus
773 3229 786 3243 .

330 3288 417 3341 32.
450 3288 615 3341 Actus
642 3285 1009 3355 apostolorum
1040 3285 1213 3341 tribus
1244 3285 1694 3355 hebdomadibus,
1728 3288 2019 3341 canonicas
2049 3303 2181 3341 vero
2229 3286 2500 3357 Epistolas
2548 3285 2749 3341 exinde
2798 3300 2970 3355 usque
3015 3284 3085 3337 ad
3126 3281 3551 3345 Ascensionem;

256 3387 309 3435 et
338 3380 407 3435 ab
436 3381 770 3437 Ascensione
800 3398 975 3453 usque
1003 3383 1073 3437 ad
1104 3384 1458 3439 Pentecosten
1504 3383 1891 3455 Apocalypsim
1931 3385 2335 3452 tantummodo,
2368 3383 2564 3455 partim
2593 3383 2646 3437 in
2679 3382 2931 3448 ecclesia,
2965 3380 3159 3452 partim
3190 3380 3246 3435 in
3272 3377 3557 3434 refectorio

259 3477 613 3547 perlegimus.

332 3576 419 3629 33.
451 3573 611 3630 Feria
637 3574 794 3631 tertia
823 3575 1189 3647 Rogationum
1219 3572 1392 3630 semel
1418 3568 1712 3631 reﬁcimus,
1747 3564 1845 3620 sed
1875 3565 2163 3637 coquinam
2193 3565 2441 3620 facimus.

876 3674 883 3677 ’
1607 3683 2193 3739 COMMENTARIUM.

254 3784 479 3856 speciali
499 3800 619 3857 cap.
654 3789 721 3839 35
749 3784 935 3856 primae
954 3786 1121 3857 partis
1150 3785 1491 3856 antiquorum
1520 3783 1850 3836 Statutorum
1878 3786 1933 3843 Α
1955 3780 2052 3836 Hic
2082 3792 2347 3848 apparere
2377 3776 2563 3847 incipit
2590 3792 2721 3831 usus
2763 3776 3025 3831 festorum
3058 3771 3399 3841 solemnium,
3430 3785 3552 3841 quae

1627 165 2231 227 CONSUETUDINES.
3471 181 3575 235 646

256 3873 379 3928 fuse
410 3889 729 3944 expressum
758 3874 1009 3939 habetur,
1054 3881 1213 3943 prout
1263 3872 1395 3927 ratio
1443 3870 1855 3926 condendorum

255 3968 584 4015 statutorum
606 3961 791 4031 exigit.
828 3961 1076 4016 Monachi
1106 3961 1161 4014 in
1195 3960 1495 4015 claustrum
1526 3957 1686 4012 simul
1718 3972 1855 4013 con-

253 4048 548 4104 veniebant
570 4049 735 4104 certis
763 4049 977 4115 diebus,
1020 4057 1071 4104 et
1121 4048 1228 4103 alia
1256 4048 1525 4103 faciebant
1551 4046 1619 4101 de
1659 4046 1856 4117 quibus

251 4152 354 4191 suo
388 4137 509 4193 loco
557 4145 769 4207 agetur.
815 4137 915 4193 Hic
953 4144 1158 4191 tantum
1191 4136 1512 4192 adnotamus
1561 4134 1696 4188 nihil
1726 4133 1856 4188 novi

252 4224 455 4279 debere
488 4224 736 4296 imputari
765 4241 837 4281 ex
869 4227 972 4281 hoc
1001 4226 1124 4281 loco
1150 4224 1547 4295 posterioribus
1597 4224 1661 4278 It.
1708 4220 1855 4276 Patri

252 4312 489 4383 Guigoni
521 4314 791 4380 Patribus,
817 4314 907 4385 qui
936 4314 991 4369 in
1024 4313 1261 4383 antiquis
1282 4311 1497 4367 statutis
1528 4318 1760 4383 egerunt
1786 4311 1855 4364 de

251 4401 717 4456 rec’ordationibus
770 4420 783 4456 :
830 4418 955 4456 nam
1025 4402 1130 4456 late
1204 4408 1407 4455 tantum
1473 4400 1747 4469 explicant
1802 4405 1855 4452 et

252 4488 472 4543 firmant
501 4505 663 4545 usum
694 4490 976 4560 antiquum
1006 4489 1465 4558 recordationum,
1517 4487 1609 4559 qui
1654 4487 1741 4541 hic
1777 4486 1855 4540 in-

252 4576 550 4648 digitatur;
585 4579 683 4633 sed
711 4578 932 4647 clarius,
977 4578 1245 4634 succincte
1282 4585 1483 4645 tamen,
1534 4574 1854 4647 exprimitur

254 4662 397 4718 infra
420 4680 541 4736 cap.
576 4670 628 4720 9.

322 4754 487 4809 Num.
521 4758 610 4810 28.
645 4754 879 4810 Sabbato
911 4755 1164 4810 cantatis
1184 4756 1249 4809 in
1278 4754 1514 4809 cellula.
1547 4753 1606 4806 Id
1624 4759 1707 4807 est
1725 4767 1851 4821 per-

251 4840 464 4909 solutis,
498 4859 623 4897 nam
653 4851 808 4897 extra
837 4843 1063 4897 chorum
1103 4842 1246 4913 apud
1276 4856 1684 4912 nosnunquam
1724 4838 1850 4895 offi—
1898 4857 1903 4862 ’

250 4929 339 4984 cia
370 4929 551 4983 divina
578 4930 793 4985 fuerunt
824 4938 1055 5000 cantata,
1091 4938 1145 4984 et
1171 4930 1448 5001 piissimus
1479 4928 1707 4999 scriptor
1735 4926 1852 4981 fere

251 5017 453 5088 ubique
482 5018 707 5073 verbum
731 5022 965 5074 cantare
986 5034 1083 5089 pro
1112 5020 1426 5090 persolvere
1457 5024 1704 5086 usurpat.

1957 3870 2081 3924 ideo
2138 3865 2511 3923 candelarum
2548 3864 2601 3918 in
2632 3864 2867 3935 antiquis
2917 3861 3130 3917 statutis
3177 3868 3230 3916 et
3276 3859 3551 3915 veteribus

1956 3956 2113 4011 libris
2141 3955 2350 4011 ordinis
2381 3953 2741 4024 appellantur,
2776 3952 2904 4023 quia
2932 3951 2987 4005 in
3029 3950 3247 4023 signum
3294 3946 3554 4003 solemnis

1956 4044 2141 4116 gaudii
2171 4043 2225 4097 in
2257 4042 2527 4097 matutinis
2558 4048 2611 4097 et
2659 4041 2904 4111 vesperis
2949 4040 3168 4095 illarum
3205 4037 3557 4093 festivitatum

1956 4133 2100 4189 cerei
2127 4132 2584 4187 accendebantur.

2024 4222 2189 4275 Num.
2224 4225 2313 4274 33.
2344 4251 2412 4259 —
2442 4221 2605 4274 Feria
2638 4221 2811 4274 tertia
2842 4221 3212 4288 [legationum
3229 4220 3404 4275 semel
3433 4219 3557 4288 reﬁ-

1955 4311 2156 4375 cimus,
2182 4310 2277 4364 sed
2306 4310 2605 4379 coquinam
2636 4308 2900 4377 facimus.
2945 4308 3004 4360 In
3052 4307 3288 4378 antiquis
3330 4307 3554 4363 Statutis

1954 4414 1973 4452 ι
2005 4405 2150 4467 part.
2190 4412 2311 4467 cap.
2348 4398 2434 4463 17,
2468 4411 2525 4450 N.
2575 4398 2627 4463 6,
2672 4394 2872 4466 legitur
2905 4412 2918 4447 :
2952 4396 3115 4449 Feria
3165 4397 3337 4451 tertia
3366 4399 3423 4450 et
3459 4410 3551 4451 se-

1954 4486 2141 4541 cunda
2162 4485 2534 4554 [legationum
2555 4483 2726 4538 semel
2758 4482 3061 4550 reficimus,
3086 4483 3179 4538 sed
3200 4484 3347 4553 feria
3381 4484 3553 4537 tertia

1954 4590 2110 4629 caseo
2132 4578 2188 4628 et
2211 4574 2325 4628 ovis
2360 4573 2491 4628 licet
2518 4572 2625 4626 uti.
2656 4570 2742 4625 Ad
2772 4569 3185 4641 intelligendum
3216 4578 3395 4624 autem
3425 4569 3553 4641 quid

1954 4662 2056 4716 sibi
2085 4662 2212 4717 velit
2244 4662 2312 4716 R.
2354 4661 2412 4714 P.
2448 4659 2628 4732 Guigo
2658 4658 2825 4715 verbo
2855 4659 3106 4729 coquinae
3134 4657 3191 4711 in
3214 4658 3320 4713 hoc
3350 4665 3401 4712 et
3432 4657 3553 4712 aliis

1953 4749 2107 4819 locis,
2143 4749 2421 4805 sciendum
2460 4756 2543 4803 est
2599 4755 2726 4802 tunc
2772 4746 2941 4801 fuisse
2992 4747 3046 4800 in
3092 4762 3192 4800 usu
3238 4744 3383 4816 apud
3431 4760 3550 4813 nos,

1952 4834 2115 4905 idque
2139 4850 2238 4904 per
2272 4834 2423 4904 plura
2452 4832 2653 4888 saecula
2683 4831 3053 4886 continuatum
3084 4830 3274 4895 fuisse,
3322 4836 3382 4882 ut
3428 4844 3552 4883 mo-

1951 4922 2109 4977 nachi
2136 4930 2348 4992 partem
2377 4921 2549 4976 victus
2602 4920 2685 4975 sui
2734 4919 2836 4973 sibi
2885 4925 3181 4990 coquercnt
3227 4917 3284 4971 in
3330 4916 3555 4987 propria

1952 5011 2109 5077 cella,
2141 5009 2278 5065 offas
2308 5025 2504 5079 nempe
2533 5017 2586 5064 et
2616 5008 2867 5080 quaedam
2898 5006 3174 5078 legumina
3220 5006 3407 5076 eisque
3444 5013 3554 5060 tan-

317 5105 481 5160 Num.
514 5110 603 5161 29.
638 5107 860 5162 Duobus
899 5107 985 5162 vel
1016 5106 1197 5162 tribus
1217 5106 1625 5161 monachorum
1659 5119 1850 5158 sacer-
1871 5132 1926 5191 B
1951 5106 2061 5152 tum
2119 5098 2516 5151 ministraretur
2570 5113 2600 5150 a
2654 5095 2967 5167 coquinario
2990 5136 3003 5161 ,
3065 5102 3118 5149 et
3177 5094 3552 5165 dispensatore

248 5192 435 5248 dotem
468 5195 828 5264 juvantibus.
886 5194 1016 5248 Inde
1064 5201 1293 5265 apparet
1333 5194 1478 5264 quod
1532 5200 1660 5247 tunc
1706 5198 1854 5246 recto

250 5287 458 5335 tantum
488 5288 615 5336 tono
664 5282 891 5337 missam
934 5282 1095 5337 istam
1131 5290 1448 5347 cantarent;
1491 5296 1633 5335 nunc
1668 5295 1855 5335 mona-

252 5368 339 5423 chi
372 5384 562 5425 omnes
592 5370 717 5425 huic
764 5370 947 5425 missae
995 5370 1257 5425 assistunt
1305 5378 1357 5425 et
1407 5385 1528 5425 cum
1576 5368 1722 5423 notis
1752 5367 1853 5423 de-

254 5465 492 5511 cantant.

313 5545 476 5600 Num.
502 5548 589 5600 3t.
617 5546 784 5602 Feria
812 5546 1076 5613 secunda,
1106 5552 1234 5614 etc.,
1262 5544 1403 5603 duas
1423 5543 1712 5611 candelas,
1747 5549 1850 5600 etc.

1956 5186 2232 5243 communi
2250 5186 2428 5256 panis,
2452 5185 2639 5239 vinum
2670 5191 2723 5238 et
2753 5184 2808 5238 id
2838 5184 2983 5254 quod
3012 5183 3066 5237 in
3096 5182 3375 5254 plerisque
3414 5182 3550 5237 locis

1957 5274 2419 5331 Consuetudinum
2452 5274 2513 5329 R.
2549 5274 2607 5328 Ρ.
2642 5272 2910 5344 Guigonis
2934 5272 3193 5343 pitantia
3224 5270 3549 5341 appellatur.

1957 5364 2253 5436 Coquinam
2284 5380 2417 5435 ergo
2444 5362 2607 5418 istam
2634 5377 2854 5430 semper
2880 5359 2984 5415 sibi
3014 5359 3283 5416 faciebant
3311 5356 3551 5426 exceptis

1954 5453 2150 5507 diebus
2181 5452 2538 5519 abstinentiae,
2570 5458 2622 5504 et
2651 5450 2845 5504 diebus
2873 5449 3170 5516 refectorii,
3205 5446 3400 5517 quibus
3428 5453 3553 5498 tunc

1958 5542 2118 5597 simul
2144 5542 2200 5596 in
2243 5538 2533 5596 refectorio
2570 5537 2947 5595 comedebant.
2982 5537 3157 5591 Locus
3202 5533 3551 5604 antiquorum
