3978 6050
458 169 563 223 647

1277 171 1620 229 GUIGONIS
1668 173 1689 225 Ι
1734 169 2143 227 ΟΑΒΤΗΗΞΙᾸΞ
2192 169 2488 228 MAIORIS
2532 171 2811 229 PRIORIS
2863 174 2929 228 V.

3647 178 3751 231 648

527 292 614 343 34.
640 290 699 343 In
728 288 911 359 vigilia
941 289 1291 345 Ascensionis
1323 299 1528 345 sextam
1559 298 1612 345 et
1641 290 1862 345 missam
1894 292 1948 345 in
1968 292 2203 349 ecclesia
2232 304 2553 363 cantamus;
2587 297 2977 353 Ascensionem
3008 294 3361 351 celeberrime
3393 296 3640 355 colimus.

522 390 609 440 35.
643 387 703 439 In
732 386 921 456 vigilia
954 387 1301 441 Pentecostes
1330 401 1528 441 nonam
1558 394 1610 440 et
1638 386 1857 439 missam
1904 386 1960 440 in
1990 387 2223 444 ecclesia
2265 392 2515 459 dicimus,
2564 401 2841 464 totamque
2889 391 3289 447 hebdomadam
3331 391 3471 448 sicut
3514 395 3750 450 Pascha-

452 482 560 537 lem
590 482 951 550 ducurrimus,
983 483 1086 537 nisi
1118 483 1261 554 quod
1290 482 1428 537 feria
1472 489 1667 553 quarta
1721 490 1774 535 et
1823 483 2075 549 Sabbato,
2127 494 2337 541 sextam
2378 496 2500 558 post
2554 489 2778 543 missam
2822 488 2939 544 sine
2970 488 3257 545 intervallo
3297 496 3597 544 cantamus.
3639 491 3756 547 Hac

454 579 654 650 quippe
684 579 1026 635 hebdomada
1042 580 1248 648 jejunia
1278 578 1523 648 Quatuor
1552 579 1879 649 Temporum
1910 580 2164 637 facimus.

1851 704 2247 761 CAPITULUM
2287 707 2350 761 V.

1802 802 1940 858 Item
1996 804 2145 858 unde
2215 818 2406 873 supra.

530 900 579 949 1.
617 896 739 949 Post
769 896 1168 951 hebdomadam
1196 897 1358 961 hanc,
1389 896 1477 951 die
1510 912 1833 968 quacunque
1864 897 2060 951 festum
2091 899 2408 965 occurrerit,
2444 899 2611 954 libros
2640 901 2852 972 Regum
2881 898 3189 971 incipimus,
3222 901 3573 971 responsoria
3616 916 3751 957 vero

455 993 702 1061 ejusdem
731 993 971 1049 historiae
1003 995 1251 1065 sequenti
1280 994 1587 1050 Dominica.

524 1094 576 1146 2.
611 1092 655 1143 A
686 1090 945 1145 Kalendis
976 1090 1206 1162 Augusti
1235 1106 1406 1161 usque
1435 1091 1506 1145 ad
1538 1089 1809 1144 Kalendas
1839 1090 2194 1160 Septembris,
2254 1078 2568 1157 Parabolas,
2594 1090 2978 1157 Ecclesiasten,
3032 1091 3228 1145 librum
3258 1090 3566 1162 Sapientiae,
3601 1099 3655 1145 et
3683 1090 3757 1145 de

455 1186 837 1242 Ecclesiastico
869 1196 1127 1258 quantum
1156 1196 1369 1259 tempus
1399 1188 1679 1258 permittit,
1708 1187 1965 1259 legimus.

529 1286 580 1337 3.
616 1283 887 1339 Kalendas
918 1284 1274 1355 Septembris,
1309 1286 1410 1339 Job
1441 1285 1654 1339 duabus
1685 1286 2002 1356 septimanis
2033 1289 2149 1345 sive
2179 1289 2372 1355 tribus,
2407 1289 2617 1343 duabus
2646 1287 3000 1360 sequentibus
3027 1286 3273 1353 Tobiam,
3303 1286 3505 1353 Judith,
3536 1286 3755 1341 Esther.

522 1383 575 1437 4.
610 1383 657 1436 Α
678 1382 936 1436 Kalendis
967 1382 1221 1438 Octobris
1252 1399 1425 1454 usque
1463 1383 1531 1437 ad
1552 1384 1938 1453 Novembrem,
1972 1387 2409 1443 Machabzeorum
2440 1386 2628 1441 libros.

522 1482 574 1532 5.
607 1480 851 1551 Totoque
882 1481 987 1535 hoc
1016 1488 1280 1551 tempore,
1313 1480 1368 1534 id
1398 1488 1480 1535 est
1509 1496 1538 1533 a
1568 1480 1886 1537 Pentecoste
1914 1500 2087 1554 usque
2117 1484 2186 1539 ad
2214 1485 2545 1541 Novembris
2591 1483 2884 1550 Kalendas,
2943 1498 3067 1548 una,
3118 1481 3222 1537 nisi
3270 1480 3466 1536 festum
3513 1479 3745 1545 intersit,

451 1574 704 1640 lectione,
742 1576 882 1631 sicut
909 1576 1087 1631 caeteri
1117 1576 1387 1645 monachi,
1440 1577 1680 1633 contenti
1712 1594 1916 1633 sumus.

525 1676 577 1727 6.
610 1674 904 1744 Nunquam
935 1681 1115 1728 autem
1140 1689 1242 1744 pro
1273 1674 1435 1728 trium
1464 1674 1755 1730 lectionum
1786 1676 1945 1742 festo,
1978 1674 2238 1730 lectiones
2267 1676 2521 1731 Historia:
2566 1674 2901 1739 dimittimus,
2935 1673 3038 1727 nisi
3088 1673 3143 1727 in
3172 1672 3355 1745 vigilia
3394 1671 3608 1739 Natalis
3638 1673 3751 1727 Βο-

451 1767 603 1834 mini,
638 1776 690 1824 et
720 1769 895 1824 tribus
916 1777 1039 1840 post
1070 1770 1266 1824 festum
1299 1771 1654 1825 Innocentum
1703 1771 1895 1827 diebus
1942 1780 1991 1827 et
2038 1771 2471 1826 hebdomadibus
2511 1772 2734 1826 Paschae
2765 1779 2817 1825 et
2862 1770 3230 1833 Pentecostes,
3274 1777 3326 1823 et
3354 1767 3490 1822 infra
3531 1775 3751 1823 octavas

454 1864 858 1935 Assumptionis
888 1866 1062 1921 beatae
1085 1866 1288 1921 Mariae.

522 1962 577 2016 7.
609 1961 981 2017 Invitatorium
1015 1963 1177 2033 igitur
1205 1970 1411 2017 tantum
1442 1971 1493 2017 et
1524 1960 1796 2029 versiculi,
1818 1968 1871 2014 et
1902 1958 2252 2030 responsoria
2287 1968 2341 2015 et
2370 1961 2663 2028 orationes,
2697 1967 2750 2014 et
2788 1957 3064 2013 matutinae
3091 1956 3301 2023 laudes,
3333 1956 3431 2011 sed
3461 1964 3513 2011 et
3541 1956 3610 2010 ad
3630 1956 3751 2027 pri-

451 2073 595 2112 mam
624 2058 937 2129 antiphona,
971 2059 1040 2113 ad
1070 2059 1281 2113 tertiam
1312 2076 1525 2130 quoque
1557 2066 1608 2112 et
1639 2064 1864 2121 sextam,
1900 2056 1945 2110 si
1975 2056 2145 2111 semel
2174 2058 2559 2126 prandendum
2590 2064 2691 2122 est,
2731 2056 2815 2110 sin
2863 2063 3042 2109 autem
3072 2053 3155 2108 bis
3179 2054 3249 2108 ad
3279 2053 3491 2107 tertiam
3522 2060 3749 2120 tantum,

458 2153 789 2224 antiphome,
824 2171 1015 2209 versus
1054 2163 1104 2208 et
1134 2155 1430 2220 orationes,
1462 2170 1561 2223 pro
1592 2153 1684 2206 tali
1711 2152 1848 2207 festo
1879 2152 2150 2207 dicuntur.

530 2256 580 2304 8.
614 2251 885 2306 Dominus
916 2253 1171 2321 regnavit
1192 2266 1302 2304 non
1320 2250 1493 2304 solum
1524 2250 1578 2303 in
1608 2248 1805 2303 talibus
1835 2248 2007 2313 festis,
2044 2250 2141 2303 sed
2174 2249 2332 2303 etiam
2361 2264 2391 2302 a
2420 2248 2709 2306 Nativitate
2740 2263 2910 2319 usque
2951 2246 3021 2301 ad
3060 2254 3279 2301 octavas
3326 2244 3660 2315 Epiphania,
3697 2253 3749 2299 et

456 2361 489 2400 a
518 2346 729 2402 Pascha
757 2362 930 2417 usque
958 2347 1027 2401 ad
1054 2355 1272 2403 octavas
1302 2348 1669 2414 Pentecostes,
1703 2345 1772 2400 ad
1802 2344 2093 2411 matutinas
2115 2345 2303 2399 laudes
2327 2345 2567 2415 quotidie
2596 2344 2855 2399 dicimus.

1841 2469 2240 2525 CAPITULUM
2276 2469 2366 2525 VI.

1789 2564 1930 2619 Item
1988 2564 2140 2619 unde
2194 2582 2394 2638 supra.

523 2664 591 2717 Et
617 2664 720 2718 hoc
752 2663 1033 2719 sciendum
1066 2664 1210 2735 quod
1240 2664 1295 2719 in
1323 2663 1474 2719 nulla
1505 2662 1844 2718 solemnitate
1873 2661 2281 2731 processionem
2324 2662 2572 2732 facimus,
2606 2677 2709 2719 nec
2749 2662 2918 2718 ullum
2973 2661 3166 2718 festum
3196 2660 3284 2717 vel
3312 2660 3553 2732 vigiliam
3604 2670 3744 2716 tran-

456 2767 779 2815 smutamus.

1828 2824 2027 2879 CAPIT
2032 2824 2221 2880 ULUM
2250 2826 2365 2879 VII.

1744 2923 1817 2977 De
1876 2918 2061 2991 ofﬁcio
2120 2921 2481 2976 Domi-nicali.

527 3022 578 3072 1.
612 3015 773 3071 Omni
796 3014 1034 3069 Sabbato
1063 3020 1186 3083 post
1214 3026 1413 3066 nonam
1442 3010 1497 3063 in
1526 3010 1825 3065 claustrum
1854 3012 2245 3079 convenimus;
2279 3014 2541 3069 lectiones
2562 3021 2614 3068 et
2653 3020 2848 3069 caetera
2869 3015 3174 3071 necessaria
3204 3017 3512 3072 recolimus.

522 3118 577 3170 2.
611 3114 678 3167 Et
709 3111 832 3183 quia
863 3118 974 3165 tota
1002 3107 1343 3163 hebdomada
1373 3106 1427 3160 in
1456 3106 1612 3162 cellis
1634 3106 1905 3162 silentium
1935 3116 2203 3176 tenemus,
2252 3118 2476 3180 peccata
2523 3116 2713 3164 nostra
2760 3110 2951 3181 priori,
3001 3111 3088 3166 vel
3139 3112 3333 3184 quibus
3371 3114 3438 3166 ab
3477 3128 3542 3169 eo
3570 3113 3745 3183 injun-

455 3216 601 3263 ctum
630 3216 731 3275 est,
775 3204 1110 3263 conﬁtemur.

527 3306 578 3357 3.
615 3302 773 3371 Quod
810 3302 856 3356 si
876 3317 1012 3356 nova
1044 3299 1393 3370 responsoria
1414 3299 1719 3355 inchoanda
1750 3308 1894 3367 sunt,
1929 3315 2186 3372 magnum
2218 3304 2628 3375 responsorium
2658 3304 2713 3358 in
2739 3304 2984 3376 vesperis
3015 3313 3317 3362 cantamus.

1802 3424 2389 3481 COMMENTARIUM.

456 3531 782 3580 statutorum
837 3522 1089 3594 exprimit
1134 3530 1343 3577 tantum
1384 3522 1527 3592 quod
1574 3522 1660 3576 hic
1704 3522 2046 3586 subauditur,
2070 3524 2129 3586 Α
2159 3522 2291 3594 tiqu.
2327 3523 2552 3593 Statut.,
2585 3539 2640 3577 n.
2675 3526 2761 3576 16.
2794 3523 2949 3577 Nunc
2979 3522 3186 3594 aliquas
3214 3526 3595 3594 processiones
3615 3526 3747 3581 faci-

450 3614 545 3668 sed
560 3613 615 3667 in
645 3612 765 3667 aliis
794 3612 932 3667 locis
948 3609 1412 3666 Consuetudinum
1432 3610 1496 3664 Β.
1523 3610 1581 3664 Ρ.
1613 3610 1880 3681 Guigonis
1904 3610 2049 3664 idem

450 3701 582 3755 satis
614 3698 950 3769 exprimitur,
970 3698 1063 3752 ubi
1084 3697 1387 3767 explicatur
1406 3696 1626 3767 quando
1657 3697 1776 3751 ovis
1808 3704 1861 3751 et
1885 3711 2049 3752 caseo

453 3788 531 3842 uti
562 3787 771 3841 licitum
800 3793 970 3841 esset.

522 3874 732 3928 Eadem
781 3890 901 3943 quae
948 3873 1004 3926 in
1047 3874 1151 3927 hoc
1197 3869 1433 3940 capitulo
1487 3870 1832 3926 continentur
1890 3872 2050 3927 etiam

450 3976 597 4016 nunc
652 3961 1043 4025 observantur,
1096 3959 1203 4013 imo
1246 3957 1490 4028 rigidius,
1543 3958 1665 4028 quia
1713 3976 1843 4014 usus
1892 3960 2051 4014 simul

451 4049 811 4105 conveniendi
836 4048 891 4102 in
910 4047 1209 4103 claustrum
1239 4046 1309 4100 ad
1340 4045 1747 4101 recordationes
1772 4047 2052 4103 faciendas

452 4137 751 4208 abrogatus
772 4144 872 4191 est.

524 4244 654 4298 CAP.
690 4243 754 4298 V.
789 4274 857 4283 —
890 4241 1168 4313 Quidquid
1195 4241 1282 4297 hic
1311 4242 1562 4309 habetur,
1596 4241 1757 4296 etiam
1806 4241 1861 4295 in
1907 4242 2050 4296 anti-

454 4330 574 4401 quis
606 4330 822 4385 Statutis
849 4330 1137 4400 reperitur,
1170 4345 1289 4401 cap.
1322 4334 1421 4396 21,
1443 4330 1611 4400 prim.
1666 4337 1833 4399 part.,
1865 4346 1959 4384 nn.
1998 4333 2046 4395 1,

451 4422 505 4483 2,
541 4422 571 4471 3
607 4425 659 4472 et
688 4420 739 4473 4.
772 4420 1014 4489 Itemque
1058 4435 1177 4488 cap.
1226 4422 1315 4485 20,
1341 4434 1394 4471 n.
1440 4422 1463 4471 1
1498 4436 1512 4484 ;
1554 4433 1676 4488 cap.
1718 4422 1808 4484 21,
1852 4434 1909 4473 n.
1945 4421 2049 4481 13;

453 4520 575 4575 cap.
611 4509 697 4571 30,
731 4522 786 4560 n.
832 4511 891 4571 1;
927 4520 1049 4575 cap.
1084 4510 1135 4573 5,
1166 4523 1221 4560 n.
1256 4508 1365 4571 42;
1397 4520 1519 4575 cap.
1552 4508 1604 4570 4,
1639 4522 1694 4558 η.
1728 4508 1781 4559 4.

523 4594 688 4648 Num.
743 4596 796 4647 7.
850 4595 909 4650 Si
954 4595 1127 4648 semel
1149 4592 1551 4663 prandendum
1582 4597 1686 4661 est,
1717 4594 1811 4647 sin
1858 4598 2052 4649 autem

455 4683 555 4737 bis.
590 4682 649 4736 Id
681 4689 763 4736 est
793 4681 838 4735 si
868 4681 939 4735 sit
966 4681 1083 4735 dies
1113 4697 1217 4751 qua
1268 4681 1350 4734 bis
1399 4680 1738 4745 comedatur,
1791 4688 1844 4735 et
1894 4697 2051 4736 caena

454 4771 591 4825 sicut
638 4777 691 4824 et
735 4768 1025 4840 prandium
1069 4768 1404 4823 ministretur
1431 4811 1444 4834 ,
1490 4768 1677 4839 sicque
1724 4768 1853 4823 bina
1907 4769 2051 4824 refe-

2153 3627 2292 3676 mus,
2322 3618 2433 3665 tum
2464 3627 2530 3665 ex
2553 3610 2866 3680 praescripto
2918 3611 3198 3676 Ecclesiae,
3232 3621 3287 3666 ut
3326 3612 3381 3666 in
3411 3613 3746 3669 solemnitate

2154 3698 2414 3769 Corporis
2461 3698 2678 3762 Christi,
2738 3706 2851 3752 tum
2901 3698 3191 3769 aliquando
3221 3716 3287 3755 ex
3329 3700 3647 3768 devotione;
3698 3708 3751 3755 et

2155 3787 2257 3841 hoc
2286 3785 2464 3856 potius
2493 3787 2563 3840 ad
2591 3785 2803 3856 pietatis
2832 3793 3185 3858 augmentum
3213 3788 3465 3858 pertinet,
3490 3804 3653 3859 quam
3678 3788 3745 3843 ad

2154 3873 2425 3929 defectum
2439 3916 2452 3928 .

2226 4016 2357 4070 CAP.
2393 4016 2508 4070 VII.
2541 4046 2610 4055 —
2634 4016 2796 4071 Num.
2834 4020 2884 4071 1.
2921 4016 3087 4071 Omni
3116 4014 3350 4072 Sabbato
3364 4020 3489 4087 post
3511 4032 3745 4086 nonam,

2155 4111 2258 4159 etc.
2296 4104 2357 4157 In
2385 4104 2605 4159 Statutis
2636 4103 2890 4175 antiquis,
2926 4120 3044 4174 cap.
3082 4106 3170 4171 35,
3195 4103 3273 4159 sic
3310 4103 3507 4174 legitur
3538 4121 3551 4158 :
3584 4105 3750 4160 Omni

2154 4192 2376 4248 sabbato
2406 4196 2463 4247 et
2492 4194 2555 4247 in
2576 4194 2781 4263 vigiliis
2810 4194 3089 4261 festorum
3118 4191 3407 4247 duodecim
3440 4193 3748 4248 lectionum

2154 4282 2300 4335 etin
2326 4281 2521 4352 vigilia
2569 4281 2736 4336 C(ena
2766 4282 3017 4335 Domini.
3077 4280 3225 4334 Idem
3272 4288 3450 4335 autem
3496 4279 3749 4350 exprimit

2153 4368 2293 4422 infra
2324 4369 2385 4423 R.
2420 4370 2476 4423 P.
2512 4368 2712 4439 Guigo,
2737 4382 2860 4438 cap.
2893 4371 2943 4421 9.
2970 4383 3024 4421 n.
3069 4371 3121 4421 3.
3156 4367 3263 4421 Sed
3290 4367 3379 4423 hic
3416 4368 3485 4422 de
3514 4367 3749 4422 Sabbato

2154 4464 2359 4511 tantum
2391 4457 2720 4511 mentionem
2751 4456 2880 4512 facit
2910 4456 2979 4510 ad
3001 4455 3411 4525 exprimendum
3432 4456 3576 4527 quod
3597 4453 3751 4509 ﬁeret

2152 4544 2206 4598 in
2240 4544 2476 4600 Sabbato
2518 4544 2695 4615 primo
2744 4543 3076 4610 recordatio,
3126 4558 3190 4599 ac
3230 4543 3429 4600 deinde
3478 4542 3752 4600 confessio

2154 4632 2586 4688 sacramentalis.

2222 4758 2382 4809 Num.
2416 4760 2469 4811 2.
2504 4757 2573 4810 Et
2605 4758 2741 4827 quia
2776 4760 2895 4812 tota
2917 4756 3257 4812 hebdomada
3286 4757 3349 4811 in
3378 4755 3539 4811 cellis
3568 4756 3748 4810 silen-

452 4858 560 4913 ctio
606 4858 902 4923 habeatur;
949 4857 1091 4912 unde
1142 4857 1197 4910 in
1247 4857 1442 4912 ordine
1500 4873 1633 4910 usus
1688 4856 1932 4925 invaluit,
1995 4865 2052 4911 ut
2079 4846 2320 4928 Βτὶιιτη»
2355 4852 2457 4899 θίο·
2494 4843 2763 4910 Subandi.
2796 4844 2901 4898 Πίεί
2933 4860 3062 4899 03511
3112 4843 3408 4909 advenerit,
3450 4859 3559 4914 (Ιυο
3601 4844 3751 4910 lima

453 4945 571 4999 dies
632 4946 829 5015 quibus
882 4959 992 4999 non
1034 4946 1311 5015 jejunatur
1340 4988 1352 5011 ,
1410 4946 1529 5000 dies
1559 4945 1702 5001 binae
1740 4945 2047 5000 refectionis

455 5041 737 5088 vocentur.

2153 4932 2397 5000 ejusdem
2427 4933 2491 4985 R.
2516 4932 2691 4985 Patris
2724 4931 2991 5003 Guigonis
3014 4931 3447 4988 Consuetudines
3478 4929 3749 4987 silentium

2150 5019 2326 5089 frangi
2357 5018 2705 5089 permittitur,
2749 5028 2807 5073 ut
2836 5019 2972 5074 infra
3011 5018 3303 5075 notabitur.
3337 5019 3488 5074 Idem
3517 5016 3753 5073 refertur

525 5121 689 5176 Num.
722 5124 774 5174 8.
807 5121 1078 5177 Dominus
1120 5124 1395 5193 regnavit,
1431 5130 1558 5191 etc.,
1611 5123 1682 5177 ad
1725 5124 2044 5177 matutinas

2164 5121 2278 5176 :ap.
2320 5110 2403 5172 11,
2438 5122 2477 5160 ll
2504 5114 2641 5176 part.
2675 5105 2841 5178 antiq.
2878 5108 3069 5162 Statut.

459 5209 671 5266 laudes.
706 5209 802 5264 Hic
832 5208 986 5265 locus
1014 5210 1219 5266 indicat
1248 5210 1399 5265 illum
1433 5208 1581 5281 loqui
1606 5210 1675 5264 de
1706 5210 1835 5265 solis
1868 5209 2049 5263 laudi-

456 5296 579 5367 bus,
612 5298 830 5369 quando
859 5296 985 5352 alibi
1015 5298 1099 5353 his
1128 5298 1312 5354 verbis
1341 5298 1527 5364 utitur,
1560 5313 1775 5367 nempe,
1809 5298 2051 5353 matuti-

455 5388 548 5441 nis
582 5386 839 5443 laudibus
853 5428 865 5440 .

525 5473 657 5528 CAP.
690 5474 781 5530 VI.
816 5474 967 5530 Idem
1011 5472 1246 5531 refertur
1292 5488 1410 5544 cap.
1461 5476 1485 5525 1
1540 5473 1700 5543 prim.
1752 5480 1896 5543 part.
1948 5488 2052 5527 an-

2226 5211 2361 5266 Ibid.
2396 5213 2584 5267 Priori
2612 5213 2697 5267 vel
2719 5211 2917 5283 quibus
2947 5212 3015 5267 ab
3046 5228 3106 5268 eo
3135 5212 3464 5283 injunctum
3492 5215 3598 5267 est.
3619 5207 3751 5265 Inde

2117 5307 2302 5371 opatet
2341 5300 2487 5371 quod
2525 5307 2653 5355 tunc
2699 5300 2961 5371 temporis
3009 5300 3410 5371 deputabantur
3439 5298 3654 5370 quidam
3681 5296 3750 5351 ad

2155 5387 2527 5443 confessiones
2557 5388 2892 5454 audiendas,
2926 5396 3087 5459 prout
3130 5405 3275 5443 nunc
3320 5389 3396 5452 ﬁt,
3433 5394 3485 5442 et
3526 5387 3750 5441 libertas

2156 5472 2388 5527 dabatur
2412 5470 2819 5542 paenitentibus,
2856 5487 3017 5543 quem
3046 5472 3245 5529 vellent
3274 5469 3533 5544 eligendi.
