3978 6050
210 267 314 323 669
1556 267 1810 324 CONSUI

1913 266 2156 323 lDINES.
3406 270 3509 324 650

284 393 336 445 4.
368 392 671 457 Dominica,
721 401 843 463 post
896 394 1144 464 primam,
1193 393 1489 464 capitulum
1534 400 1803 447 tenemus.
1856 392 1986 446 Inde
2034 391 2286 446 fratribus
2326 391 2392 445 ad
2436 389 2604 445 cellas
2644 391 3014 457 redeuntibus,
3061 391 3105 445 si
3134 390 3298 445 missa
3325 406 3393 446 ea
3420 392 3508 449 die

207 488 475 542 cantanda
504 496 607 557 est,
643 490 697 544 id
729 497 810 544 est
840 490 884 543 si
918 490 1169 544 sacerdos
1199 490 1283 545 vel
1333 490 1645 545 sacerdotes
1696 488 2005 543 rationabili
2054 505 2161 543 non
2200 488 2562 558 impediantur
2600 488 2667 542 de
2698 504 2879 552 causa,
2936 489 3116 542 statim
3148 488 3365 560 signum
3396 489 3513 559 pul-

208 591 404 649 satur;
438 586 574 640 alias
623 587 767 640 enim
814 602 1098 658 usquequo
1140 587 1305 641 tertia
1354 587 1423 641 sit
1469 587 1701 642 dicenda
1750 586 1994 641 diﬂ'ertur
2030 603 2041 641 :
2077 587 2221 658 quod
2252 586 2503 656 spatium,
2543 594 2803 657 quantum
2836 585 3118 641 infirmitas
3146 586 3513 643 necessitasve

206 682 487 750 permittit,
521 684 892 754 spiritualibus
918 682 1252 755 profectibus
1282 684 1611 739 attribuitur.

292 782 343 833 5.
378 782 502 835 Post
533 781 649 837 11ωο
679 781 959 848 sacerdos,
994 789 1237 851 tempore
1287 795 1533 853 congruo
1582 782 1651 835 ad
1682 781 1969 837 ecclesiam
1999 797 2273 847 reversus,
2308 780 2566 850 induitur,
2602 781 2868 854 signoque
2901 784 3056 837 tertia
3086 783 3183 855 [al.
3218 781 3392 854 terna]
3424 783 3511 838 in-

207 882 414 938 cisione
443 880 675 951 pulsato,
708 880 1068 950 praesentibus
1099 880 1305 934 cunctis
1335 895 1474 950 aqua
1508 887 1773 933 sacratur.
1806 878 1978 947 Quam
2009 878 2266 933 sacerdos
2299 879 2629 949 spargendo,
2662 879 2825 933 altare
2847 879 3154 946 circuiens;
3188 889 3313 935 ante
3330 880 3510 952 ipsum

208 980 377 1034 altare
407 977 709 1042 monachis,
743 977 812 1030 ad
841 977 1037 1031 ostium
1070 976 1222 1031 chori
1272 976 1421 1031 laicis
1452 976 1737 1046 dispergit,
1772 976 2093 1030 canentibus
2125 975 2334 1030 caeteris
2364 975 2733 1045 antiphonam,
2768 976 3037 1047 Asperges
3064 993 3153 1032 me
3178 997 3196 1045 ;
3229 993 3510 1032 reversus-

209 1093 318 1147 que
348 1076 416 1130 ad
447 1073 726 1129 lectorium
758 1073 905 1127 addit
933 1089 1175 1143 precem,
1212 1074 1450 1129 Ostende
1480 1073 1655 1141 nobis,
1687 1074 1939 1137 Domine,
1988 1073 2435 1129 misericordiam
2479 1078 2659 1139 tuam,
2694 1073 2893 1129 deinde
2924 1076 3194 1130 Dominus
3226 1075 3508 1133 vobiscum

204 1182 259 1229 et
292 1172 587 1228 orationem
616 1172 774 1237 banc,
810 1172 1032 1225 Exaudi
1048 1188 1169 1239 nos,
1196 1171 1447 1234 Domine,
1483 1174 1675 1225 sancte
1706 1172 1899 1225 Pater.
1933 1171 2080 1237 Post,
2116 1170 2331 1224 tertiam
2361 1168 2599 1235 inchoat,
2636 1186 2797 1241 quam
2830 1170 3075 1242 sequitur
3100 1172 3285 1228 missa.

281 1274 332 1325 6.
373 1272 561 1327 Gloria
590 1271 651 1324 in
683 1268 890 1323 exelsis
920 1268 1028 1323 Deo
1057 1268 1111 1321 in
1141 1267 1391 1322 omnibus
1420 1266 1871 1333 solemnitatibus,
1904 1273 2106 1337 praeter
2138 1265 2444 1319 Adventum
2470 1273 2522 1319 et
2554 1266 3045 1335 Septuagesimam,
3079 1276 3379 1336 cantamus,

274 1370 328 1422 7.
367 1366 534 1421 Credo
565 1366 627 1419 in
664 1382 843 1420 unum
887 1366 1064 1420 Deum
1094 1373 1201 1418 tam
1232 1364 1287 1417 in
1319 1363 1614 1418 Dominicis
1644 1363 1834 1417 diebus
1867 1378 2026 1433 quam
2056 1361 2110 1414 in
2142 1362 2376 1427 cazteris,
2414 1362 2655 1433 exceptis
2694 1361 3072 1419 confessorum
3114 1373 3165 1420 et
3198 1376 3499 1437 martyrum

205 1464 614 1529 festivitatibus,
647 1471 700 1517 et
730 1463 900 1516 tribus
931 1462 1125 1516 diebus
1156 1462 1377 1515 Pascha:
1409 1469 1461 1515 et
1492 1462 1863 1529 Pentecostes,
1897 1458 2153 1515 dicimus.

279 1566 332 1616 8.
366 1564 493 1616 Post
523 1561 745 1615 missam
795 1560 865 1613 ad
910 1560 1078 1615 cellas
1122 1574 1321 1629 aquam
1367 1566 1611 1613 sanctam
1650 1558 1905 1627 ferentes,
1937 1574 2165 1629 parvum
2196 1556 2424 1613 facimus
2454 1558 2794 1613 intervallum
2821 1578 2835 1627 ;
2868 1559 3065 1615 deinde
3094 1560 3254 1633 signo
3284 1562 3497 1632 pulsato

202 1659 277 1714 ad
307 1657 601 1714 ecclesiam
642 1657 935 1711 redeuntes
979 1664 1185 1710 sextam
1216 1662 1529 1721 cantamus;
1563 1663 1615 1709 et
1645 1654 1722 1709 sic
1751 1654 1805 1707 in
1838 1654 2180 1710 refectorium
2223 1656 2523 1726 pergimus,
2556 1657 2857 1711 animarum
2886 1659 3094 1728 pariter
3122 1667 3176 1713 et
3207 1676 3499 1731 corporum

204 1774 393 1814 escam
424 1754 711 1825 sumpturi.
746 1756 1018 1809 Excuntes
1058 1762 1238 1807 autem
1268 1753 1336 1807 de
1368 1752 1655 1807 refectorio
1686 1768 1718 1805 a
1746 1752 2008 1807 Kalendis
2049 1754 2377 1809 Novembris
2406 1771 2576 1825 usque
2608 1755 2676 1808 ad
2710 1755 3139 1810 Purificationem
3173 1758 3351 1813 Beata:
3380 1760 3500 1813 Ma-

204 1856 301 1910 riae
333 1854 510 1909 statim
560 1869 761 1907 nonam
800 1858 1102 1915 cantamus,
1137 1867 1201 1905 ex
1234 1866 1340 1921 quo
1368 1850 1454 1904 die
1484 1866 1655 1921 usque
1686 1851 1755 1903 ad
1796 1850 2026 1915 Pascha,
2061 1851 2293 1920 spatium
2326 1852 2471 1921 quod
2500 1851 2595 1916 ibi,
2631 1851 2684 1905 id
2714 1860 2794 1905 est
2825 1852 2964 1906 inter
2991 1854 3278 1923 prandium
3312 1863 3363 1909 et
3394 1870 3498 1909 no-

204 1969 357 2021 nam,
386 1952 633 2016 facimus,
664 1949 881 2005 lectioni
912 1947 1000 2002 vel
1030 1945 1301 2017 aliquibus
1342 1946 1537 2000 talibus
1568 1946 1836 2001 exercitiis
1864 1947 2176 2018 deputatur.
2210 1947 2421 2002 Exinde
2450 1956 2561 2002 tota
2590 1955 2797 2014 aestate,
2831 1964 2929 2019 pro
2959 1948 3170 2004 dierum
3203 1952 3503 2022 quantitate

205 2065 351 2105 nunc
383 2047 621 2113 brevius,
653 2062 797 2101 nunc
825 2044 1041 2115 longius
1069 2043 1233 2115 quieti
1262 2042 1442 2097 datur.

1596 2141 2164 2198 COMMENTARIUS.

282 2270 445 2324 Num.
480 2270 533 2322 4.
566 2268 625 2323 Si
653 2267 829 2323 missa
877 2282 941 2321 ea
974 2264 1063 2321 die
1101 2265 1390 2320 cantanda
1430 2268 1531 2330 est,
1566 2272 1668 2319 etc.
1704 2264 1802 2320 Hic
1831 2270 1879 2328 A
1910 2274 1965 2320 ut
2014 2266 2357 2321 observantia
2408 2264 2693 2337 regularis,
2738 2273 2791 2321 et
2838 2266 2915 2323 sic
2956 2267 3163 2335 stricte,
3213 2278 3271 2324 ut
3299 2270 3367 2326 de
3397 2272 3500 2328 hac

208 2358 364 2413 locus
393 2357 658 2411 obscurus
687 2362 929 2425 apparet.
964 2355 1029 2408 At
1060 2353 1134 2407 ibi
1165 2353 1233 2407 de
1266 2353 1431 2407 missa
1461 2353 1806 2408 conventuali
1907 2370 1966 2408 re
1988 2355 2214 2425 loquens
2238 2354 2305 2409 R.
2340 2354 2401 2407 P.
2430 2353 2609 2425 Guigo
2623 2359 2847 2424 cap.29,
2869 2371 2923 2409 n.
2948 2356 3323 2414 5.dicat:Non
3340 2362 3497 2416 enim

212 2462 323 2501 non
355 2444 553 2517 agitur,
588 2444 687 2498 sed
716 2443 784 2497 de
816 2442 982 2496 missa
1011 2441 1240 2512 privata,
1276 2459 1394 2513 qua:
1425 2441 1516 2494 illa
1546 2441 1633 2496 die
1665 2440 1806 2495 ultra

214 2535 479 2603 majorem
526 2533 639 2587 sive
686 2530 1100 2587 conventualem
1132 2530 1397 2585 celebrari
1428 2538 1804 2597 consueverat,

217 2622 365 2695 quod
397 2621 529 2675 satis
558 2620 824 2691 probatur
854 2636 950 2689 per
979 2619 1149 2673 verba
1171 2619 1457 2689 sequentia
1490 2634 1501 2671 :
1536 2620 1667 2672 Post
1691 2619 1805 2672 [uec

209 2711 469 2767 sacerdos
500 2714 747 2781 tempore
768 2724 1029 2779 congruo.
1064 2708 1143 2761 Ex
1175 2707 1369 2777 quibus
1392 2714 1538 2777 patet
1561 2705 1806 2775 superius

210 2801 358 2855 dicta
389 2814 511 2853 esse
546 2797 766 2853 omnino
803 2796 1023 2850 diversa
1054 2812 1086 2850 a
1108 2795 1277 2849 missa
1310 2795 1673 2861 conventuali,
1708 2810 1805 2849 cu-

206 2890 298 2958 jus
326 2885 620 2942 celebratio
661 2894 714 2940 et
754 2885 946 2939 modus
977 2900 1098 2939 eam
1129 2883 1446 2939 celebrandi
1478 2900 1690 2939 necnon
1721 2882 1807 2937 of-

209 2976 336 3033 ﬁcia
366 2984 487 3047 post
515 2975 737 3029 missam
768 2973 1017 3038 dicenda,
1053 2972 1157 3027 fixe
1187 2973 1548 3045 designantur
1582 2989 1593 3027 :
1626 2972 1723 3027 sed
1753 2971 1808 3025 id

215 3064 452 3135 amplius
498 3064 758 3134 probatur
798 3079 863 3117 ex
895 3078 948 3116 n.
982 3064 1032 3126 4,
1068 3077 1188 3131 cap.
1224 3066 1274 3127 8,
1310 3062 1401 3115 ubi
1432 3061 1629 3116 dicitur
1664 3076 1676 3113 :
1706 3062 1806 3117 Se-

214 3154 464 3209 cundam
502 3154 735 3207 missam
757 3154 885 3223 post
913 3151 1238 3205 matutinas
1272 3150 1464 3204 laudes
1496 3149 1807 3219 incipiente

230 3245 377 3307 luce,
394 3243 541 3297 sicut
553 3242 680 3309 fieri
690 3241 828 3296 solet
845 3241 904 3293 in
930 3240 1239 3294 Dominicis
1255 3238 1463 3303 diebus,
1482 3241 1803 3292 cantamus.

287 3330 425 3384 Ibid.
452 3330 501 3383 4.
534 3328 683 3397 Quod
700 3330 972 3398 spatium,
996 3331 1275 3398 quantum
1298 3327 1606 3394 inﬁrmitas
1623 3341 1811 3380 neces-

214 3420 425 3474 sitasve
452 3418 759 3489 permittit,
798 3417 1193 3487 spiritualibus
1228 3414 1644 3486 profectibus...
1675 3413 1807 3468 Inde

213 3506 401 3577 incipit
424 3522 714 3577 apparere,
735 3505 880 3575 quod
900 3504 1113 3574 plenius
1134 3521 1197 3558 ex
1221 3504 1572 3574 sequentibus
1583 3502 1803 3573 patebit,

212 3596 419 3667 primos
476 3594 649 3648 nostri
712 3593 972 3663 pr0positi
1039 3592 1373 3646 institutores
1424 3591 1805 3646 discretionem

215 3700 437 3753 semper
466 3683 518 3736 in
570 3682 744 3753 pretio
792 3681 1069 3749 habuisse,
1122 3680 1283 3735 veluti
1314 3680 1568 3734 solitaria}
1599 3680 1722 3733 vita)
1753 3679 1806 3731 in

212 3772 405 3843 primis
444 3771 835 3836 necessariam,
870 3770 1057 3839 sicque
1089 3769 1156 3822 ab
1209 3768 1459 3822 omnibus
1490 3768 1805 3823 excessibus

212 3870 265 3915 et
296 3859 725 3915 extremitatibus
774 3858 876 3912 sibi
925 3873 990 3913 ac
1020 3858 1432 3912 successoribus
1478 3858 1587 3911 suis
1615 3872 1806 3911 cavere

218 3949 478 4015 voluisse,
513 3956 569 4001 ut
600 3946 777 4002 omnia
808 3946 1012 4001 viribus
1048 3946 1300 4000 humanis
1339 3946 1527 4018 gratiae
1571 3946 1807 4001 crelestis

213 4037 417 4092 auxilio
464 4036 679 4104 adjutis,
726 4043 778 4090 et
823 4035 1007 4089 habita
1050 4050 1408 4105 personarum
1442 4035 1714 4105 qualitate,
1752 4042 1808 4087 ut

211 4126 413 4195 saepius
460 4125 752 4189 insinuant,
800 4131 983 4178 essent
1020 4124 1450 4178 accommodata.
1475 4122 1808 4177 Infirmitatis

216 4230 353 4285 ergo
396 4221 489 4266 aut
549 4208 888 4268 necessitatis
944 4227 1229 4277 mensurze,
1290 4226 1600 4265 mensuram
1645 4214 1808 4265 etiam

216 4301 601 4358 exercitiorum
635 4300 992 4371 spiritualium
1023 4299 1208 4355 volunt
1237 4300 1502 4369 adaptari.

284 4391 448 4445 Num.
491 4393 542 4443 8.
578 4392 867 4445 Exeuntes
889 4393 1083 4444 autem
1103 4388 1168 4442 de
1202 4388 1566 4457 refcctorio...
1605 4387 1809 4441 statim

213 4495 449 4543 nonam,
484 4486 585 4532 etc.
620 4477 679 4530 Id
710 4484 915 4531 tantum
947 4492 1089 4531 nunc
1111 4476 1466 4531 observamus
1488 4474 1681 4529 diebus
1701 4490 1810 4528 non

212 4566 368 4622 festis
399 4566 537 4619 intra
580 4564 814 4621 Octavas
859 4564 1166 4619 Nativitatis
1198 4564 1417 4618 Christi.
1453 4563 1676 4617 Caeteris
1708 4578 1809 4616 au-

212 4663 326 4709 tem
371 4653 520 4708 festis
561 4654 701 4707 intra
738 4654 879 4707 idem
932 4662 1143 4722 tempus
1192 4652 1606 4707 occurrentibus
1664 4651 1810 4705 idem

214 4741 565 4797 intervallum
595 4740 843 4811 facimus,
877 4742 1019 4812 quod
1059 4748 1251 4811 postea
1295 4741 1359 4795 R.
1407 4742 1463 4794 P.
1500 4739 1681 4811 Guigo
1712 4755 1809 4794 ex-

214 4830 423 4901 primit.
462 4831 548 4885 Ex
577 4846 700 4901 quo,
746 4838 846 4884 etc.

294 4918 435 4972 Ibid.
464 4918 684 4972 Exinde
718 4922 835 4973 tota
866 4921 1080 4981 aestate,
1114 4933 1214 4988 pro
1237 4917 1460 4971 dierum
1490 4917 1810 4988 quantitate

1906 2459 2203 2498 monemur
2222 2443 2425 2505 solum,
2450 2443 2544 2497 sed
2582 2447 2637 2497 et
2651 2444 2920 2512 jubemur
2954 2445 3107 2500 horis
3140 2446 3212 2501 ad
3249 2450 3498 2520 quietem

1908 2531 2214 2602 deputatis,
2241 2531 2573 2585 dormitioni
2596 2547 2862 2602 magnum
2885 2533 3203 2603 impendere
3222 2537 3498 2593 studium.

1907 2620 2061 2674 Unde
2108 2627 2256 2689 patet
2296 2634 2499 2690 magna
2548 2618 2762 2672 Patrum
2812 2620 3086 2688 discretio,
3120 2622 3210 2692 qui
3241 2624 3500 2680 nolebant

1908 2708 2112 2779 aliquid
2142 2724 2242 2777 per
2275 2706 2551 2776 propriam
2582 2707 2911 2762 voluntatem
2942 2709 3237 2765 detrahiex
3262 2712 3347 2766 his
3379 2729 3499 2784 quae

1906 2796 1974 2850 ad
2004 2796 2148 2850 vires
2180 2804 2289 2850 tum
2321 2796 2568 2865 corporis
2619 2803 2728 2849 tum
2757 2796 2920 2850 animi
2959 2800 3365 2855 conservandas
3395 2817 3499 2857 ne-

1907 2884 2149 2939 cessaria
2178 2901 2301 2939 esse
2332 2884 2600 2938 sciebant.

1980 2973 2132 3028 Circa
2163 2973 2296 3027 illud
2327 2973 2545 3045 longius
2574 2973 2660 3028 vel
2692 2973 2910 3029 brevius
2928 2975 3160 3045 spatium
3182 2977 3494 3033 dormitioni

1908 3061 2348 3132 impendendum,
2409 3061 2611 3132 aliquid
2659 3063 2850 3132 procul
2898 3064 3063 3118 dubio
3122 3066 3497 3137 praescriptum

1909 3158 2043 3215 erat,
2078 3166 2185 3220 quo
2234 3166 2425 3204 omnes
2462 3158 2687 3219 possent
2730 3167 2789 3205 se
2825 3151 3165 3207 uniformiter
3212 3155 3489 3210 ordinare.

1909 3240 1976 3291 At
2006 3238 2136 3291 nihil
2166 3238 2235 3293 de
2265 3239 2369 3292 bac
2399 3254 2458 3291 re
2488 3238 2747 3308 scriptum
2777 3240 3101 3309 reperimus,
3150 3249 3203 3296 et
3230 3242 3355 3298 ideo
3386 3252 3500 3299 tra-

1911 3325 2098 3381 ditioni
2147 3326 2388 3380 relictum
2439 3325 2606 3379 fuisse
2651 3334 2920 3396 putamus,
2967 3330 3113 3398 quod
3141 3331 3195 3384 in
3224 3331 3501 3404 plerisque

1911 3414 2069 3468 etiam
2100 3414 2218 3467 aliis
2248 3413 2498 3468 evenisse
2526 3414 2884 3468 indubitatum
2908 3424 3009 3469 est.
3034 3418 3138 3472 Pro
3161 3420 3411 3490 exemplo
3434 3421 3502 3475 sit

1858 3526 1859 3529 η
1912 3502 2238 3557 abstinentia
2266 3518 2295 3555 a
2326 3502 2602 3566 carnibus,
2629 3502 2788 3556 etiam
2808 3502 2861 3555 in
2882 3504 3112 3573 morbis,
3132 3506 3199 3560 de
3223 3523 3331 3577 qua
3352 3508 3503 3563 nulla

1830 3624 1881 3683 Β
1914 3590 1971 3644 tit
2000 3590 2203 3645 mentio
2233 3590 2375 3660 apud
2408 3590 2472 3645 R.
2506 3591 2720 3644 Patrem
2753 3590 3079 3663 Guigonem.
3104 3594 3273 3649 Porro
3295 3595 3501 3650 dormi-

1910 3678 1983 3733 tio
2013 3679 2104 3732 illa
2134 3678 2325 3732 diurna
2355 3694 2453 3747 per
2484 3686 2683 3731 statuta
2713 3679 2975 3744 ordinata,
3002 3680 3319 3747 jamdudum
3358 3684 3503 3753 apud

1907 3783 2007 3821 nos
2039 3766 2137 3820 fuit
2184 3767 2443 3837 abrogata
2493 3782 2558 3821 eo
2606 3774 2850 3836 tempore
2882 3782 2988 3838 quo
3019 3768 3328 3841 vigiliarum
3359 3771 3498 3827 ordo

1906 3862 2141 3910 mutatus
2172 3862 2274 3921 est,
2310 3862 2483 3909 utsuo
2499 3854 2710 3910 dicetur
2732 3855 2853 3910 loco
2888 3874 2901 3909 :
2932 3856 3024 3910 illa
3044 3857 3313 3928 siquidem
3331 3868 3492 3915 aesta-

1907 3944 1973 3998 tis
2004 3952 2249 4013 tempore
2279 3943 2699 4006 concedebatur,
2746 3952 2802 3997 ut
2840 3945 3183 4015 suppleretur
3213 3948 3358 4017 quod
3386 3949 3484 4002 mi-

1907 4050 2007 4087 nus
2038 4033 2196 4102 spatii
2236 4032 2573 4103 assignatum
2612 4040 2726 4086 erat
2775 4032 2844 4087 ad
2893 4034 3271 4089 dormiendum
3313 4045 3492 4103 nocte,

1907 4130 2129 4191 propter
2150 4122 2388 4175 noctium
2406 4120 2891 4175 abbreviationem.
2917 4121 3057 4176 Nam
3071 4131 3193 4193 post
3211 4125 3496 4179 matutinas

1906 4210 1973 4263 ad
2004 4209 2202 4264 lectum
2253 4209 2401 4262 nullo
2444 4208 2693 4262 redibant
2738 4217 3013 4278 tempore;
3049 4219 3101 4264 et
3144 4212 3279 4266 sicut
3310 4220 3498 4268 noctes

1907 4297 2109 4352 sensim
2138 4304 2390 4352 crescunt
2437 4304 2489 4350 et
2519 4296 2863 4363 decrescunt,
2914 4298 2994 4352 sic
3025 4298 3255 4368 spatium
3285 4300 3497 4356 dormi-

1909 4385 2067 4440 tionis
2097 4385 2306 4439 diurnae
2352 4384 2573 4439 brevius
2621 4384 2707 4439 vel
2752 4384 2969 4456 longius
3010 4387 3247 4441 noctium
3277 4404 3498 4444 cursum

1909 4474 2259 4544 sequebatur,
2294 4480 2351 4527 ut
2394 4481 2606 4543 tempus
2652 4472 2719 4526 ad
2766 4474 3146 4530 dormiendum
3190 4484 3299 4531 tam
3337 4486 3497 4534 nocte

1910 4578 2069 4633 quam
2086 4562 2173 4617 die
2194 4561 2523 4616 destinatum
2544 4570 2688 4616 esset
2707 4562 2937 4632 mquale,
2954 4572 3007 4618 et
3026 4564 3079 4618 in
3102 4565 3243 4621 idem
3267 4567 3499 4635 spatium

1909 4650 2023 4705 fere
2053 4650 2371 4705 collimaret.
2407 4650 2595 4705 Hieme
2639 4658 2818 4705 autem
2856 4666 2922 4706 ea
2963 4652 3334 4709 vicissitudine
3364 4656 3499 4709 dor-

1910 4739 2148 4793 mitionis
2197 4738 2405 4793 diurna
2452 4754 2590 4809 opus
2632 4754 2740 4793 non
2766 4748 2898 4805 erat,
2933 4756 3055 4794 cum
3084 4756 3156 4796 ex
3184 4742 3364 4813 longis
3393 4758 3497 4798 no-

1910 4828 2088 4882 ctibus
2137 4828 2365 4897 spatium
2414 4838 2557 4881 esset
2584 4827 2653 4881 ad
2685 4827 3013 4882 suﬂicienter
3040 4829 3419 4885 dormiendum
3448 4839 3503 4887 et

1912 4916 2118 4986 absque
2149 4915 2413 4969 divisione
2443 4915 2639 4979 somni,
2673 4925 2835 4985 prout
2864 4916 2987 4971 illos
3019 4925 3147 4973 tunc
3177 4918 3502 4975 observasse

219 5021 379 5060 nunc
400 5006 639 5070 brevius,
662 5020 818 5060 nunc
842 5006 1061 5075 longius
1074 4981 1249 5076 quieti
1269 4981 1517 5059 daturae
1557 5001 1814 5057 Purifica-
1836 4981 1881 5038 Ο
1915 5020 1980 5058 ex
2010 4981 2151 5056 infra
2180 5002 2424 5057 dicendis
2456 4981 2759 5073 apparebit.

218 5095 370 5148 tione
400 5110 570 5164 usque
599 5093 669 5147 ad
702 5094 926 5157 Pascha,
981 5093 1210 5162 spatium
1256 5093 1397 5146 inter
1440 5092 1734 5161 prandium
1764 5099 1817 5145 et

220 5197 424 5236 nonam
454 5182 573 5235 dari
603 5181 938 5251 perhibetur,
989 5188 1040 5234 et
1071 5182 1158 5235 cui
1206 5180 1551 5250 occupationi
1584 5181 1816 5250 spatium

219 5270 355 5323 illud
406 5270 724 5337 destinetur,
787 5269 1149 5339 exprimitur:
1184 5277 1237 5323 et
1292 5277 1483 5339 postea
1540 5268 1816 5333 subditur,

219 5358 446 5413 Exinde
476 5363 596 5413 tota
622 5362 841 5423 (estate,
874 5365 1002 5424 etc.,
1034 5358 1088 5411 id
1118 5364 1201 5411 est
1232 5374 1263 5411 a
1297 5358 1505 5411 Pascha
1554 5373 1725 5426 usque
1755 5356 1823 5409 ad

223 5445 500 5501 Kalendas
523 5446 798 5511 Octobris,
831 5454 887 5499 ut
919 5463 984 5501 ex
1031 5462 1151 5516 cap.
1217 5448 1285 5501 29
1332 5445 1625 5516 colligitur,
1685 5444 1827 5497 inter

222 5534 515 5605 prandium
582 5542 635 5589 et
690 5550 889 5589 nonam
955 5534 1210 5589 dormitio
1274 5534 1470 5588 diurna
1520 5532 1824 5587 ordinatur.

224 5624 358 5678 Haec
432 5622 687 5679 dormitio
716 5638 750 5677 a
781 5622 981 5678 nostris
1012 5622 1270 5695 religiose
1346 5622 1664 5678 servabatur
1720 5620 1833 5676 vel-

446 5720 686 5777 PA'rnOL.
717 5719 899 5777 CLIII.

1988 5093 2147 5145 Num.
2186 5096 2236 5145 9.
2273 5094 2403 5147 Post
2430 5108 2707 5147 nonam...
2742 5092 2807 5146 de
2826 5093 3061 5147 utilibus
3086 5094 3349 5150 locuturi.
3377 5096 3507 5153 Inde

1920 5180 2144 5234 evidens
2176 5188 2256 5234 est
2286 5179 2503 5233 illorum
2543 5180 2814 5233 silentium
2846 5196 2955 5234 11011
2975 5180 3142 5236 fuisse
3164 5192 3505 5253 perpetuum,

1922 5277 1975 5322 et
2004 5284 2160 5322 usum
2191 5267 2588 5338 colloquiorum
2619 5269 2689 5321 ab
2718 5268 2887 5334 initio,
2920 5268 2973 5322 in
3004 5270 3193 5324 ordine
3216 5272 3382 5327 fuisse
3402 5273 3511 5326 usi-

1924 5364 2109 5424 tatum,
2144 5356 2328 5428 sicque
2374 5365 2583 5426 tempus
2632 5356 2890 5427 loquendi
2931 5366 2982 5412 et
3033 5366 3245 5427 tempus
3298 5360 3512 5414 tacendi

1928 5444 2092 5498 fuisse
2122 5460 2336 5514 semper
2385 5445 2527 5515 apud
2558 5460 2656 5499 nos
2688 5445 3057 5499 observatum.
3092 5447 3204 5500 Imo
3236 5454 3361 5501 tunc
3391 5447 3514 5501 lici-

1931 5541 2039 5586 tum
2071 5532 2177 5586 illis
2206 5540 2341 5598 erat,
2376 5533 2520 5603 quod
2546 5548 2689 5587 nunc
2721 5548 2828 5587 non
2858 5534 3001 5599 licet,
3036 5548 3231 5603 nempe
3262 5549 3292 5589 a
3321 5535 3516 5606 coqui-

1934 5619 2087 5675 nario
2115 5620 2268 5690 plura
2300 5628 2485 5690 petere
2516 5627 2568 5675 et
2597 5620 2868 5691 accipere.

3244 5723 3304 5776 21
