3978 6050
848 236 858 247 ”
1339 218 1681 275 GUIGONIS
1722 219 1742 270 Ι
1782 214 2101 270 CARTHUS

2230 211 2524 266 MAIORIS
2563 208 2837 265 ΡΒΙοΙῖιὸ
2877 209 2921 262 V
2934 250 2945 261 .
3687 205 3798 258 652

570 356 623 405 9.
657 351 784 405 Post
825 362 1026 403 nonam
1055 346 1111 399 in
1160 345 1459 401 claustrum
1490 340 1866 406 convenimus,
1917 339 1985 393 de
2014 337 2237 392 utilibus
2269 334 2527 390 locuturi.
2568 336 2627 388 In
2675 336 2779 389 hoc
2810 332 2984 404 spatio
3013 330 3337 394 incaustum,
3368 342 3793 399 pergamenum,

496 464 722 521 pennas,
752 454 970 513 cretam,
1003 444 1171 499 libros
1204 460 1299 497 seu
1329 441 1591 513 legendos
1623 456 1719 494 seu
1748 436 2189 493 transcribendos
2220 451 2252 490 a
2282 435 2539 502 sacrista;
2570 452 2599 489 a
2626 430 2943 505 coquinario
2974 446 3105 487 vero
3134 427 3429 500 legumina,
3466 427 3546 482 sal
3580 435 3631 482 et
3671 442 3783 482 cae-

499 553 614 600 tera
642 544 949 613 hujusmodi
980 542 1255 613 poscimus
1286 549 1337 596 et
1366 540 1679 610 accipimus.

566 648 653 698 10.
688 646 816 698 Post
845 658 1049 698 caenam
1079 638 1321 711 singulas
1350 645 1516 691 tortas
1548 644 1807 705 tanquam
1837 630 2033 687 Christi
2060 627 2296 683 mendici
2326 626 2675 697 accipientes,
2702 624 2869 682 cellas
2899 622 3214 695 repetimus.

568 746 654 797 11.
687 742 747 795 In
779 740 1029 795 omnibus
1057 746 1235 791 autem
1268 734 1532 789 similibus
1564 732 1718 788 festis
1748 746 1887 801 pene
1918 726 2165 782 similiter
2194 724 2452 780 facimus.

564 844 646 896 12.
682 838 977 894 Dominicis
1024 844 1201 890 autem
1253 850 1372 905 qure
1426 839 1550 885 sunt
1593 830 1731 884 infra
1771 837 1994 883 octavas
2039 823 2266 887 Natalis,
2300 821 2687 891 Apparitionis,
2720 818 3143 877 Ascensionisve
3173 817 3410 885 Domini,
3443 815 3787 886 antiphonas,

496 937 867 1011 responsoria,
901 950 1095 989 versus
1125 940 1177 987 et
1203 938 1324 986 octo
1356 929 1565 1000 priores
1594 928 1856 983 lectiones
1887 924 1955 978 de
1985 922 2119 995 ipsis
2153 920 2586 975 solemnitatibus
2614 919 2863 987 dicimus,
2897 926 3130 990 quatuor
3158 916 3486 989 posteriores
3516 915 3583 968 de
3616 914 3791 968 homi-

495 1007 1014 1094 liis'Dominicalium
1046 1029 1456 1101 evangeliorum
1484 1046 1496 1080 :
1532 1023 1893 1096 Evangelium
1923 1036 2140 1093 quoque
2172 1018 2349 1088 ipsum
2376 1024 2499 1086 post
2536 1016 2600 1070 Te
2631 1015 2806 1069 Deum
2839 1014 3155 1079 laudamus,
3188 1021 3242 1066 et
3269 1011 3578 1081 antiphonze
3604 1007 3671 1061 ad
3691 1009 3794 1063 Be-

495 1137 758 1192 nedictus
796 1136 851 1187 et
883 1130 1224 1201 Magni/ient,
1259 1135 1311 1181 et
1341 1126 1514 1180 oratio
1562 1132 1613 1178 et
1644 1123 1827 1186 missa,
1882 1115 2236 1174 Dominicalia
2268 1121 2392 1167 sunt
2422 1128 2432 1166 :
2472 1112 2569 1165 sed
2590 1120 2780 1181 postea
2809 1109 2865 1164 fit
2895 1109 3341 1166 commemoratio
3369 1108 3436 1162 de
3466 1104 3789 1161 solemnita-

494 1233 657 1288 tibus.
694 1229 947 1286 Similiter
976 1227 1158 1297 agitur
1188 1224 1470 1279 Dominica
1501 1238 1619 1293 quae
1649 1220 1791 1273 inter
1820 1224 2043 1273 octavas
2064 1212 2273 1268 Natalis
2306 1209 2521 1265 Domini
2546 1207 2953 1278 Apparitionem
2986 1216 3057 1271 et,
3083 1207 3187 1261 nisi
3208 1205 3353 1278 quod
3390 1204 3602 1275 priores
3624 1202 3788 1257 etiam

495 1338 616 1387 octo
644 1328 906 1384 lectiones
936 1321 1323 1388 Dominicalcs,
1358 1320 1412 1373 id
1444 1327 1525 1373 est
1556 1318 1622 1372 de
1652 1314 1914 1387 Epistolis
1945 1311 2091 1367 beati
2119 1308 2273 1364 Pauli
2303 1306 2554 1377 legimus,
2591 1314 2645 1361 et
2674 1304 3245 1361 commemorationem
3274 1302 3342 1358 de
3382 1300 3657 1357 nativitate
3676 1314 3789 1354 non

497 1427 748 1483 facimus.
884 1476 887 1479 .

569 1528 654 1579 13.
687 1524 769 1577 De
798 1526 987 1576 sancto
1010 1516 1283 1589 Sylvestro
1314 1510 1759 1569 commemoratio
1790 1515 1997 1563 tantum
2026 1505 2121 1570 fit;
2154 1518 2345 1559 verum
2375 1501 2443 1557 de
2471 1500 2555 1555 his
2589 1517 2708 1572 qum
2739 1500 2966 1572 quadam
2997 1498 3215 1571 speciali
3236 1497 3499 1571 dignitate
3520 1493 3787 1551 solemnia

498 1620 854 1685 celebramus,
889 1613 1201 1687 specialiter
1232 1626 1446 1683 quoque
1476 1608 1764 1664 dicendum
1796 1613 2061 1676 putamus.

1826 1697 2340 1756 CAPITULUM
2402 1696 2591 1750 VIII.

1884 1774 2023 1827 Item
2045 1771 2108 1825 de
2131 1769 2306 1840 oﬂ‘icio
2336 1768 2547 1822 divino.

572 1878 621 1930 1.
656 1872 826 1945 Igitur
858 1867 1111 1925 Omnium
1156 1865 1495 1925 Sanctorum,
1540 1858 1745 1914 Natalis
1796 1855 2027 1931 Domini,
2081 1855 2324 1923 Pascha},
2358 1852 2729 1918 Ascensionis,
2762 1854 3111 1908 Pentecostes
3132 1895 3145 1922 ,
3180 1852 3348 1908 sancti
3372 1853 3615 1920 Joannis,
3650 1854 3789 1909 bea-

504 1984 679 2031 torum
707 1969 1075 2042 apostolorum
1109 1964 1249 2020 Pctri
1279 1971 1329 2017 et
1359 1960 1524 2027 Pauli,
1558 1955 1959 2028 Assumptionis
1988 1955 2161 2009 beata?
2190 1952 2370 2006 Marize
2409 1950 2623 2021 vigilias
2668 1950 2723 2004 in
2754 1965 2895 2021 pane
2925 1957 2977 2005 et
3005 1966 3143 2021 aqua
3170 1949 3424 2018 facimus,
3457 1952 3788 2023 missasque,

498 2071 554 2124 in
584 2075 770 2123 (estate
801 2064 1015 2136 quidem
1047 2077 1170 2116 cum
1202 2066 1370 2123 sexta,
1404 2057 1457 2110 in
1490 2055 1666 2109 hieme
1700 2069 1827 2108 vero
1857 2067 2050 2107 nonam
2083 2058 2469 2120 supponentes,
2502 2048 2880 2104 continuamus
2914 2063 2925 2101 :
2958 2048 3131 2103 altare
3160 2064 3429 2119 paramus,
3462 2048 3516 2103 in
3545 2050 3790 2121 vesperis

500 2175 553 2222 et
583 2162 854 2219 matutinis
885 2169 938 2215 et
964 2158 1129 2213 missa
1160 2157 1397 2225 itemque
1426 2151 1673 2222 vesperis
1705 2150 1839 2203 duas
1872 2147 2130 2203 candelas
2160 2143 2529 2208 accendimus,
2565 2143 2844 2198 incensum
2877 2144 3147 2213 ponimus.

570 2267 623 2319 2.
657 2262 824 2315 Porro
853 2258 907 2312 in
936 2255 1123 2328 vigilia
1150 2252 1359 2307 Natalis
1388 2248 1655 2304 Dominici
1685 2248 1741 2301 in
1770 2244 2045 2300 matutinis
2074 2242 2327 2297 laudibus
2369 2257 2551 2315 genua
2580 2258 2690 2297 non
2718 2242 2984 2298 flectimus
3012 2263 3026 2309 ;
3056 2245 3329 2300 Dominus
3357 2245 3615 2316 regnavit
3643 2245 3787 2301 dici-

500 2378 639 2425 mus,
671 2360 937 2413 miserere
979 2357 1111 2419 mei,
1146 2353 1308 2417 Deus,
1342 2358 1604 2414 tacemus,
1638 2348 1771 2401 duas
1802 2346 1871 2400 ad
1902 2344 2127 2400 missam
2158 2340 2416 2397 candelas
2448 2341 2818 2411 accendimus,
2852 2342 2948 2397 sed
2975 2343 3098 2396 thus
3126 2358 3238 2397 non
3262 2343 3564 2410 adolemus,
3597 2358 3786 2414 pacem

500 2458 782 2515 sumimus.

566 2561 618 2611 3.
653 2556 709 2610 Si
738 2551 1023 2608 Dominica
1054 2549 1107 2603 in
1135 2548 1235 2601 hac
1268 2545 1453 2618 vigilia
1483 2542 1800 2610 occurrerit,
1855 2555 2075 2595 versum
2122 2545 2243 2592 ante
2286 2535 2630 2609 evangelium
2660 2543 2713 2590 et
2744 2543 2911 2591 totum
2943 2535 3199 2606 deinceps
3231 2535 3463 2592 oﬂicium
3494 2537 3561 2594 de
3593 2538 3784 2610 vigilia

495 2654 744 2719 dicimus,
777 2645 1344 2705 commemorationem
1374 2649 1580 2697 tantum
1610 2641 1677 2695 de
1708 2638 1993 2694 Dominica
2024 2636 2312 2691 facientes.
2356 2634 2565 2689 Eodem
2594 2632 2758 2687 modo
2789 2632 2843 2687 in
2878 2632 3072 2706 vigiliis
3100 2634 3323 2689 Paschaa
3353 2642 3405 2690 et
3435 2636 3783 2692 Pentecostes

495 2752 696 2805 missas
729 2746 1087 2802 celebramus.

562 2850 614 2901 4.
648 2848 709 2901 In
738 2843 1011 2900 matutinis
1042 2848 1265 2912 quatuor
1312 2837 1529 2892 ultimas
1580 2835 1841 2891 lectiones
1890 2835 1957 2889 de
2001 2830 2316 2904 Evangeliis
2364 2829 2620 2899 legimus.
2686 2828 2923 2883 Primam
2956 2829 3180 2884 missam
3211 2831 3352 2885 inter
3380 2839 3702 2887 nocturnum
3733 2839 3791 2887 et

490 2947 677 3003 laudes
707 2942 1120 3002 celeberrimam
1152 2940 1398 3006 facimus,
1452 2938 1746 2993 secundam
1795 2944 1919 3006 post
1966 2932 2257 2988 matutinas
2289 2929 2499 2997 laudes,
2547 2927 2838 2998 incipiente
2868 2928 3009 2995 luce,
3035 2929 3174 2984 sicut
3200 2929 3319 2985 fieri
3348 2930 3482 2985 solet
3510 2931 3567 2985 in
3594 2930 3785 2986 Domi-

489 3046 629 3102 nicis
657 3044 868 3109 diebus,
903 3048 1203 3105 cantamus,
1238 3038 1291 3091 in
1322 3053 1427 3107 qua
1459 3035 1587 3092 laici
1618 3034 2042 3100 communicant,
2073 3031 2126 3084 in
2158 3030 2260 3085 hac
2293 3028 2455 3082 etiam
2487 3028 2930 3083 commemoratio
2962 3026 3020 3081 ﬁt
3050 3028 3119 3083 de
3150 3029 3207 3083 S.
3239 3030 3543 3085 Anastasia.

562 3144 615 3195 5.
648 3142 710 3194 In
738 3137 933 3207 majori
978 3135 1146 3189 missa
1195 3132 1554 3188 communicat
1596 3137 1912 3199 conventus,
1964 3142 2264 3198 pacemque
2293 3144 2320 3181 a
2355 3126 2638 3183 sacerdote
2688 3134 2741 3181 et
2769 3127 2838 3181 ab
2876 3126 3108 3182 invicem
3137 3144 3328 3183 omnes
3357 3128 3605 3183 monachi
3631 3128 3783 3185 acci-

490 3237 661 3307 piunt.
696 3236 813 3289 Hoc
843 3233 1020 3303 ipsum
1048 3232 1103 3285 in
1130 3230 1380 3285 omnibus
1425 3227 1576 3283 festis
1626 3227 1821 3281 talibus
1871 3225 2104 3298 agimus,
2155 3234 2383 3297 excepta
2429 3226 2851 3281 Circumcisione
2898 3226 3132 3291 Domini,
3190 3235 3242 3281 et
3281 3227 3459 3281 Natali
3503 3226 3783 3282 beatorum

492 3332 862 3405 apostolorum
892 3330 1036 3385 Petri
1067 3337 1119 3384 et
1150 3330 1320 3393 Pauli,
1357 3337 1408 3383 et
1440 3327 1827 3391 Dedicationis,
1861 3335 1911 3380 et
1944 3323 2117 3379 sancti
2146 3324 2442 3380 Michaelis.
2478 3325 2779 3397 Sequentes
2828 3332 2941 3380 tres
2975 3326 3093 3381 dies
3122 3325 3235 3382 fere
3264 3324 3509 3381 similiter
3534 3325 3789 3381 celebra-

496 3448 637 3487 mus.
662 3431 760 3485 Die
794 3437 981 3501 quarta
1011 3428 1136 3483 laici
1167 3428 1441 3492 recedunt,
1475 3427 1613 3481 sicut
1641 3427 1694 3479 in
1727 3426 1931 3480 Pascha
1960 3432 2013 3478 et
2044 3425 2381 3478 Pentecoste.

564 3533 614 3583 6.
650 3527 889 3598 Reliquis
920 3527 1087 3580 tribus
1122 3532 1326 3579 sextam
1354 3524 1407 3577 in
1441 3523 1669 3579 ecclesia
1700 3522 1946 3587 dicimus,
1982 3530 2033 3576 et
2063 3538 2280 3586 nonam,
2314 3520 2603 3591 prandium
2636 3519 2794 3574 simul
2826 3526 2878 3575 et
2906 3535 3118 3575 cmnam
3145 3520 3418 3576 facientes.

564 3628 618 3679 7.
664 3623 1164 3686 Circumcisioncm,
1232 3621 1666 3691 Apparitionem,
1740 3618 2196 3685 Puriticationem,
2266 3616 2766 3684 Annuntiationem,
2835 3616 3248 3686 Ascensionem,
3316 3616 3568 3671 Natalem
3616 3616 3787 3671 sancti

496 3722 738 3784 Joannis,
789 3721 1069 3775 beatorum
1115 3719 1487 3788 apostolorum
1537 3717 1676 3771 Petri
1723 3726 1776 3772 et
1826 3716 1989 3781 Pauli,
2040 3715 2501 3785 Assumptionem,
2549 3714 2976 3783 Dedicationem,
3028 3716 3373 3772 Nativitatem
3401 3716 3574 3771 beata:
3603 3715 3788 3770 Maria:

502 3836 720 3890 semper
746 3817 1003 3888 Virginis,
1037 3816 1235 3871 festum
1265 3814 1583 3886 angelorum
1616 3814 1777 3868 simili
1808 3814 2035 3869 colimus
2068 3813 2192 3868 ritu.

573 3922 624 3972 8.
656 3918 819 3971 Porro
848 3915 904 3969 in
932 3913 1309 3969 Puriﬁcatione
1340 3912 1513 3967 beata:
1544 3912 1725 3967 Mariae
1753 3920 1877 3967 ante
1905 3912 2128 3967 missam
2149 3921 2274 3983 post
2296 3910 2697 3967 confessionem
2717 3910 2974 3967 candelas
3003 3911 3317 3967 benedictas
3337 3910 3407 3965 de
3422 3926 3584 3966 manu
3604 3925 3787 3967 sacer-

579 4097 713 4152 Ibid.
740 4096 1068 4167 Legumina,
1092 4094 1177 4149 sal
1199 4098 1254 4149 et
1272 4097 1477 4149 caetera
1500 4093 1841 4165 hujusmodi.
1868 4008 2643 4165 PE?II'Etiruntur
2671 4095 2725 4149 in
2756 4095 2986 4167 antiquis
3014 4096 3228 4151 statutis
3264 4096 3379 4151 fere
3425 4097 3494 4151 de
3523 4097 3692 4152 verbo
3720 4097 3789 4151 ad

509 4188 578 4243 ba
606 4188 694 4241 illa
726 4190 782 4242 et
810 4190 1033 4249 caetera,
1071 4192 1297 4253 apparet
1325 4182 1502 4252 plura,
1537 4199 1655 4253 qtae
1703 4183 1755 4236 in
1790 4183 1905 4237 istis
1954 4183 2102 4237 Con-

509 4276 882 4333 suetudinibus
904 4272 1214 4344 speciﬁcata
1244 4288 1351 4325 non
1371 4279 1513 4336 sunt,
1538 4274 1833 4326 monachos
1852 4279 1976 4327 tunc
2006 4288 2105 4341 po—

509 4366 675 4419 tuisse
719 4372 905 4433 petere
936 4371 989 4417 et
1038 4361 1287 4431 accipere
1319 4378 1347 4414 a
1376 4359 1544 4415 fratre
1588 4361 1922 4431 coquinario,
1961 4361 2102 4415 unde

512 4453 614 4508 sibi
646 4452 777 4522 ipsis
809 4450 1048 4507 facerent
1090 4450 1379 4520 coquinam
1428 4449 1577 4502 illam
1607 4449 1660 4501 in
1688 4449 1838 4504 cellis
1868 4449 2000 4516 suis,
2035 4450 2102 4502 de

514 4557 622 4613 qua
651 4556 818 4610 supra
849 4538 905 4592 ﬁt
932 4539 1153 4603 mentio,
1187 4534 1306 4608 cap'.
1342 4540 1393 4603 4,
1414 4554 1467 4591 n.
1500 4538 1597 4605 ult,
1622 4546 1672 4592 et
1703 4538 1804 4591 sibi
1833 4537 1935 4607 ipsi
1956 4553 2105 4607 quae-

514 4631 641 4685 dam
672 4628 947 4684 esculenta
979 4627 1281 4682 condireut.

584 4720 743 4773 Num.
774 4720 856 4771 10.
883 4719 1013 4770 Post
1046 4732 1259 4770 ozenam
1294 4716 1546 4785 singulas
1572 4718 1768 4769 tortas.
1795 4714 1937 4782 Quid
1959 4722 2103 4769 esset

512 4814 655 4861 torta
684 4805 795 4869 illa,
829 4811 881 4857 et
909 4820 973 4858 ex
1022 4818 1128 4873 quo
1176 4818 1350 4871 grano
1399 4809 1830 4870 componeretur,
1879 4801 2104 4855 habebis

512 4894 648 4949 infra
678 4910 797 4963 cap.
845 4894 930 4957 34,
965 4909 1019 4945 n.
1052 4896 1104 4946 2.
1142 4892 1239 4945 llic
1288 4898 1466 4943 autem
1510 4890 1657 4943 nullo
1707 4890 1869 4943 modo
1911 4889 2105 4944 dicitur

512 4983 656 5053 quod
679 4989 821 5035 torta
842 4980 929 5032 illa
946 4980 1169 5033 daretur
1186 4993 1285 5048 pro
1306 4986 1417 5032 tota
1433 4978 1793 5043 hcbdomada,
1811 4985 1967 5047 prout
1989 4978 2105 5047 qui-

513 5072 637 5124 dam
668 5076 995 5124 censuerunt
1029 5083 1041 5121 :
1077 5066 1170 5121 sed
1200 5074 1313 5119 erat
1360 5074 1567 5119 tantum
1621 5066 1711 5135 pia
1759 5067 2101 5132 caeremonia,

516 5176 636 5229 qua:
666 5174 731 5213 eo
763 5158 869 5212 fine
900 5156 1203 5209 introducta
1234 5162 1370 5219 erat,
1391 5163 1447 5207 ut
1475 5163 1788 5225 paupertas,
1824 5172 1980 5225 quam
2011 5171 2106 5210 vo—

514 5248 707 5312 vimus,
743 5262 807 5301 eo
838 5243 1194 5299 mendicitatis
1221 5250 1341 5297 actu
1372 5242 1599 5312 amplius
1644 5244 2019 5311 honoraretur,
2054 5252 2107 5297 et

514 5352 613 5390 nos
644 5333 842 5389 Christi
864 5331 1142 5387 mendicos
1174 5347 1295 5384 esse
1314 5337 1761 5400 protestaremur.
1783 5330 1917 5398 Qua:
1941 5347 2107 5386 cazre-

2202 4184 2444 4249 verbum,
2498 4200 2619 4254 cap.
2654 4188 2742 4250 35,
2773 4184 2931 4255 prim.
2965 4201 3041 4254 p.,
3077 4201 3131 4238 n.
3164 4188 3215 4251 1,
3247 4200 3366 4255 cap.
3419 4189 3504 4252 11,
3538 4201 3656 4241 sec.
3696 4202 3784 4255 p.,

2200 4290 2257 4326 n.
2294 4279 2343 4337 1,
2377 4290 2494 4343 cap.
2526 4277 2593 4329 20
2624 4288 2643 4327 ι
2672 4281 2828 4342 part.,
2864 4289 2925 4327 n.
2966 4277 3049 4340 12,
3096 4288 3217 4344 cap.
3251 4274 3338 4341 34,
3370 4290 3425 4328 n.
3459 4277 3511 4339 3,
3546 4288 3664 4344 cap.
3698 4276 3785 4339 43,

2202 4378 2254 4415 n.
2291 4365 2360 4427 5-,
2393 4378 2510 4431 cap.
2546 4365 2633 4424 3'2,
2666 4378 2720 4414 n.
2755 4366 2824 4425 3;
2855 4378 2973 4432 cap.
3006 4364 3093 4426 34,
3127 4379 3220 4415 nn.
3256 4366 3341 4427 12,
3376 4366 3461 4428 13,
3496 4364 3708 4427 3,7,10
3740 4370 3794 4417 et

2203 4454 2255 4503 9.
2290 4451 2419 4503 Item
2452 4466 2569 4519 cap.
2604 4453 2654 4514 6,
2690 4466 2743 4503 η.
2779 4453 2848 4516 6;
2884 4466 3004 4520 cap,
3040 4453 3199 4516 1'7,n.
3235 4454 3342 4515 19;
3373 4466 3495 4521 cap.
3610 4467 3665 4504 n.
3698 4452 3787 4504 43.

2204 4539 2479 4592 Lectorcm
2512 4554 2639 4592 vero
2668 4554 2776 4592 non
2823 4546 3040 4593 moveat
3068 4539 3214 4609 quod
3243 4540 3331 4593 hic
3376 4538 3497 4595 loca
3540 4538 3790 4609 antiquo-

2204 4642 2323 4679 rum
2356 4633 2676 4679 statutorum
2706 4626 2925 4681 inverso
2973 4627 3162 4681 ordine
3194 4627 3438 4682 citemus.
3472 4626 3529 4680 Id
3561 4627 3705 4681 enim
3736 4626 3796 4680 fit

2202 4722 2259 4768 ut
2289 4714 2534 4768 ordinem
2560 4714 2833 4768 scribendi
2862 4731 2895 4768 a
2924 4715 2987 4769 R.
3022 4715 3179 4769 Patre
3222 4715 3474 4786 Guigone
3517 4723 3791 4770 servatum

2204 4818 2513 4872 sequamur,
2547 4810 2600 4856 et
2630 4802 2708 4857 sic
2736 4803 2947 4858 facilius
2977 4804 3148 4873 possit
3175 4802 3294 4858 ﬁeri
3335 4804 3577 4859 locorum
3607 4803 3676 4857 ad
3708 4802 3790 4856 in-

2204 4890 2376 4945 vicem
2408 4890 2645 4945 collatio.

2276 4980 2335 5031 In
2367 4979 2515 5033 nullo
2558 4995 2692 5049 ergo
2736 4995 2832 5050 per
2877 4987 3075 5034 statuta
3124 4981 3343 5052 antiqua
3391 4980 3478 5035 hic
3523 4979 3793 5036 contentis

2204 5067 2369 5121 fuisse
2400 5067 2721 5137 derogatum
2767 5069 3113 5138 perspicuum
3150 5077 3251 5137 est,
3286 5086 3407 5141 quae
3453 5069 3615 5123 etiam
3645 5068 3794 5138 apud

2205 5171 2304 5209 nos
2334 5172 2475 5210 nunc
2502 5156 2664 5225 plene
2693 5166 2996 5225 servantur,
3031 5157 3139 5212 imo
3176 5158 3421 5231 rigidiori
3450 5158 3633 5221 modo,
3665 5172 3795 5211 nam

2206 5244 2509 5298 dormiendi
2538 5244 2771 5300 interdiu
2818 5246 3035 5301 licentia
3077 5247 3233 5301 nobis
3276 5246 3453 5300 ablata
3484 5254 3604 5311 est;
3638 5246 3797 5299 item-

2206 5349 2310 5403 que
2342 5331 2568 5388 facultas
2627 5334 2885 5405 loquendi
2928 5350 3052 5391 cum
3101 5336 3444 5405 coquinario,
3491 5343 3542 5390 et
3598 5334 3667 5389 ab
3696 5332 3792 5389 illo

510 5423 694 5479 monia
724 5423 885 5476 etiam
917 5436 1057 5474 nunc
1078 5420 1288 5488 integre
1310 5427 1571 5473 servatur.
1610 5420 1667 5471 Id
1686 5427 1863 5473 autem
1883 5419 2104 5474 cviden-
2130 5461 2182 5521 B
2205 5421 2433 5489 alicujus
2454 5422 2715 5477 esculenti
2738 5423 3016 5477 materiam
3038 5424 3257 5493 petendi
3286 5433 3337 5479 et
3377 5422 3694 5493 recipiendi,
3728 5437 3793 5476 ac

514 5519 595 5566 ter
624 5511 883 5580 probatur
912 5524 976 5562 ex
1006 5523 1122 5576 cap.
1159 5510 1245 5571 31,
1280 5523 1337 5560 n.
1372 5510 1424 5574 2,
1458 5514 1509 5560 et
1540 5522 1604 5560 ex
1634 5522 1683 5561 c.
1718 5507 1801 5574 46,
1834 5523 1889 5560 n.
1928 5511 1976 5573 1,
2011 5507 2103 5561 ubi

513 5598 569 5652 fit
597 5598 799 5652 mentio
829 5597 897 5651 de
926 5611 1066 5666 pane
1101 5595 1335 5665 petendo
1366 5602 1417 5650 et
1444 5594 1790 5664 accipiendo.

585 5688 747 5739 Porro
780 5702 840 5739 ea
873 5684 1050 5738 omnia
1081 5700 1199 5756 qua:
1230 5684 1282 5737 in
1312 5683 1565 5754 przescnti
1610 5683 1777 5753 capit.
1834 5708 1853 5729 ‹‹
1892 5683 2099 5740 haben-

2204 5509 2418 5563 demum
2452 5511 2670 5565 libertas
2699 5511 2986 5583 coquinam
3013 5512 3171 5567 nobis
3202 5511 3432 5567 faciendi
3471 5511 3526 5565 in
3574 5510 3794 5566 cellula.

2274 5598 2406 5652 CAP.
2437 5599 2579 5653 VIII.
2594 5600 2755 5654 —Ea
2785 5600 2970 5656 omnia
2999 5617 3121 5673 quae
3140 5600 3197 5655 in
3216 5601 3321 5656 hoc
3343 5599 3579 5672 capitulo
3596 5598 3799 5655 haben-

2205 5692 2292 5739 tur
2321 5684 2429 5740 fere
2460 5685 2527 5741 de
2551 5685 2719 5743 verbo
2746 5686 2815 5743 ad
2844 5687 3072 5745 verbum
3101 5686 3158 5743 in
3185 5686 3423 5760 antiquis
3454 5686 3669 5744 statutis
3699 5702 3796 5742 re-
