3978 6050
196 204 301 257 653

1539 200 2143 257 CONSUETUDINES.

3395 208 3495 261 654

190 325 338 380 dotis
371 324 638 391 monachi,
674 331 726 379 et
758 325 850 395 qui
880 325 949 380 de
982 324 1134 379 laicis
1166 325 1383 391 adsunt,
1414 326 1727 397 accipimus,
1762 333 2041 382 cantantes
2072 325 2441 395 antiplionam,
2477 326 2689 380 Lumen
2713 326 2783 380 ad
2804 328 3199 382 reuelationem
3219 330 3495 399 gentium,

193 431 249 476 et
280 421 643 494 evangelium,
671 424 831 478 Nunc
861 423 1126 489 dimittis,
1159 438 1225 478 ac
1252 440 1351 493 per
1369 439 1556 478 versus
1585 422 1829 492 singulos
1858 422 2208 492 antiphonam
2242 428 2567 491 repetentes.
2604 422 2861 493 Sequitur
2892 426 3160 481 Dominus
3193 428 3494 497 vobiscum,

190 527 248 574 et
278 518 473 588 oratio,
510 520 753 588 Exaudi,
780 536 1121 592 quasumus,
1150 521 1399 588 Domine,
1433 520 1630 576 deinde
1660 520 1823 574 missa
1848 539 1862 585 ;
1904 518 2161 574 candelas
2191 526 2369 573 autem
2400 527 2524 589 post
2553 520 2896 590 evangelium
2919 520 3219 577 offerimus.

1583 687 1978 743 CAPITULUM
2018 685 2113 739 IX.

1435 802 1657 870 Quoties
1696 802 1968 857 radamur
2004 803 2067 855 in
2106 814 2275 855 anno.

271 922 323 973 1.
351 919 541 975 Sexies
569 920 621 974 in
654 935 797 975 anno
818 921 1057 977 radimur
1078 930 1295 980 servato
1326 924 1541 981 silentio
1573 943 1587 990 ;
1621 924 1675 979 in
1706 923 1906 995 vigiliis
1928 923 2171 989 Paschze,
2204 923 2573 991 Pentecostes,
2606 921 3025 993 Assumptionis,
3068 923 3322 979 Omnium
3356 925 3496 979 Sau-

196 1024 432 1082 ctorum,
456 1018 663 1072 Natalis
695 1019 930 1086 Domini,
956 1027 1008 1074 et
1029 1020 1084 1074 in
1120 1021 1296 1091 capite
1327 1022 1530 1091 jejunii.

268 1117 331 1168 2.
372 1115 429 1167 In
460 1114 658 1185 vigiliis
707 1116 988 1171 beatorum
1037 1118 1243 1183 Jacobi,
1290 1120 1583 1185 Laurentii,
1635 1118 2031 1186 Bartholomzei,
2089 1118 2343 1183 Matthtei,
2404 1115 2638 1170 Simonis
2673 1122 2723 1169 et
2771 1116 2941 1183 Iuda),
2977 1124 3029 1170 et
3056 1117 3285 1173 Andrem
3325 1119 3497 1174 semel

196 1211 424 1281 quidem
456 1211 751 1279 reﬁcimus,
786 1214 885 1269 sed
914 1215 1219 1287 coquinam,
1244 1216 1291 1271 si
1311 1217 1434 1272 talis
1455 1218 1573 1273 dies
1593 1225 1696 1283 est,
1728 1216 1975 1283 facimus,
2008 1215 2312 1287 missasque
2351 1228 2459 1271 non
2481 1220 2784 1268 cantamus.

273 1311 326 1362 3.
358 1310 419 1363 In
451 1309 660 1365 caeteris
688 1310 978 1366 duodecim
996 1313 1287 1369 lectionum
1315 1314 1487 1381 festis,
1521 1314 1717 1386 quibus
1738 1314 2033 1384 capitulum
2061 1329 2170 1369 non
2207 1321 2475 1377 tenemus,
2508 1326 2611 1366 nec
2640 1310 2859 1365 missam
2914 1310 3160 1378 dicimus,
3215 1310 3269 1365 in
3310 1310 3495 1382 vigilia

195 1412 407 1462 tantum
427 1414 554 1478 post
583 1422 780 1463 nonam
810 1408 867 1464 in
897 1410 1191 1467 claustrum
1218 1428 1322 1484 pro
1361 1413 1736 1469 recordatione
1764 1411 2137 1467 convenimus.

1564 1581 2135 1637 COMMENTARIUS.

197 1715 462 1783 feruntur,
492 1732 611 1787 cap.
638 1719 724 1783 14,
748 1723 848 1773 n.1
876 1735 989 1776 sec.
1013 1730 1154 1791 part.
1174 1723 1418 1794 Itemque
1446 1739 1565 1795 cap.
1590 1726 1619 1777 4
1639 1724 1798 1795 prim.
1823 1723 1877 1781 A
1908 1722 2196 1797 Guigonis,
2229 1740 2332 1780 nec
2361 1726 2521 1780 etiam
2552 1724 2743 1779 diebus
2774 1724 2925 1779 festis
2974 1724 3263 1781 duodecim
3309 1726 3495 1782 lectio-

198 1820 342 1875 par.,
378 1822 471 1858 nn.
503 1808 534 1860 4
566 1814 618 1860 et
651 1810 736 1873 10,
778 1822 901 1879 cap.
933 1812 985 1877 5,
1019 1827 1111 1865 nn.
1145 1814 1198 1877 2,
1232 1816 1284 1877 3,
1332 1816 1397 1866 16
1430 1820 1481 1868 et
1511 1818 1598 1868 38.
1633 1815 1798 1869 Item-

196 1909 305 1964 que
337 1908 457 1964 cap.
494 1898 581 1961 32,
608 1912 661 1948 n.
698 1898 747 1961 1,
782 1911 902 1967 cap.
939 1902 991 1967 8,
1026 1915 1081 1954 n.
1116 1901 1167 1954 4.

271 1982 577 2051 Apponitur
642 1991 849 2039 tantum
908 1986 963 2039 in
1003 1987 1239 2059 antiquis
1296 1989 1506 2043 statutis
1563 1990 1800 2045 conditio

198 2070 323 2135 ista,
357 2069 498 2125 circa
529 2071 880 2127 abstinentias
909 2074 965 2128 in
1003 2091 1144 2145 pane
1174 2084 1228 2131 et
1256 2093 1393 2147 aqua
1434 2078 1485 2131 in
1515 2078 1631 2132 istis
1664 2079 1801 2150 vigi-

194 2157 284 2210 liis
305 2160 622 2225 servandas,
642 2162 758 2215 nisi
787 2163 1018 2217 veniant
1034 2165 1095 2218 in
1118 2166 1279 2235 festis
1294 2166 1581 2223 duodecim
1601 2168 1798 2223 lectio-

194 2262 360 2312 num,
386 2247 453 2301 de
483 2263 590 2318 qua
624 2248 1032 2305 circumstantia
1063 2267 1173 2307 non
1203 2252 1261 2307 fit
1292 2270 1553 2324 expressa
1597 2256 1799 2311 mentio

196 2333 251 2387 in
283 2334 779 2391 Consuetudinibus
818 2339 882 2393 Β.
916 2340 1089 2394 Patris
1120 2340 1422 2411 Guigonis;
1455 2343 1552 2398 sed
1582 2360 1648 2399 ex
1678 2360 1796 2415 cap.

194 2425 285 2488 52,
317 2439 372 2477 n.
399 2426 449 2487 1,
475 2425 604 2479 satis
642 2426 1085 2501 subintelligitur.

268 2511 441 2567 Porro
486 2514 675 2568 eadem
704 2531 733 2568 a
763 2516 920 2571 nobis
969 2518 1265 2572 etiamnum
1299 2528 1599 2585 servantur,
1635 2537 1800 2576 exce-

195 2599 304 2669 ptis
334 2600 673 2656 abstinentiis
694 2603 749 2656 in
769 2620 910 2675 pane
932 2614 985 2660 et
1013 2622 1169 2678 aqua,
1202 2608 1270 2662 de
1328 2625 1558 2679 quarum
1590 2609 1801 2680 dispen-

194 2688 419 2743 sationis
451 2690 675 2756 ratione,
709 2693 820 2748 imo
850 2695 1195 2762 necessitate,
1229 2713 1328 2751 suo
1358 2697 1476 2752 loco
1514 2705 1725 2770 agetur.

269 2777 403 2831 CAP.
432 2779 603 2833 IX.—
631 2781 794 2835 Num.
830 2786 880 2837 1.
914 2784 1109 2839 Sexies
1138 2787 1201 2840 in
1232 2802 1404 2840 anno.
1435 2786 1580 2841 [dem
1626 2788 1800 2841 habe-

198 2872 288 2919 tur
316 2865 370 2919 in
409 2868 643 2939 antiquis
673 2872 889 2926 statutis
918 2887 1037 2942 cap.
1092 2876 1176 2939 15,
1214 2890 1325 2929 sec.
1366 2884 1507 2945 part.
1539 2892 1599 2930 n.
1640 2880 1725 2943 16,
1750 2884 1802 2930 et

197 2970 263 3008 ex
294 2970 415 3025 cap.
448 2960 516 3011 28
538 2960 887 3028 praesentium
919 2962 1382 3017 Consuetudinu'n
1403 2973 1633 3033 apparet
1656 2966 1802 3035 quod

198 3042 402 3115 singuli
425 3044 687 3102 haberent
716 3049 1035 3105 novaculam
1067 3051 1136 3106 ad
1165 3060 1342 3121 caput.

278 3139 451 3193 Num.
478 3140 531 3192 2.
566 3137 631 3190 In
660 3138 867 3207 vigiliis
906 3138 1217 3205 beatorum,
1255 3147 1360 3195 etc.
1385 3140 1533 3194 Idem
1564 3140 1798 3195 refertur

198 3244 323 3298 cap.
351 3229 435 3292 14,
471 3226 715 3294 ejusdem
742 3241 853 3282 sec.
894 3235 1034 3296 part.
1071 3227 1127 3282 Si
1158 3227 1276 3281 talis
1308 3227 1428 3283 dies
1462 3236 1562 3293 est,
1612 3229 1665 3283 id
1693 3237 1793 3294 est,

194 3317 241 3369 si
271 3332 333 3370 ea
383 3315 471 3369 die
513 3322 807 3369 occurrant
863 3331 971 3385 qua
1017 3315 1303 3386 coquinam
1335 3316 1517 3371 facere
1567 3317 1712 3382 licet,
1745 3325 1799 3372 et

188 3404 299 3458 illis
330 3403 521 3458 diebus
551 3419 662 3456 non
691 3402 939 3457 eveniant
986 3404 1325 3459 abstinentia:
1353 3405 1643 3475 deputatis,
1676 3421 1795 3476 quae

191 3494 247 3546 in
281 3492 642 3562 praesentibus
661 3492 1154 3546 Consuetudinibus
1176 3501 1447 3548 notantur.

271 3580 413 3633 Ibid.
445 3581 741 3650 Missusque
762 3596 878 3634 non
899 3585 1218 3636 cantamus.
1254 3583 1312 3636 Id
1342 3583 1395 3635 in
1425 3582 1657 3652 antiquis
1688 3590 1795 3636 sta-

197 3668 330 3722 tutis
359 3668 642 3722 omittitur.
684 3670 767 3722 An
826 3677 1003 3723 autem
1063 3669 1293 3742 intelligi
1341 3671 1538 3724 debeat
1588 3678 1697 3724 tum
1726 3671 1794 3725 de

198 3757 369 3811 missa
389 3754 599 3823 majori,
635 3763 747 3809 tum
778 3757 846 3810 de
875 3756 1121 3826 privatis,
1153 3774 1183 3811 a
1213 3758 1425 3828 quibus,
1463 3758 1565 3811 illis
1609 3759 1793 3828 speci-

198 3842 373 3899 ficatis
394 3844 606 3910 diebus,
638 3852 821 3914 utpote
861 3845 1065 3912 jejunio
1096 3845 1400 3914 destinatis,
1450 3854 1694 3917 tempore
1726 3848 1789 3902 Β.

195 3932 372 3986 Patris
402 3932 667 4004 Guigonis
706 3934 1090 4000 abstineretur,
1137 3935 1319 4005 aliqua
1376 3943 1601 4005 apparet
1630 3936 1792 3989 dubi-

191 4021 346 4075 tandi
376 4022 532 4089 ratio,
566 4021 800 4076 maxime
833 4030 1055 4093 propter
1082 4024 1310 4079 verbum
1342 4024 1473 4079 illud
1506 4041 1621 4078 non
1650 4041 1790 4079 can-

197 4114 405 4175 tamus,
458 4110 586 4181 quia
653 4111 997 4165 conventuali
1041 4111 1223 4167 missae
1277 4120 1483 4166 tantum
1531 4112 1792 4183 applicari

190 4214 357 4269 posse
387 4198 618 4253 videtur.
655 4202 721 4253 At
752 4207 806 4253 ut
837 4215 1003 4270 supra
1033 4216 1151 4270 cap.
1188 4202 1217 4253 4
1240 4201 1339 4254 sub
1371 4200 1535 4255 finem
1576 4200 1791 4255 notavi-

189 4303 336 4355 mus,
369 4287 595 4341 verbum
626 4287 756 4341 illud
778 4304 811 4342 a
855 4289 920 4343 R.
956 4289 1109 4343 Patre
1152 4288 1402 4361 Guigone
1433 4290 1792 4345 communiter

192 4376 359 4429 etiam
390 4384 698 4445 usurpatur,
734 4393 832 4446 pro
879 4379 1247 4448 persolvimus
1290 4386 1381 4432 aut
1436 4379 1695 4433 dicimus.
1729 4379 1790 4433 Id

194 4478 333 4534 ergo
360 4463 428 4517 de
470 4464 651 4518 missis
686 4465 914 4534 privatis
948 4473 1125 4536 potest
1185 4466 1429 4536 intelligi,
1463 4482 1585 4521 cum
1630 4466 1789 4520 etiam

194 4552 253 4605 in
276 4551 481 4619 jejunio
508 4553 968 4625 quadragesimali
1001 4555 1149 4609 omni
1194 4554 1281 4609 die
1339 4555 1508 4609 missa
1546 4571 1788 4610 conven—

195 4640 378 4707 tualis,
413 4640 467 4695 id
517 4650 595 4695 est
645 4643 834 4711 major,
887 4643 1272 4707 celebraretur,
1324 4651 1482 4714 prout
1513 4660 1578 4698 ex
1610 4660 1662 4697 n.
1702 4648 1785 4707 12,

192 4743 324 4799 cap.
368 4730 417 4795 4,
450 4731 732 4799 probatur.
790 4730 1127 4785 Probabilius
1158 4740 1335 4785 tamen
1373 4740 1473 4795 est,
1527 4732 1669 4801 quod
1706 4732 1790 4786 his

191 4826 396 4870 tantum
428 4818 620 4871 diebus
676 4820 902 4873 missam
952 4820 1367 4874 conventualem
1424 4820 1784 4884 celebrarent,

192 4905 393 4976 quibus
442 4907 609 4959 missa
642 4908 863 4976 propria
893 4923 957 4961 ex
1015 4908 1331 4978 prmscripto
1380 4908 1615 4962 missalis
1663 4916 1789 4962 tunc

193 5001 311 5048 erat
342 4994 640 5064 assignata.
666 4996 844 5050 Missae
874 5011 1088 5066 quoque
1119 5012 1217 5065 pro
1246 4996 1513 5051 defunctis
1544 5012 1789 5051 conven-

188 5077 406 5131 tualiter
436 5078 875 5143 celebrabantur,
919 5089 1080 5148 prout
1126 5080 1180 5133 in
1211 5079 1332 5133 aliis
1376 5080 1511 5135 locis
1541 5080 1680 5135 clare
1713 5080 1790 5134 vi-

186 5165 421 5219 dabitur.

262 5254 426 5308 Num.
452 5258 502 5308 3.
538 5256 599 5309 In
622 5257 861 5321 caeteris,
884 5262 1012 5321 etc.,
1038 5272 1140 5312 nec
1156 5259 1385 5311 missam
1407 5258 1666 5311 dicimus.
1692 5257 1791 5312 Hic

190 5358 252 5396 se
283 5343 441 5397 offert
470 5344 688 5399 occasio
744 5344 897 5399 facile
941 5345 1162 5399 errandi
1210 5346 1313 5399 nisi
1358 5346 1636 5416 sequentia
1667 5362 1791 5399 cum

186 5432 626 5501 praecedentibus
654 5433 946 5502 prudenter
965 5434 1379 5501 concordentur,
1415 5442 1469 5487 et
1497 5434 1620 5487 inde
1652 5449 1788 5487 con-

1900 1830 2028 1866 num
2059 1813 2450 1881 celebraretur,
2475 1813 2618 1885 quod
2648 1812 2860 1867 veritati
2892 1813 3172 1868 adversari
3204 1814 3494 1881 credimus,

1900 1917 2023 1956 cum
2054 1903 2124 1957 de
2164 1902 2334 1957 missa
2381 1903 2571 1971 majori
2616 1902 2777 1956 etiam
2832 1902 3059 1971 privatis
3107 1902 3299 1957 diebus
3354 1904 3495 1973 apud

1900 1999 2114 2045 nostros
2131 1991 2444 2062 frequenter
2474 1990 2739 2045 celebrari
2770 1998 3027 2045 consueta
3063 1990 3342 2045 evidenter
3390 2008 3494 2062 pa-

1898 2086 2008 2133 teat
2040 2096 2106 2134 ex
2128 2080 2263 2134 locis
2283 2088 2396 2133 tum
2420 2094 2582 2149 supra
2610 2078 2817 2144 relatis,
2856 2086 2969 2132 tum
2997 2078 3136 2132 infra
3168 2078 3493 2135 referendis.

1900 2167 1961 2221 Id
1992 2184 2123 2239 ergo
2145 2168 2554 2237 intelligendum
2604 2182 2725 2221 esse
2756 2166 2912 2220 nobis
2941 2166 3152 2221 videtur
3198 2168 3265 2222 de
3314 2168 3496 2222 missis

1898 2255 2146 2325 privatis,
2181 2272 2213 2310 a
2237 2256 2450 2326 quibus,
2484 2254 2589 2308 illis
2612 2254 2776 2309 etiam
2802 2255 2995 2309 diebus
3026 2254 3177 2309 festis
3206 2256 3495 2311 duodecim

1898 2344 2191 2398 lectionum
2239 2343 2597 2399 communiter
2651 2352 2778 2398 tunc
2823 2343 3184 2412 abstinebant,
3246 2345 3343 2399 sed
3387 2360 3497 2399 non

1900 2448 2132 2501 semper,
2166 2440 2327 2502 prout
2358 2431 2495 2485 infra
2524 2432 2805 2501 apparebit
2836 2447 2906 2485 ex
2935 2448 2990 2485 n.
3024 2436 3075 2497 1,
3109 2448 3227 2502 cap.
3253 2434 3337 2487 14.
3362 2432 3495 2501 Quze

1899 2520 2223 2574 abstinentia
2251 2536 2281 2573 a
2302 2519 2483 2573 missis
2514 2519 2878 2583 celebrandis,
2911 2535 3010 2589 per
3039 2520 3261 2591 antiqua
3295 2528 3496 2576 statuta

1899 2609 2119 2677 probata
2150 2624 2260 2663 non
2280 2608 2395 2674 fuit,
2430 2616 2589 2679 atque
2622 2607 2747 2663 ideo
2781 2607 2939 2662 aliter
2967 2608 3035 2663 de
3067 2608 3170 2663 hac
3198 2626 3255 2663 re
3290 2610 3345 2663 in
3373 2626 3495 2665 me-

1899 2698 2001 2752 lius
2046 2698 2367 2767 dispositum
2414 2705 2497 2751 est
2528 2714 2541 2749 :
2576 2712 2695 2749 nam
2741 2696 3031 2750 missarum
3080 2696 3371 2753 celebratio
3425 2698 3496 2753 ad

1902 2786 2113 2855 pietatis
2142 2793 2194 2840 et
2212 2784 2504 2856 spiritualis
2535 2785 2941 2839 exercitationis
2981 2793 3331 2857 augmentum
3362 2803 3495 2857 per-

1900 2874 2053 2929 tinet.
2087 2875 2169 2927 Ex
2226 2874 2448 2945 antiquo
2479 2873 2643 2927 etiam
2682 2890 2783 2927 usu
2813 2873 3017 2928 ordinis
3038 2873 3093 2926 in
3124 2875 3349 2929 vetustis
3396 2892 3495 2931 co-

1900 2963 2113 3018 dicibus
2144 2978 2427 3033 expresso,
2450 2969 2666 3016 notatur
2700 2962 2753 3015 in
2789 2962 3132 3016 Kalendariis
3166 2964 3357 3029 missa,
3392 2965 3494 3018 sub

1820 3073 1871 3131 Β
1902 3052 2054 3106 festis
2128 3059 2453 3115 sanctorum,
2509 3066 2629 3121 quae
2677 3050 2750 3104 ibi
2809 3050 3113 3105 scribuntur
3166 3051 3496 3107 celebranda

1899 3156 2023 3195 cum
2061 3140 2231 3193 tribus
2268 3147 2476 3193 tantum
2524 3138 2865 3203 lectionibus,
2899 3146 2956 3192 ut
2986 3138 3073 3191 fiat
3126 3139 3379 3195 discretio
3410 3140 3496 3195 in-

1898 3236 1981 3282 ter
2012 3227 2147 3282 festa
2175 3227 2503 3295 hujusmodi,
2537 3242 2658 3296 quae
2705 3226 2927 3279 missam
2984 3228 3395 3283 conventualem
3426 3229 3494 3285 de

1898 3315 2037 3371 festo
2065 3315 2282 3381 habent,
2316 3324 2368 3369 et
2389 3315 2495 3368 alia
2527 3330 2648 3385 qua:
2678 3330 2787 3367 non
2807 3314 3029 3368 habent.
3062 3318 3129 3369 At
3159 3316 3291 3371 nihil
3320 3317 3495 3373 simile

1896 3412 2136 3468 notatur,
2169 3419 2272 3458 nec
2301 3403 2355 3456 in
2379 3402 2828 3467 solemnitatibus,
2854 3418 2955 3457 nec
2988 3403 3043 3455 in
3074 3403 3224 3458 festis
3251 3405 3491 3474 capituli,

1897 3508 1998 3547 nec
2029 3492 2083 3546 in
2118 3491 2269 3545 festis
2299 3490 2588 3545 duodecim
2619 3490 2931 3555 lectionum,
2964 3507 3082 3561 quae
3128 3491 3314 3546 ultima
3343 3492 3496 3547 festis

1895 3581 2197 3651 duplicibus
2228 3589 2603 3652 corequantur.
2635 3580 2852 3633 Certum
2882 3588 2960 3633 est
3010 3589 3189 3634 autem
3221 3581 3364 3651 quod
3395 3598 3498 3637 nec

1895 3670 2090 3724 diebus
2172 3670 2588 3732 solemnitatum,
2638 3684 2737 3722 nec
2789 3668 2983 3722 diebus
3026 3668 3288 3723 festorum
3345 3670 3496 3740 capi-

1895 3758 1989 3812 tuli
2020 3758 2243 3812 missam
2275 3757 2688 3812 conventualem
2715 3756 3041 3824 omitterent,
3078 3765 3129 3811 et
3158 3758 3283 3812 inde
3314 3766 3495 3828 potest

1893 3846 2145 3901 concludi
2177 3846 2322 3916 quod
2369 3846 2473 3899 ista
2502 3845 2637 3899 festa
2688 3845 2871 3898 omnia
2937 3846 3216 3915 mqualiter
3268 3851 3491 3901 missam

1892 3935 2173 4005 propriam
2228 3942 2279 3988 et
2323 3933 2734 3988 conventualem
2778 3932 3061 4001 haberent,
3096 3933 3233 3989 sicut
3277 3935 3495 3990 univer-

1894 4024 2077 4077 saliter
2107 4022 2389 4078 observari
2446 4022 2692 4076 videmus
2737 4022 2791 4074 in
2848 4021 3115 4090 Ecclesia,
3148 4021 3293 4078 circa
3351 4023 3491 4079 festa

1892 4110 2145 4181 duplicia.

1962 4199 2098 4253 Ibid.
2131 4203 2181 4253 3.
2214 4201 2278 4252 In
2310 4200 2504 4268 vigilia
2537 4202 2767 4253 tantum
2795 4201 2919 4268 post
2949 4215 3179 4254 nonam.
3232 4199 3310 4252 lbi
3340 4200 3488 4257 clare

1892 4304 2211 4358 expressum
2241 4287 2408 4341 habes
2439 4303 2596 4340 usum
2647 4286 3087 4341 recordationum
3128 4287 3321 4343 iisdem
3372 4289 3487 4344 die-

1892 4377 1993 4429 bus
2022 4375 2139 4430 ﬁeri
2167 4374 2403 4439 solitum,
2438 4392 2558 4445 qua:
2578 4375 2631 4428 in
2664 4374 2899 4444 antiquis
2928 4376 3140 4429 statutis
3171 4376 3489 4447 specifican-

1890 4468 1977 4513 tur
2010 4467 2100 4513 :et
2139 4459 2265 4513 inde
2295 4458 2593 4529 perspicies
2635 4458 2689 4511 in
2720 4457 2953 4528 antiquis
3004 4460 3218 4514 statutis
3248 4477 3310 4515 ea
3332 4462 3486 4516 ordi-

1890 4556 2015 4603 nate
2046 4557 2097 4601 et
2126 4564 2383 4617 expresse
2406 4546 2573 4601 fuisse
2602 4546 2797 4617 posita,
2833 4564 2952 4617 quae
2994 4548 3051 4601 in
3080 4550 3491 4605 Consuetudini-

1890 4637 1990 4691 bus
2020 4638 2083 4692 R.
2136 4637 2309 4690 Patris
2340 4636 2606 4706 Guigonis
2662 4636 2894 4706 sparsim
2926 4643 3149 4705 tantum,
3210 4638 3483 4693 succincte

1891 4734 1941 4779 et
1972 4725 2137 4779 veluti
2178 4724 2436 4795 implicite
2472 4724 2682 4778 fuerant
2714 4724 2913 4793 scripta
2949 4739 2960 4777 ε
2993 4733 3043 4778 et
3064 4726 3346 4795 probatum
3376 4726 3480 4781 lia-

1892 4814 2047 4868 bebis
2080 4813 2224 4884 quod
2258 4814 2313 4865 in
2346 4813 2577 4883 Prologo
2608 4812 2675 4865 de
2703 4813 2806 4866 hac
2835 4812 3088 4866 diximus.

1964 4902 2073 4956 Cur
2096 4917 2282 4955 rasura
2310 4917 2452 4955 nunc
2482 4900 2683 4969 pluries
2704 4899 2795 4953 fiat
2815 4902 2959 4969 apud
2989 4900 3133 4955 nos?
3162 4901 3221 4955 Id
3248 4903 3483 4972 pertinet

1893 4991 1962 5045 ad
1991 4991 2251 5059 majorem
2296 4989 2658 5043 reverentiam
2714 4988 3078 5043 adhibendam
3111 4989 3164 5042 in
3194 4990 3482 5046 missarum

1892 5078 2277 5141 celebratione,
2322 5094 2442 5148 qua:
2502 5077 2835 5147 frequentior
2883 5092 3024 5131 nunc
3052 5086 3135 5131 est
3177 5080 3321 5149 apud
3382 5098 3481 5136 nos

1889 5184 2053 5239 quam
2084 5166 2273 5237 primis
2294 5166 2502 5220 ordinis
2533 5165 2887 5235 temporibus,
2922 5173 2977 5218 ut
3009 5182 3108 5220 suo
3139 5167 3259 5223 loco
3282 5168 3484 5224 videbi-

1890 5262 1993 5311 tur.
2029 5256 2136 5310 Sed
2164 5272 2228 5309 ex
2256 5255 2375 5325 ipsa
2406 5270 2717 5308 rasurarum
2748 5253 3208 5324 multiplicatione,
3243 5257 3482 5328 rigorem

1889 5352 2089 5399 nostrae
2116 5343 2475 5397 observantia'
2506 5342 2684 5411 potius
2714 5350 2923 5395 auctum
2959 5358 3080 5396 esse
3112 5360 3273 5413 quam
3314 5344 3479 5397 dimi-

1889 5441 2098 5497 nutum,
2132 5432 2352 5502 pr0prio
2383 5430 2755 5500 experimento
2794 5430 2949 5484 facile
2982 5430 3208 5495 discent,
3245 5432 3334 5501 qui
3364 5449 3478 5485 rem

182 5518 440 5575 cludendi
470 5521 615 5590 quod
644 5522 811 5577 missa
840 5522 1215 5579 conventualis
1246 5531 1488 5593 tempore
1520 5523 1581 5577 ll.
1618 5523 1787 5576 Patris
1886 5524 1939 5576 in
1970 5522 2193 5576 dubium
2224 5534 2419 5575 vocare
2464 5518 2662 5573 volent.
