3978 6050
507 237 609 289 655

1355 226 1695 286 GUIGONIS
1736 226 1757 279 Ι
1795 221 2203 280 CARTHUSUE
2245 217 2533 274 MAIORIS
2572 216 2849 275 PRIORIS
2887 217 2950 271 V.

3693 214 3805 267 656

1933 342 2332 401 CAPITULUM
2369 343 2440 398 X.

1546 447 1748 513 Quales
1770 445 2015 515 hospites
2042 441 2494 496 introducantur
2521 440 2584 494 in
2601 441 2854 497 chorum.

579 556 627 604 t.
665 553 723 605 In
761 553 988 606 chorum
1010 556 1251 605 nostrum
1281 546 1522 618 hOSpites
1552 552 1761 599 tantum
1794 541 2082 615 religiosos
2121 537 2534 607 introducimus,
2570 553 2693 593 cum
2732 537 2929 608 quibus
2966 534 3021 590 in
3040 534 3277 590 claustro
3309 547 3653 589 communem
3668 530 3801 588 licet

508 648 706 702 habere
728 664 1054 702 sermonem.

570 749 623 801 2.
666 745 727 798 In
753 752 962 814 partem
1001 759 1132 800 vero
1163 742 1364 797 ducere
1393 739 1643 811 aliquem,
1678 737 1764 793 vel
1796 736 1938 805 duci,
1980 742 2069 790 aut
2107 734 2260 807 quasi
2298 740 2511 789 secreto
2548 731 2752 804 aliquid
2789 730 3058 801 intimare,
3097 737 3190 786 aut
3226 728 3491 785 mandare
3529 727 3805 800 aliquibus

503 864 613 903 non
649 840 798 913 licet,
839 842 945 896 nisi
971 841 1242 897 licentiam
1275 838 1433 892 dante
1472 836 1684 908 priore.
1731 834 1905 903 Quam
1948 832 2222 888 licentiam
2268 846 2379 886 non
2408 831 2477 885 ad
2510 845 2630 897 nos,
2679 830 2777 885 sed
2806 829 2876 883 ad
2911 844 3027 899 eos,
3070 828 3117 883 si
3163 828 3296 883 tanti
3342 826 3562 897 habent,
3617 827 3806 882 attinet

504 954 717 1018 petere.
764 942 921 997 Nunc
959 938 1027 994 de
1055 937 1139 991 his
1172 951 1293 1007 quae
1331 950 1433 1005 pro
1453 932 1723 989 defunctis
1744 931 1830 988 vel
1847 930 1997 987 circa
2021 929 2308 985 defunctos
2337 928 2601 1000 gerimus,
2633 926 2838 998 aliquid
2875 935 2959 983 est
2996 927 3303 985 dicendum.

1887 1046 2279 1102 CAPITULUM
2316 1044 2413 1099 XI.

1779 1143 1855 1199 De
1880 1143 2066 1213 ofﬁcio
2098 1141 2517 1212 defunctorum.

577 1260 627 1311 1.
668 1254 846 1309 Altera
885 1250 1067 1320 itaque
1105 1242 1501 1318 postOmnium
1532 1241 1854 1296 Sanctorum
1876 1238 2073 1294 festum
2100 1239 2207 1305 die,
2231 1238 2335 1293 nisi
2364 1238 2419 1293 in
2457 1238 2740 1295 Dominica
2785 1237 3045 1306 evenerit,
3086 1252 3183 1308 pro
3221 1236 3491 1292 defunctis
3528 1234 3801 1291 universis

500 1353 773 1428 agendam
796 1356 917 1421 post
956 1353 1221 1402 nocturna
1250 1357 1371 1399 cum
1411 1355 1607 1396 novem
1638 1338 1964 1395 lectionibus
1996 1338 2246 1405 dicimus,
2290 1336 2388 1391 hac
2418 1353 2523 1391 una
2561 1345 2770 1392 tantum
2799 1336 3043 1393 oratione
3073 1334 3329 1401 contenti,
3372 1334 3625 1403 ﬁdelium
3654 1332 3800 1388 Deus

504 1453 790 1515 omnium;
835 1444 1051 1510 dehinc,
1084 1448 1206 1513 post
1243 1439 1489 1509 primam,
1532 1437 1757 1491 missam
1788 1442 2056 1506 przesente
2095 1441 2361 1490 conventu
2384 1436 2739 1492 celebramus.

574 1552 628 1605 2.
673 1547 732 1599 In
769 1542 918 1597 nullo
941 1546 1115 1594 autem
1145 1535 1433 1591 duodecim
1464 1533 1755 1589 lectionum
1797 1532 1953 1597 festo,
1989 1531 2076 1586 vel
2106 1529 2248 1584 infra
2276 1539 2499 1586 octavas
2532 1533 2738 1589 Natalis
2767 1532 3004 1603 Domini,
3040 1532 3284 1598 Paschae,
3330 1529 3416 1585 vel
3455 1529 3801 1584 Pentecostes

506 1644 879 1702 defunctorum
918 1635 1154 1692 ofﬁcium
1195 1632 1444 1697 facimus,
1482 1630 1585 1685 nisi
1618 1630 1755 1685 forte
1794 1628 2080 1684 defunctus
2108 1643 2354 1699 praesens
2392 1627 2572 1697 fuerit,
2616 1629 2703 1687 vel
2757 1629 3105 1687 tricenarium
3155 1629 3243 1700 agi
3291 1627 3600 1699 contigerit.
3642 1625 3801 1694 Quod

507 1750 687 1797 tamen
726 1736 899 1793 tribus
929 1734 1119 1790 diebus
1141 1739 1263 1786 ante
1303 1729 1531 1794 Pascha,
1576 1736 1628 1782 et
1657 1728 1776 1797 ipso
1806 1726 1894 1781 die
1926 1727 2161 1792 Paschas,
2195 1725 2282 1780 vel
2310 1726 2678 1796 Pentecostes,
2711 1743 2809 1785 seu
2831 1727 3038 1784 Natalis
3059 1726 3295 1797 Domini,
3334 1726 3381 1780 si
3395 1724 3533 1781 forte
3562 1723 3801 1781 eveniret

509 1845 767 1911 quantum
796 1833 865 1888 ad
896 1831 1120 1886 missam
1151 1828 1250 1901 [αι.
1280 1825 1519 1882 ofﬁcium
1536 1823 1738 1896 missae]
1768 1822 1975 1888 attinet,
2017 1822 2237 1876 minime
2263 1820 2589 1878 faceremus.

575 1940 627 1990 3.
669 1934 751 1989 Ab
771 1933 874 1986 hoc
895 1929 1060 2001 igitur
1091 1927 1197 1992 die,
1230 1925 1285 1980 id
1313 1932 1396 1981 est
1424 1942 1455 1979 a
1495 1931 1685 1995 quarto
1704 1922 1889 1977 Nonas
1918 1919 2246 1976 Novembris
2283 1935 2457 1991 usque
2486 1922 2554 1975 ad
2612 1921 3102 1996 Septuagesimum,
3135 1921 3407 1994 agendam
3459 1920 3516 1975 in
3570 1916 3807 1975 ecclesia

507 2040 630 2105 post
657 2037 924 2085 nocturna
955 2025 1209 2080 dicimus.
1250 2026 1294 2077 A
1324 2021 1732 2094 Septuagesima
1766 2034 1900 2075 vero
1917 2033 2088 2089 usque
2111 2017 2180 2071 ad
2197 2017 2509 2087 praedictam
2534 2019 2677 2074 diem
2714 2028 2838 2092 post
2867 2035 3128 2091 vesperas
3152 2019 3341 2089 jejunii
3372 2018 3479 2085 die,
3516 2016 3649 2093 alias
3676 2022 3805 2087 post

509 2146 720 2189 cumam
753 2126 1006 2199 [additur
1033 2124 1095 2178 in
1122 2138 1225 2177 ms.
1260 2120 1344 2176 vel
1375 2119 1522 2191 ante]
1554 2120 1696 2175 idem
1715 2116 1958 2173 ofﬁcium
1978 2116 2034 2170 in
2054 2115 2208 2172 cellis
2246 2114 2595 2170 exsolvimus.
2624 2114 2783 2182 Quod
2814 2118 2859 2173 si
2889 2117 3321 2174 anniversarium
3342 2116 3516 2183 fuerit,
3540 2114 3596 2169 in
3626 2113 3805 2170 eccle-

510 2229 591 2283 sia
621 2225 802 2281 statim
822 2229 945 2294 post
967 2234 1230 2290 vesperas
1246 2234 1367 2273 cum
1397 2232 1594 2272 novem
1618 2215 1933 2271 lectionibus
1956 2220 2008 2268 et
2048 2210 2357 2281 antiphonis
2385 2212 2584 2282 agitur.

582 2326 634 2379 4.
676 2323 736 2376 In
763 2316 1191 2390 Quadragesima
1219 2322 1418 2383 tamen,
1450 2330 1519 2369 ne
1549 2312 1749 2368 fratres
1778 2318 2093 2384 graventur,
2116 2317 2239 2380 post
2268 2307 2613 2365 refectionem
2644 2311 2699 2365 in
2729 2310 2880 2367 cellis
2911 2311 3125 2368 dicitur.

1873 2424 2263 2482 CAPITULUM
2305 2423 2425 2480 λΙΙ.

1789 2525 1865 2580 De
1902 2523 2227 2579 visitatione
2269 2524 2482 2593 (egroti.

586 2634 637 2686 t.
674 2630 808 2686 Cum
838 2634 1016 2683 autem
1044 2626 1211 2681 frater
1249 2630 1486 2695 aegrotus
1514 2621 1677 2677 morti
1709 2620 2076 2693 pr0pinquare
2112 2619 2404 2689 putabitur,
2438 2628 2803 2695 congregatur
2856 2629 3157 2680 conventus
3185 2622 3256 2678 ad
3288 2620 3609 2679 visitandum
3647 2635 3796 2687 eum,

894 2728 902 2733 ’
1880 2739 2451 2799 COMMENTARIUS.

585 2849 1040 2906 Car.X.—Num.
1076 2851 1127 2902 t.
1162 2845 1470 2901 Inchorum
1491 2847 1770 2909 nostrum,
1791 2850 1895 2898 etc.
1922 2839 2106 2908 Quan-
2136 2840 2385 2907 Arentii,
2432 2841 2535 2897 sibi
2581 2843 2811 2900 invicem
2854 2843 3193 2916 quotidianas
3232 2857 3343 2898 sua:
3397 2841 3550 2898 cellae
3591 2839 3800 2912 opellas

513 2938 806 3011 doquidem
843 2938 1127 3009 ingressus
1172 2935 1227 2988 in
1273 2934 1500 2989 chorum
1544 2932 1779 2987 licentia:
1836 2929 2105 2985 silentium

513 3026 800 3099 frangendi
830 3041 927 3096 per
954 3038 1243 3080 commune
1270 3020 1597 3092 colloquium
1630 3035 1752 3075 cum
1783 3018 2105 3091 quibusdam

511 3115 812 3185 hospitibus
858 3122 987 3168 tunc
1017 3110 1277 3182 temporis
1324 3110 1645 3179 eonjunctus
1694 3114 1830 3176 erat,
1861 3122 1973 3161 non
2026 3113 2107 3160 est

513 3205 714 3259 mirum
744 3218 843 3258 cur
872 3200 1013 3255 ﬁerit
1058 3200 1292 3255 selectus
1320 3213 1701 3269 personarum,
1734 3212 1855 3267 qua)
1883 3196 2106 3251 chorum

512 3292 923 3363 ingrederentur
954 3309 967 3354 ;
1015 3288 1252 3360 alioquin
1283 3286 1497 3342 silentio
1518 3284 1789 3357 pernicies
1820 3284 2008 3339 fuisset
2035 3283 2105 3337 il-

511 3380 641 3447 lata,
693 3386 744 3434 et
774 3380 879 3433 hac
908 3377 974 3432 de
1004 3392 1165 3433 causa
1194 3374 1514 3445 scrupulose
1542 3374 1864 3429 arcebantur
1893 3388 1926 3427 a
1954 3371 2107 3427 chori

512 3469 767 3540 ingressu
787 3467 907 3522 alia:
934 3481 1204 3536 personae.
1228 3464 1324 3518 His
1344 3478 1476 3519 vero
1506 3461 1865 3533 temporibus,
1889 3460 2107 3532 quando

514 3556 729 3614 licentia
761 3555 1088 3626 colloquium
1120 3568 1406 3609 commune
1435 3551 1675 3606 habendi
1705 3566 1828 3606 cum
1874 3549 2106 3619 hospiti-

515 3646 617 3700 bus
646 3645 911 3717 abrogata
940 3650 1041 3709 est,
1075 3642 1379 3714 ingressum
1410 3639 1562 3695 chori
1599 3638 1851 3695 omnibus
1890 3637 2107 3709 quidem

516 3733 719 3804 passim
768 3747 877 3787 non
923 3730 1305 3802 permittimus,
1339 3728 1433 3783 sed
1463 3742 1572 3783 non
1628 3735 1735 3781 tam
1789 3725 2108 3797 scrupulose

515 3821 907 3877 interdicimus.
946 3820 1237 3891 Ingressus
1276 3817 1366 3871 ille
1395 3816 1524 3871 olim
1574 3815 1875 3886 pertinebat
1904 3814 1974 3869 ad
2003 3814 2107 3869 ob-

518 3909 845 3966 servantiam
877 3906 1182 3979 regularem
1234 3903 1581 3974 personalem
1613 3944 1627 3969 ,
1660 3910 1881 3973 propter
1911 3902 2109 3958 silentii

515 3998 818 4055 custodiam
852 4014 866 4061 ;
897 4010 1042 4049 nunc
1085 3992 1295 4048 sublata
1326 3992 1430 4046 ista
1482 3991 1700 4047 licentia
1746 3991 2105 4063 colloquendi,

517 4087 586 4143 ad
615 4086 854 4157 politiam
875 4099 1024 4138 mere
1055 4090 1334 4137 externam
1366 4080 1616 4151 pertinet,
1641 4097 1763 4152 qua:
1786 4088 1984 4150 potest,
2014 4081 2111 4134 ha-

2206 2930 2476 3001 rapientes
2516 2931 2605 3003 pie
2645 2932 2950 3003 expellebat
2997 2932 3230 2988 dicendo
3263 2950 3278 2987 :
3312 2931 3392 2988 Ite
3431 2932 3504 2987 ad
3547 2946 3670 2986 oves
3699 2945 3797 2985 ve-

2204 3022 2373 3085 stras,
2399 3028 2502 3076 etc.

2274 3108 2484 3164 Eadem
2541 3125 2768 3181 prorsus
2823 3111 3087 3167 habentur
3142 3112 3199 3167 in
3250 3109 3486 3182 antiquis
3580 3105 3799 3163 Statutis

2204 3211 2326 3267 cap.
2360 3202 2412 3263 9,
2436 3214 2583 3253 num.
2610 3204 2631 3253 t
2663 3208 2714 3254 et
2733 3204 2801 3255 28
2838 3199 3091 3256 secundm
3113 3199 3301 3270 partis.

2276 3286 2407 3341 CAP.
2428 3288 2525 3341 XI.
2560 3318 2630 3328 —
2665 3288 2875 3343 Eadem
2930 3303 3154 3359 prorsus
3182 3304 3303 3360 quae
3344 3288 3399 3342 in
3436 3287 3541 3342 hoc
3565 3282 3804 3356 capitqu

2205 3375 2492 3442 habentur,
2556 3377 2613 3430 in
2649 3377 2882 3450 antiquis
2923 3377 3145 3432 Statutis
3214 3375 3519 3432 referentur
3563 3389 3664 3445 cap
3728 3376 3799 3431 28

2204 3462 2364 3534 prim.
2397 3471 2559 3535 part.,
2591 3480 2646 3519 n.
2681 3469 2732 3533 5,
2766 3472 2819 3520 et
2838 3480 2960 3537 cap.
2987 3466 3073 3535 46,
3105 3480 3255 3520 num.
3290 3467 3341 3531 ί,
3386 3464 3471 3532 14,
3505 3466 3539 3518 7
3566 3470 3621 3518 et
3648 3466 3735 3517 11.

2276 3552 2437 3606 Num.
2475 3557 2525 3607 1.
2558 3553 2841 3624 Agendum
2894 3558 3020 3625 post
3064 3558 3367 3610 nocturna.
3400 3552 3646 3624 Agenda,
3688 3565 3799 3622 quo

2208 3641 2427 3695 nomine
2457 3640 2691 3697 officium
2723 3641 3123 3708 defunctorum,
3155 3642 3212 3697 id
3241 3649 3323 3697 est
3368 3655 3652 3710 vesperas,
3684 3655 3801 3693 ma-

2209 3730 2408 3784 tutinas
2454 3738 2506 3783 et
2551 3729 2741 3786 laudes
2789 3731 2859 3785 ab
2894 3730 3129 3803 antiquis
3156 3745 3432 3797 vocamus,
3459 3729 3515 3784 in
3569 3728 3739 3784 choro
3766 3742 3805 3783 ι

2209 3825 2407 3889 quarto
2435 3818 2623 3873 Nonas
2651 3819 2979 3875 Novembris
3025 3834 3200 3890 usque
3227 3818 3297 3873 ad
3327 3816 3799 3890 Septuagesimam

2178 3922 2181 3923 '
2209 3915 2337 3962 tunc
2363 3914 2568 3961 tantum
2591 3907 2898 3976 dicebatur;
2923 3908 3132 3964 caeteris
3158 3922 3290 3964 vero
3311 3906 3440 3962 anni
3459 3906 3799 3977 temporibus

2208 3994 2261 4048 in
2293 3994 2429 4051 cella
2446 4004 2571 4066 post
2595 4011 2874 4067 vesperas,
2893 3996 2999 4050 nisi
3028 3995 3262 4051 officium
3290 3995 3424 4051 illud
3449 3994 3505 4049 in
3535 4002 3805 4051 conventu

2209 4099 2307 4153 pro
2337 4083 2707 4139 anniversario
2750 4084 2902 4141 reddi
2933 4084 3231 4140 debuisset.
3281 4084 3440 4139 Nunc
3460 4098 3590 4139 vero
3620 4098 3798 4155 agen-

518 4176 628 4230 bita
670 4182 971 4243 temporum
1018 4178 1071 4225 et
1126 4185 1411 4225 causarum
1465 4169 1694 4235 ratione,
1755 4169 1962 4239 absque
2002 4168 2111 4223 ulla
2140 4172 2332 4251 Bdam
2362 4173 2417 4226 in
2447 4173 2616 4228 choro
2647 4189 2862 4245 semper
2899 4173 3249 4242 exsolvimus,
3290 4179 3516 4244 excepto
3545 4170 3801 4239 Quadra-

519 4261 875 4317 observantiaz
892 4258 1163 4331 regularis
1183 4258 1404 4313 laesione
1427 4257 1676 4312 relaxari.
1699 4258 1802 4312 Per
1820 4257 2109 4312 observan-

519 4352 651 4405 tiam
677 4357 854 4404 autem
884 4347 1222 4419 personalem
1244 4346 1510 4419 intelligo,
1537 4362 1602 4401 ea
1631 4362 1750 4419 quae
1779 4362 1876 4417 per
1895 4362 1955 4401 se
1986 4354 2107 4401 ten-

519 4439 653 4492 dunt
681 4438 749 4491 ad
779 4436 1162 4491 macerandam
1195 4450 1434 4501 carnem,
1469 4442 1522 4489 et
1541 4435 1817 4506 prOpriam
1856 4434 2107 4490 volunta-

523 4535 633 4581 tem
664 4524 1041 4596 frangendam.

590 4615 753 4669 Num.
786 4618 839 4669 2.
860 4614 924 4668 In
942 4616 1168 4685 partem
1187 4612 1453 4668 ducere...
1488 4612 1600 4666 nisi
1625 4613 1916 4668 licentiam
1937 4611 2109 4667 dante

517 4703 727 4776 priore,
752 4709 855 4757 etc.
889 4701 1020 4755 Inde
1051 4699 1275 4756 evidens
1303 4707 1386 4754 est
1415 4699 1556 4771 quod
1577 4707 1817 4770 tempore
1847 4700 1912 4754 R.
1938 4700 2109 4753 Patris

522 4791 808 4863 Guigonis,
843 4789 981 4844 sicut
1008 4796 1060 4843 et
1092 4804 1234 4844 nunc
1263 4795 1528 4851 servatur,
1554 4802 1677 4842 cum
1706 4787 1920 4842 licentia
1960 4788 2110 4858 prius

522 4896 621 4951 per
652 4887 937 4934 extraneos
966 4894 995 4931 a
1038 4877 1217 4947 priore
1264 4876 1428 4947 petita
1467 4883 1518 4931 et
1548 4876 1819 4944 obtenta,,
1872 4891 1981 4931 non
2010 4892 2110 4946 per

517 4967 901 5037 nosmetipsos,
932 4965 1036 5037 ipsi
1066 4964 1308 5019 extranei
1337 4972 1584 5034 poterant
1610 4963 1893 5018 nobiscum
1920 4963 2109 5033 priva-

523 5057 617 5111 tim
648 5055 901 5126 colloqui,
934 5062 985 5109 et
1011 5053 1137 5107 inde
1181 5053 1497 5106 observatur
1527 5052 1683 5105 etiam
1722 5066 1884 5119 nunc,
1916 5059 1972 5106 ut
2002 5068 2109 5107 sm-

524 5145 733 5200 culares
779 5143 1047 5198 licentiam
1079 5140 1324 5195 obtinere
1371 5139 1603 5194 debeant
1630 5155 1661 5194 a
1688 5140 1892 5210 priore,
1952 5148 2109 5194 antc-

523 5249 684 5305 quam
731 5230 941 5303 possint
971 5245 1003 5284 a
1031 5229 1190 5284 nobis
1232 5228 1285 5281 in
1342 5228 1534 5283 cellam
1564 5229 1633 5282 ad
1688 5229 2109 5299 colloquendum

523 5321 752 5376 admitti.
786 5318 943 5387 Quod
975 5324 1153 5371 autem
1173 5315 1482 5387 primisillis
1500 5316 1836 5386 temporibus
1866 5318 2108 5371 extranei

518 5416 741 5479 possent
764 5408 925 5462 etiam
956 5406 1010 5459 in
1030 5405 1194 5459 cellas
1216 5414 1427 5460 nostras
1449 5404 1638 5475 recipi,
1662 5420 1724 5459 ex
1756 5404 1875 5476 ipso
1898 5406 1954 5460 S.
1978 5407 2110 5459 Bru-

521 5498 679 5552 nonis
709 5494 956 5566 exemplo
996 5494 1302 5558 innotescit,
1360 5492 1451 5564 qui
1481 5500 1591 5546 tum
1640 5500 1882 5548 sanctum
1915 5494 2104 5564 Hugo-

519 5600 642 5640 nem
666 5584 999 5655 episcopum,
1027 5590 1140 5638 tum
1168 5581 1470 5653 piissimum
1500 5581 1739 5653 priorem
1768 5581 1954 5639 Sancti
1972 5582 2105 5639 Lau-

2210 4261 2434 4331 gesimae
2460 4269 2725 4332 tempore.

2280 4349 2443 4404 Num.
2474 4353 2527 4405 3.
2567 4350 2717 4419 Quod
2747 4353 2796 4406 si
2825 4351 3368 4408 anniversarium...
3417 4368 3547 4408 cum
3599 4366 3799 4408 novem

2211 4438 2564 4494 lectionibus.
2603 4439 2706 4493 Per
2738 4439 2898 4493 istam
2933 4440 3344 4510 expressionem
3372 4456 3570 4496 novem
3597 4441 3798 4495 lectio-

2208 4542 2365 4591 num,
2388 4527 2773 4595 anniversariis
2820 4526 3072 4599 specifice
3092 4529 3428 4595 attributam,
3452 4528 3626 4583 innuit
3642 4543 3805 4583 usum

2212 4614 2303 4685 qui
2333 4615 2610 4669 extensius
2651 4615 2951 4686 explicatur
2994 4616 3051 4670 in
3097 4616 3332 4688 antiquis
3360 4615 3590 4681 statutis,
3624 4624 3678 4672 et
3706 4616 3801 4688 qui

2211 4709 2339 4757 tunc
2388 4702 2509 4757 talis
2553 4710 2689 4768 erat,
2746 4711 2804 4758 ut
2842 4720 3159 4760 communes
3187 4705 3417 4777 agendae
3461 4720 3586 4761 cum
3631 4705 3800 4759 tribus

2210 4797 2417 4844 tantum
2447 4791 2769 4847 lectionibus
2799 4800 2851 4847 et
2876 4808 3073 4849 novem
3103 4793 3328 4865 psalmis
3356 4793 3730 4848 redderentur.

2280 4879 2427 4933 Nihil
2455 4895 2587 4953 ergo
2614 4879 2669 4936 in
2703 4881 2805 4935 hac
2834 4889 2984 4952 parte
3014 4882 3286 4952 reperitur
3340 4881 3660 4948 relaxatum,
3691 4881 3802 4936 imo

2211 4968 2391 5037 potius
2420 4967 2623 5039 aliquid
2643 4976 2880 5035 auctum,
2930 4970 3056 5040 quia
3085 4986 3229 5026 nunc
3266 4971 3480 5043 agenda
3510 4986 3728 5044 semper
3748 4970 3805 5025 in

2211 5056 2377 5110 choro
2408 5055 2604 5111 dicitur
2630 5064 2751 5128 post
2781 5074 3058 5129 vesperas,
3093 5067 3147 5115 et
3173 5075 3392 5129 semper
3428 5074 3553 5115 cum
3608 5074 3806 5115 novem

2210 5143 2554 5199 lectionibus.

2282 5233 2413 5286 CAP.
2447 5234 2568 5287 XII.
2597 5264 2666 5274 -—
2685 5234 2835 5289 Idem
2865 5234 3159 5306 capitulum
3216 5234 3432 5307 integre
3489 5236 3718 5293 refertur
3746 5234 3803 5290 in

2210 5321 2445 5392 antiquis
2475 5322 2685 5377 statutis
2714 5338 2832 5395 cap.
2868 5325 2935 5380 47
2962 5324 3123 5395 prim.
3164 5333 3306 5395 part.

2279 5410 2441 5464 Num.
2475 5414 2528 5466 2.
2572 5412 2721 5467 Tunc
2743 5413 3288 5483 conﬁteturpeccata
3315 5430 3446 5470 sua.
3484 5412 3544 5467 Id
3574 5412 3642 5468 de
3673 5426 3808 5469 con-

2210 5495 2445 5552 fessione
2503 5499 2879 5555 sacramentali
2934 5515 3045 5555 non
3098 5500 3432 5573 intelligitur,
3484 5509 3538 5557 et
3581 5517 3651 5557 ne
3678 5500 3811 5556 inde

2208 5585 2441 5656 suspicio
2472 5586 2702 5641 oriretur
2730 5586 3088 5644 confessionis
3102 5589 3354 5659 publicae,
3389 5605 3511 5661 quae
3530 5604 3811 5663 nunquam
