3978 6050
209 183 314 238 657
1576 179 2185 241 CONSUETUDINES.
3393 181 3498 234 658

207 314 261 362 et
287 306 418 364 dicit
443 308 721 378 sacerdos,
757 312 879 367 Pax
909 310 1040 369 huic
1070 310 1264 369 domui
1290 315 1347 367 et
1388 310 1643 369 omnibus
1674 305 2063 364 habitantibus
2093 308 2156 362 in
2184 322 2270 373 ea,
2305 321 2573 379 spargens
2602 321 2794 379 aquam
2822 312 3089 372 sanctam;
3128 304 3493 376 respondetur

207 406 408 461 Amen.

279 506 334 559 2.
367 503 513 558 Tunc
542 504 827 560 confitetur
844 514 1068 576 peccata
1098 521 1216 572 sua,
1248 514 1298 561 et
1326 512 1450 576 post
1474 504 1871 561 absolutionem
1901 504 2030 560 dicit
2058 501 2203 557 idem
2234 500 2331 573 [aL
2364 500 2513 573 item]
2544 502 2803 557 sacerdos
2837 521 2849 557 :
2891 503 3119 557 Salvum
3149 504 3241 571 fac
3273 515 3496 555 servum

212 603 421 669 tuum;
450 603 581 657 Esto
610 603 681 668 ei,
716 604 989 671 Domine;
1021 604 1174 659 Nihil
1200 604 1481 675 proﬁciat,
1516 604 1786 657 Dominus
1805 602 2104 666 vobiscum,
2130 601 2272 654 Deus
2296 600 2392 670 qui
2411 601 2628 669 famulo
2647 604 2761 665 tuo,
2786 602 2931 654 Deus
2950 600 3045 671 qui
3062 614 3164 670 per
3185 598 3501 677 apostolum

207 700 395 753 tuum.

284 798 337 849 3.
368 795 577 851 Deinde
605 796 800 853 dicitur
826 797 1089 867 psalmus,
1122 798 1376 862 Domine,
1410 812 1481 852 ne
1509 798 1572 852 in
1600 799 1791 867 furore
1823 799 1936 860 tuo,
1971 793 2199 865 primus,
2232 801 2353 865 post
2383 794 2533 862 cujus
2564 792 2725 848 finem
2757 792 3035 865 inungitur
3057 792 3104 846 ei
3127 791 3276 847 visus
3294 799 3343 845 et
3367 788 3502 845 dici-

207 899 300 947 tur
322 894 460 947 :Per
471 894 643 948 istam
655 895 986 949 unctionem
1007 898 1239 950 etsuam
1251 895 1568 966 piissimam
1580 892 2026 949 misericordiam
2042 892 2338 962 indulgeat
2361 892 2464 947 tibi
2478 894 2622 947 Deus
2642 892 2905 962 quidquid
2924 891 3171 962 peccasti
3184 906 3285 961 per
3298 890 3498 943 visum-

285 988 339 1042 4.
371 987 439 1041 Et
466 987 541 1042 ita
570 997 694 1060 post
743 989 1083 1061 singulorum
1130 990 1465 1060 psalmorum
1510 997 1716 1059 septem
1765 986 1945 1054 ﬁnem,
1992 988 2256 1058 repetitur
2297 989 2415 1043 haec
2461 990 2654 1043 eadem
2684 989 2853 1043 oratio
2883 988 2954 1042 ad
2986 987 3203 1058 singula
3224 986 3277 1039 in
3309 984 3505 1055 quibus

208 1082 492 1158 inungitur
518 1085 659 1153 loca,
693 1086 749 1141 id
778 1094 861 1141 est
888 1087 957 1142 ad
988 1086 1249 1155 auditum,
1283 1087 1352 1141 ad
1381 1086 1681 1151 odoratum,
1715 1084 1783 1139 ad
1813 1090 2031 1156 gustum
2061 1084 2174 1139 sive
2212 1085 2505 1157 loquelam,
2539 1086 2609 1140 ad
2639 1093 2860 1151 tactum,
2892 1085 2945 1139 id
2978 1091 3060 1139 est
3090 1084 3160 1138 ad
3191 1098 3403 1151 manus,
3437 1082 3506 1136 ad

206 1181 511 1249 incessum,
543 1182 595 1237 id
623 1190 705 1237 est
734 1183 803 1238 ad
824 1182 1056 1254 plantas,
1081 1183 1149 1237 ad
1177 1183 1427 1238 ardorem
1459 1182 1717 1250 libidinis,
1752 1182 1804 1236 id
1836 1188 1917 1236 est
1948 1182 2017 1235 ad
2048 1197 2227 1236 renes.

289 1282 343 1333 5.
377 1280 572 1335 Postea
615 1281 840 1354 tergitur
876 1296 939 1336 os
986 1281 1121 1351 ejus,
1156 1288 1209 1336 et
1255 1281 1325 1335 ab
1371 1281 1641 1347 omnibus,
1688 1289 1948 1351 tanquam
1972 1278 2335 1349 profecturus,
2368 1280 2455 1349 pie
2485 1280 2827 1336 exosculatus
2854 1278 3235 1344 communicat,
3273 1285 3506 1334 cantan-

212 1374 362 1429 tibus
391 1377 480 1448 qui
510 1377 706 1433 adsunt
735 1378 1173 1434 communionem
1209 1396 1222 1432 :
1255 1380 1362 1434 Hoc
1394 1394 1616 1449 corpus.

289 1475 341 1527 6.
374 1473 499 1529 Post
526 1474 644 1531 haec
672 1474 926 1531 dicuntur
955 1475 1228 1531 orationes
1247 1475 1381 1541 istcc,
1409 1477 1654 1547 Respice,
1679 1475 1938 1539 Domine;
1965 1475 2128 1540 Deus,
2152 1476 2245 1546 qui
2266 1479 2512 1546 factura:
2533 1481 2645 1531 tua:
2670 1497 2686 1543 ;
2720 1478 2884 1545 Deus,
2910 1476 3005 1548 qui
3026 1477 3273 1531 humano
3294 1476 3506 1546 generi.

1531 1590 1920 1646 CAPITULUM
1948 1590 2097 1647 XIII.

1252 1679 1529 1747 Quomodo
1560 1682 1895 1737 tractandus
1924 1682 2002 1736 sit
2028 1685 2123 1755 qui
2153 1682 2423 1737 moritur.

292 1779 341 1829 1.
371 1776 505 1831 Cum
542 1779 657 1847 jam
688 1777 784 1850 [aL
822 1777 1063 1850 jamjam]
1106 1778 1243 1833 mori
1281 1777 1567 1843 videbitur,
1620 1778 1686 1831 ab
1734 1778 1818 1831 his
1854 1780 1946 1850 qui
1995 1780 2044 1833 ei
2074 1779 2312 1834 serviunt
2343 1778 2501 1849 signo
2531 1777 2677 1842 dato,
2716 1776 3016 1847 postposita
3045 1776 3192 1831 omni
3221 1774 3513 1831 occasione

208 1881 507 1929 accurrunt
534 1875 729 1940 cuncti,
764 1875 867 1929 nisi
896 1891 1019 1930 cum
1054 1875 1152 1947 [αἱ.
1187 1873 1390 1946 tamen]
1419 1874 1661 1929 divinum
1690 1875 1745 1928 in
1776 1875 2010 1931 ecclesia
2038 1874 2325 1947 contigerit
2355 1872 2586 1928 ofﬁcium
2618 1872 2907 1927 celebrari.

288 1974 342 2025 2.
376 1971 525 2026 Tunc
554 1972 697 2026 enim
726 1972 899 2043 prior,
949 1972 1032 2027 vel
1084 1973 1172 2028 cui
1216 1973 1333 2042 ipse
1364 1972 1670 2041 injunxerit,
1706 1987 1825 2027 cum
1857 1974 2071 2027 duobus
2103 1980 2195 2025 aut
2227 1971 2395 2024 tribus
2417 1970 2487 2023 ad
2516 1970 2834 2023 morientem
2866 1968 3104 2024 festinat.
3145 1968 3515 2039 Depositoque

212 2081 282 2122 eo
312 2083 476 2138 super
505 2068 851 2124 benedictum
897 2069 1154 2136 cinerem,
1205 2069 1443 2123 litaniam
1491 2076 1651 2139 prout
1678 2085 1767 2124 res
1796 2070 1999 2139 patitur
2026 2069 2250 2139 longam
2288 2067 2372 2121 vel
2406 2066 2623 2121 brevem
2657 2064 2873 2120 faciunt.
2908 2066 3179 2137 Sequitur,
3214 2068 3387 2120 Pater
3418 2082 3516 2121 no-

213 2168 358 2231 ster,
392 2173 443 2221 et
471 2180 683 2236 preces,
717 2168 946 2223 Salvum
974 2170 1087 2236 fac,
1121 2168 1249 2221 Esto
1279 2168 1349 2233 ei,
1383 2167 1536 2221 Nihil
1562 2167 1844 2237 proﬁciat,
1895 2166 2092 2222 deinde
2136 2164 2307 2220 oratio
2352 2164 2488 2228 hinc,
2524 2164 2956 2218 Misericordiam
2990 2167 3184 2229 tuam;
3215 2170 3339 2232 post
3375 2162 3514 2217 hanc

214 2262 457 2334 quinque
485 2262 698 2332 psalmi,
739 2264 905 2319 Verba
932 2280 1079 2329 mea,
1111 2265 1367 2328 Domine,
1392 2279 1463 2317 ne
1484 2263 1546 2317 in
1574 2266 1787 2333 furore,
1821 2264 2048 2335 primus,
2084 2264 2275 2319 Dilexi
2304 2263 2587 2333 quoniam,
2625 2260 2862 2326 Credidi,
2897 2263 2971 2315 De
2984 2261 3308 2332 profundis,
3344 2263 3514 2316 Pater

215 2362 431 2425 noster,
467 2360 503 2413 Α
538 2364 700 2431 porta
730 2360 940 2431 inferi;
968 2359 1160 2426 oratio,
1192 2362 1356 2426 Deus,
1390 2360 1484 2415 cui
1502 2362 1795 2432 praprium
1827 2364 1929 2415 est.
1965 2361 2176 2418 Exinde
2208 2362 2420 2435 agenda
2448 2359 2688 2431 plenaria
2718 2376 2839 2416 cum
2866 2358 3114 2415 laudibus
3147 2368 3199 2416 et
3229 2358 3474 2431 vesperis
3500 2378 3515 2426 ;

215 2463 342 2526 post
370 2456 527 2524 hanc,
561 2455 899 2511 Psalterium.

286 2556 338 2607 3.
372 2553 583 2608 Interea
612 2553 896 2610 defunctus
924 2553 1157 2609 abluitur
1187 2562 1239 2609 et
1267 2553 1533 2619 induitur;
1567 2556 1864 2609 monachus
1916 2554 2093 2611 cilicio
2127 2562 2180 2609 et
2212 2553 2437 2622 cuculla,
2472 2554 2661 2625 caligis
2694 2561 2743 2609 et
2774 2553 3101 2623 pedulibus;
3136 2553 3304 2609 laicus
3337 2554 3517 2609 tunica

216 2656 273 2705 et
301 2650 537 2720 caputio,
570 2650 761 2723 caligis
788 2659 840 2706 et
868 2651 1176 2722 pedulibus,
1207 2650 1332 2706 inde
1362 2650 1653 2722 imponitur
1682 2651 1882 2706 feretro
1914 2660 1965 2707 et
1995 2652 2304 2707 intermissa
2347 2651 2653 2722 psalmodia
2681 2652 2809 2707 dicit
2839 2652 3115 2718 sacerdos,
3150 2652 3213 2706 In
3243 2654 3518 2708 memoria

219 2752 459 2816 (eterna,
491 2750 567 2804 Ne
591 2749 782 2804 tradas
813 2750 1025 2813 bestiis,
1050 2766 1121 2804 ne
1150 2751 1331 2805 intres
1354 2751 1415 2804 in
1425 2749 1709 2820 judicium
1734 2768 1747 2814 ;
1785 2758 1902 2818 post
1936 2751 2053 2805 haec
2082 2750 2381 2804 orationem
2412 2750 2589 2815 istam,
2622 2750 2785 2815 Deus,
2806 2750 2898 2805 cui
2922 2751 3114 2804 omnia
3136 2752 3355 2805 vivunt.

292 2848 345 2900 4.
380 2845 475 2899 His
505 2846 732 2916 expletis
761 2845 929 2901 fertur
956 2847 1011 2900 in
1052 2847 1375 2913 Ecclesium,
1408 2855 1461 2901 et
1490 2855 1730 2902 cantatur
1775 2848 2199 2917 responsorium,
2256 2846 2423 2902 Credo
2467 2846 2609 2918 quod
2650 2847 3018 2918 Redemptor;
3058 2855 3180 2917 post
3225 2849 3343 2903 haec
3389 2846 3518 2903 dicit

220 2942 484 2997 sacerdos
514 2959 528 2995 :
564 2943 603 2998 A
631 2946 797 3013 porta
823 2944 1018 3013 inferi,
1044 2943 1200 2998 Nihil
1218 2944 1498 3015 preﬁciat,
1531 2945 1606 2999 Ne
1626 2947 1825 3007 intres,
1862 2945 2112 3012 Oremus,
2147 2944 2394 3014 Suscipe,
2429 2943 2680 3006 Domine,
2716 2945 2989 2998 animam.

294 3040 347 3092 5.
382 3037 563 3092 Posito
594 3046 774 3093 autem
801 3038 855 3092 in
887 3038 1117 3094 ecclesia
1161 3038 1437 3108 defuncto,
1468 3041 1728 3110 repetitur
1755 3040 2058 3110 psalmodia
2087 3039 2179 3093 ubi
2210 3039 2383 3093 fuerat
2415 3038 2760 3104 intermissa;
2795 3047 2847 3093 et
2874 3040 2977 3093 hoc
3007 3039 3225 3094 omnino
3256 3054 3513 3109 procura-

219 3143 311 3190 tur
356 3143 414 3189 ut
461 3136 569 3191 duo
618 3136 687 3190 ad
734 3136 912 3190 minus
962 3136 1219 3207 psalteria
1265 3136 1529 3202 dicantur,
1577 3154 1740 3191 unum
1785 3138 1839 3191 in
1870 3137 2124 3203 ecclesia,
2172 3136 2398 3192 alterum
2428 3136 2482 3190 in
2510 3136 2661 3191 cellis
2693 3153 2817 3192 cum
2847 3137 3057 3204 veniis;
3093 3137 3137 3191 si
3168 3153 3296 3192 vero
3325 3137 3392 3191 de
3424 3136 3517 3191 illo

220 3232 368 3303 quod
396 3231 453 3286 in
481 3232 714 3287 ecclesia
758 3232 1050 3288 dicendum
1100 3241 1201 3300 est,
1238 3232 1499 3288 restiterit
1538 3234 1759 3305 aliquid,
1812 3234 2057 3289 redditur
2103 3235 2157 3288 in
2188 3234 2376 3300 cellis;
2412 3250 2533 3287 nam
2565 3234 2609 3287 si
2639 3242 2850 3305 tempus
2879 3233 3137 3305 permittit
3186 3234 3374 3289 eadem
3405 3234 3513 3301 die,

220 3344 334 3385 non
363 3336 543 3385 tamen
588 3329 693 3383 nisi
733 3337 859 3401 post
904 3330 1126 3385 missam
1174 3346 1277 3401 pro
1325 3346 1390 3385 eo
1439 3338 1725 3398 cantatum,
1772 3331 2045 3401 sepelitur.
2096 3331 2188 3385 Sin
2238 3337 2437 3396 autem,
2490 3338 2735 3386 servatur
2764 3331 2820 3385 in
2848 3332 3163 3402 crastinum,
3196 3340 3517 3404 noctemque

219 3428 402 3499 ipsam
428 3427 677 3482 monachi
723 3443 845 3483 cum
888 3427 1063 3495 laicis,
1116 3435 1168 3483 et
1208 3443 1311 3499 pro
1357 3427 1441 3483 sui
1488 3444 1713 3483 numero
1744 3436 1796 3483 et
1826 3443 1927 3499 pro
1957 3427 2125 3498 ipsius
2157 3427 2453 3500 quantitate
2484 3426 2749 3493 dividunt,
2780 3427 2923 3483 circa
2954 3443 3151 3499 corpus
3198 3428 3514 3500 psalterium

219 3523 645 3596 frequentantes.

296 3625 353 3675 6.
393 3621 452 3674 In
498 3620 734 3676 crastino
764 3628 962 3688 autem,
1014 3620 1183 3676 missa
1220 3622 1427 3678 cunctis
1455 3622 1815 3693 praesentibus
1844 3630 2079 3691 cantata,
2116 3625 2374 3696 sepelitur
2404 3626 2506 3681 hoc
2534 3626 2718 3681 modo.
2752 3626 2868 3681 Stat
2895 3626 3098 3681 chorus
3120 3626 3269 3693 juxta
3298 3642 3513 3697 corpus,

221 3724 276 3770 et
305 3715 432 3771 dicit
456 3715 741 3804 “sacerdos,
776 3718 948 3772 Pater
962 3722 1191 3785 noster;
1223 3732 1444 3788 precem
1477 3720 1515 3773 A
1541 3722 1702 3790 porta
1722 3720 1904 3790 inferi
1926 3739 1943 3786 ;
1965 3722 2265 3778 orationem
2295 3725 2459 3791 Deus,
2496 3723 2628 3777 vitae
2657 3723 2854 3789 dator;
2885 3722 3311 3793 responsorium,
3347 3723 3516 3780 Credo

220 3811 365 3884 quod
396 3812 747 3882 Redemptor,
783 3814 944 3882 Kyrie
974 3814 1203 3875 eleison.
1238 3816 1409 3869 Pater
1438 3818 1663 3881 noster;
1695 3830 1916 3885 precem
1946 3818 2022 3873 Ne
2050 3820 2247 3887 intres,
2272 3819 2573 3873 orationem
2597 3821 2758 3884 Deus,
2782 3821 2876 3891 qui
2891 3821 3256 3887 animarum;
3289 3836 3517 3891 respon-

221 3909 443 3974 sorium,
479 3909 555 3964 Ne
584 3909 887 3964 abscondas
917 3926 1023 3975 me,
1076 3911 1237 3981 Kyrie
1286 3912 1516 3977 eleison,
1550 3914 1721 3969 Pater
1763 3919 1994 3982 noster;
2026 3932 2266 3986 precem,
2298 3918 2374 3972 Ne
2426 3918 2613 3971 tradas
2644 3918 2859 3983 bestiis,
2894 3917 3068 3971 oratio
3098 3919 3217 3973 Non
3248 3921 3431 3975 intres
3452 3922 3516 3976 in

209 4007 534 4078 judicium;
566 4007 996 4076 responsorium,
1031 4009 1107 4064 Ne
1138 4009 1344 4075 intres,
1380 4011 1538 4081 Kyrie
1568 4012 1798 4076 eleison,
1835 4014 2010 4068 Pater
2037 4018 2270 4081 noster;
2296 4029 2535 4084 precem,
2571 4016 2832 4087 Requiem
2861 4019 3167 4079 aeternam,-
3190 4016 3511 4081 orationem,

221 4106 352 4172 Fac,
386 4120 722 4176 quasumus,
756 4106 1010 4160 Domine.

293 4206 345 4257 '7.
380 4203 529 4258 Tunc
558 4211 801 4273 portatur
830 4205 901 4259 ad
929 4205 1215 4270 tumulum,
1247 4222 1367 4261 cum
1398 4206 1482 4261 his
1512 4206 1755 4277 psalmis,
1788 4206 1851 4260 In
1879 4208 2043 4261 exitu
2076 4208 2272 4272 Israel,
2318 4207 2571 4262 Miserere
2610 4209 2741 4276 mei,
2768 4208 2933 4276 Deus,
2960 4207 3317 4276 Con/itemini
3338 4224 3511 4276 cxvn,

222 4299 717 4367 Quemadmodum,
750 4302 1042 4369 Memento,
1078 4303 1330 4370 Domine,
1349 4304 1597 4375 probasti
1619 4320 1724 4371 me,
1753 4303 1993 4368 Inclina,
2018 4304 2265 4359 Laudate
2288 4304 2587 4360 Dominum
2612 4304 2677 4360 de
2698 4306 2868 4371 cazlis,
2896 4305 3229 4362 Benedictus
3247 4308 3516 4363 Dominus

220 4396 370 4452 Deus
389 4397 585 4465 Israel,
605 4398 945 4469 Magni/icui.

1584 4470 2150 4527 COMMENTARIUS.

220 4564 321 4618 fuit
349 4563 406 4619 in
430 4579 533 4619 usu
562 4564 704 4635 apud
734 4579 854 4633 nos,
883 4565 987 4619 nisi
1009 4581 1109 4636 pro
1130 4574 1279 4621 certo
1300 4582 1507 4637 genere
1529 4566 1811 4638 culparum
1834 4572 1886 4629 Α
1918 4584 2055 4632 mus,
2091 4575 2143 4621 et
2172 4575 2297 4623 tunc
2323 4582 2420 4638 pro
2451 4568 2809 4638 prmsentibus
2839 4577 3044 4624 tantum
3075 4572 3301 4627 mortuis
3323 4573 3516 4630 redde-

220 4653 279 4707 in
308 4652 518 4707 statutis
562 4668 941 4723 expressamm
962 4695 977 4720 ,
1011 4670 1131 4725 quae
1172 4654 1229 4709 in
1276 4656 1510 4726 capitulo
1540 4672 1813 4727 recogno-
1917 4655 2095 4723 batur,
2132 4663 2351 4727 eratque
2383 4656 2579 4711 devota
2599 4658 2878 4728 occupatio
2899 4674 3109 4725 eorum,
3135 4660 3225 4731 qui
3247 4662 3517 4716 custodie-

224 4748 473 4807 scuntur,
506 4741 560 4795 id
580 4740 813 4797 lucidius
843 4742 898 4796 in
927 4742 1202 4797 modernis
1231 4744 1447 4798 statutis
1478 4745 1812 4815 exprimitur,
1918 4744 2044 4797 bant
2073 4758 2275 4814 corpus
2306 4743 2572 4801 defuncti.
2613 4746 2823 4800 Exinde
2852 4746 2905 4801 id
2935 4762 3255 4802 conversum
3286 4747 3515 4819 fuit,per

222 4830 319 4884 ubi
364 4829 565 4885 dicitur
612 4829 759 4901 quod
798 4838 1039 4903 aegrotus
1087 4832 1236 4899 dicit,
1292 4832 1570 4902 Conﬁteor
1614 4835 1741 4900 Deo,
1767 4842 1818 4889 et
1919 4833 2367 4888 consuetudinem
2394 4850 2423 4886 a
2454 4833 2822 4905 singularibus
2854 4835 3107 4890 domibus
3130 4836 3510 4904 introductam,

222 4917 406 4973 subdit
435 4919 713 4985 sacerdos,
748 4920 1098 4985 Misereatur,
1133 4928 1238 4975 etc.
1920 4920 1975 4973 in
2006 4920 2284 4991 quoddam
2311 4922 2655 4992 beneficium,
2691 4924 2836 4994 quod
2858 4923 3208 4979 smcularibus
3226 4924 3387 4979 etiam
3409 4926 3512 4980 ali-

293 5006 499 5063 Eadem
522 5007 593 5062 ad
623 5007 858 5063 litteram
889 5024 1034 5065 nunc
1066 5024 1365 5066 servamus.
1923 5009 2140 5079 quando
2186 5010 2594 5065 concederetur.
2648 5012 2847 5066 Contra
2896 5012 3037 5068 hanc
3067 5015 3515 5070 consuetudinem

1922 5113 1990 5151 ne
2021 5106 2376 5164 excresceret,
2410 5107 2462 5154 et
2483 5100 2607 5154 inde
2639 5100 2890 5155 monachi
2920 5109 3298 5171 gravarentur,
3334 5104 3512 5159 recla-

1924 5193 2202 5239 maverunt
2231 5186 2437 5258 antiqui
2485 5188 2694 5254 Patres,
2746 5196 2803 5243 ut
2842 5188 3028 5245 videre
3073 5198 3155 5245 est
3183 5190 3339 5261 prim.
3375 5200 3511 5262 part.

1924 5272 2092 5344 antiq.
2131 5274 2325 5329 Statut.
2374 5290 2492 5346 cap.
2532 5277 2617 5345 49,
2644 5293 2792 5332 num.
2830 5282 2894 5333 15
2925 5286 2977 5333 et
3010 5282 3094 5344 16,
3130 5286 3181 5335 et
3210 5280 3265 5333 in
3292 5280 3515 5335 ordina-

292 5352 457 5406 Num.
481 5355 589 5410 2-5.
614 5354 750 5408 Post
768 5354 915 5410 hanc
938 5356 1300 5417 Psalterium.
1325 5364 1451 5422 etc.,
1477 5357 1575 5414 hoc
1594 5359 1823 5415 omnino
1924 5362 2160 5418 tionibus
2189 5362 2421 5433 plurium
2442 5365 2795 5435 capitulorum
2824 5367 3157 5439 generalium
3174 5409 3188 5437 ,
3221 5368 3287 5422 de
3318 5368 3514 5438 quibus

220 5444 585 5512 procuratur,
623 5445 690 5497 ut
729 5441 839 5496 duo
869 5443 940 5497 ad
981 5445 1173 5499 minus
1218 5445 1503 5501 Psalteria
1533 5447 1820 5514 dicantur,
1925 5451 2056 5506 alibi
2085 5450 2257 5507 fusius
2286 5454 2623 5509 tractabitur.

226 5544 408 5584 unum
438 5530 500 5583 in
522 5531 778 5597 ecclesia,
803 5532 1055 5587 alterum
1084 5535 1146 5588 in
1167 5534 1329 5589 cellis
1350 5550 1481 5590 cum
1502 5536 1700 5592 veniis.
1726 5535 1825 5591 Hic
1995 5540 2055 5595 In
2097 5541 2308 5596 statutis
2357 5542 2633 5596 modernis
2684 5544 2873 5599 eadem
2916 5561 3140 5615 prorsus
3185 5543 3511 5612 referuntur,

229 5616 398 5673 habes
430 5617 697 5692 originem
744 5618 1005 5693 suffragii,
1055 5622 1201 5694 quod
1228 5626 1633 5683 monachatum
1663 5640 1825 5682 voca-
1929 5627 2025 5684 sed
2056 5627 2216 5685 latius
2246 5637 2297 5685 et
2320 5629 2623 5686 distinctius
2653 5632 2917 5687 ordinata.

292 5158 425 5213 CAP.
459 5158 607 5213 XIII.
640 5188 709 5201 —-
755 5159 905 5215 Idem
935 5161 1229 5231 capitulum
1254 5162 1470 5234 integre
1502 5161 1737 5217 refertur
1767 5162 1822 5217 in

222 5246 459 5317 antiquis
482 5247 694 5302 statutis
723 5262 846 5319 cap.
879 5250 947 5304 47
977 5250 1135 5320 prim.
1169 5258 1303 5320 part.
