  <div class='ocr_page' id='page_1' title='image "/cluster/home/n/w/nwhite01/storage/ocr_20150623/153/hvd.32044054760111/335.png"; bbox 0 0 3978 6050; ppageno 0'>
   <div class='ocr_carea' id='block_1_1' title="bbox 474 207 3774 269">
    <p class='ocr_par' dir='ltr' id='par_1_1' title="bbox 474 207 3774 269">
     <span class='ocr_line' id='line_1_1' title="bbox 474 207 3774 269; baseline -0.002 -3"><span class='ocrx_word' id='word_1_1' title='bbox 474 215 575 267; x_wconf 74' lang='grc'>659</span> <span class='ocrx_word' id='word_1_2' title='bbox 1332 212 1671 269; x_wconf 80' lang='lat' dir='ltr'>GUIGONIS</span> <span class='ocrx_word' id='word_1_3' title='bbox 1711 213 1731 266; x_wconf 89' lang='grc' dir='ltr'><strong>Ι</strong></span> <span class='ocrx_word' id='word_1_4' title='bbox 1769 210 2175 267; x_wconf 75' lang='lat' dir='ltr'>CARTHUSLE</span> <span class='ocrx_word' id='word_1_5' title='bbox 2214 207 2506 266; x_wconf 71' lang='lat' dir='ltr'>MAIORIS</span> <span class='ocrx_word' id='word_1_6' title='bbox 2545 209 2818 268; x_wconf 83' lang='lat' dir='ltr'>PRIORIS</span> <span class='ocrx_word' id='word_1_7' title='bbox 2855 211 2918 264; x_wconf 82' lang='lat' dir='ltr'>V.</span> <span class='ocrx_word' id='word_1_8' title='bbox 3663 210 3774 262; x_wconf 83' lang='lat'>660</span> 
     </span>
    </p>
   </div>
   <div class='ocr_carea' id='block_1_2' title="bbox 546 333 3767 407">
    <p class='ocr_par' dir='ltr' id='par_1_2' title="bbox 546 333 3767 407">
     <span class='ocr_line' id='line_1_2' title="bbox 546 333 3767 407; baseline -0.001 -19"><span class='ocrx_word' id='word_1_9' title='bbox 546 340 595 388; x_wconf 91' lang='lat'>8.</span> <span class='ocrx_word' id='word_1_10' title='bbox 623 335 757 389; x_wconf 92' lang='lat' dir='ltr'>Cum</span> <span class='ocrx_word' id='word_1_11' title='bbox 787 342 1005 389; x_wconf 88' lang='lat' dir='ltr'>ventum</span> <span class='ocrx_word' id='word_1_12' title='bbox 1037 343 1118 389; x_wconf 88' lang='lat' dir='ltr'>cst</span> <span class='ocrx_word' id='word_1_13' title='bbox 1149 335 1217 389; x_wconf 89' lang='lat' dir='ltr'>ad</span> <span class='ocrx_word' id='word_1_14' title='bbox 1248 336 1574 405; x_wconf 82' lang='lat' dir='ltr'>sepulcrum,</span> <span class='ocrx_word' id='word_1_15' title='bbox 1610 335 1738 391; x_wconf 91' lang='lat' dir='ltr'>dicit</span> <span class='ocrx_word' id='word_1_16' title='bbox 1768 335 2044 399; x_wconf 86' lang='lat' dir='ltr'>sacerdos,</span> <span class='ocrx_word' id='word_1_17' title='bbox 2079 335 2247 388; x_wconf 87' lang='lat' dir='ltr'><em>Pater</em></span> <span class='ocrx_word' id='word_1_18' title='bbox 2291 340 2500 404; x_wconf 86' lang='lat' dir='ltr'><em>noster,</em></span> <span class='ocrx_word' id='word_1_19' title='bbox 2537 336 2573 390; x_wconf 84' lang='lat' dir='ltr'><em>A</em></span> <span class='ocrx_word' id='word_1_20' title='bbox 2597 340 2759 407; x_wconf 88' lang='lat' dir='ltr'><em>porta</em></span> <span class='ocrx_word' id='word_1_21' title='bbox 2778 336 2993 406; x_wconf 79' lang='lat' dir='ltr'><em>inferi;</em></span> <span class='ocrx_word' id='word_1_22' title='bbox 3024 333 3321 388; x_wconf 86' lang='lat' dir='ltr'>orationem</span> <span class='ocrx_word' id='word_1_23' title='bbox 3353 333 3484 395; x_wconf 84' lang='lat' dir='ltr'><em>Tibi,</em></span> <span class='ocrx_word' id='word_1_24' title='bbox 3511 333 3767 398; x_wconf 87' lang='lat' dir='ltr'><em>Domine,</em></span> 
     </span>
    </p>
   </div>
   <div class='ocr_carea' id='block_1_3' title="bbox 474 429 3765 503">
    <p class='ocr_par' dir='ltr' id='par_1_3' title="bbox 474 429 3765 503">
     <span class='ocr_line' id='line_1_3' title="bbox 474 429 3765 503; baseline -0.001 -16"><span class='ocrx_word' id='word_1_25' title='bbox 474 433 949 489; x_wconf 79' lang='lat' dir='ltr'>commendamus.</span> <span class='ocrx_word' id='word_1_26' title='bbox 982 433 1132 487; x_wconf 87' lang='lat' dir='ltr'>Tunc</span> <span class='ocrx_word' id='word_1_27' title='bbox 1161 433 1434 487; x_wconf 85' lang='lat' dir='ltr'>benedicit</span> <span class='ocrx_word' id='word_1_28' title='bbox 1482 433 1681 487; x_wconf 90' lang='lat' dir='ltr'>fossam</span> <span class='ocrx_word' id='word_1_29' title='bbox 1726 440 1777 487; x_wconf 91' lang='lat' dir='ltr'>et</span> <span class='ocrx_word' id='word_1_30' title='bbox 1826 430 2068 503; x_wconf 82' lang='lat' dir='ltr'>aspergit</span> <span class='ocrx_word' id='word_1_31' title='bbox 2095 445 2233 501; x_wconf 90' lang='lat' dir='ltr'>aqua</span> <span class='ocrx_word' id='word_1_32' title='bbox 2263 439 2447 485; x_wconf 89' lang='lat' dir='ltr'>sancta</span> <span class='ocrx_word' id='word_1_33' title='bbox 2478 440 2531 486; x_wconf 91' lang='lat' dir='ltr'>et</span> <span class='ocrx_word' id='word_1_34' title='bbox 2560 431 2846 500; x_wconf 85' lang='lat' dir='ltr'>thurificat,</span> <span class='ocrx_word' id='word_1_35' title='bbox 2879 431 3076 485; x_wconf 90' lang='lat' dir='ltr'>deinde</span> <span class='ocrx_word' id='word_1_36' title='bbox 3105 430 3321 500; x_wconf 81' lang='lat' dir='ltr'>ponitur</span> <span class='ocrx_word' id='word_1_37' title='bbox 3349 444 3548 499; x_wconf 88' lang='lat' dir='ltr'>corpus</span> <span class='ocrx_word' id='word_1_38' title='bbox 3572 429 3628 481; x_wconf 88' lang='lat' dir='ltr'>in</span> <span class='ocrx_word' id='word_1_39' title='bbox 3658 444 3765 494; x_wconf 87' lang='lat' dir='ltr'>ea;</span> 
     </span>
    </p>
   </div>
   <div class='ocr_carea' id='block_1_4' title="bbox 470 518 3760 600">
    <p class='ocr_par' dir='ltr' id='par_1_4' title="bbox 470 518 3760 600">
     <span class='ocr_line' id='line_1_4' title="bbox 470 518 3760 600; baseline -0.001 -15"><span class='ocrx_word' id='word_1_40' title='bbox 470 539 522 585; x_wconf 90' lang='lat' dir='ltr'>et</span> <span class='ocrx_word' id='word_1_41' title='bbox 552 531 677 585; x_wconf 90' lang='lat' dir='ltr'>dum</span> <span class='ocrx_word' id='word_1_42' title='bbox 707 529 951 600; x_wconf 84' lang='lat' dir='ltr'>Operitur</span> <span class='ocrx_word' id='word_1_43' title='bbox 979 529 1107 583; x_wconf 81' lang='lat' dir='ltr'>dicit</span> <span class='ocrx_word' id='word_1_44' title='bbox 1138 531 1392 584; x_wconf 85' lang='lat' dir='ltr'>sacerdos</span> <span class='ocrx_word' id='word_1_45' title='bbox 1423 531 1699 585; x_wconf 89' lang='lat' dir='ltr'>orationes</span> <span class='ocrx_word' id='word_1_46' title='bbox 1731 530 1879 595; x_wconf 89' lang='lat' dir='ltr'>istas,</span> <span class='ocrx_word' id='word_1_47' title='bbox 1913 528 2121 583; x_wconf 63' lang='lat' dir='ltr'>caeteris</span> <span class='ocrx_word' id='word_1_48' title='bbox 2147 527 2437 597; x_wconf 75' lang='lat' dir='ltr'>praedictos</span> <span class='ocrx_word' id='word_1_49' title='bbox 2477 528 2717 598; x_wconf 85' lang='lat' dir='ltr'>psalmos</span> <span class='ocrx_word' id='word_1_50' title='bbox 2763 518 3102 596; x_wconf 67' lang='lat' dir='ltr'>canentibus,</span> <span class='ocrx_word' id='word_1_51' title='bbox 3155 528 3538 592; x_wconf 86' lang='lat' dir='ltr'><em>Obsecramus,</em></span> <span class='ocrx_word' id='word_1_52' title='bbox 3594 529 3760 589; x_wconf 88' lang='lat' dir='ltr'><em>Deus,</em></span> 
     </span>
    </p>
   </div>
   <div class='ocr_carea' id='block_1_5' title="bbox 472 624 3762 699">
    <p class='ocr_par' dir='ltr' id='par_1_5' title="bbox 472 624 3762 699">
     <span class='ocr_line' id='line_1_5' title="bbox 472 624 3762 699; baseline -0.002 -17"><span class='ocrx_word' id='word_1_53' title='bbox 472 628 622 699; x_wconf 90' lang='lat' dir='ltr'><em>apud</em></span> <span class='ocrx_word' id='word_1_54' title='bbox 651 643 832 699; x_wconf 83' lang='lat' dir='ltr'>quem,</span> <span class='ocrx_word' id='word_1_55' title='bbox 862 629 947 693; x_wconf 90' lang='lat' dir='ltr'><em>Te,</em></span> <span class='ocrx_word' id='word_1_56' title='bbox 983 628 1233 691; x_wconf 81' lang='lat' dir='ltr'>Domine,</span> <span class='ocrx_word' id='word_1_57' title='bbox 1271 626 1520 695; x_wconf 81' lang='lat' dir='ltr'>Oremus,</span> <span class='ocrx_word' id='word_1_58' title='bbox 1551 629 1783 696; x_wconf 75' lang='lat' dir='ltr'>fratres,</span> <span class='ocrx_word' id='word_1_59' title='bbox 1818 626 1962 680; x_wconf 89' lang='lat' dir='ltr'><em>Deus</em></span> <span class='ocrx_word' id='word_1_60' title='bbox 1992 624 2085 696; x_wconf 90' lang='lat' dir='ltr'>qui</span> <span class='ocrx_word' id='word_1_61' title='bbox 2096 624 2292 694; x_wconf 85' lang='lat' dir='ltr'><em>justis,</em></span> <span class='ocrx_word' id='word_1_62' title='bbox 2330 625 2588 680; x_wconf 87' lang='lat' dir='ltr'><em>Debitum</em></span> <span class='ocrx_word' id='word_1_63' title='bbox 2622 625 2877 690; x_wconf 85' lang='lat' dir='ltr'><em>humani,</em></span> <span class='ocrx_word' id='word_1_64' title='bbox 2909 626 3262 679; x_wconf 86' lang='lat' dir='ltr'><em>Temeritatis</em></span> <span class='ocrx_word' id='word_1_65' title='bbox 3297 624 3538 695; x_wconf 81' lang='lat' dir='ltr'>quidem,</span> <span class='ocrx_word' id='word_1_66' title='bbox 3561 624 3762 680; x_wconf 81' lang='lat' dir='ltr'><em>Omni-</em></span> 
     </span>
    </p>
   </div>
   <div class='ocr_carea' id='block_1_6' title="bbox 472 723 1415 796">
    <p class='ocr_par' dir='ltr' id='par_1_6' title="bbox 472 723 1415 796">
     <span class='ocr_line' id='line_1_6' title="bbox 472 723 1415 796; baseline -0.004 -17"><span class='ocrx_word' id='word_1_67' title='bbox 472 726 719 796; x_wconf 85' lang='lat' dir='ltr'><em>potentis</em></span> <span class='ocrx_word' id='word_1_68' title='bbox 740 724 858 789; x_wconf 89' lang='lat' dir='ltr'><em>Dei,</em></span> <span class='ocrx_word' id='word_1_69' title='bbox 890 724 1131 789; x_wconf 84' lang='lat' dir='ltr'><em>Inclina,</em></span> <span class='ocrx_word' id='word_1_70' title='bbox 1166 723 1415 777; x_wconf 85' lang='lat' dir='ltr'><em>Domine.</em></span> 
     </span>
    </p>
   </div>
   <div class='ocr_carea' id='block_1_7' title="bbox 543 818 3757 890">
    <p class='ocr_par' dir='ltr' id='par_1_7' title="bbox 543 818 3757 890">
     <span class='ocr_line' id='line_1_7' title="bbox 543 818 3757 890; baseline -0.001 -15"><span class='ocrx_word' id='word_1_71' title='bbox 543 826 594 875; x_wconf 90' lang='lat'>9.</span> <span class='ocrx_word' id='word_1_72' title='bbox 629 820 836 889; x_wconf 89' lang='lat' dir='ltr'>Quibus</span> <span class='ocrx_word' id='word_1_73' title='bbox 866 820 1068 890; x_wconf 89' lang='lat' dir='ltr'>pariter</span> <span class='ocrx_word' id='word_1_74' title='bbox 1097 828 1149 874; x_wconf 89' lang='lat' dir='ltr'>et</span> <span class='ocrx_word' id='word_1_75' title='bbox 1179 819 1405 873; x_wconf 83' lang='lat' dir='ltr'>Psalmis</span> <span class='ocrx_word' id='word_1_76' title='bbox 1436 818 1664 888; x_wconf 82' lang='lat' dir='ltr'>expletis</span> <span class='ocrx_word' id='word_1_77' title='bbox 1696 818 1941 890; x_wconf 81' lang='lat' dir='ltr'>sequitur</span> <span class='ocrx_word' id='word_1_78' title='bbox 1972 821 2143 874; x_wconf 84' lang='lat' dir='ltr'><em>Pater</em></span> <span class='ocrx_word' id='word_1_79' title='bbox 2171 823 2382 883; x_wconf 85' lang='lat' dir='ltr'><em>noster,</em></span> <span class='ocrx_word' id='word_1_80' title='bbox 2416 826 2469 873; x_wconf 92' lang='lat' dir='ltr'>et</span> <span class='ocrx_word' id='word_1_81' title='bbox 2498 818 2775 874; x_wconf 88' lang='lat' dir='ltr'>orationes</span> <span class='ocrx_word' id='word_1_82' title='bbox 2808 820 2939 885; x_wconf 87' lang='lat' dir='ltr'><em>Tibi,</em></span> <span class='ocrx_word' id='word_1_83' title='bbox 2988 820 3239 883; x_wconf 79' lang='lat' dir='ltr'><em>Domine,</em></span> <span class='ocrx_word' id='word_1_84' title='bbox 3279 818 3757 883; x_wconf 82' lang='lat' dir='ltr'><em>commendamus,</em></span> 
     </span>
    </p>
   </div>
   <div class='ocr_carea' id='block_1_8' title="bbox 470 914 3762 987">
    <p class='ocr_par' dir='ltr' id='par_1_8' title="bbox 470 914 3762 987">
     <span class='ocr_line' id='line_1_8' title="bbox 470 914 3762 987; baseline -0.001 -14"><span class='ocrx_word' id='word_1_85' title='bbox 470 927 523 973; x_wconf 91' lang='lat' dir='ltr'>et</span> <span class='ocrx_word' id='word_1_86' title='bbox 552 921 714 986; x_wconf 84' lang='lat' dir='ltr'><em>Deus,</em></span> <span class='ocrx_word' id='word_1_87' title='bbox 749 919 911 987; x_wconf 85' lang='lat' dir='ltr'><em>cuius</em></span> <span class='ocrx_word' id='word_1_88' title='bbox 941 918 1330 971; x_wconf 81' lang='lat' dir='ltr'>miseratione.</span> <span class='ocrx_word' id='word_1_89' title='bbox 1371 916 1580 971; x_wconf 89' lang='lat' dir='ltr'>Dehinc</span> <span class='ocrx_word' id='word_1_90' title='bbox 1609 932 1637 968; x_wconf 93' lang='lat' dir='ltr'>a</span> <span class='ocrx_word' id='word_1_91' title='bbox 1670 916 1921 986; x_wconf 86' lang='lat' dir='ltr'>sepulcro</span> <span class='ocrx_word' id='word_1_92' title='bbox 1952 917 2181 971; x_wconf 90' lang='lat' dir='ltr'>redeunt</span> <span class='ocrx_word' id='word_1_93' title='bbox 2228 923 2510 971; x_wconf 79' lang='lat' dir='ltr'>cantantes</span> <span class='ocrx_word' id='word_1_94' title='bbox 2562 918 2822 972; x_wconf 80' lang='lat' dir='ltr'><em>Miserere</em></span> <span class='ocrx_word' id='word_1_95' title='bbox 2863 918 2993 982; x_wconf 86' lang='lat' dir='ltr'><em>mei,</em></span> <span class='ocrx_word' id='word_1_96' title='bbox 3029 918 3195 982; x_wconf 85' lang='lat' dir='ltr'><em>Deus,</em></span> <span class='ocrx_word' id='word_1_97' title='bbox 3227 923 3277 969; x_wconf 92' lang='lat' dir='ltr'>et</span> <span class='ocrx_word' id='word_1_98' title='bbox 3304 915 3359 969; x_wconf 89' lang='lat' dir='ltr'>in</span> <span class='ocrx_word' id='word_1_99' title='bbox 3390 914 3627 970; x_wconf 82' lang='lat' dir='ltr'>ecclesia</span> <span class='ocrx_word' id='word_1_100' title='bbox 3658 916 3762 970; x_wconf 88' lang='lat' dir='ltr'>hac</span> 
     </span>
    </p>
   </div>
   <div class='ocr_carea' id='block_1_9' title="bbox 469 1011 2004 1082">
    <p class='ocr_par' dir='ltr' id='par_1_9' title="bbox 469 1011 2004 1082">
     <span class='ocr_line' id='line_1_9' title="bbox 469 1011 2004 1082; baseline -0.003 -14"><span class='ocrx_word' id='word_1_101' title='bbox 469 1014 715 1069; x_wconf 90' lang='lat' dir='ltr'>oratione</span> <span class='ocrx_word' id='word_1_102' title='bbox 745 1020 913 1068; x_wconf 89' lang='lat' dir='ltr'>totum</span> <span class='ocrx_word' id='word_1_103' title='bbox 948 1012 1220 1082; x_wconf 90' lang='lat' dir='ltr'>complent</span> <span class='ocrx_word' id='word_1_104' title='bbox 1249 1011 1503 1077; x_wconf 75' lang='lat' dir='ltr'>cilicium,</span> <span class='ocrx_word' id='word_1_105' title='bbox 1540 1012 1815 1066; x_wconf 58' lang='lat' dir='ltr'><em>lv‘idelium</em></span> <span class='ocrx_word' id='word_1_106' title='bbox 1839 1012 2004 1066; x_wconf 87' lang='lat' dir='ltr'><em>Deus.</em></span> 
     </span>
    </p>
   </div>
   <div class='ocr_carea' id='block_1_10' title="bbox 1835 1130 2404 1186">
    <p class='ocr_par' dir='ltr' id='par_1_10' title="bbox 1835 1130 2404 1186">
     <span class='ocr_line' id='line_1_10' title="bbox 1835 1130 2404 1186; baseline 0.005 -3"><span class='ocrx_word' id='word_1_107' title='bbox 1835 1130 2228 1186; x_wconf 79' lang='lat' dir='ltr'>CAPITULUM</span> <span class='ocrx_word' id='word_1_108' title='bbox 2258 1132 2404 1186; x_wconf 85' lang='lat' dir='ltr'><strong>XIV.</strong></span> 
     </span>
    </p>
   </div>
   <div class='ocr_carea' id='block_1_11' title="bbox 1675 1219 2475 1276">
    <p class='ocr_par' dir='ltr' id='par_1_11' title="bbox 1675 1219 2475 1276">
     <span class='ocr_line' id='line_1_11' title="bbox 1675 1219 2475 1276; baseline 0 -4"><span class='ocrx_word' id='word_1_109' title='bbox 1675 1219 1816 1275; x_wconf 89' lang='lat' dir='ltr'><em>Item</em></span> <span class='ocrx_word' id='word_1_110' title='bbox 1840 1220 1904 1274; x_wconf 87' lang='lat' dir='ltr'>de</span> <span class='ocrx_word' id='word_1_111' title='bbox 1936 1236 2075 1275; x_wconf 86' lang='lat' dir='ltr'><em>cura</em></span> <span class='ocrx_word' id='word_1_112' title='bbox 2102 1225 2475 1276; x_wconf 84' lang='lat' dir='ltr'><em>mortuorum.</em></span> 
     </span>
    </p>
   </div>
   <div class='ocr_carea' id='block_1_12' title="bbox 539 1314 3767 1388">
    <p class='ocr_par' dir='ltr' id='par_1_12' title="bbox 539 1314 3767 1388">
     <span class='ocr_line' id='line_1_12' title="bbox 539 1314 3767 1388; baseline -0.001 -17"><span class='ocrx_word' id='word_1_113' title='bbox 539 1322 594 1373; x_wconf 80' lang='grc'>1.</span> <span class='ocrx_word' id='word_1_114' title='bbox 634 1318 716 1372; x_wconf 84' lang='lat' dir='ltr'>Ab</span> <span class='ocrx_word' id='word_1_115' title='bbox 746 1317 865 1388; x_wconf 91' lang='lat' dir='ltr'>ipso</span> <span class='ocrx_word' id='word_1_116' title='bbox 911 1325 1092 1371; x_wconf 88' lang='lat' dir='ltr'>autem</span> <span class='ocrx_word' id='word_1_117' title='bbox 1141 1316 1432 1387; x_wconf 68' lang='lat' dir='ltr'>sepultura:</span> <span class='ocrx_word' id='word_1_118' title='bbox 1488 1317 1574 1370; x_wconf 92' lang='lat' dir='ltr'>die</span> <span class='ocrx_word' id='word_1_119' title='bbox 1624 1332 1797 1386; x_wconf 81' lang='lat' dir='ltr'>usque</span> <span class='ocrx_word' id='word_1_120' title='bbox 1829 1317 1897 1370; x_wconf 91' lang='lat' dir='ltr'>ad</span> <span class='ocrx_word' id='word_1_121' title='bbox 1929 1316 2282 1384; x_wconf 86' lang='lat' dir='ltr'>tricesimum,</span> <span class='ocrx_word' id='word_1_122' title='bbox 2311 1314 2555 1386; x_wconf 88' lang='lat' dir='ltr'>quotidie</span> <span class='ocrx_word' id='word_1_123' title='bbox 2587 1329 2687 1385; x_wconf 92' lang='lat' dir='ltr'>pro</span> <span class='ocrx_word' id='word_1_124' title='bbox 2719 1329 2805 1381; x_wconf 89' lang='lat' dir='ltr'>eo,</span> <span class='ocrx_word' id='word_1_125' title='bbox 2839 1329 2947 1369; x_wconf 90' lang='lat' dir='ltr'>non</span> <span class='ocrx_word' id='word_1_126' title='bbox 2979 1323 3160 1371; x_wconf 90' lang='lat' dir='ltr'>tamen</span> <span class='ocrx_word' id='word_1_127' title='bbox 3191 1316 3246 1371; x_wconf 90' lang='lat' dir='ltr'>in</span> <span class='ocrx_word' id='word_1_128' title='bbox 3278 1324 3564 1385; x_wconf 84' lang='lat' dir='ltr'>conventu,</span> <span class='ocrx_word' id='word_1_129' title='bbox 3597 1316 3767 1369; x_wconf 89' lang='lat' dir='ltr'>missa</span> 
     </span>
    </p>
   </div>
   <div class='ocr_carea' id='block_1_13' title="bbox 467 1412 3762 1486">
    <p class='ocr_par' dir='ltr' id='par_1_13' title="bbox 467 1412 3762 1486">
     <span class='ocr_line' id='line_1_13' title="bbox 467 1412 3762 1486; baseline -0.001 -17"><span class='ocrx_word' id='word_1_130' title='bbox 467 1423 733 1483; x_wconf 85' lang='lat' dir='ltr'>cantatur,</span> <span class='ocrx_word' id='word_1_131' title='bbox 766 1422 817 1468; x_wconf 89' lang='lat' dir='ltr'>et</span> <span class='ocrx_word' id='word_1_132' title='bbox 865 1414 1042 1485; x_wconf 88' lang='lat' dir='ltr'>prima</span> <span class='ocrx_word' id='word_1_133' title='bbox 1088 1414 1144 1467; x_wconf 90' lang='lat' dir='ltr'>in</span> <span class='ocrx_word' id='word_1_134' title='bbox 1185 1414 1413 1486; x_wconf 82' lang='lat' dir='ltr'>agendis</span> <span class='ocrx_word' id='word_1_135' title='bbox 1443 1414 1619 1469; x_wconf 83' lang='lat' dir='ltr'><em>oratio</em></span> <span class='ocrx_word' id='word_1_136' title='bbox 1661 1414 1709 1468; x_wconf 90' lang='lat' dir='ltr'>ei</span> <span class='ocrx_word' id='word_1_137' title='bbox 1757 1414 2064 1483; x_wconf 84' lang='lat' dir='ltr'>specialiter</span> <span class='ocrx_word' id='word_1_138' title='bbox 2112 1414 2419 1485; x_wconf 85' lang='lat' dir='ltr'>deputatur.</span> <span class='ocrx_word' id='word_1_139' title='bbox 2466 1413 2773 1484; x_wconf 89' lang='lat' dir='ltr'>Notatoque</span> <span class='ocrx_word' id='word_1_140' title='bbox 2804 1413 2857 1466; x_wconf 92' lang='lat' dir='ltr'>in</span> <span class='ocrx_word' id='word_1_141' title='bbox 2886 1413 3271 1486; x_wconf 81' lang='lat' dir='ltr'>Martyrologio</span> <span class='ocrx_word' id='word_1_142' title='bbox 3303 1413 3480 1469; x_wconf 90' lang='lat' dir='ltr'>obitus</span> <span class='ocrx_word' id='word_1_143' title='bbox 3511 1412 3625 1481; x_wconf 87' lang='lat' dir='ltr'>ejus</span> <span class='ocrx_word' id='word_1_144' title='bbox 3652 1412 3762 1477; x_wconf 87' lang='lat' dir='ltr'>die,</span> 
     </span>
    </p>
   </div>
   <div class='ocr_carea' id='block_1_14' title="bbox 466 1508 3309 1581">
    <p class='ocr_par' dir='ltr' id='par_1_14' title="bbox 466 1508 3309 1581">
     <span class='ocr_line' id='line_1_14' title="bbox 466 1508 3309 1581; baseline 0.001 -18"><span class='ocrx_word' id='word_1_145' title='bbox 466 1528 683 1581; x_wconf 89' lang='lat' dir='ltr'>semper</span> <span class='ocrx_word' id='word_1_146' title='bbox 713 1509 1085 1565; x_wconf 86' lang='lat' dir='ltr'>anniversaria</span> <span class='ocrx_word' id='word_1_147' title='bbox 1116 1509 1171 1563; x_wconf 89' lang='lat' dir='ltr'>in</span> <span class='ocrx_word' id='word_1_148' title='bbox 1200 1516 1468 1563; x_wconf 89' lang='lat' dir='ltr'>conventu</span> <span class='ocrx_word' id='word_1_149' title='bbox 1498 1525 1599 1579; x_wconf 90' lang='lat' dir='ltr'>pro</span> <span class='ocrx_word' id='word_1_150' title='bbox 1631 1526 1695 1563; x_wconf 92' lang='lat' dir='ltr'>eo</span> <span class='ocrx_word' id='word_1_151' title='bbox 1727 1509 1912 1574; x_wconf 89' lang='lat' dir='ltr'>missa,</span> <span class='ocrx_word' id='word_1_152' title='bbox 1948 1510 2125 1564; x_wconf 90' lang='lat' dir='ltr'>hieme</span> <span class='ocrx_word' id='word_1_153' title='bbox 2157 1517 2298 1579; x_wconf 89' lang='lat' dir='ltr'>post,</span> <span class='ocrx_word' id='word_1_154' title='bbox 2333 1516 2517 1562; x_wconf 61' lang='lat' dir='ltr'>aestate</span> <span class='ocrx_word' id='word_1_155' title='bbox 2549 1517 2671 1563; x_wconf 88' lang='lat' dir='ltr'>ante</span> <span class='ocrx_word' id='word_1_156' title='bbox 2702 1508 2955 1578; x_wconf 88' lang='lat' dir='ltr'>primam,</span> <span class='ocrx_word' id='word_1_157' title='bbox 2988 1512 3309 1566; x_wconf 86' lang='lat' dir='ltr'>celebratur.</span> 
     </span>
    </p>
   </div>
   <div class='ocr_carea' id='block_1_15' title="bbox 534 1606 3750 1682">
    <p class='ocr_par' dir='ltr' id='par_1_15' title="bbox 534 1606 3750 1682">
     <span class='ocr_line' id='line_1_15' title="bbox 534 1606 3750 1682; baseline 0.001 -19"><span class='ocrx_word' id='word_1_158' title='bbox 534 1612 586 1663; x_wconf 79' lang='grc'>2.</span> <span class='ocrx_word' id='word_1_159' title='bbox 620 1609 701 1662; x_wconf 89' lang='lat' dir='ltr'>Eo</span> <span class='ocrx_word' id='word_1_160' title='bbox 729 1615 907 1661; x_wconf 88' lang='lat' dir='ltr'>autem</span> <span class='ocrx_word' id='word_1_161' title='bbox 938 1608 1024 1661; x_wconf 90' lang='lat' dir='ltr'>die</span> <span class='ocrx_word' id='word_1_162' title='bbox 1056 1623 1163 1677; x_wconf 90' lang='lat' dir='ltr'>quo</span> <span class='ocrx_word' id='word_1_163' title='bbox 1194 1606 1478 1661; x_wconf 90' lang='lat' dir='ltr'>defunctus</span> <span class='ocrx_word' id='word_1_164' title='bbox 1508 1607 1787 1677; x_wconf 85' lang='lat' dir='ltr'>sepelitur,</span> <span class='ocrx_word' id='word_1_165' title='bbox 1820 1607 1987 1661; x_wconf 90' lang='lat' dir='ltr'>cellas</span> <span class='ocrx_word' id='word_1_166' title='bbox 2018 1607 2213 1663; x_wconf 84' lang='lat' dir='ltr'>fratres</span> <span class='ocrx_word' id='word_1_167' title='bbox 2244 1617 2431 1662; x_wconf 86' lang='lat' dir='ltr'>tenere</span> <span class='ocrx_word' id='word_1_168' title='bbox 2461 1623 2569 1662; x_wconf 89' lang='lat' dir='ltr'>non</span> <span class='ocrx_word' id='word_1_169' title='bbox 2608 1615 2895 1679; x_wconf 88' lang='lat' dir='ltr'>coguntur,</span> <span class='ocrx_word' id='word_1_170' title='bbox 2929 1615 2980 1663; x_wconf 89' lang='lat' dir='ltr'>et</span> <span class='ocrx_word' id='word_1_171' title='bbox 3008 1609 3390 1664; x_wconf 88' lang='lat' dir='ltr'>consolationis</span> <span class='ocrx_word' id='word_1_172' title='bbox 3418 1612 3607 1682; x_wconf 85' lang='lat' dir='ltr'>gratia,</span> <span class='ocrx_word' id='word_1_173' title='bbox 3643 1612 3750 1679; x_wconf 90' lang='lat' dir='ltr'>bis,</span> 
     </span>
    </p>
   </div>
   <div class='ocr_carea' id='block_1_16' title="bbox 462 1704 1962 1774">
    <p class='ocr_par' dir='ltr' id='par_1_16' title="bbox 462 1704 1962 1774">
     <span class='ocr_line' id='line_1_16' title="bbox 462 1704 1962 1774; baseline 0.001 -17"><span class='ocrx_word' id='word_1_174' title='bbox 462 1704 565 1758; x_wconf 90' lang='lat' dir='ltr'>nisi</span> <span class='ocrx_word' id='word_1_175' title='bbox 595 1705 928 1774; x_wconf 70' lang='lat' dir='ltr'>prmcipuum</span> <span class='ocrx_word' id='word_1_176' title='bbox 951 1704 1215 1773; x_wconf 87' lang='lat' dir='ltr'>jejunium</span> <span class='ocrx_word' id='word_1_177' title='bbox 1243 1704 1423 1770; x_wconf 89' lang='lat' dir='ltr'>fuerit,</span> <span class='ocrx_word' id='word_1_178' title='bbox 1458 1704 1619 1758; x_wconf 90' lang='lat' dir='ltr'>simul</span> <span class='ocrx_word' id='word_1_179' title='bbox 1652 1712 1962 1759; x_wconf 84' lang='lat' dir='ltr'>vescuntur.</span> 
     </span>
    </p>
   </div>
   <div class='ocr_carea' id='block_1_17' title="bbox 533 1802 3744 1877">
    <p class='ocr_par' dir='ltr' id='par_1_17' title="bbox 533 1802 3744 1877">
     <span class='ocr_line' id='line_1_17' title="bbox 533 1802 3744 1877; baseline 0.001 -23"><span class='ocrx_word' id='word_1_180' title='bbox 533 1806 583 1855; x_wconf 91' lang='lat'>3.</span> <span class='ocrx_word' id='word_1_181' title='bbox 618 1802 685 1855; x_wconf 82' lang='lat' dir='ltr'>Et</span> <span class='ocrx_word' id='word_1_182' title='bbox 728 1803 833 1856; x_wconf 90' lang='lat' dir='ltr'>hoc</span> <span class='ocrx_word' id='word_1_183' title='bbox 882 1802 1178 1863; x_wconf 85' lang='lat' dir='ltr'>sciendum.</span> <span class='ocrx_word' id='word_1_184' title='bbox 1214 1802 1358 1873; x_wconf 90' lang='lat' dir='ltr'>quod</span> <span class='ocrx_word' id='word_1_185' title='bbox 1395 1802 1511 1855; x_wconf 89' lang='lat' dir='ltr'>sine</span> <span class='ocrx_word' id='word_1_186' title='bbox 1540 1802 1645 1855; x_wconf 88' lang='lat' dir='ltr'>ulla</span> <span class='ocrx_word' id='word_1_187' title='bbox 1676 1817 2029 1871; x_wconf 89' lang='lat' dir='ltr'>personarum</span> <span class='ocrx_word' id='word_1_188' title='bbox 2061 1804 2397 1872; x_wconf 86' lang='lat' dir='ltr'>acceptione,</span> <span class='ocrx_word' id='word_1_189' title='bbox 2435 1819 2535 1874; x_wconf 88' lang='lat' dir='ltr'>pro</span> <span class='ocrx_word' id='word_1_190' title='bbox 2566 1804 2818 1858; x_wconf 89' lang='lat' dir='ltr'>omnibus</span> <span class='ocrx_word' id='word_1_191' title='bbox 2848 1803 3114 1860; x_wconf 87' lang='lat' dir='ltr'>defunctis</span> <span class='ocrx_word' id='word_1_192' title='bbox 3147 1806 3349 1860; x_wconf 88' lang='lat' dir='ltr'>nostris</span> <span class='ocrx_word' id='word_1_193' title='bbox 3390 1806 3534 1861; x_wconf 87' lang='lat' dir='ltr'>idem</span> <span class='ocrx_word' id='word_1_194' title='bbox 3565 1814 3615 1861; x_wconf 91' lang='lat' dir='ltr'>et</span> <span class='ocrx_word' id='word_1_195' title='bbox 3645 1821 3744 1877; x_wconf 89' lang='lat' dir='ltr'>par</span> 
     </span>
    </p>
   </div>
   <div class='ocr_carea' id='block_1_18' title="bbox 462 1898 3746 1976">
    <p class='ocr_par' dir='ltr' id='par_1_18' title="bbox 462 1898 3746 1976">
     <span class='ocr_line' id='line_1_18' title="bbox 462 1898 3746 1976; baseline 0.002 -22"><span class='ocrx_word' id='word_1_196' title='bbox 462 1898 694 1955; x_wconf 83' lang='lat' dir='ltr'>officium</span> <span class='ocrx_word' id='word_1_197' title='bbox 721 1898 968 1964; x_wconf 86' lang='lat' dir='ltr'>facimus,</span> <span class='ocrx_word' id='word_1_198' title='bbox 998 1900 1128 1954; x_wconf 89' lang='lat' dir='ltr'>nihil</span> <span class='ocrx_word' id='word_1_199' title='bbox 1159 1916 1258 1969; x_wconf 88' lang='lat' dir='ltr'>pro</span> <span class='ocrx_word' id='word_1_200' title='bbox 1297 1900 1561 1954; x_wconf 86' lang='lat' dir='ltr'>monacho</span> <span class='ocrx_word' id='word_1_201' title='bbox 1610 1900 1731 1969; x_wconf 90' lang='lat' dir='ltr'>plus</span> <span class='ocrx_word' id='word_1_202' title='bbox 1762 1915 1924 1970; x_wconf 87' lang='lat' dir='ltr'>quam</span> <span class='ocrx_word' id='word_1_203' title='bbox 1953 1916 2054 1969; x_wconf 90' lang='lat' dir='ltr'>pro</span> <span class='ocrx_word' id='word_1_204' title='bbox 2085 1900 2243 1965; x_wconf 89' lang='lat' dir='ltr'>laico,</span> <span class='ocrx_word' id='word_1_205' title='bbox 2274 1901 2359 1956; x_wconf 85' lang='lat' dir='ltr'>vel</span> <span class='ocrx_word' id='word_1_206' title='bbox 2389 1917 2490 1971; x_wconf 89' lang='lat' dir='ltr'>pro</span> <span class='ocrx_word' id='word_1_207' title='bbox 2519 1901 2744 1971; x_wconf 67' lang='lat' dir='ltr'>prmlato</span> <span class='ocrx_word' id='word_1_208' title='bbox 2773 1918 2932 1973; x_wconf 88' lang='lat' dir='ltr'>quam</span> <span class='ocrx_word' id='word_1_209' title='bbox 2954 1919 3054 1973; x_wconf 91' lang='lat' dir='ltr'>pro</span> <span class='ocrx_word' id='word_1_210' title='bbox 3085 1903 3299 1958; x_wconf 90' lang='lat' dir='ltr'>subdito</span> <span class='ocrx_word' id='word_1_211' title='bbox 3325 1903 3423 1975; x_wconf 82' lang='grc' dir='ltr'>[αι.</span> <span class='ocrx_word' id='word_1_212' title='bbox 3458 1905 3746 1976; x_wconf 79' lang='lat' dir='ltr'>subjecto].</span> 
     </span>
    </p>
   </div>
   <div class='ocr_carea' id='block_1_19' title="bbox 530 1996 3749 2071">
    <p class='ocr_par' dir='ltr' id='par_1_19' title="bbox 530 1996 3749 2071">
     <span class='ocr_line' id='line_1_19' title="bbox 530 1996 3749 2071; baseline 0.002 -20"><span class='ocrx_word' id='word_1_213' title='bbox 530 2000 582 2051; x_wconf 72' lang='grc'>4.</span> <span class='ocrx_word' id='word_1_214' title='bbox 618 1998 723 2051; x_wconf 85' lang='lat' dir='ltr'>Pro</span> <span class='ocrx_word' id='word_1_215' title='bbox 753 1996 1192 2052; x_wconf 87' lang='lat' dir='ltr'>benefactoribus</span> <span class='ocrx_word' id='word_1_216' title='bbox 1223 2013 1350 2052; x_wconf 84' lang='lat' dir='ltr'>vero</span> <span class='ocrx_word' id='word_1_217' title='bbox 1382 1998 1601 2061; x_wconf 86' lang='lat' dir='ltr'>nostris,</span> <span class='ocrx_word' id='word_1_218' title='bbox 1638 2004 1861 2067; x_wconf 84' lang='lat' dir='ltr'>excepta</span> <span class='ocrx_word' id='word_1_219' title='bbox 1894 1997 2116 2052; x_wconf 84' lang='lat' dir='ltr'>assidua</span> <span class='ocrx_word' id='word_1_220' title='bbox 2146 2000 2685 2065; x_wconf 88' lang='lat' dir='ltr'>commemoratione,</span> <span class='ocrx_word' id='word_1_221' title='bbox 2719 2017 2841 2071; x_wconf 66' lang='lat' dir='ltr'>qua:</span> <span class='ocrx_word' id='word_1_222' title='bbox 2870 1999 2929 2054; x_wconf 84' lang='lat' dir='ltr'>fit</span> <span class='ocrx_word' id='word_1_223' title='bbox 2955 2016 3171 2071; x_wconf 89' lang='lat' dir='ltr'>semper</span> <span class='ocrx_word' id='word_1_224' title='bbox 3199 2001 3252 2054; x_wconf 91' lang='lat' dir='ltr'>in</span> <span class='ocrx_word' id='word_1_225' title='bbox 3281 2002 3535 2071; x_wconf 87' lang='lat' dir='ltr'>precibus</span> <span class='ocrx_word' id='word_1_226' title='bbox 3567 2002 3749 2057; x_wconf 90' lang='lat' dir='ltr'>eccle-</span> 
     </span>
    </p>
   </div>
   <div class='ocr_carea' id='block_1_20' title="bbox 460 2093 3759 2171">
    <p class='ocr_par' dir='ltr' id='par_1_20' title="bbox 460 2093 3759 2171">
     <span class='ocr_line' id='line_1_20' title="bbox 460 2093 3759 2171; baseline 0.002 -23"><span class='ocrx_word' id='word_1_227' title='bbox 460 2094 662 2148; x_wconf 89' lang='lat' dir='ltr'>siastici</span> <span class='ocrx_word' id='word_1_228' title='bbox 692 2093 872 2159; x_wconf 81' lang='lat' dir='ltr'>ofiicii,</span> <span class='ocrx_word' id='word_1_229' title='bbox 905 2094 1203 2164; x_wconf 89' lang='lat' dir='ltr'>penultima</span> <span class='ocrx_word' id='word_1_230' title='bbox 1234 2094 1288 2148; x_wconf 89' lang='lat' dir='ltr'>in</span> <span class='ocrx_word' id='word_1_231' title='bbox 1317 2096 1567 2149; x_wconf 85' lang='lat' dir='ltr'>omnibus</span> <span class='ocrx_word' id='word_1_232' title='bbox 1594 2095 1821 2167; x_wconf 82' lang='lat' dir='ltr'>agendis</span> <span class='ocrx_word' id='word_1_233' title='bbox 1872 2095 2042 2150; x_wconf 92' lang='lat' dir='ltr'>oratio</span> <span class='ocrx_word' id='word_1_234' title='bbox 2082 2095 2296 2161; x_wconf 90' lang='lat' dir='ltr'>dicitur,</span> <span class='ocrx_word' id='word_1_235' title='bbox 2340 2104 2392 2151; x_wconf 89' lang='lat' dir='ltr'>et</span> <span class='ocrx_word' id='word_1_236' title='bbox 2423 2113 2522 2167; x_wconf 85' lang='lat' dir='ltr'>per</span> <span class='ocrx_word' id='word_1_237' title='bbox 2551 2098 2792 2169; x_wconf 88' lang='lat' dir='ltr'>singulas</span> <span class='ocrx_word' id='word_1_238' title='bbox 2823 2098 3191 2152; x_wconf 88' lang='lat' dir='ltr'>hebdomadas</span> <span class='ocrx_word' id='word_1_239' title='bbox 3218 2107 3324 2152; x_wconf 92' lang='lat' dir='ltr'>tam</span> <span class='ocrx_word' id='word_1_240' title='bbox 3354 2116 3456 2170; x_wconf 89' lang='lat' dir='ltr'>pro</span> <span class='ocrx_word' id='word_1_241' title='bbox 3485 2100 3564 2154; x_wconf 90' lang='lat' dir='ltr'>eis</span> <span class='ocrx_word' id='word_1_242' title='bbox 3595 2115 3759 2171; x_wconf 88' lang='lat' dir='ltr'>quam</span> 
     </span>
    </p>
   </div>
   <div class='ocr_carea' id='block_1_21' title="bbox 456 2190 3758 2264">
    <p class='ocr_par' dir='ltr' id='par_1_21' title="bbox 456 2190 3758 2264">
     <span class='ocr_line' id='line_1_21' title="bbox 456 2190 3758 2264; baseline 0.002 -21"><span class='ocrx_word' id='word_1_243' title='bbox 456 2206 553 2261; x_wconf 90' lang='lat' dir='ltr'>pro</span> <span class='ocrx_word' id='word_1_244' title='bbox 601 2190 853 2244; x_wconf 90' lang='lat' dir='ltr'>omnibus</span> <span class='ocrx_word' id='word_1_245' title='bbox 903 2190 1061 2258; x_wconf 87' lang='lat' dir='ltr'>hujus</span> <span class='ocrx_word' id='word_1_246' title='bbox 1106 2190 1209 2245; x_wconf 89' lang='lat' dir='ltr'>loci</span> <span class='ocrx_word' id='word_1_247' title='bbox 1258 2192 1664 2259; x_wconf 80' lang='lat' dir='ltr'>habitatoribus,</span> <span class='ocrx_word' id='word_1_248' title='bbox 1718 2200 1769 2245; x_wconf 92' lang='lat' dir='ltr'>et</span> <span class='ocrx_word' id='word_1_249' title='bbox 1816 2192 2197 2247; x_wconf 87' lang='lat' dir='ltr'>universaliter</span> <span class='ocrx_word' id='word_1_250' title='bbox 2244 2210 2341 2264; x_wconf 88' lang='lat' dir='ltr'>pro</span> <span class='ocrx_word' id='word_1_251' title='bbox 2389 2196 2598 2251; x_wconf 88' lang='lat' dir='ltr'>cunctis</span> <span class='ocrx_word' id='word_1_252' title='bbox 2631 2195 2880 2250; x_wconf 76' lang='lat' dir='ltr'>fidelibus</span> <span class='ocrx_word' id='word_1_253' title='bbox 2912 2196 3183 2254; x_wconf 86' lang='lat' dir='ltr'>defunctis</span> <span class='ocrx_word' id='word_1_254' title='bbox 3213 2198 3280 2251; x_wconf 84' lang='lat' dir='ltr'>ab</span> <span class='ocrx_word' id='word_1_255' title='bbox 3311 2195 3758 2257; x_wconf 88' lang='lat' dir='ltr'>hebdomadario,</span> 
     </span>
    </p>
   </div>
   <div class='ocr_carea' id='block_1_22' title="bbox 455 2287 2098 2359">
    <p class='ocr_par' dir='ltr' id='par_1_22' title="bbox 455 2287 2098 2359">
     <span class='ocr_line' id='line_1_22' title="bbox 455 2287 2098 2359; baseline 0.001 -17"><span class='ocrx_word' id='word_1_256' title='bbox 455 2294 641 2342; x_wconf 76' lang='lat' dir='ltr'>aestate</span> <span class='ocrx_word' id='word_1_257' title='bbox 674 2295 796 2342; x_wconf 87' lang='lat' dir='ltr'>ante</span> <span class='ocrx_word' id='word_1_258' title='bbox 827 2287 1078 2357; x_wconf 89' lang='lat' dir='ltr'>primam,</span> <span class='ocrx_word' id='word_1_259' title='bbox 1114 2287 1291 2343; x_wconf 88' lang='lat' dir='ltr'>hieme</span> <span class='ocrx_word' id='word_1_260' title='bbox 1323 2297 1464 2359; x_wconf 89' lang='lat' dir='ltr'>post,</span> <span class='ocrx_word' id='word_1_261' title='bbox 1499 2290 1668 2344; x_wconf 88' lang='lat' dir='ltr'>missa</span> <span class='ocrx_word' id='word_1_262' title='bbox 1698 2307 1800 2343; x_wconf 90' lang='lat' dir='ltr'>una</span> <span class='ocrx_word' id='word_1_263' title='bbox 1829 2298 2098 2345; x_wconf 89' lang='lat' dir='ltr'>cantatur.</span> 
     </span>
    </p>
   </div>
   <div class='ocr_carea' id='block_1_23' title="bbox 528 2383 3765 2463">
    <p class='ocr_par' dir='ltr' id='par_1_23' title="bbox 528 2383 3765 2463">
     <span class='ocr_line' id='line_1_23' title="bbox 528 2383 3765 2463; baseline 0.003 -27"><span class='ocrx_word' id='word_1_264' title='bbox 618 2383 760 2438; x_wconf 85' lang='lat' dir='ltr'>Raro</span> <span class='ocrx_word' id='word_1_265' title='bbox 800 2384 998 2454; x_wconf 88' lang='lat' dir='ltr'>quippe</span> <span class='ocrx_word' id='word_1_266' title='bbox 1046 2383 1132 2438; x_wconf 90' lang='lat' dir='ltr'>hic</span> <span class='ocrx_word' id='word_1_267' title='bbox 1177 2384 1347 2438; x_wconf 90' lang='lat' dir='ltr'>missa</span> <span class='ocrx_word' id='word_1_268' title='bbox 1396 2386 1630 2451; x_wconf 89' lang='lat' dir='ltr'>canitur,</span> <span class='ocrx_word' id='word_1_269' title='bbox 1673 2387 1929 2457; x_wconf 90' lang='lat' dir='ltr'>quoniam</span> <span class='ocrx_word' id='word_1_270' title='bbox 1966 2388 2235 2458; x_wconf 64' lang='lat' dir='ltr'>praecipue</span> <span class='ocrx_word' id='word_1_271' title='bbox 2285 2391 2524 2445; x_wconf 89' lang='lat' dir='ltr'>studium</span> <span class='ocrx_word' id='word_1_272' title='bbox 2569 2401 2621 2447; x_wconf 92' lang='lat' dir='ltr'>et</span> <span class='ocrx_word' id='word_1_273' title='bbox 2666 2392 3000 2463; x_wconf 90' lang='lat' dir='ltr'>propositum</span> <span class='ocrx_word' id='word_1_274' title='bbox 3044 2402 3290 2448; x_wconf 83' lang='lat' dir='ltr'>nostrum</span> <span class='ocrx_word' id='word_1_275' title='bbox 3340 2401 3420 2448; x_wconf 91' lang='lat' dir='ltr'>est</span> <span class='ocrx_word' id='word_1_276' title='bbox 3466 2393 3679 2448; x_wconf 90' lang='lat' dir='ltr'>silentio</span> <span class='ocrx_word' id='word_1_277' title='bbox 3708 2401 3765 2447; x_wconf 88' lang='lat' dir='ltr'>et</span> 
     </span>
    </p>
   </div>
   <div class='ocr_carea' id='block_1_24' title="bbox 458 2482 3759 2561">
    <p class='ocr_par' dir='ltr' id='par_1_24' title="bbox 458 2482 3759 2561">
     <span class='ocr_line' id='line_1_24' title="bbox 458 2482 3759 2561; baseline 0.002 -25"><span class='ocrx_word' id='word_1_278' title='bbox 458 2482 733 2536; x_wconf 88' lang='lat' dir='ltr'>solitudini</span> <span class='ocrx_word' id='word_1_279' title='bbox 756 2483 908 2537; x_wconf 80' lang='lat' dir='ltr'>cellae</span> <span class='ocrx_word' id='word_1_280' title='bbox 939 2498 1132 2537; x_wconf 86' lang='lat' dir='ltr'>vacare</span> <span class='ocrx_word' id='word_1_281' title='bbox 1157 2484 1311 2551; x_wconf 85' lang='lat' dir='ltr'>juxta</span> <span class='ocrx_word' id='word_1_282' title='bbox 1343 2484 1473 2537; x_wconf 89' lang='lat' dir='ltr'>illud</span> <span class='ocrx_word' id='word_1_283' title='bbox 1503 2484 1753 2540; x_wconf 71' lang='lat' dir='ltr'>Jercmice</span> <span class='ocrx_word' id='word_1_284' title='bbox 1783 2505 1800 2539; x_wconf 93' lang='lat'><strong><em>:</em></strong></span> <span class='ocrx_word' id='word_1_285' title='bbox 1831 2487 2046 2541; x_wconf 82' lang='lat' dir='ltr'><em>Sedebit</em></span> <span class='ocrx_word' id='word_1_286' title='bbox 2077 2488 2368 2543; x_wconf 78' lang='lat' dir='ltr'><em>solitarius</em></span> <span class='ocrx_word' id='word_1_287' title='bbox 2398 2495 2452 2545; x_wconf 90' lang='lat' dir='ltr'>et</span> <span class='ocrx_word' id='word_1_288' title='bbox 2489 2491 2694 2545; x_wconf 81' lang='lat' dir='ltr'>tacebit</span> <span class='ocrx_word' id='word_1_289' title='bbox 2724 2491 2952 2559; x_wconf 87' lang='lat' dir='ltr'><em>(Thren.</em></span> <span class='ocrx_word' id='word_1_290' title='bbox 2978 2491 3062 2559; x_wconf 80' lang='grc' dir='ltr'>ιιι)</span> <span class='ocrx_word' id='word_1_291' title='bbox 3083 2508 3097 2557; x_wconf 86' lang='grc'>;</span> <span class='ocrx_word' id='word_1_292' title='bbox 3122 2498 3173 2544; x_wconf 90' lang='lat' dir='ltr'>et</span> <span class='ocrx_word' id='word_1_293' title='bbox 3193 2490 3320 2544; x_wconf 87' lang='lat' dir='ltr'>alibi</span> <span class='ocrx_word' id='word_1_294' title='bbox 3345 2509 3358 2547; x_wconf 91' lang='lat'><strong>:</strong></span> <span class='ocrx_word' id='word_1_295' title='bbox 3384 2491 3422 2545; x_wconf 86' lang='lat' dir='ltr'><em>A</em></span> <span class='ocrx_word' id='word_1_296' title='bbox 3452 2493 3600 2561; x_wconf 80' lang='lat' dir='ltr'><em>facie</em></span> <span class='ocrx_word' id='word_1_297' title='bbox 3632 2506 3759 2544; x_wconf 87' lang='lat' dir='ltr'><em>ma-</em></span> 
     </span>
    </p>
   </div>
   <div class='ocr_carea' id='block_1_25' title="bbox 459 2582 3760 2658">
    <p class='ocr_par' dir='ltr' id='par_1_25' title="bbox 459 2582 3760 2658">
     <span class='ocr_line' id='line_1_25' title="bbox 459 2582 3760 2658; baseline 0.002 -24"><span class='ocrx_word' id='word_1_298' title='bbox 459 2597 568 2634; x_wconf 85' lang='lat' dir='ltr'>nus</span> <span class='ocrx_word' id='word_1_299' title='bbox 607 2584 720 2635; x_wconf 69' lang='lat' dir='ltr'><em>tua:</em></span> <span class='ocrx_word' id='word_1_300' title='bbox 750 2582 900 2635; x_wconf 86' lang='lat' dir='ltr'><em>solus</em></span> <span class='ocrx_word' id='word_1_301' title='bbox 940 2582 1213 2647; x_wconf 83' lang='lat' dir='ltr'><em>sedebam,</em></span> <span class='ocrx_word' id='word_1_302' title='bbox 1247 2584 1378 2653; x_wconf 83' lang='lat' dir='ltr'><em>quia</em></span> <span class='ocrx_word' id='word_1_303' title='bbox 1416 2584 1856 2637; x_wconf 79' lang='lat' dir='ltr'><em>comminatione</em></span> <span class='ocrx_word' id='word_1_304' title='bbox 1887 2585 2116 2655; x_wconf 82' lang='lat' dir='ltr'><em>replesti</em></span> <span class='ocrx_word' id='word_1_305' title='bbox 2145 2602 2235 2640; x_wconf 88' lang='lat' dir='ltr'>me</span> <span class='ocrx_word' id='word_1_306' title='bbox 2262 2586 2493 2657; x_wconf 75' lang='lat' dir='ltr'><em>(lere-7n.</em></span> <span class='ocrx_word' id='word_1_307' title='bbox 2536 2589 2654 2658; x_wconf 80' lang='lat' dir='ltr'>xv).</span> <span class='ocrx_word' id='word_1_308' title='bbox 2688 2587 2833 2642; x_wconf 90' lang='lat' dir='ltr'>Nihil</span> <span class='ocrx_word' id='word_1_309' title='bbox 2865 2588 3007 2642; x_wconf 89' lang='lat' dir='ltr'>enim</span> <span class='ocrx_word' id='word_1_310' title='bbox 3044 2587 3373 2642; x_wconf 88' lang='lat' dir='ltr'>laboriosius</span> <span class='ocrx_word' id='word_1_311' title='bbox 3403 2588 3458 2641; x_wconf 88' lang='lat' dir='ltr'>in</span> <span class='ocrx_word' id='word_1_312' title='bbox 3488 2586 3760 2642; x_wconf 83' lang='lat' dir='ltr'>exercitiis</span> 
     </span>
    </p>
   </div>
   <div class='ocr_carea' id='block_1_26' title="bbox 460 2676 3758 2756">
    <p class='ocr_par' dir='ltr' id='par_1_26' title="bbox 460 2676 3758 2756">
     <span class='ocr_line' id='line_1_26' title="bbox 460 2676 3758 2756; baseline 0.004 -26"><span class='ocrx_word' id='word_1_313' title='bbox 460 2676 761 2746; x_wconf 65' lang='lat' dir='ltr'>disciplina:</span> <span class='ocrx_word' id='word_1_314' title='bbox 808 2677 1076 2749; x_wconf 82' lang='lat' dir='ltr'>regularis</span> <span class='ocrx_word' id='word_1_315' title='bbox 1123 2678 1453 2732; x_wconf 89' lang='lat' dir='ltr'>arbitramur</span> <span class='ocrx_word' id='word_1_316' title='bbox 1484 2696 1643 2749; x_wconf 89' lang='lat' dir='ltr'>quam</span> <span class='ocrx_word' id='word_1_317' title='bbox 1675 2680 1943 2733; x_wconf 89' lang='lat' dir='ltr'>silentium</span> <span class='ocrx_word' id='word_1_318' title='bbox 1975 2681 2280 2737; x_wconf 88' lang='lat' dir='ltr'>solitudinis</span> <span class='ocrx_word' id='word_1_319' title='bbox 2309 2691 2361 2739; x_wconf 89' lang='lat' dir='ltr'>et</span> <span class='ocrx_word' id='word_1_320' title='bbox 2393 2685 2649 2755; x_wconf 81' lang='lat' dir='ltr'>quietem.</span> <span class='ocrx_word' id='word_1_321' title='bbox 2697 2685 2848 2739; x_wconf 91' lang='lat' dir='ltr'>Unde</span> <span class='ocrx_word' id='word_1_322' title='bbox 2879 2694 2932 2739; x_wconf 91' lang='lat' dir='ltr'>et</span> <span class='ocrx_word' id='word_1_323' title='bbox 2963 2687 3149 2739; x_wconf 88' lang='lat' dir='ltr'>beatus</span> <span class='ocrx_word' id='word_1_324' title='bbox 3192 2686 3526 2756; x_wconf 82' lang='lat' dir='ltr'>Augustinus</span> <span class='ocrx_word' id='word_1_325' title='bbox 3583 2685 3710 2739; x_wconf 90' lang='lat' dir='ltr'>dicit</span> <span class='ocrx_word' id='word_1_326' title='bbox 3743 2702 3758 2742; x_wconf 88' lang='lat'><strong>:</strong></span> 
     </span>
    </p>
   </div>
   <div class='ocr_carea' id='block_1_27' title="bbox 461 2774 3756 2854">
    <p class='ocr_par' dir='ltr' id='par_1_27' title="bbox 461 2774 3756 2854">
     <span class='ocr_line' id='line_1_27' title="bbox 461 2774 3756 2854; baseline 0.002 -26"><span class='ocrx_word' id='word_1_327' title='bbox 461 2775 671 2829; x_wconf 25' lang='lat' dir='ltr'><em>Armicis</em></span> <span class='ocrx_word' id='word_1_328' title='bbox 694 2774 859 2843; x_wconf 86' lang='lat' dir='ltr'><em>hujus</em></span> <span class='ocrx_word' id='word_1_329' title='bbox 880 2774 1082 2829; x_wconf 86' lang='lat' dir='ltr'><em>mundi</em></span> <span class='ocrx_word' id='word_1_330' title='bbox 1101 2776 1249 2830; x_wconf 84' lang='lat' dir='ltr'><em>nihil</em></span> <span class='ocrx_word' id='word_1_331' title='bbox 1272 2791 1385 2831; x_wconf 90' lang='lat' dir='ltr'><em>esse</em></span> <span class='ocrx_word' id='word_1_332' title='bbox 1413 2776 1742 2832; x_wconf 82' lang='lat' dir='ltr'><em>laboriosius</em></span> <span class='ocrx_word' id='word_1_333' title='bbox 1764 2795 1932 2849; x_wconf 87' lang='lat' dir='ltr'><em>quam</em></span> <span class='ocrx_word' id='word_1_334' title='bbox 1949 2794 2064 2832; x_wconf 89' lang='lat' dir='ltr'>non</span> <span class='ocrx_word' id='word_1_335' title='bbox 2082 2779 2353 2835; x_wconf 86' lang='lat' dir='ltr'><em>laborare.</em></span> <span class='ocrx_word' id='word_1_336' title='bbox 2379 2780 2485 2835; x_wconf 92' lang='lat' dir='ltr'>Sed</span> <span class='ocrx_word' id='word_1_337' title='bbox 2508 2782 2624 2835; x_wconf 67' lang='lat' dir='ltr'>haec</span> <span class='ocrx_word' id='word_1_338' title='bbox 2644 2781 2937 2849; x_wconf 86' lang='lat' dir='ltr'>hactenus;</span> <span class='ocrx_word' id='word_1_339' title='bbox 2962 2796 3106 2837; x_wconf 88' lang='lat' dir='ltr'>nunc</span> <span class='ocrx_word' id='word_1_340' title='bbox 3128 2790 3326 2837; x_wconf 70' lang='lat' dir='ltr'>caetera</span> <span class='ocrx_word' id='word_1_341' title='bbox 3342 2798 3756 2854; x_wconf 89' lang='lat' dir='ltr'>prosequamur.</span> 
     </span>
    </p>
   </div>
   <div class='ocr_carea' id='block_1_28' title="bbox 1816 2902 2385 2959">
    <p class='ocr_par' dir='ltr' id='par_1_28' title="bbox 1816 2902 2385 2959">
     <span class='ocr_line' id='line_1_28' title="bbox 1816 2902 2385 2959; baseline 0.005 -3"><span class='ocrx_word' id='word_1_342' title='bbox 1816 2902 2385 2959; x_wconf 77' lang='lat' dir='ltr'>COMMENTARIUS.</span> 
     </span>
    </p>
   </div>
   <div class='ocr_carea' id='block_1_29' title="bbox 531 2995 3763 3074">
    <p class='ocr_par' dir='ltr' id='par_1_29' title="bbox 531 2995 3763 3074">
     <span class='ocr_line' id='line_1_29' title="bbox 531 2995 3763 3074; baseline 0.002 -25"><span class='ocrx_word' id='word_1_343' title='bbox 531 2996 661 3049; x_wconf 69' lang='lat' dir='ltr'>CAP.</span> <span class='ocrx_word' id='word_1_344' title='bbox 695 2995 838 3051; x_wconf 81' lang='lat' dir='ltr'><strong>XIV.</strong></span> <span class='ocrx_word' id='word_1_345' title='bbox 874 3027 942 3035; x_wconf 91' lang='lat'>-—</span> <span class='ocrx_word' id='word_1_346' title='bbox 970 2996 1137 3049; x_wconf 83' lang='lat' dir='ltr'>Num.</span> <span class='ocrx_word' id='word_1_347' title='bbox 1181 3000 1230 3052; x_wconf 86' lang='grc'>1.</span> <span class='ocrx_word' id='word_1_348' title='bbox 1263 2998 1339 3052; x_wconf 81' lang='lat' dir='ltr'><em>Ab</em></span> <span class='ocrx_word' id='word_1_349' title='bbox 1370 3000 1486 3069; x_wconf 81' lang='lat' dir='ltr'><em>ipso</em></span> <span class='ocrx_word' id='word_1_350' title='bbox 1526 3004 1718 3054; x_wconf 84' lang='lat' dir='ltr'><em>autem</em></span> <span class='ocrx_word' id='word_1_351' title='bbox 1747 3002 2052 3071; x_wconf 73' lang='lat' dir='ltr'><em>sepultura:</em></span> <span class='ocrx_word' id='word_1_352' title='bbox 2071 3003 2125 3061; x_wconf 86' lang='grc' dir='ltr'>Α</span> <span class='ocrx_word' id='word_1_353' title='bbox 2151 3018 2345 3055; x_wconf 88' lang='lat' dir='ltr'>munes</span> <span class='ocrx_word' id='word_1_354' title='bbox 2375 3010 2427 3056; x_wconf 91' lang='lat' dir='ltr'>et</span> <span class='ocrx_word' id='word_1_355' title='bbox 2456 3001 2511 3055; x_wconf 89' lang='lat' dir='ltr'>in</span> <span class='ocrx_word' id='word_1_356' title='bbox 2540 3001 2624 3055; x_wconf 90' lang='lat' dir='ltr'>his</span> <span class='ocrx_word' id='word_1_357' title='bbox 2654 3002 3146 3057; x_wconf 89' lang='lat' dir='ltr'>Consuetudinibus</span> <span class='ocrx_word' id='word_1_358' title='bbox 3180 3004 3512 3074; x_wconf 82' lang='lat' dir='ltr'>designatas,</span> <span class='ocrx_word' id='word_1_359' title='bbox 3538 3018 3570 3057; x_wconf 89' lang='lat' dir='ltr'>a</span> <span class='ocrx_word' id='word_1_360' title='bbox 3592 3019 3763 3059; x_wconf 68' lang='lat' dir='ltr'>sazcu-</span> 
     </span>
    </p>
   </div>
   <div class='ocr_carea' id='block_1_30' title="bbox 465 3083 2065 3160">
    <p class='ocr_par' dir='ltr' id='par_1_30' title="bbox 465 3083 2065 3160">
     <span class='ocr_line' id='line_1_30' title="bbox 465 3083 2065 3160; baseline 0.004 -23"><span class='ocrx_word' id='word_1_361' title='bbox 465 3083 554 3138; x_wconf 89' lang='lat' dir='ltr'>die</span> <span class='ocrx_word' id='word_1_362' title='bbox 586 3100 756 3156; x_wconf 88' lang='lat' dir='ltr'><em>usque</em></span> <span class='ocrx_word' id='word_1_363' title='bbox 786 3084 857 3138; x_wconf 91' lang='lat' dir='ltr'>ad</span> <span class='ocrx_word' id='word_1_364' title='bbox 890 3086 1259 3140; x_wconf 83' lang='lat' dir='ltr'><em>tricesimum.</em></span> <span class='ocrx_word' id='word_1_365' title='bbox 1284 3086 1380 3141; x_wconf 85' lang='lat' dir='ltr'>Hic</span> <span class='ocrx_word' id='word_1_366' title='bbox 1403 3087 1571 3141; x_wconf 89' lang='lat' dir='ltr'>babes</span> <span class='ocrx_word' id='word_1_367' title='bbox 1589 3087 1855 3160; x_wconf 86' lang='lat' dir='ltr'>originem</span> <span class='ocrx_word' id='word_1_368' title='bbox 1879 3088 2065 3143; x_wconf 78' lang='lat' dir='ltr'>suffra-</span> 
     </span>
    </p>
   </div>
   <div class='ocr_carea' id='block_1_31' title="bbox 460 3172 2061 3246">
    <p class='ocr_par' dir='ltr' id='par_1_31' title="bbox 460 3172 2061 3246">
     <span class='ocr_line' id='line_1_31' title="bbox 460 3172 2061 3246; baseline 0.004 -22"><span class='ocrx_word' id='word_1_369' title='bbox 460 3172 553 3242; x_wconf 82' lang='lat' dir='ltr'>gii,</span> <span class='ocrx_word' id='word_1_370' title='bbox 588 3173 732 3243; x_wconf 90' lang='lat' dir='ltr'>quod</span> <span class='ocrx_word' id='word_1_371' title='bbox 765 3189 907 3227; x_wconf 88' lang='lat' dir='ltr'>nunc</span> <span class='ocrx_word' id='word_1_372' title='bbox 941 3173 1317 3229; x_wconf 86' lang='lat' dir='ltr'><em>tricenarium</em></span> <span class='ocrx_word' id='word_1_373' title='bbox 1334 3190 1613 3240; x_wconf 86' lang='lat' dir='ltr'>vocamus,</span> <span class='ocrx_word' id='word_1_374' title='bbox 1636 3184 1682 3229; x_wconf 90' lang='lat' dir='ltr'>et</span> <span class='ocrx_word' id='word_1_375' title='bbox 1704 3192 1805 3245; x_wconf 84' lang='lat' dir='ltr'>per</span> <span class='ocrx_word' id='word_1_376' title='bbox 1822 3176 2061 3246; x_wconf 88' lang='lat' dir='ltr'>privatas</span> 
     </span>
    </p>
   </div>
   <div class='ocr_carea' id='block_1_32' title="bbox 462 3260 2063 3334">
    <p class='ocr_par' dir='ltr' id='par_1_32' title="bbox 462 3260 2063 3334">
     <span class='ocr_line' id='line_1_32' title="bbox 462 3260 2063 3334; baseline 0.003 -21"><span class='ocrx_word' id='word_1_377' title='bbox 462 3261 659 3313; x_wconf 88' lang='lat' dir='ltr'>missas</span> <span class='ocrx_word' id='word_1_378' title='bbox 692 3260 956 3329; x_wconf 89' lang='lat' dir='ltr'>redditur,</span> <span class='ocrx_word' id='word_1_379' title='bbox 1003 3270 1230 3332; x_wconf 82' lang='lat' dir='ltr'>excepta</span> <span class='ocrx_word' id='word_1_380' title='bbox 1260 3263 1454 3333; x_wconf 88' lang='lat' dir='ltr'>prima,</span> <span class='ocrx_word' id='word_1_381' title='bbox 1490 3279 1609 3334; x_wconf 78' lang='lat' dir='ltr'>quae</span> <span class='ocrx_word' id='word_1_382' title='bbox 1638 3265 2063 3319; x_wconf 84' lang='lat' dir='ltr'>conventualiter</span> 
     </span>
    </p>
   </div>
   <div class='ocr_carea' id='block_1_33' title="bbox 471 3348 2060 3423">
    <p class='ocr_par' dir='ltr' id='par_1_33' title="bbox 471 3348 2060 3423">
     <span class='ocr_line' id='line_1_33' title="bbox 471 3348 2060 3423; baseline 0.004 -22"><span class='ocrx_word' id='word_1_383' title='bbox 471 3348 666 3402; x_wconf 89' lang='lat' dir='ltr'>dicitur</span> <span class='ocrx_word' id='word_1_384' title='bbox 691 3348 744 3402; x_wconf 92' lang='lat' dir='ltr'>in</span> <span class='ocrx_word' id='word_1_385' title='bbox 774 3348 861 3404; x_wconf 92' lang='lat' dir='ltr'>die</span> <span class='ocrx_word' id='word_1_386' title='bbox 911 3350 1222 3420; x_wconf 71' lang='lat' dir='ltr'>sepulturae.</span> <span class='ocrx_word' id='word_1_387' title='bbox 1272 3353 1337 3405; x_wconf 87' lang='lat' dir='ltr'>Et</span> <span class='ocrx_word' id='word_1_388' title='bbox 1369 3368 1433 3406; x_wconf 89' lang='lat' dir='ltr'>ex</span> <span class='ocrx_word' id='word_1_389' title='bbox 1464 3353 1568 3408; x_wconf 91' lang='lat' dir='ltr'>hoc</span> <span class='ocrx_word' id='word_1_390' title='bbox 1611 3353 1844 3423; x_wconf 82' lang='lat' dir='ltr'>capitulo</span> <span class='ocrx_word' id='word_1_391' title='bbox 1885 3355 2060 3408; x_wconf 92' lang='lat' dir='ltr'>abun-</span> 
     </span>
    </p>
   </div>
   <div class='ocr_carea' id='block_1_34' title="bbox 467 3437 2062 3513">
    <p class='ocr_par' dir='ltr' id='par_1_34' title="bbox 467 3437 2062 3513">
     <span class='ocr_line' id='line_1_34' title="bbox 467 3437 2062 3513; baseline 0.004 -23"><span class='ocrx_word' id='word_1_392' title='bbox 467 3437 680 3491; x_wconf 89' lang='lat' dir='ltr'>dantius</span> <span class='ocrx_word' id='word_1_393' title='bbox 728 3439 986 3508; x_wconf 89' lang='lat' dir='ltr'>probatur</span> <span class='ocrx_word' id='word_1_394' title='bbox 1034 3457 1189 3494; x_wconf 90' lang='lat' dir='ltr'>usum</span> <span class='ocrx_word' id='word_1_395' title='bbox 1230 3440 1538 3511; x_wconf 90' lang='lat' dir='ltr'>frequenter</span> <span class='ocrx_word' id='word_1_396' title='bbox 1578 3442 1890 3496; x_wconf 89' lang='lat' dir='ltr'>celebrandi</span> <span class='ocrx_word' id='word_1_397' title='bbox 1919 3444 2062 3513; x_wconf 89' lang='lat' dir='ltr'>apud</span> 
     </span>
    </p>
   </div>
   <div class='ocr_carea' id='block_1_35' title="bbox 472 3526 2063 3601">
    <p class='ocr_par' dir='ltr' id='par_1_35' title="bbox 472 3526 2063 3601">
     <span class='ocr_line' id='line_1_35' title="bbox 472 3526 2063 3601; baseline 0.003 -21"><span class='ocrx_word' id='word_1_398' title='bbox 472 3541 572 3580; x_wconf 90' lang='lat' dir='ltr'>nos</span> <span class='ocrx_word' id='word_1_399' title='bbox 601 3526 799 3581; x_wconf 89' lang='lat' dir='ltr'>missas</span> <span class='ocrx_word' id='word_1_400' title='bbox 829 3529 1240 3595; x_wconf 85' lang='lat' dir='ltr'>convcntuales,</span> <span class='ocrx_word' id='word_1_401' title='bbox 1275 3537 1436 3601; x_wconf 90' lang='lat' dir='ltr'>atque</span> <span class='ocrx_word' id='word_1_402' title='bbox 1468 3530 1628 3584; x_wconf 86' lang='lat' dir='ltr'>etiam</span> <span class='ocrx_word' id='word_1_403' title='bbox 1658 3546 1765 3585; x_wconf 90' lang='lat' dir='ltr'>non</span> <span class='ocrx_word' id='word_1_404' title='bbox 1795 3546 1916 3585; x_wconf 90' lang='lat' dir='ltr'>raro</span> <span class='ocrx_word' id='word_1_405' title='bbox 1945 3533 2063 3601; x_wconf 89' lang='lat' dir='ltr'>pri-</span> 
     </span>
    </p>
   </div>
   <div class='ocr_carea' id='block_1_36' title="bbox 464 3614 1496 3672">
    <p class='ocr_par' dir='ltr' id='par_1_36' title="bbox 464 3614 1496 3672">
     <span class='ocr_line' id='line_1_36' title="bbox 464 3614 1496 3672; baseline 0.003 -3"><span class='ocrx_word' id='word_1_406' title='bbox 464 3622 616 3669; x_wconf 82' lang='lat' dir='ltr'>vatas</span> <span class='ocrx_word' id='word_1_407' title='bbox 656 3614 825 3670; x_wconf 86' lang='lat' dir='ltr'>fuisse</span> <span class='ocrx_word' id='word_1_408' title='bbox 848 3616 915 3669; x_wconf 90' lang='lat' dir='ltr'>ab</span> <span class='ocrx_word' id='word_1_409' title='bbox 946 3617 1097 3671; x_wconf 89' lang='lat' dir='ltr'>initio</span> <span class='ocrx_word' id='word_1_410' title='bbox 1128 3618 1496 3672; x_wconf 85' lang='lat' dir='ltr'>observatum.</span> 
     </span>
    </p>
   </div>
   <div class='ocr_carea' id='block_1_37' title="bbox 531 3704 2061 3778">
    <p class='ocr_par' dir='ltr' id='par_1_37' title="bbox 531 3704 2061 3778">
     <span class='ocr_line' id='line_1_37' title="bbox 531 3704 2061 3778; baseline 0.003 -20"><span class='ocrx_word' id='word_1_411' title='bbox 531 3704 693 3758; x_wconf 85' lang='lat' dir='ltr'>Num.</span> <span class='ocrx_word' id='word_1_412' title='bbox 726 3709 779 3761; x_wconf 78' lang='grc'>2.</span> <span class='ocrx_word' id='word_1_413' title='bbox 820 3705 1001 3760; x_wconf 84' lang='lat' dir='ltr'><em>Cellas</em></span> <span class='ocrx_word' id='word_1_414' title='bbox 1045 3709 1275 3776; x_wconf 72' lang='lat' dir='ltr'><em>fratres,</em></span> <span class='ocrx_word' id='word_1_415' title='bbox 1310 3714 1413 3762; x_wconf 90' lang='lat' dir='ltr'>etc.</span> <span class='ocrx_word' id='word_1_416' title='bbox 1468 3708 1608 3761; x_wconf 88' lang='lat' dir='ltr'>Usus</span> <span class='ocrx_word' id='word_1_417' title='bbox 1663 3707 1764 3761; x_wconf 90' lang='lat' dir='ltr'>iste</span> <span class='ocrx_word' id='word_1_418' title='bbox 1794 3707 1892 3762; x_wconf 87' lang='lat' dir='ltr'>fuit</span> <span class='ocrx_word' id='word_1_419' title='bbox 1919 3709 2061 3778; x_wconf 91' lang='lat' dir='ltr'>apud</span> 
     </span>
    </p>
   </div>
   <div class='ocr_carea' id='block_1_38' title="bbox 462 3795 2060 3864">
    <p class='ocr_par' dir='ltr' id='par_1_38' title="bbox 462 3795 2060 3864">
     <span class='ocr_line' id='line_1_38' title="bbox 462 3795 2060 3864; baseline 0.003 -19"><span class='ocrx_word' id='word_1_420' title='bbox 462 3808 563 3846; x_wconf 92' lang='lat' dir='ltr'>nos</span> <span class='ocrx_word' id='word_1_421' title='bbox 593 3800 784 3862; x_wconf 88' lang='lat' dir='ltr'>postea</span> <span class='ocrx_word' id='word_1_422' title='bbox 816 3801 1111 3860; x_wconf 87' lang='lat' dir='ltr'>correctus,</span> <span class='ocrx_word' id='word_1_423' title='bbox 1145 3802 1197 3848; x_wconf 91' lang='lat' dir='ltr'>et</span> <span class='ocrx_word' id='word_1_424' title='bbox 1224 3810 1365 3848; x_wconf 90' lang='lat' dir='ltr'>nunc</span> <span class='ocrx_word' id='word_1_425' title='bbox 1396 3795 1589 3849; x_wconf 91' lang='lat' dir='ltr'>diebus</span> <span class='ocrx_word' id='word_1_426' title='bbox 1620 3796 1905 3864; x_wconf 74' lang='lat' dir='ltr'>scpulturzn</span> <span class='ocrx_word' id='word_1_427' title='bbox 1934 3797 2060 3850; x_wconf 89' lang='lat' dir='ltr'>nul-</span> 
     </span>
    </p>
   </div>
   <div class='ocr_carea' id='block_1_39' title="bbox 459 3880 2085 3952">
    <p class='ocr_par' dir='ltr' id='par_1_39' title="bbox 459 3880 2085 3952">
     <span class='ocr_line' id='line_1_39' title="bbox 459 3880 2085 3952; baseline 0.003 -18"><span class='ocrx_word' id='word_1_428' title='bbox 459 3880 571 3934; x_wconf 92' lang='lat' dir='ltr'>lum</span> <span class='ocrx_word' id='word_1_429' title='bbox 630 3882 863 3936; x_wconf 89' lang='lat' dir='ltr'>habetur</span> <span class='ocrx_word' id='word_1_430' title='bbox 917 3882 1285 3952; x_wconf 89' lang='lat' dir='ltr'>colloquium;</span> <span class='ocrx_word' id='word_1_431' title='bbox 1317 3883 1400 3936; x_wconf 88' lang='lat' dir='ltr'>bis</span> <span class='ocrx_word' id='word_1_432' title='bbox 1448 3890 1626 3937; x_wconf 88' lang='lat' dir='ltr'>tamen</span> <span class='ocrx_word' id='word_1_433' title='bbox 1678 3884 1854 3939; x_wconf 90' lang='lat' dir='ltr'>adhuc</span> <span class='ocrx_word' id='word_1_434' title='bbox 1903 3885 2085 3939; x_wconf 82' lang='lat' dir='ltr'>simul</span> 
     </span>
    </p>
   </div>
   <div class='ocr_carea' id='block_1_40' title="bbox 461 3969 1222 4024">
    <p class='ocr_par' dir='ltr' id='par_1_40' title="bbox 461 3969 1222 4024">
     <span class='ocr_line' id='line_1_40' title="bbox 461 3969 1222 4024; baseline 0.001 -1"><span class='ocrx_word' id='word_1_435' title='bbox 461 3969 800 4023; x_wconf 89' lang='lat' dir='ltr'>comedimus</span> <span class='ocrx_word' id='word_1_436' title='bbox 831 3969 885 4021; x_wconf 91' lang='lat' dir='ltr'>in</span> <span class='ocrx_word' id='word_1_437' title='bbox 918 3969 1222 4024; x_wconf 86' lang='lat' dir='ltr'>refectorio.</span> 
     </span>
    </p>
   </div>
   <div class='ocr_carea' id='block_1_41' title="bbox 531 4057 2062 4129">
    <p class='ocr_par' dir='ltr' id='par_1_41' title="bbox 531 4057 2062 4129">
     <span class='ocr_line' id='line_1_41' title="bbox 531 4057 2062 4129; baseline 0.004 -20"><span class='ocrx_word' id='word_1_438' title='bbox 531 4057 692 4110; x_wconf 90' lang='lat' dir='ltr'>Num.</span> <span class='ocrx_word' id='word_1_439' title='bbox 726 4061 777 4109; x_wconf 90' lang='lat'>3.</span> <span class='ocrx_word' id='word_1_440' title='bbox 804 4057 955 4111; x_wconf 90' lang='lat' dir='ltr'><em>Idem</em></span> <span class='ocrx_word' id='word_1_441' title='bbox 975 4061 1028 4111; x_wconf 86' lang='lat' dir='ltr'>et</span> <span class='ocrx_word' id='word_1_442' title='bbox 1045 4074 1154 4129; x_wconf 83' lang='lat' dir='ltr'>par</span> <span class='ocrx_word' id='word_1_443' title='bbox 1174 4059 1438 4127; x_wconf 75' lang='lat' dir='ltr'><em>ofﬁcium.</em></span> <span class='ocrx_word' id='word_1_444' title='bbox 1465 4060 1594 4113; x_wconf 89' lang='lat' dir='ltr'>Inde</span> <span class='ocrx_word' id='word_1_445' title='bbox 1618 4060 1774 4113; x_wconf 88' lang='lat' dir='ltr'>nobis</span> <span class='ocrx_word' id='word_1_446' title='bbox 1797 4060 2062 4116; x_wconf 89' lang='lat' dir='ltr'>indicatur</span> 
     </span>
    </p>
   </div>
   <div class='ocr_carea' id='block_1_42' title="bbox 462 4144 2062 4214">
    <p class='ocr_par' dir='ltr' id='par_1_42' title="bbox 462 4144 2062 4214">
     <span class='ocr_line' id='line_1_42' title="bbox 462 4144 2062 4214; baseline 0.004 -17"><span class='ocrx_word' id='word_1_447' title='bbox 462 4159 622 4214; x_wconf 90' lang='lat' dir='ltr'>quam</span> <span class='ocrx_word' id='word_1_448' title='bbox 655 4144 844 4198; x_wconf 87' lang='lat' dir='ltr'>sedulo</span> <span class='ocrx_word' id='word_1_449' title='bbox 879 4144 1038 4213; x_wconf 90' lang='lat' dir='ltr'>primi</span> <span class='ocrx_word' id='word_1_450' title='bbox 1068 4146 1275 4199; x_wconf 91' lang='lat' dir='ltr'>ordinis</span> <span class='ocrx_word' id='word_1_451' title='bbox 1301 4148 1487 4201; x_wconf 89' lang='lat' dir='ltr'>Patres</span> <span class='ocrx_word' id='word_1_452' title='bbox 1510 4149 1788 4203; x_wconf 89' lang='lat' dir='ltr'>charitatis</span> <span class='ocrx_word' id='word_1_453' title='bbox 1811 4150 2062 4205; x_wconf 73' lang='lat' dir='ltr'>exhibitze</span> 
     </span>
    </p>
   </div>
   <div class='ocr_carea' id='block_1_43' title="bbox 459 4231 2061 4308">
    <p class='ocr_par' dir='ltr' id='par_1_43' title="bbox 459 4231 2061 4308">
     <span class='ocr_line' id='line_1_43' title="bbox 459 4231 2061 4308; baseline 0.004 -23"><span class='ocrx_word' id='word_1_454' title='bbox 459 4231 822 4301; x_wconf 66' lang='lat' dir='ltr'>inqualitatem</span> <span class='ocrx_word' id='word_1_455' title='bbox 852 4232 993 4286; x_wconf 89' lang='lat' dir='ltr'>inter</span> <span class='ocrx_word' id='word_1_456' title='bbox 1022 4250 1148 4288; x_wconf 91' lang='lat' dir='ltr'>suos</span> <span class='ocrx_word' id='word_1_457' title='bbox 1178 4235 1387 4289; x_wconf 83' lang='lat' dir='ltr'>servari</span> <span class='ocrx_word' id='word_1_458' title='bbox 1418 4236 1637 4303; x_wconf 83' lang='lat' dir='ltr'>vellent,</span> <span class='ocrx_word' id='word_1_459' title='bbox 1670 4253 1833 4308; x_wconf 90' lang='lat' dir='ltr'>quam</span> <span class='ocrx_word' id='word_1_460' title='bbox 1864 4237 2061 4293; x_wconf 91' lang='lat' dir='ltr'>imitari</span> 
     </span>
    </p>
   </div>
   <div class='ocr_carea' id='block_1_44' title="bbox 2162 3090 3761 3163">
    <p class='ocr_par' dir='ltr' id='par_1_44' title="bbox 2162 3090 3761 3163">
     <span class='ocr_line' id='line_1_44' title="bbox 2162 3090 3761 3163; baseline 0.001 -20"><span class='ocrx_word' id='word_1_461' title='bbox 2162 3090 2366 3143; x_wconf 86' lang='lat' dir='ltr'>laribus</span> <span class='ocrx_word' id='word_1_462' title='bbox 2397 3098 2800 3160; x_wconf 86' lang='lat' dir='ltr'>expeterentur,</span> <span class='ocrx_word' id='word_1_463' title='bbox 2834 3098 2886 3145; x_wconf 88' lang='lat' dir='ltr'>et</span> <span class='ocrx_word' id='word_1_464' title='bbox 2916 3092 3145 3146; x_wconf 83' lang='lat' dir='ltr'>maxime</span> <span class='ocrx_word' id='word_1_465' title='bbox 3176 3092 3242 3146; x_wconf 92' lang='lat' dir='ltr'>de</span> <span class='ocrx_word' id='word_1_466' title='bbox 3276 3092 3382 3146; x_wconf 88' lang='lat' dir='ltr'>illis</span> <span class='ocrx_word' id='word_1_467' title='bbox 3411 3100 3597 3146; x_wconf 90' lang='lat' dir='ltr'>contra</span> <span class='ocrx_word' id='word_1_468' title='bbox 3627 3109 3761 3163; x_wconf 90' lang='lat' dir='ltr'>quas</span> 
     </span>
    </p>
   </div>
   <div class='ocr_carea' id='block_1_45' title="bbox 2162 3178 3757 3249">
    <p class='ocr_par' dir='ltr' id='par_1_45' title="bbox 2162 3178 3757 3249">
     <span class='ocr_line' id='line_1_45' title="bbox 2162 3178 3757 3249; baseline 0.002 -17"><span class='ocrx_word' id='word_1_469' title='bbox 2162 3178 2430 3233; x_wconf 82' lang='lat' dir='ltr'>invehitur</span> <span class='ocrx_word' id='word_1_470' title='bbox 2459 3195 2576 3249; x_wconf 90' lang='lat' dir='ltr'>cap.</span> <span class='ocrx_word' id='word_1_471' title='bbox 2611 3182 2697 3247; x_wconf 78' lang='grc'>41,</span> <span class='ocrx_word' id='word_1_472' title='bbox 2732 3196 2784 3233; x_wconf 90' lang='lat' dir='ltr'>n.</span> <span class='ocrx_word' id='word_1_473' title='bbox 2812 3181 2861 3245; x_wconf 78' lang='grc'>4,</span> <span class='ocrx_word' id='word_1_474' title='bbox 2898 3180 2987 3233; x_wconf 92' lang='lat' dir='ltr'>ubi</span> <span class='ocrx_word' id='word_1_475' title='bbox 3019 3180 3146 3234; x_wconf 91' lang='lat' dir='ltr'>dicit</span> <span class='ocrx_word' id='word_1_476' title='bbox 3181 3198 3193 3234; x_wconf 93' lang='lat'>:</span> <span class='ocrx_word' id='word_1_477' title='bbox 3228 3180 3555 3236; x_wconf 82' lang='lat' dir='ltr'><em>Audiuimus</em></span> <span class='ocrx_word' id='word_1_478' title='bbox 3586 3182 3757 3245; x_wconf 87' lang='lat' dir='ltr'><em>enim,</em></span> 
     </span>
    </p>
   </div>
   <div class='ocr_carea' id='block_1_46' title="bbox 2160 3268 3759 3341">
    <p class='ocr_par' dir='ltr' id='par_1_46' title="bbox 2160 3268 3759 3341">
     <span class='ocr_line' id='line_1_46' title="bbox 2160 3268 3759 3341; baseline 0.002 -19"><span class='ocrx_word' id='word_1_479' title='bbox 2160 3269 2301 3339; x_wconf 85' lang='lat' dir='ltr'><em>quod</em></span> <span class='ocrx_word' id='word_1_480' title='bbox 2330 3285 2443 3323; x_wconf 83' lang='lat' dir='ltr'>non</span> <span class='ocrx_word' id='word_1_481' title='bbox 2472 3268 2788 3338; x_wconf 80' lang='lat' dir='ltr'><em>probamus,</em></span> <span class='ocrx_word' id='word_1_482' title='bbox 2811 3269 3100 3341; x_wconf 87' lang='lat' dir='ltr'><em>plerosque</em></span> <span class='ocrx_word' id='word_1_483' title='bbox 3124 3270 3288 3324; x_wconf 84' lang='lat' dir='ltr'><em>toties</em></span> <span class='ocrx_word' id='word_1_484' title='bbox 3310 3270 3600 3340; x_wconf 81' lang='lat' dir='ltr'><em>splendide</em></span> <span class='ocrx_word' id='word_1_485' title='bbox 3628 3286 3759 3325; x_wconf 87' lang='lat' dir='ltr'><em>con-</em></span> 
     </span>
    </p>
   </div>
   <div class='ocr_carea' id='block_1_47' title="bbox 2162 3357 3761 3429">
    <p class='ocr_par' dir='ltr' id='par_1_47' title="bbox 2162 3357 3761 3429">
     <span class='ocr_line' id='line_1_47' title="bbox 2162 3357 3761 3429; baseline 0.002 -20"><span class='ocrx_word' id='word_1_486' title='bbox 2162 3357 2359 3423; x_wconf 81' lang='lat' dir='ltr'><em>vivari,</em></span> <span class='ocrx_word' id='word_1_487' title='bbox 2391 3358 2699 3428; x_wconf 87' lang='lat' dir='ltr'><em>missasque</em></span> <span class='ocrx_word' id='word_1_488' title='bbox 2728 3360 2917 3427; x_wconf 80' lang='lat' dir='ltr'><em>facere</em></span> <span class='ocrx_word' id='word_1_489' title='bbox 2945 3361 3197 3428; x_wconf 83' lang='lat' dir='ltr'><em>paratos,</em></span> <span class='ocrx_word' id='word_1_490' title='bbox 3224 3359 3439 3429; x_wconf 87' lang='lat' dir='ltr'><em>quoties</em></span> <span class='ocrx_word' id='word_1_491' title='bbox 3464 3359 3643 3428; x_wconf 86' lang='lat' dir='ltr'><em>aliqui</em></span> <span class='ocrx_word' id='word_1_492' title='bbox 3657 3374 3761 3429; x_wconf 85' lang='lat' dir='ltr'>pro</span> 
     </span>
    </p>
   </div>
   <div class='ocr_carea' id='block_1_48' title="bbox 2162 3445 3762 3517">
    <p class='ocr_par' dir='ltr' id='par_1_48' title="bbox 2162 3445 3762 3517">
     <span class='ocr_line' id='line_1_48' title="bbox 2162 3445 3762 3517; baseline 0 -18"><span class='ocrx_word' id='word_1_493' title='bbox 2162 3447 2279 3499; x_wconf 88' lang='lat' dir='ltr'><em>suis</em></span> <span class='ocrx_word' id='word_1_494' title='bbox 2303 3448 2382 3500; x_wconf 86' lang='lat' dir='ltr'>eis</span> <span class='ocrx_word' id='word_1_495' title='bbox 2396 3446 2678 3500; x_wconf 87' lang='lat' dir='ltr'><em>voluerint</em></span> <span class='ocrx_word' id='word_1_496' title='bbox 2696 3447 2958 3501; x_wconf 70' lang='lat' dir='ltr'><em>exhibere</em></span> <span class='ocrx_word' id='word_1_497' title='bbox 2973 3446 3281 3515; x_wconf 82' lang='lat' dir='ltr'><em>defunctis,</em></span> <span class='ocrx_word' id='word_1_498' title='bbox 3298 3454 3403 3501; x_wconf 90' lang='lat' dir='ltr'>etc.</span> <span class='ocrx_word' id='word_1_499' title='bbox 3421 3445 3611 3501; x_wconf 88' lang='lat' dir='ltr'>Statim</span> <span class='ocrx_word' id='word_1_500' title='bbox 3628 3461 3762 3517; x_wconf 88' lang='lat' dir='ltr'>ergo</span> 
     </span>
    </p>
   </div>
   <div class='ocr_carea' id='block_1_49' title="bbox 2163 3533 3765 3604">
    <p class='ocr_par' dir='ltr' id='par_1_49' title="bbox 2163 3533 3765 3604">
     <span class='ocr_line' id='line_1_49' title="bbox 2163 3533 3765 3604; baseline 0.001 -18"><span class='ocrx_word' id='word_1_501' title='bbox 2163 3541 2325 3603; x_wconf 90' lang='lat' dir='ltr'>atque</span> <span class='ocrx_word' id='word_1_502' title='bbox 2359 3534 2469 3603; x_wconf 77' lang='lat' dir='ltr'>egit</span> <span class='ocrx_word' id='word_1_503' title='bbox 2500 3533 2566 3587; x_wconf 91' lang='lat' dir='ltr'>de</span> <span class='ocrx_word' id='word_1_504' title='bbox 2612 3533 2837 3603; x_wconf 88' lang='lat' dir='ltr'>speciali</span> <span class='ocrx_word' id='word_1_505' title='bbox 2886 3533 3051 3587; x_wconf 91' lang='lat' dir='ltr'>missa</span> <span class='ocrx_word' id='word_1_506' title='bbox 3100 3550 3200 3604; x_wconf 86' lang='lat' dir='ltr'>pro</span> <span class='ocrx_word' id='word_1_507' title='bbox 3246 3533 3682 3589; x_wconf 85' lang='lat' dir='ltr'>benefactoribus</span> <span class='ocrx_word' id='word_1_508' title='bbox 3712 3541 3765 3588; x_wconf 89' lang='lat' dir='ltr'>et</span> 
     </span>
    </p>
   </div>
   <div class='ocr_carea' id='block_1_50' title="bbox 2162 3621 3759 3694">
    <p class='ocr_par' dir='ltr' id='par_1_50' title="bbox 2162 3621 3759 3694">
     <span class='ocr_line' id='line_1_50' title="bbox 2162 3621 3759 3694; baseline 0.001 -19"><span class='ocrx_word' id='word_1_509' title='bbox 2162 3621 2372 3676; x_wconf 90' lang='lat' dir='ltr'>cunctis</span> <span class='ocrx_word' id='word_1_510' title='bbox 2404 3621 2656 3676; x_wconf 85' lang='lat' dir='ltr'>fidelibus</span> <span class='ocrx_word' id='word_1_511' title='bbox 2708 3622 2997 3687; x_wconf 89' lang='lat' dir='ltr'>defunctis,</span> <span class='ocrx_word' id='word_1_512' title='bbox 3029 3622 3261 3694; x_wconf 86' lang='lat' dir='ltr'>singulis</span> <span class='ocrx_word' id='word_1_513' title='bbox 3305 3631 3505 3677; x_wconf 91' lang='lat' dir='ltr'>tantum</span> <span class='ocrx_word' id='word_1_514' title='bbox 3551 3622 3759 3677; x_wconf 88' lang='lat' dir='ltr'>hebdo-</span> 
     </span>
    </p>
   </div>
   <div class='ocr_carea' id='block_1_51' title="bbox 2161 3711 3756 3781">
    <p class='ocr_par' dir='ltr' id='par_1_51' title="bbox 2161 3711 3756 3781">
     <span class='ocr_line' id='line_1_51' title="bbox 2161 3711 3756 3781; baseline 0.001 -18"><span class='ocrx_word' id='word_1_515' title='bbox 2161 3711 2411 3765; x_wconf 89' lang='lat' dir='ltr'>madibus</span> <span class='ocrx_word' id='word_1_516' title='bbox 2449 3711 2795 3777; x_wconf 88' lang='lat' dir='ltr'>celebranda,</span> <span class='ocrx_word' id='word_1_517' title='bbox 2848 3718 3012 3781; x_wconf 86' lang='lat' dir='ltr'>prout</span> <span class='ocrx_word' id='word_1_518' title='bbox 3053 3711 3214 3766; x_wconf 89' lang='lat' dir='ltr'>etiam</span> <span class='ocrx_word' id='word_1_519' title='bbox 3248 3728 3391 3766; x_wconf 90' lang='lat' dir='ltr'>nunc</span> <span class='ocrx_word' id='word_1_520' title='bbox 3419 3714 3756 3776; x_wconf 77' lang='lat' dir='ltr'>observatur,</span> 
     </span>
    </p>
   </div>
   <div class='ocr_carea' id='block_1_52' title="bbox 2162 3799 3765 3871">
    <p class='ocr_par' dir='ltr' id='par_1_52' title="bbox 2162 3799 3765 3871">
     <span class='ocr_line' id='line_1_52' title="bbox 2162 3799 3765 3871; baseline 0.001 -19"><span class='ocrx_word' id='word_1_521' title='bbox 2162 3799 2228 3852; x_wconf 91' lang='lat' dir='ltr'>ad</span> <span class='ocrx_word' id='word_1_522' title='bbox 2258 3800 2455 3852; x_wconf 89' lang='lat' dir='ltr'>missas</span> <span class='ocrx_word' id='word_1_523' title='bbox 2484 3799 2603 3852; x_wconf 89' lang='lat' dir='ltr'>illas</span> <span class='ocrx_word' id='word_1_524' title='bbox 2634 3799 2986 3865; x_wconf 87' lang='lat' dir='ltr'>convertitur,</span> <span class='ocrx_word' id='word_1_525' title='bbox 3020 3816 3155 3871; x_wconf 90' lang='lat' dir='ltr'>quas</span> <span class='ocrx_word' id='word_1_526' title='bbox 3190 3800 3526 3871; x_wconf 88' lang='lat' dir='ltr'>temporibus</span> <span class='ocrx_word' id='word_1_527' title='bbox 3546 3800 3653 3854; x_wconf 87' lang='lat' dir='ltr'>illis</span> <span class='ocrx_word' id='word_1_528' title='bbox 3670 3816 3765 3870; x_wconf 83' lang='lat' dir='ltr'>pa-</span> 
     </span>
    </p>
   </div>
   <div class='ocr_carea' id='block_1_53' title="bbox 2163 3886 3763 3958">
    <p class='ocr_par' dir='ltr' id='par_1_53' title="bbox 2163 3886 3763 3958">
     <span class='ocr_line' id='line_1_53' title="bbox 2163 3886 3763 3958; baseline 0.001 -18"><span class='ocrx_word' id='word_1_529' title='bbox 2163 3894 2345 3941; x_wconf 88' lang='lat' dir='ltr'>rentes</span> <span class='ocrx_word' id='word_1_530' title='bbox 2373 3886 2748 3942; x_wconf 88' lang='lat' dir='ltr'>defunctorum</span> <span class='ocrx_word' id='word_1_531' title='bbox 2780 3888 3108 3958; x_wconf 88' lang='lat' dir='ltr'>expetebant</span> <span class='ocrx_word' id='word_1_532' title='bbox 3137 3888 3444 3943; x_wconf 88' lang='lat' dir='ltr'>celebraria</span> <span class='ocrx_word' id='word_1_533' title='bbox 3462 3888 3763 3953; x_wconf 88' lang='lat' dir='ltr'>monachis,</span> 
     </span>
    </p>
   </div>
   <div class='ocr_carea' id='block_1_54' title="bbox 2163 3976 3761 4047">
    <p class='ocr_par' dir='ltr' id='par_1_54' title="bbox 2163 3976 3761 4047">
     <span class='ocr_line' id='line_1_54' title="bbox 2163 3976 3761 4047; baseline 0.001 -18"><span class='ocrx_word' id='word_1_534' title='bbox 2163 3976 2232 4029; x_wconf 89' lang='lat' dir='ltr'>ad</span> <span class='ocrx_word' id='word_1_535' title='bbox 2275 3991 2411 4046; x_wconf 89' lang='lat' dir='ltr'>quos</span> <span class='ocrx_word' id='word_1_536' title='bbox 2456 3976 2617 4029; x_wconf 90' lang='lat' dir='ltr'>simul</span> <span class='ocrx_word' id='word_1_537' title='bbox 2665 3976 2952 4031; x_wconf 88' lang='lat' dir='ltr'>mittebant</span> <span class='ocrx_word' id='word_1_538' title='bbox 2985 3977 3185 4030; x_wconf 89' lang='lat' dir='ltr'>bonum</span> <span class='ocrx_word' id='word_1_539' title='bbox 3219 3978 3523 4047; x_wconf 86' lang='lat' dir='ltr'>prandium,</span> <span class='ocrx_word' id='word_1_540' title='bbox 3553 3977 3621 4031; x_wconf 88' lang='lat' dir='ltr'>de</span> <span class='ocrx_word' id='word_1_541' title='bbox 3652 3992 3761 4047; x_wconf 91' lang='lat' dir='ltr'>quo</span> 
     </span>
    </p>
   </div>
   <div class='ocr_carea' id='block_1_55' title="bbox 2161 4063 3759 4136">
    <p class='ocr_par' dir='ltr' id='par_1_55' title="bbox 2161 4063 3759 4136">
     <span class='ocr_line' id='line_1_55' title="bbox 2161 4063 3759 4136; baseline 0.001 -20"><span class='ocrx_word' id='word_1_542' title='bbox 2161 4063 2389 4133; x_wconf 88' lang='lat' dir='ltr'>loquens</span> <span class='ocrx_word' id='word_1_543' title='bbox 2420 4073 2637 4118; x_wconf 89' lang='lat' dir='ltr'>sanctus</span> <span class='ocrx_word' id='word_1_544' title='bbox 2686 4064 2769 4119; x_wconf 88' lang='lat' dir='ltr'>vir</span> <span class='ocrx_word' id='word_1_545' title='bbox 2797 4064 2948 4131; x_wconf 90' lang='lat' dir='ltr'>dicit,</span> <span class='ocrx_word' id='word_1_546' title='bbox 2991 4064 3280 4136; x_wconf 87' lang='lat' dir='ltr'><em>splendide</em></span> <span class='ocrx_word' id='word_1_547' title='bbox 3313 4066 3616 4130; x_wconf 78' lang='lat' dir='ltr'><em>convivari,</em></span> <span class='ocrx_word' id='word_1_548' title='bbox 3657 4072 3759 4119; x_wconf 89' lang='lat' dir='ltr'>etc.</span> 
     </span>
    </p>
   </div>
   <div class='ocr_carea' id='block_1_56' title="bbox 2162 4151 3762 4222">
    <p class='ocr_par' dir='ltr' id='par_1_56' title="bbox 2162 4151 3762 4222">
     <span class='ocr_line' id='line_1_56' title="bbox 2162 4151 3762 4222; baseline 0.001 -18"><span class='ocrx_word' id='word_1_549' title='bbox 2162 4153 2273 4205; x_wconf 85' lang='lat' dir='ltr'>Has</span> <span class='ocrx_word' id='word_1_550' title='bbox 2304 4167 2436 4221; x_wconf 84' lang='lat' dir='ltr'>ergo</span> <span class='ocrx_word' id='word_1_551' title='bbox 2465 4151 2660 4205; x_wconf 91' lang='lat' dir='ltr'>missas</span> <span class='ocrx_word' id='word_1_552' title='bbox 2691 4152 3000 4222; x_wconf 90' lang='lat' dir='ltr'>specialiter</span> <span class='ocrx_word' id='word_1_553' title='bbox 3031 4153 3085 4205; x_wconf 91' lang='lat' dir='ltr'>in</span> <span class='ocrx_word' id='word_1_554' title='bbox 3118 4161 3297 4207; x_wconf 89' lang='lat' dir='ltr'>mente</span> <span class='ocrx_word' id='word_1_555' title='bbox 3329 4153 3582 4207; x_wconf 88' lang='lat' dir='ltr'>habuisse</span> <span class='ocrx_word' id='word_1_556' title='bbox 3613 4152 3762 4207; x_wconf 85' lang='lat' dir='ltr'>arbi—</span> 
     </span>
    </p>
   </div>
   <div class='ocr_carea' id='block_1_57' title="bbox 2162 4240 3764 4314">
    <p class='ocr_par' dir='ltr' id='par_1_57' title="bbox 2162 4240 3764 4314">
     <span class='ocr_line' id='line_1_57' title="bbox 2162 4240 3764 4314; baseline 0.001 -21"><span class='ocrx_word' id='word_1_557' title='bbox 2162 4248 2387 4307; x_wconf 89' lang='lat' dir='ltr'>tramur,</span> <span class='ocrx_word' id='word_1_558' title='bbox 2422 4240 2551 4293; x_wconf 90' lang='lat' dir='ltr'>dum</span> <span class='ocrx_word' id='word_1_559' title='bbox 2581 4241 2709 4295; x_wconf 87' lang='lat' dir='ltr'>dicit</span> <span class='ocrx_word' id='word_1_560' title='bbox 2744 4256 2755 4293; x_wconf 87' lang='lat'><strong>:</strong></span> <span class='ocrx_word' id='word_1_561' title='bbox 2785 4243 2927 4296; x_wconf 85' lang='lat' dir='ltr'><em>Raro</em></span> <span class='ocrx_word' id='word_1_562' title='bbox 2948 4242 3148 4314; x_wconf 87' lang='lat' dir='ltr'><em>quippe</em></span> <span class='ocrx_word' id='word_1_563' title='bbox 3190 4241 3278 4295; x_wconf 84' lang='lat' dir='ltr'>hic</span> <span class='ocrx_word' id='word_1_564' title='bbox 3300 4240 3553 4313; x_wconf 88' lang='lat' dir='ltr'>[subaudi</span> <span class='ocrx_word' id='word_1_565' title='bbox 3576 4242 3764 4311; x_wconf 83' lang='lat' dir='ltr'><em>hujus-</em></span> 
     </span>
    </p>
   </div>
   <div class='ocr_carea' id='block_1_58' title="bbox 457 4318 3759 4416">
    <p class='ocr_par' dir='ltr' id='par_1_58' title="bbox 457 4318 3759 4416">
     <span class='ocr_line' id='line_1_58' title="bbox 457 4318 3759 4416; baseline 0.004 -45"><span class='ocrx_word' id='word_1_566' title='bbox 457 4318 739 4386; x_wconf 88' lang='lat' dir='ltr'>debemus,</span> <span class='ocrx_word' id='word_1_567' title='bbox 775 4328 827 4373; x_wconf 91' lang='lat' dir='ltr'>et</span> <span class='ocrx_word' id='word_1_568' title='bbox 858 4336 965 4374; x_wconf 91' lang='lat' dir='ltr'>non</span> <span class='ocrx_word' id='word_1_569' title='bbox 997 4328 1105 4375; x_wconf 84' lang='lat' dir='ltr'>tam</span> <span class='ocrx_word' id='word_1_570' title='bbox 1135 4321 1292 4377; x_wconf 85' lang='lat' dir='ltr'>facile</span> <span class='ocrx_word' id='word_1_571' title='bbox 1324 4324 1621 4396; x_wconf 82' lang='lat' dir='ltr'>singularia</span> <span class='ocrx_word' id='word_1_572' title='bbox 1643 4325 1907 4380; x_wconf 84' lang='lat' dir='ltr'>beneficia</span> <span class='ocrx_word' id='word_1_573' title='bbox 1929 4334 2054 4396; x_wconf 91' lang='lat' dir='ltr'>post</span> <span class='ocrx_word' id='word_1_574' title='bbox 2099 4357 2148 4416; x_wconf 78' lang='grc' dir='ltr'>Β</span> <span class='ocrx_word' id='word_1_575' title='bbox 2171 4328 2340 4399; x_wconf 86' lang='lat' dir='ltr'><em>modi]</em></span> <span class='ocrx_word' id='word_1_576' title='bbox 2371 4330 2546 4383; x_wconf 87' lang='lat' dir='ltr'><em>missa</em></span> <span class='ocrx_word' id='word_1_577' title='bbox 2574 4331 2845 4395; x_wconf 83' lang='lat' dir='ltr'><em>canitur;</em></span> <span class='ocrx_word' id='word_1_578' title='bbox 2877 4336 2929 4383; x_wconf 91' lang='lat' dir='ltr'>et</span> <span class='ocrx_word' id='word_1_579' title='bbox 2958 4329 3138 4383; x_wconf 88' lang='lat' dir='ltr'>subdit</span> <span class='ocrx_word' id='word_1_580' title='bbox 3170 4330 3453 4393; x_wconf 89' lang='lat' dir='ltr'>rationem,</span> <span class='ocrx_word' id='word_1_581' title='bbox 3492 4330 3759 4399; x_wconf 85' lang='lat' dir='ltr'><em>quoniam</em></span> 
     </span>
    </p>
   </div>
   <div class='ocr_carea' id='block_1_59' title="bbox 461 4409 2067 4483">
    <p class='ocr_par' dir='ltr' id='par_1_59' title="bbox 461 4409 2067 4483">
     <span class='ocr_line' id='line_1_59' title="bbox 461 4409 2067 4483; baseline 0.005 -24"><span class='ocrx_word' id='word_1_582' title='bbox 461 4414 692 4461; x_wconf 89' lang='lat' dir='ltr'>mortem</span> <span class='ocrx_word' id='word_1_583' title='bbox 730 4409 1009 4463; x_wconf 90' lang='lat' dir='ltr'>reddenda</span> <span class='ocrx_word' id='word_1_584' title='bbox 1038 4411 1313 4481; x_wconf 90' lang='lat' dir='ltr'>postulare</span> <span class='ocrx_word' id='word_1_585' title='bbox 1347 4421 1437 4466; x_wconf 88' lang='lat' dir='ltr'>aut</span> <span class='ocrx_word' id='word_1_586' title='bbox 1466 4415 1786 4469; x_wconf 83' lang='lat' dir='ltr'>concedere.</span> <span class='ocrx_word' id='word_1_587' title='bbox 1814 4415 2067 4483; x_wconf 72' lang='lat' dir='ltr'>Singula~</span> 
     </span>
    </p>
   </div>
   <div class='ocr_carea' id='block_1_60' title="bbox 468 4494 2062 4572">
    <p class='ocr_par' dir='ltr' id='par_1_60' title="bbox 468 4494 2062 4572">
     <span class='ocr_line' id='line_1_60' title="bbox 468 4494 2062 4572; baseline 0.004 -24"><span class='ocrx_word' id='word_1_588' title='bbox 468 4494 597 4548; x_wconf 88' lang='lat' dir='ltr'>ritas</span> <span class='ocrx_word' id='word_1_589' title='bbox 630 4496 770 4549; x_wconf 90' lang='lat' dir='ltr'>enim</span> <span class='ocrx_word' id='word_1_590' title='bbox 804 4498 1046 4552; x_wconf 89' lang='lat' dir='ltr'>charitati</span> <span class='ocrx_word' id='word_1_591' title='bbox 1078 4500 1342 4572; x_wconf 84' lang='lat' dir='ltr'>derogare</span> <span class='ocrx_word' id='word_1_592' title='bbox 1385 4503 1615 4567; x_wconf 87' lang='lat' dir='ltr'>videtur,</span> <span class='ocrx_word' id='word_1_593' title='bbox 1648 4503 1776 4555; x_wconf 86' lang='lat' dir='ltr'>dum</span> <span class='ocrx_word' id='word_1_594' title='bbox 1807 4504 1943 4556; x_wconf 88' lang='lat' dir='ltr'>alius</span> <span class='ocrx_word' id='word_1_595' title='bbox 1972 4503 2062 4556; x_wconf 86' lang='lat' dir='ltr'>alii</span> 
     </span>
    </p>
   </div>
   <div class='ocr_carea' id='block_1_61' title="bbox 466 4582 2065 4660">
    <p class='ocr_par' dir='ltr' id='par_1_61' title="bbox 466 4582 2065 4660">
     <span class='ocr_line' id='line_1_61' title="bbox 466 4582 2065 4660; baseline 0.006 -25"><span class='ocrx_word' id='word_1_596' title='bbox 466 4582 744 4653; x_wconf 59' lang='lat' dir='ltr'>praefertur</span> <span class='ocrx_word' id='word_1_597' title='bbox 776 4584 831 4638; x_wconf 89' lang='lat' dir='ltr'>in</span> <span class='ocrx_word' id='word_1_598' title='bbox 861 4586 1057 4641; x_wconf 87' lang='lat' dir='ltr'>auxilio</span> <span class='ocrx_word' id='word_1_599' title='bbox 1111 4591 1434 4657; x_wconf 68' lang='lat' dir='ltr'>praestando.</span> <span class='ocrx_word' id='word_1_600' title='bbox 1487 4591 1615 4645; x_wconf 88' lang='lat' dir='ltr'>lnde</span> <span class='ocrx_word' id='word_1_601' title='bbox 1647 4591 1807 4644; x_wconf 86' lang='lat' dir='ltr'>etiam</span> <span class='ocrx_word' id='word_1_602' title='bbox 1838 4599 2065 4660; x_wconf 85' lang='lat' dir='ltr'>apparet</span> 
     </span>
    </p>
   </div>
   <div class='ocr_carea' id='block_1_62' title="bbox 464 4677 2055 4748">
    <p class='ocr_par' dir='ltr' id='par_1_62' title="bbox 464 4677 2055 4748">
     <span class='ocr_line' id='line_1_62' title="bbox 464 4677 2055 4748; baseline 0.006 -24"><span class='ocrx_word' id='word_1_603' title='bbox 464 4679 726 4742; x_wconf 88' lang='lat' dir='ltr'>quantum</span> <span class='ocrx_word' id='word_1_604' title='bbox 756 4689 855 4727; x_wconf 88' lang='lat' dir='ltr'>nos</span> <span class='ocrx_word' id='word_1_605' title='bbox 898 4690 1087 4730; x_wconf 91' lang='lat' dir='ltr'>omnes</span> <span class='ocrx_word' id='word_1_606' title='bbox 1136 4677 1337 4731; x_wconf 91' lang='lat' dir='ltr'>distare</span> <span class='ocrx_word' id='word_1_607' title='bbox 1389 4678 1587 4733; x_wconf 86' lang='lat' dir='ltr'>vellent</span> <span class='ocrx_word' id='word_1_608' title='bbox 1625 4695 1656 4732; x_wconf 89' lang='lat' dir='ltr'>a</span> <span class='ocrx_word' id='word_1_609' title='bbox 1697 4695 2055 4748; x_wconf 90' lang='lat' dir='ltr'>personarum</span> 
     </span>
    </p>
   </div>
   <div class='ocr_carea' id='block_1_63' title="bbox 459 4761 2057 4837">
    <p class='ocr_par' dir='ltr' id='par_1_63' title="bbox 459 4761 2057 4837">
     <span class='ocr_line' id='line_1_63' title="bbox 459 4761 2057 4837; baseline 0.004 -24"><span class='ocrx_word' id='word_1_610' title='bbox 459 4761 789 4831; x_wconf 88' lang='lat' dir='ltr'>acceptione.</span> <span class='ocrx_word' id='word_1_611' title='bbox 824 4763 1145 4834; x_wconf 88' lang='lat' dir='ltr'>Superiores</span> <span class='ocrx_word' id='word_1_612' title='bbox 1176 4782 1307 4820; x_wconf 87' lang='lat' dir='ltr'>vero</span> <span class='ocrx_word' id='word_1_613' title='bbox 1338 4765 1406 4820; x_wconf 90' lang='lat' dir='ltr'>ab</span> <span class='ocrx_word' id='word_1_614' title='bbox 1427 4767 1697 4829; x_wconf 85' lang='lat' dir='ltr'>omnibus,</span> <span class='ocrx_word' id='word_1_615' title='bbox 1725 4783 1845 4837; x_wconf 65' lang='lat' dir='ltr'>qua:</span> <span class='ocrx_word' id='word_1_616' title='bbox 1868 4783 2057 4837; x_wconf 89' lang='lat' dir='ltr'>super-</span> 
     </span>
    </p>
   </div>
   <div class='ocr_carea' id='block_1_64' title="bbox 457 4848 2039 4925">
    <p class='ocr_par' dir='ltr' id='par_1_64' title="bbox 457 4848 2039 4925">
     <span class='ocr_line' id='line_1_64' title="bbox 457 4848 2039 4925; baseline 0.003 -21"><span class='ocrx_word' id='word_1_617' title='bbox 457 4848 662 4918; x_wconf 87' lang='lat' dir='ltr'>cilium,</span> <span class='ocrx_word' id='word_1_618' title='bbox 696 4850 913 4915; x_wconf 88' lang='lat' dir='ltr'>fastum,</span> <span class='ocrx_word' id='word_1_619' title='bbox 945 4862 1036 4907; x_wconf 89' lang='lat' dir='ltr'>aut</span> <span class='ocrx_word' id='word_1_620' title='bbox 1067 4854 1444 4925; x_wconf 86' lang='lat' dir='ltr'>singularitem</span> <span class='ocrx_word' id='word_1_621' title='bbox 1473 4855 1731 4910; x_wconf 84' lang='lat' dir='ltr'>redolent.</span> <span class='ocrx_word' id='word_1_622' title='bbox 2034 4918 2039 4921; x_wconf 11' lang='grc' dir='ltr'>ἠ</span> 
     </span>
    </p>
   </div>
   <div class='ocr_carea' id='block_1_65' title="bbox 528 4939 2052 5014">
    <p class='ocr_par' dir='ltr' id='par_1_65' title="bbox 528 4939 2052 5014">
     <span class='ocr_line' id='line_1_65' title="bbox 528 4939 2052 5014; baseline 0.005 -22"><span class='ocrx_word' id='word_1_623' title='bbox 528 4939 689 4992; x_wconf 90' lang='lat' dir='ltr'>Num.</span> <span class='ocrx_word' id='word_1_624' title='bbox 712 4941 761 4993; x_wconf 82' lang='grc'>4.</span> <span class='ocrx_word' id='word_1_625' title='bbox 779 4942 853 4995; x_wconf 80' lang='lat' dir='ltr'><em>Ab</em></span> <span class='ocrx_word' id='word_1_626' title='bbox 868 4941 1293 4997; x_wconf 86' lang='lat' dir='ltr'><em>hebdomadario</em></span> <span class='ocrx_word' id='word_1_627' title='bbox 1307 4948 1503 4998; x_wconf 71' lang='lat' dir='ltr'><em>(estate</em></span> <span class='ocrx_word' id='word_1_628' title='bbox 1517 4946 1929 5014; x_wconf 83' lang='lat' dir='ltr'><em>anteprimam,</em></span> <span class='ocrx_word' id='word_1_629' title='bbox 1949 4953 2052 4999; x_wconf 77' lang='lat' dir='ltr'>etc.</span> 
     </span>
    </p>
   </div>
   <div class='ocr_carea' id='block_1_66' title="bbox 460 5028 2057 5086">
    <p class='ocr_par' dir='ltr' id='par_1_66' title="bbox 460 5028 2057 5086">
     <span class='ocr_line' id='line_1_66' title="bbox 460 5028 2057 5086; baseline 0.004 -6"><span class='ocrx_word' id='word_1_630' title='bbox 460 5028 538 5081; x_wconf 88' lang='lat' dir='ltr'><em>De</em></span> <span class='ocrx_word' id='word_1_631' title='bbox 561 5028 847 5082; x_wconf 89' lang='lat' dir='ltr'>sacerdote</span> <span class='ocrx_word' id='word_1_632' title='bbox 870 5030 1294 5085; x_wconf 82' lang='lat' dir='ltr'><em>hebdomadario</em></span> <span class='ocrx_word' id='word_1_633' title='bbox 1319 5032 1405 5085; x_wconf 90' lang='lat' dir='ltr'>hic</span> <span class='ocrx_word' id='word_1_634' title='bbox 1426 5031 1479 5083; x_wconf 84' lang='lat' dir='ltr'>fit</span> <span class='ocrx_word' id='word_1_635' title='bbox 1502 5032 1699 5085; x_wconf 86' lang='lat' dir='ltr'>mentio</span> <span class='ocrx_word' id='word_1_636' title='bbox 1729 5039 1779 5085; x_wconf 87' lang='lat' dir='ltr'>et</span> <span class='ocrx_word' id='word_1_637' title='bbox 1802 5034 1869 5086; x_wconf 88' lang='lat' dir='ltr'>de</span> <span class='ocrx_word' id='word_1_638' title='bbox 1891 5033 2057 5086; x_wconf 87' lang='lat' dir='ltr'>missa</span> 
     </span>
    </p>
   </div>
   <div class='ocr_carea' id='block_1_67' title="bbox 459 5116 2054 5187">
    <p class='ocr_par' dir='ltr' id='par_1_67' title="bbox 459 5116 2054 5187">
     <span class='ocr_line' id='line_1_67' title="bbox 459 5116 2054 5187; baseline 0.005 -21"><span class='ocrx_word' id='word_1_639' title='bbox 459 5131 581 5184; x_wconf 65' lang='lat' dir='ltr'>quae</span> <span class='ocrx_word' id='word_1_640' title='bbox 610 5130 711 5183; x_wconf 85' lang='lat' dir='ltr'>pro</span> <span class='ocrx_word' id='word_1_641' title='bbox 741 5116 1176 5171; x_wconf 81' lang='lat' dir='ltr'>benefactoribus</span> <span class='ocrx_word' id='word_1_642' title='bbox 1207 5126 1258 5171; x_wconf 89' lang='lat' dir='ltr'>et</span> <span class='ocrx_word' id='word_1_643' title='bbox 1290 5134 1389 5187; x_wconf 86' lang='lat' dir='ltr'>pro</span> <span class='ocrx_word' id='word_1_644' title='bbox 1434 5120 1640 5172; x_wconf 87' lang='lat' dir='ltr'>cunctis</span> <span class='ocrx_word' id='word_1_645' title='bbox 1672 5118 1919 5174; x_wconf 81' lang='lat' dir='ltr'>ﬁdelibus</span> <span class='ocrx_word' id='word_1_646' title='bbox 1951 5122 2054 5175; x_wconf 87' lang='lat' dir='ltr'>de-</span> 
     </span>
    </p>
   </div>
   <div class='ocr_carea' id='block_1_68' title="bbox 462 5202 2049 5277">
    <p class='ocr_par' dir='ltr' id='par_1_68' title="bbox 462 5202 2049 5277">
     <span class='ocr_line' id='line_1_68' title="bbox 462 5202 2049 5277; baseline 0.006 -23"><span class='ocrx_word' id='word_1_647' title='bbox 462 5202 656 5256; x_wconf 85' lang='lat' dir='ltr'>functis</span> <span class='ocrx_word' id='word_1_648' title='bbox 687 5204 917 5273; x_wconf 81' lang='lat' dir='ltr'>singulis</span> <span class='ocrx_word' id='word_1_649' title='bbox 964 5206 1398 5260; x_wconf 88' lang='lat' dir='ltr'>hebdomadibus</span> <span class='ocrx_word' id='word_1_650' title='bbox 1439 5206 1689 5277; x_wconf 81' lang='lat' dir='ltr'>privatim</span> <span class='ocrx_word' id='word_1_651' title='bbox 1722 5208 2049 5263; x_wconf 87' lang='lat' dir='ltr'>celebratur.</span> 
     </span>
    </p>
   </div>
   <div class='ocr_carea' id='block_1_69' title="bbox 465 5288 2054 5367">
    <p class='ocr_par' dir='ltr' id='par_1_69' title="bbox 465 5288 2054 5367">
     <span class='ocr_line' id='line_1_69' title="bbox 465 5288 2054 5367; baseline 0.006 -24"><span class='ocrx_word' id='word_1_652' title='bbox 465 5288 604 5357; x_wconf 86' lang='lat' dir='ltr'>Quid</span> <span class='ocrx_word' id='word_1_653' title='bbox 636 5308 773 5364; x_wconf 88' lang='lat' dir='ltr'>ergo</span> <span class='ocrx_word' id='word_1_654' title='bbox 802 5292 902 5345; x_wconf 91' lang='lat' dir='ltr'>sibi</span> <span class='ocrx_word' id='word_1_655' title='bbox 933 5294 1046 5347; x_wconf 88' lang='lat' dir='ltr'>vult</span> <span class='ocrx_word' id='word_1_656' title='bbox 1074 5295 1136 5347; x_wconf 73' lang='lat' dir='ltr'>Ii.</span> <span class='ocrx_word' id='word_1_657' title='bbox 1172 5295 1230 5347; x_wconf 84' lang='grc' dir='ltr'>Ρ.</span> <span class='ocrx_word' id='word_1_658' title='bbox 1272 5295 1471 5367; x_wconf 84' lang='lat' dir='ltr'>Guigo.</span> <span class='ocrx_word' id='word_1_659' title='bbox 1505 5296 1633 5348; x_wconf 90' lang='lat' dir='ltr'>dum</span> <span class='ocrx_word' id='word_1_660' title='bbox 1652 5296 1833 5350; x_wconf 88' lang='lat' dir='ltr'>subdit</span> <span class='ocrx_word' id='word_1_661' title='bbox 1864 5318 1880 5351; x_wconf 90' lang='lat'><em>:</em></span> <span class='ocrx_word' id='word_1_662' title='bbox 1914 5300 2054 5353; x_wconf 79' lang='lat' dir='ltr'><em>Raro</em></span> 
     </span>
    </p>
   </div>
   <div class='ocr_carea' id='block_1_70' title="bbox 464 5381 2059 5450">
    <p class='ocr_par' dir='ltr' id='par_1_70' title="bbox 464 5381 2059 5450">
     <span class='ocr_line' id='line_1_70' title="bbox 464 5381 2059 5450; baseline 0.003 -17"><span class='ocrx_word' id='word_1_663' title='bbox 464 5381 665 5450; x_wconf 85' lang='lat' dir='ltr'><em>quippe</em></span> <span class='ocrx_word' id='word_1_664' title='bbox 688 5382 776 5435; x_wconf 86' lang='lat' dir='ltr'>hic</span> <span class='ocrx_word' id='word_1_665' title='bbox 808 5382 978 5435; x_wconf 85' lang='lat' dir='ltr'><em>missa</em></span> <span class='ocrx_word' id='word_1_666' title='bbox 1001 5382 1234 5436; x_wconf 82' lang='lat' dir='ltr'><em>canitur</em></span> <span class='ocrx_word' id='word_1_667' title='bbox 1253 5382 1281 5435; x_wconf 82' lang='lat'><strong>?</strong></span> <span class='ocrx_word' id='word_1_668' title='bbox 1312 5383 1490 5438; x_wconf 86' lang='lat' dir='ltr'>Facile</span> <span class='ocrx_word' id='word_1_669' title='bbox 1515 5383 1599 5437; x_wconf 88' lang='lat' dir='ltr'>hic</span> <span class='ocrx_word' id='word_1_670' title='bbox 1625 5394 1832 5438; x_wconf 88' lang='lat' dir='ltr'>erratur</span> <span class='ocrx_word' id='word_1_671' title='bbox 1854 5386 1955 5439; x_wconf 90' lang='lat' dir='ltr'>nisi</span> <span class='ocrx_word' id='word_1_672' title='bbox 1980 5387 2059 5438; x_wconf 91' lang='lat' dir='ltr'>in-</span> 
     </span>
    </p>
   </div>
   <div class='ocr_carea' id='block_1_71' title="bbox 464 5466 2050 5543">
    <p class='ocr_par' dir='ltr' id='par_1_71' title="bbox 464 5466 2050 5543">
     <span class='ocr_line' id='line_1_71' title="bbox 464 5466 2050 5543; baseline 0.006 -24"><span class='ocrx_word' id='word_1_673' title='bbox 464 5466 736 5535; x_wconf 82' lang='lat' dir='ltr'>telligatur</span> <span class='ocrx_word' id='word_1_674' title='bbox 764 5469 831 5521; x_wconf 89' lang='lat' dir='ltr'>de</span> <span class='ocrx_word' id='word_1_675' title='bbox 863 5469 1057 5537; x_wconf 88' lang='lat' dir='ltr'>quibus</span> <span class='ocrx_word' id='word_1_676' title='bbox 1088 5469 1266 5523; x_wconf 87' lang='lat' dir='ltr'>missis</span> <span class='ocrx_word' id='word_1_677' title='bbox 1311 5472 1398 5526; x_wconf 88' lang='lat' dir='ltr'>hic</span> <span class='ocrx_word' id='word_1_678' title='bbox 1438 5472 1675 5543; x_wconf 88' lang='lat' dir='ltr'>loquitur</span> <span class='ocrx_word' id='word_1_679' title='bbox 1706 5474 1788 5527; x_wconf 85' lang='lat' dir='ltr'>vir</span> <span class='ocrx_word' id='word_1_680' title='bbox 1816 5483 2050 5529; x_wconf 83' lang='lat' dir='ltr'>sanctus.</span> 
     </span>
    </p>
   </div>
   <div class='ocr_carea' id='block_1_72' title="bbox 464 5554 2055 5632">
    <p class='ocr_par' dir='ltr' id='par_1_72' title="bbox 464 5554 2055 5632">
     <span class='ocr_line' id='line_1_72' title="bbox 464 5554 2055 5632; baseline 0.005 -23"><span class='ocrx_word' id='word_1_681' title='bbox 464 5554 657 5629; x_wconf 81' lang='lat' dir='ltr'>Agitur</span> <span class='ocrx_word' id='word_1_682' title='bbox 687 5572 817 5626; x_wconf 80' lang='lat' dir='ltr'>ergo</span> <span class='ocrx_word' id='word_1_683' title='bbox 866 5556 950 5611; x_wconf 88' lang='lat' dir='ltr'>hic</span> <span class='ocrx_word' id='word_1_684' title='bbox 979 5557 1252 5629; x_wconf 62' lang='lat' dir='ltr'>praecipue</span> <span class='ocrx_word' id='word_1_685' title='bbox 1283 5560 1348 5613; x_wconf 87' lang='lat' dir='ltr'>de</span> <span class='ocrx_word' id='word_1_686' title='bbox 1381 5560 1559 5615; x_wconf 86' lang='lat' dir='ltr'>missis</span> <span class='ocrx_word' id='word_1_687' title='bbox 1589 5578 1706 5632; x_wconf 71' lang='lat' dir='ltr'>qum</span> <span class='ocrx_word' id='word_1_688' title='bbox 1737 5562 1873 5616; x_wconf 89' lang='lat' dir='ltr'>ultra</span> <span class='ocrx_word' id='word_1_689' title='bbox 1908 5579 2055 5617; x_wconf 86' lang='lat' dir='ltr'>com-</span> 
     </span>
    </p>
   </div>
   <div class='ocr_carea' id='block_1_73' title="bbox 2172 4416 3763 4488">
    <p class='ocr_par' dir='ltr' id='par_1_73' title="bbox 2172 4416 3763 4488">
     <span class='ocr_line' id='line_1_73' title="bbox 2172 4416 3763 4488; baseline 0.001 -18"><span class='ocrx_word' id='word_1_690' title='bbox 2172 4418 2449 4485; x_wconf 77' lang='lat' dir='ltr'><em>prcccipue</em></span> <span class='ocrx_word' id='word_1_691' title='bbox 2472 4416 2725 4473; x_wconf 85' lang='lat' dir='ltr'><em>studium</em></span> <span class='ocrx_word' id='word_1_692' title='bbox 2746 4421 2805 4472; x_wconf 83' lang='lat' dir='ltr'>et</span> <span class='ocrx_word' id='word_1_693' title='bbox 2817 4419 3169 4488; x_wconf 80' lang='lat' dir='ltr'><em>propositum</em></span> <span class='ocrx_word' id='word_1_694' title='bbox 3190 4422 3448 4473; x_wconf 85' lang='lat' dir='ltr'><em>nostrum</em></span> <span class='ocrx_word' id='word_1_695' title='bbox 3470 4420 3576 4481; x_wconf 89' lang='lat' dir='ltr'><em>est,</em></span> <span class='ocrx_word' id='word_1_696' title='bbox 3592 4419 3763 4472; x_wconf 86' lang='lat' dir='ltr'><em>silen-</em></span> 
     </span>
    </p>
   </div>
   <div class='ocr_carea' id='block_1_74' title="bbox 2170 4505 3759 4576">
    <p class='ocr_par' dir='ltr' id='par_1_74' title="bbox 2170 4505 3759 4576">
     <span class='ocr_line' id='line_1_74' title="bbox 2170 4505 3759 4576; baseline 0.001 -19"><span class='ocrx_word' id='word_1_697' title='bbox 2170 4506 2268 4570; x_wconf 87' lang='lat' dir='ltr'><em>tio,</em></span> <span class='ocrx_word' id='word_1_698' title='bbox 2305 4514 2408 4559; x_wconf 88' lang='lat' dir='ltr'>etc.</span> <span class='ocrx_word' id='word_1_699' title='bbox 2443 4506 2702 4558; x_wconf 88' lang='lat' dir='ltr'>Parentes</span> <span class='ocrx_word' id='word_1_700' title='bbox 2730 4506 2873 4559; x_wconf 89' lang='lat' dir='ltr'>enim</span> <span class='ocrx_word' id='word_1_701' title='bbox 2902 4505 3005 4576; x_wconf 92' lang='lat' dir='ltr'>ipsi</span> <span class='ocrx_word' id='word_1_702' title='bbox 3035 4507 3105 4560; x_wconf 88' lang='lat' dir='ltr'>ad</span> <span class='ocrx_word' id='word_1_703' title='bbox 3127 4506 3515 4561; x_wconf 89' lang='lat' dir='ltr'>monasterium</span> <span class='ocrx_word' id='word_1_704' title='bbox 3532 4505 3759 4560; x_wconf 87' lang='lat' dir='ltr'>accede-</span> 
     </span>
    </p>
   </div>
   <div class='ocr_carea' id='block_1_75' title="bbox 2165 4592 3759 4664">
    <p class='ocr_par' dir='ltr' id='par_1_75' title="bbox 2165 4592 3759 4664">
     <span class='ocr_line' id='line_1_75' title="bbox 2165 4592 3759 4664; baseline 0.001 -20"><span class='ocrx_word' id='word_1_705' title='bbox 2165 4592 2292 4645; x_wconf 90' lang='lat' dir='ltr'>bant</span> <span class='ocrx_word' id='word_1_706' title='bbox 2337 4593 2558 4646; x_wconf 89' lang='lat' dir='ltr'>missam</span> <span class='ocrx_word' id='word_1_707' title='bbox 2616 4594 2867 4662; x_wconf 89' lang='lat' dir='ltr'>audituri,</span> <span class='ocrx_word' id='word_1_708' title='bbox 2928 4602 2980 4649; x_wconf 92' lang='lat' dir='ltr'>et</span> <span class='ocrx_word' id='word_1_709' title='bbox 3034 4594 3257 4649; x_wconf 88' lang='lat' dir='ltr'>forsitan</span> <span class='ocrx_word' id='word_1_710' title='bbox 3311 4602 3502 4664; x_wconf 86' lang='lat' dir='ltr'>postea</span> <span class='ocrx_word' id='word_1_711' title='bbox 3558 4594 3759 4647; x_wconf 87' lang='lat' dir='ltr'>ibidem</span> 
     </span>
    </p>
   </div>
   <div class='ocr_carea' id='block_1_76' title="bbox 2163 4680 3762 4753">
    <p class='ocr_par' dir='ltr' id='par_1_76' title="bbox 2163 4680 3762 4753">
     <span class='ocr_line' id='line_1_76' title="bbox 2163 4680 3762 4753; baseline 0.001 -21"><span class='ocrx_word' id='word_1_712' title='bbox 2163 4681 2435 4749; x_wconf 83' lang='lat' dir='ltr'>pransuri.</span> <span class='ocrx_word' id='word_1_713' title='bbox 2468 4682 2616 4751; x_wconf 87' lang='lat' dir='ltr'>quod</span> <span class='ocrx_word' id='word_1_714' title='bbox 2646 4697 2678 4735; x_wconf 89' lang='lat' dir='ltr'>a</span> <span class='ocrx_word' id='word_1_715' title='bbox 2721 4681 2919 4736; x_wconf 91' lang='lat' dir='ltr'>silentii</span> <span class='ocrx_word' id='word_1_716' title='bbox 2966 4691 3017 4737; x_wconf 89' lang='lat' dir='ltr'>et</span> <span class='ocrx_word' id='word_1_717' title='bbox 3052 4682 3356 4737; x_wconf 85' lang='lat' dir='ltr'>solitudinis</span> <span class='ocrx_word' id='word_1_718' title='bbox 3400 4680 3675 4753; x_wconf 90' lang='lat' dir='ltr'>proposito</span> <span class='ocrx_word' id='word_1_719' title='bbox 3707 4688 3762 4737; x_wconf 90' lang='lat' dir='ltr'>et</span> 
     </span>
    </p>
   </div>
   <div class='ocr_carea' id='block_1_77' title="bbox 2160 4769 3768 4842">
    <p class='ocr_par' dir='ltr' id='par_1_77' title="bbox 2160 4769 3768 4842">
     <span class='ocr_line' id='line_1_77' title="bbox 2160 4769 3768 4842; baseline 0.001 -21"><span class='ocrx_word' id='word_1_720' title='bbox 2160 4769 2338 4823; x_wconf 90' lang='lat' dir='ltr'>studio</span> <span class='ocrx_word' id='word_1_721' title='bbox 2371 4769 2609 4824; x_wconf 90' lang='lat' dir='ltr'>alienum</span> <span class='ocrx_word' id='word_1_722' title='bbox 2650 4778 2785 4825; x_wconf 89' lang='lat' dir='ltr'>erat.</span> <span class='ocrx_word' id='word_1_723' title='bbox 2818 4771 2924 4825; x_wconf 91' lang='lat' dir='ltr'>Sed</span> <span class='ocrx_word' id='word_1_724' title='bbox 2949 4772 3069 4842; x_wconf 91' lang='lat' dir='ltr'>quia</span> <span class='ocrx_word' id='word_1_725' title='bbox 3094 4772 3244 4826; x_wconf 90' lang='lat' dir='ltr'>locus</span> <span class='ocrx_word' id='word_1_726' title='bbox 3266 4771 3367 4825; x_wconf 91' lang='lat' dir='ltr'>iste</span> <span class='ocrx_word' id='word_1_727' title='bbox 3386 4771 3547 4825; x_wconf 77' lang='lat' dir='ltr'>valde</span> <span class='ocrx_word' id='word_1_728' title='bbox 3567 4771 3768 4825; x_wconf 86' lang='lat' dir='ltr'>obscu-</span> 
     </span>
    </p>
   </div>
   <div class='ocr_carea' id='block_1_78' title="bbox 2160 4858 3759 4931">
    <p class='ocr_par' dir='ltr' id='par_1_78' title="bbox 2160 4858 3759 4931">
     <span class='ocr_line' id='line_1_78' title="bbox 2160 4858 3759 4931; baseline 0.001 -21"><span class='ocrx_word' id='word_1_729' title='bbox 2160 4874 2254 4911; x_wconf 90' lang='lat' dir='ltr'>rus</span> <span class='ocrx_word' id='word_1_730' title='bbox 2284 4865 2418 4921; x_wconf 88' lang='lat' dir='ltr'>erat,</span> <span class='ocrx_word' id='word_1_731' title='bbox 2453 4858 2557 4911; x_wconf 87' lang='lat' dir='ltr'>ista</span> <span class='ocrx_word' id='word_1_732' title='bbox 2588 4859 2778 4923; x_wconf 87' lang='lat' dir='ltr'>verba,</span> <span class='ocrx_word' id='word_1_733' title='bbox 2818 4875 2950 4914; x_wconf 89' lang='lat' dir='ltr'><em>raro</em></span> <span class='ocrx_word' id='word_1_734' title='bbox 2981 4861 3184 4931; x_wconf 81' lang='lat' dir='ltr'><em>quippe</em></span> <span class='ocrx_word' id='word_1_735' title='bbox 3208 4860 3298 4914; x_wconf 85' lang='lat' dir='ltr'>hic</span> <span class='ocrx_word' id='word_1_736' title='bbox 3314 4861 3481 4913; x_wconf 88' lang='lat' dir='ltr'><em>missa</em></span> <span class='ocrx_word' id='word_1_737' title='bbox 3504 4862 3759 4921; x_wconf 86' lang='lat' dir='ltr'><em>canitur,</em></span> 
     </span>
    </p>
   </div>
   <div class='ocr_carea' id='block_1_79' title="bbox 2160 4946 3762 5017">
    <p class='ocr_par' dir='ltr' id='par_1_79' title="bbox 2160 4946 3762 5017">
     <span class='ocr_line' id='line_1_79' title="bbox 2160 4946 3762 5017; baseline 0.002 -19"><span class='ocrx_word' id='word_1_738' title='bbox 2160 4946 2213 4998; x_wconf 91' lang='lat' dir='ltr'>in</span> <span class='ocrx_word' id='word_1_739' title='bbox 2243 4946 2474 5017; x_wconf 87' lang='lat' dir='ltr'>antiquis</span> <span class='ocrx_word' id='word_1_740' title='bbox 2522 4946 2737 5000; x_wconf 90' lang='lat' dir='ltr'>statutis</span> <span class='ocrx_word' id='word_1_741' title='bbox 2790 4963 2896 5000; x_wconf 87' lang='lat' dir='ltr'>non</span> <span class='ocrx_word' id='word_1_742' title='bbox 2928 4947 3141 5001; x_wconf 90' lang='lat' dir='ltr'>fuerunt</span> <span class='ocrx_word' id='word_1_743' title='bbox 3171 4948 3364 5017; x_wconf 90' lang='lat' dir='ltr'>posita.</span> <span class='ocrx_word' id='word_1_744' title='bbox 3397 4949 3597 5001; x_wconf 70' lang='lat' dir='ltr'>Caetera</span> <span class='ocrx_word' id='word_1_745' title='bbox 3628 4961 3762 5001; x_wconf 89' lang='lat' dir='ltr'>vero</span> 
     </span>
    </p>
   </div>
   <div class='ocr_carea' id='block_1_80' title="bbox 2157 5033 3761 5106">
    <p class='ocr_par' dir='ltr' id='par_1_80' title="bbox 2157 5033 3761 5106">
     <span class='ocr_line' id='line_1_80' title="bbox 2157 5033 3761 5106; baseline 0.001 -20"><span class='ocrx_word' id='word_1_746' title='bbox 2157 5034 2209 5087; x_wconf 93' lang='lat' dir='ltr'>in</span> <span class='ocrx_word' id='word_1_747' title='bbox 2244 5034 2376 5104; x_wconf 90' lang='lat' dir='ltr'>ipsis</span> <span class='ocrx_word' id='word_1_748' title='bbox 2409 5033 2719 5089; x_wconf 84' lang='lat' dir='ltr'>referuntur</span> <span class='ocrx_word' id='word_1_749' title='bbox 2749 5036 2909 5105; x_wconf 86' lang='lat' dir='ltr'>prim.</span> <span class='ocrx_word' id='word_1_750' title='bbox 2943 5044 3079 5105; x_wconf 87' lang='lat' dir='ltr'>part.</span> <span class='ocrx_word' id='word_1_751' title='bbox 3111 5052 3233 5106; x_wconf 85' lang='lat' dir='ltr'>cap.</span> <span class='ocrx_word' id='word_1_752' title='bbox 3267 5039 3355 5100; x_wconf 76' lang='grc'>48,</span> <span class='ocrx_word' id='word_1_753' title='bbox 3380 5052 3435 5089; x_wconf 92' lang='lat' dir='ltr'>n.</span> <span class='ocrx_word' id='word_1_754' title='bbox 3457 5039 3506 5100; x_wconf 84' lang='grc'>1,</span> <span class='ocrx_word' id='word_1_755' title='bbox 3530 5050 3648 5103; x_wconf 89' lang='lat' dir='ltr'>cap.</span> <span class='ocrx_word' id='word_1_756' title='bbox 3667 5036 3761 5103; x_wconf 78' lang='grc'>47,</span> 
     </span>
    </p>
   </div>
   <div class='ocr_carea' id='block_1_81' title="bbox 2157 5122 3761 5194">
    <p class='ocr_par' dir='ltr' id='par_1_81' title="bbox 2157 5122 3761 5194">
     <span class='ocr_line' id='line_1_81' title="bbox 2157 5122 3761 5194; baseline 0.001 -20"><span class='ocrx_word' id='word_1_757' title='bbox 2157 5138 2210 5175; x_wconf 91' lang='lat' dir='ltr'>n.</span> <span class='ocrx_word' id='word_1_758' title='bbox 2245 5126 2331 5178; x_wconf 68' lang='lat'>28.</span> <span class='ocrx_word' id='word_1_759' title='bbox 2370 5124 2499 5175; x_wconf 89' lang='lat' dir='ltr'>ltcm</span> <span class='ocrx_word' id='word_1_760' title='bbox 2532 5139 2652 5192; x_wconf 86' lang='lat' dir='ltr'>cap.</span> <span class='ocrx_word' id='word_1_761' title='bbox 2690 5124 2774 5190; x_wconf 81' lang='grc'>48,</span> <span class='ocrx_word' id='word_1_762' title='bbox 2800 5140 2949 5177; x_wconf 91' lang='lat' dir='ltr'>num.</span> <span class='ocrx_word' id='word_1_763' title='bbox 2986 5128 3014 5177; x_wconf 88' lang='lat'>8</span> <span class='ocrx_word' id='word_1_764' title='bbox 3046 5132 3098 5178; x_wconf 90' lang='lat' dir='ltr'>et</span> <span class='ocrx_word' id='word_1_765' title='bbox 3130 5128 3214 5189; x_wconf 76' lang='lat' dir='ltr'>i3,</span> <span class='ocrx_word' id='word_1_766' title='bbox 3241 5132 3290 5178; x_wconf 88' lang='lat' dir='ltr'>et</span> <span class='ocrx_word' id='word_1_767' title='bbox 3309 5139 3430 5194; x_wconf 89' lang='lat' dir='ltr'>cap.</span> <span class='ocrx_word' id='word_1_768' title='bbox 3456 5122 3761 5177; x_wconf 65' lang='lat' dir='ltr'>9secundm</span> 
     </span>
    </p>
   </div>
   <div class='ocr_carea' id='block_1_82' title="bbox 2164 5214 2539 5281">
    <p class='ocr_par' dir='ltr' id='par_1_82' title="bbox 2164 5214 2539 5281">
     <span class='ocr_line' id='line_1_82' title="bbox 2164 5214 2539 5281; baseline 0.003 -18"><span class='ocrx_word' id='word_1_769' title='bbox 2164 5218 2329 5281; x_wconf 88' lang='lat' dir='ltr'>part.,</span> <span class='ocrx_word' id='word_1_770' title='bbox 2358 5228 2413 5263; x_wconf 88' lang='lat' dir='ltr'>n.</span> <span class='ocrx_word' id='word_1_771' title='bbox 2446 5214 2539 5267; x_wconf 75' lang='grc'>26.</span> 
     </span>
    </p>
   </div>
   <div class='ocr_carea' id='block_1_83' title="bbox 2237 5301 3761 5365">
    <p class='ocr_par' dir='ltr' id='par_1_83' title="bbox 2237 5301 3761 5365">
     <span class='ocr_line' id='line_1_83' title="bbox 2237 5301 3761 5365; baseline 0.001 -13"><span class='ocrx_word' id='word_1_772' title='bbox 2237 5301 2398 5353; x_wconf 90' lang='lat' dir='ltr'>Num.</span> <span class='ocrx_word' id='word_1_773' title='bbox 2436 5303 2486 5353; x_wconf 79' lang='grc'>5.</span> <span class='ocrx_word' id='word_1_774' title='bbox 2515 5301 2668 5355; x_wconf 76' lang='lat' dir='ltr'><em>Nihil</em></span> <span class='ocrx_word' id='word_1_775' title='bbox 2699 5303 2854 5356; x_wconf 85' lang='lat' dir='ltr'><em>enim</em></span> <span class='ocrx_word' id='word_1_776' title='bbox 2879 5302 3206 5357; x_wconf 85' lang='lat' dir='ltr'><em>laboriosius</em></span> <span class='ocrx_word' id='word_1_777' title='bbox 3228 5303 3287 5357; x_wconf 88' lang='lat' dir='ltr'>in</span> <span class='ocrx_word' id='word_1_778' title='bbox 3312 5301 3624 5365; x_wconf 70' lang='lat' dir='ltr'><em>exercitiis,</em></span> <span class='ocrx_word' id='word_1_779' title='bbox 3651 5307 3761 5354; x_wconf 91' lang='lat' dir='ltr'>etc.</span> 
     </span>
    </p>
   </div>
   <div class='ocr_carea' id='block_1_84' title="bbox 2166 5387 3764 5458">
    <p class='ocr_par' dir='ltr' id='par_1_84' title="bbox 2166 5387 3764 5458">
     <span class='ocr_line' id='line_1_84' title="bbox 2166 5387 3764 5458; baseline 0.002 -19"><span class='ocrx_word' id='word_1_780' title='bbox 2166 5388 2266 5443; x_wconf 80' lang='lat' dir='ltr'>llic</span> <span class='ocrx_word' id='word_1_781' title='bbox 2294 5388 2439 5458; x_wconf 91' lang='lat' dir='ltr'>loqui</span> <span class='ocrx_word' id='word_1_782' title='bbox 2490 5388 2677 5458; x_wconf 87' lang='lat' dir='ltr'>incipit</span> <span class='ocrx_word' id='word_1_783' title='bbox 2721 5389 2788 5443; x_wconf 90' lang='lat' dir='ltr'>de</span> <span class='ocrx_word' id='word_1_784' title='bbox 2838 5389 3144 5443; x_wconf 89' lang='lat' dir='ltr'>solitudinis</span> <span class='ocrx_word' id='word_1_785' title='bbox 3174 5398 3226 5443; x_wconf 90' lang='lat' dir='ltr'>et</span> <span class='ocrx_word' id='word_1_786' title='bbox 3256 5389 3453 5444; x_wconf 90' lang='lat' dir='ltr'>silentii</span> <span class='ocrx_word' id='word_1_787' title='bbox 3484 5387 3764 5458; x_wconf 88' lang='lat' dir='ltr'>proposito</span> 
     </span>
    </p>
   </div>
   <div class='ocr_carea' id='block_1_85' title="bbox 2167 5476 3767 5533">
    <p class='ocr_par' dir='ltr' id='par_1_85' title="bbox 2167 5476 3767 5533">
     <span class='ocr_line' id='line_1_85' title="bbox 2167 5476 3767 5533; baseline 0.001 -4"><span class='ocrx_word' id='word_1_788' title='bbox 2167 5483 2217 5529; x_wconf 87' lang='lat' dir='ltr'>et</span> <span class='ocrx_word' id='word_1_789' title='bbox 2249 5485 2455 5530; x_wconf 87' lang='lat' dir='ltr'>natura.</span> <span class='ocrx_word' id='word_1_790' title='bbox 2490 5476 2634 5529; x_wconf 89' lang='lat' dir='ltr'>Nihil</span> <span class='ocrx_word' id='word_1_791' title='bbox 2665 5493 2794 5532; x_wconf 88' lang='lat' dir='ltr'>vere</span> <span class='ocrx_word' id='word_1_792' title='bbox 2829 5478 3149 5533; x_wconf 87' lang='lat' dir='ltr'>laboriosius</span> <span class='ocrx_word' id='word_1_793' title='bbox 3179 5487 3259 5532; x_wconf 90' lang='lat' dir='ltr'>cst</span> <span class='ocrx_word' id='word_1_794' title='bbox 3289 5487 3488 5531; x_wconf 77' lang='lat' dir='ltr'>naturzn</span> <span class='ocrx_word' id='word_1_795' title='bbox 3510 5477 3767 5530; x_wconf 71' lang='lat' dir='ltr'>humana:</span> 
     </span>
    </p>
   </div>
   <div class='ocr_carea' id='block_1_86' title="bbox 2173 5564 3768 5638">
    <p class='ocr_par' dir='ltr' id='par_1_86' title="bbox 2173 5564 3768 5638">
     <span class='ocr_line' id='line_1_86' title="bbox 2173 5564 3768 5638; baseline 0.001 -20"><span class='ocrx_word' id='word_1_796' title='bbox 2173 5580 2335 5634; x_wconf 88' lang='lat' dir='ltr'>quam</span> <span class='ocrx_word' id='word_1_797' title='bbox 2367 5564 2622 5619; x_wconf 88' lang='lat' dir='ltr'>societate</span> <span class='ocrx_word' id='word_1_798' title='bbox 2671 5564 2773 5618; x_wconf 90' lang='lat' dir='ltr'>sibi</span> <span class='ocrx_word' id='word_1_799' title='bbox 2821 5566 3096 5631; x_wconf 88' lang='lat' dir='ltr'>similium,</span> <span class='ocrx_word' id='word_1_800' title='bbox 3148 5575 3197 5621; x_wconf 91' lang='lat' dir='ltr'>et</span> <span class='ocrx_word' id='word_1_801' title='bbox 3230 5565 3481 5638; x_wconf 86' lang='lat' dir='ltr'>loquendi</span> <span class='ocrx_word' id='word_1_802' title='bbox 3513 5564 3768 5619; x_wconf 84' lang='lat' dir='ltr'>libertate</span> 
     </span>
    </p>
   </div>
  </div>
