3978 6050
230 187 334 238 661

1575 188 2179 246 CONSUETUDINES.

3428 193 3530 246 662

1609 312 2001 369 CAPITULUM
2031 314 2148 368 XV.

1499 411 1574 465 De
1603 409 1962 466 ordinatione
1988 411 2222 482 prioris.

305 531 358 585 l.
391 530 524 584 Cum
549 531 790 601 priorem
829 531 1022 588 domus
1065 533 1226 602 hujus
1267 535 1420 589 obire
1470 533 1775 605 contigerit,
1820 541 1944 605 post
1988 535 2103 604 ejus
2154 534 2483 605 sepulturam
2529 534 2840 590 convocatis
2883 533 3159 601 fratribus,
3211 532 3518 586 triduanum

232 625 445 680 cunctis
474 625 729 682 indicitur
751 629 1034 698 jejunium,
1067 646 1331 703 maneque
1361 639 1413 686 et
1442 647 1671 700 vespere
1702 630 1755 684 in
1785 631 2018 687 ecclesia
2045 631 2307 703 psalmus,
2343 633 2422 687 Ad
2455 636 2508 688 te
2543 633 2734 697 levavi,
2770 631 2985 702 expleto
3014 630 3208 696 ofﬁcio,
3251 630 3522 685 communi

230 721 526 780 devotione
555 732 816 792 cantatur,
850 728 1334 798 procumbentibus
1365 745 1526 799 super
1553 727 1758 783 formas
1785 729 2036 783 omnibus
2070 748 2082 782 :
2117 731 2278 801 Kyrie
2309 731 2537 796 eleison,
2562 733 2732 784 Pater
2761 733 2971 795 noster,
3015 736 3067 783 et
3096 743 3307 798 preces,
3332 728 3521 783 Salvos

229 822 330 889 fac
359 837 541 877 servos
573 825 886 889 tuos,lllitte
917 825 997 879 eis
1025 827 1316 882 auxilium
1345 826 1410 881 de
1436 829 1650 892 sancto,
1667 827 1819 881 Nihil
1847 827 2111 898 proﬁciat
2141 828 2406 882 inimicus
2436 828 2497 882 in
2519 828 2683 892 eis,et
2703 827 2892 891 oratio,
2923 826 3236 891 Prwtende,
3263 827 3517 890 Domine,

225 927 632 989 supponuntur.
668 919 868 989 Quinta
897 930 1080 977 autem
1110 923 1196 977 die
1225 939 1386 978 mane
1416 923 1581 977 missa
1608 923 1676 977 de
1707 923 1906 993 Spiritu
1954 923 2225 994 paracleto
2253 924 2306 977 in
2337 931 2604 978 conventu
2645 923 2991 978 devotissime
3022 922 3352 977 celebratur.
3389 921 3519 976 Inde

224 1013 286 1068 in
330 1015 625 1086 capitulum
668 1019 1073 1087 convenientes,
1105 1021 1370 1088 majorum
1413 1021 1802 1092 meliorumque
1847 1020 2073 1075 consilio
2104 1037 2167 1075 ex
2201 1020 2396 1091 seipsis
2438 1037 2604 1074 unum
2647 1021 2871 1092 eligunt,
2906 1027 2995 1073 aut
3040 1019 3396 1084 sacerdotem,
3431 1025 3522 1072 aut

223 1113 300 1166 ad
329 1114 696 1168 sacerdotium
738 1117 1184 1186 promovendum,
1218 1117 1506 1189 statimque
1536 1118 1591 1171 in
1621 1117 2044 1188 prmdecessoris
2091 1117 2422 1172 transferunt
2450 1117 2649 1173 locum.
2683 1119 2980 1189 Totamque
3022 1117 3166 1172 diem
3196 1116 3343 1171 illam
3374 1130 3516 1187 gau-

224 1209 323 1265 dio
352 1210 684 1279 dedicantes,
720 1212 802 1266 bis
832 1213 934 1267 nisi
963 1214 1294 1285 praecipuum
1319 1215 1580 1284 jejunium
1610 1214 1789 1283 fuerit,
1821 1214 1878 1268 in
1904 1214 2191 1269 refectorio
2223 1215 2537 1270 comedunt.

1586 1364 2161 1421 COMMENTARIUS.

225 1503 292 1542 se
319 1487 557 1557 privare,
591 1489 715 1560 quia
735 1489 867 1546 nihil
886 1496 965 1544 est
993 1490 1049 1544 in
1085 1490 1230 1561 quod
1261 1489 1581 1562 propensius
1604 1490 1822 1555 tendat;
1845 1494 1897 1552 Α
1929 1490 2022 1554 tio,
2056 1506 2177 1560 qua:
2205 1505 2269 1543 ex
2299 1489 2681 1544 concurrentia
2702 1489 3064 1558 corporalium
3086 1496 3138 1542 et
3155 1487 3515 1559 spiritualium

226 1593 473 1647 ususque
502 1576 673 1632 libere
715 1578 1079 1633 conversandi
1109 1586 1161 1632 et
1207 1579 1482 1650 loquendi,
1518 1587 1600 1632 est
1647 1579 1825 1650 quod-

224 1664 357 1718 dam
389 1681 614 1737 germen
643 1666 1015 1722 delectationis
1055 1668 1334 1732 naturalis,
1370 1683 1475 1738 quo
1506 1684 1602 1738 per
1633 1668 1824 1722 solitu-

223 1752 374 1806 dinis
404 1761 456 1808 et
485 1753 682 1808 silentii
730 1755 1047 1810 exercitium
1092 1757 1494 1826 quodammodo
1538 1755 1822 1817 suffocato.

224 1841 340 1894 vim
381 1843 602 1911 patitur,
637 1843 759 1914 quia
804 1861 870 1898 ne
919 1861 1136 1898 sursum
1184 1844 1450 1916 germinet
1498 1844 1814 1914 impeditur.

223 1929 337 1984 Sed
369 1930 497 1983 nihil
547 1938 627 1984 est
660 1933 803 2012 quod
852 1942 1099 1987 naturam
1138 1941 1449 2004 corruptam
1497 1933 1671 2003 possit
1702 1948 1823 1985 am-

220 2017 372 2088 plius
401 2026 453 2072 et
475 2019 720 2074 securius
749 2020 1026 2085 edomare,
1063 2030 1270 2092 atquea
1293 2022 1549 2092 periculis
1581 2037 1818 2084 servare,

223 2107 356 2178 quia
387 2107 510 2161 inde
560 2108 876 2163 occasiones
906 2110 954 2164 ei
986 2109 1300 2164 auferuntur
1339 2127 1398 2163 se
1428 2111 1481 2163 in
1525 2125 1821 2165 conversa-

220 2195 374 2249 tione
421 2196 696 2250 hominum
744 2197 1064 2267 dissipandi,
1100 2199 1232 2252 etin
1264 2198 1572 2269 profusione
1623 2199 1821 2252 verbo-

223 2300 348 2338 rum
379 2300 500 2339 sese
531 2286 847 2354 evacuandi,
878 2303 944 2340 ex
975 2287 1172 2357 quibus
1202 2287 1542 2341 communior
1562 2288 1822 2357 peccandi

222 2371 455 2426 materia
485 2375 846 2444 componitur,
882 2382 933 2428 et
963 2375 1090 2428 dum
1109 2376 1282 2429 ambae
1314 2375 1430 2429 istm
1461 2375 1559 2430 via:
1590 2376 1820 2430 societa-

221 2461 294 2514 tis
351 2468 402 2514 et
457 2461 852 2528 collocutionis,
914 2463 1203 2518 solitudine
1254 2471 1306 2517 et
1353 2463 1604 2528 silentio,
1657 2458 1820 2517 veluti

225 2549 400 2619 spinis
431 2549 802 2619 spiritualibus
833 2551 1130 2621 sepiuntur,
1164 2553 1327 2607 homo
1358 2568 1417 2606 se
1447 2553 1516 2605 ad
1564 2553 1738 2607 Deum
1771 2560 1822 2606 et

220 2637 294 2692 ad
326 2638 564 2708 seipsum
597 2647 912 2694 convertere
942 2640 1171 2712 cogitur.

297 2727 401 2781 Per
434 2727 705 2781 silentium
735 2735 787 2781 et
819 2727 1164 2783 solitudinem
1213 2729 1416 2783 mundo
1446 2736 1499 2782 et
1528 2729 1818 2784 vanitatum

221 2815 453 2884 objectis
473 2816 652 2884 januae
681 2817 1006 2870 clauduntur
1029 2835 1042 2881 ;
1067 2824 1118 2872 et
1149 2818 1275 2871 dum
1297 2834 1328 2872 a
1350 2818 1601 2872 sensibus
1633 2819 1819 2871 huma-
1841 2847 1892 2906 B

219 2904 308 2958 nis
326 2911 676 2958 removentur
697 2920 761 2958 ea
779 2921 899 2976 qua:
919 2905 1163 2960 carnalia
1183 2905 1454 2960 desideria
1476 2914 1633 2978 atque
1654 2907 1814 2960 etiam

220 2992 476 3046 mentalia
524 2993 759 3047 excitare
807 3002 1226 3059 consueverunt,
1261 2995 1442 3048 anima
1490 2995 1592 3048 sibi
1625 3003 1677 3048 et
1706 2996 1819 3049 Deo

218 3081 449 3135 liberius
479 3096 674 3135 vacare
706 3081 933 3136 discitet
963 3082 1248 3137 assuescit.
1284 3081 1339 3136 Si
1369 3098 1500 3154 ergo
1532 3083 1745 3136 silentio
1767 3091 1819 3137 et

218 3168 512 3224 solitudine
533 3177 741 3224 naturae
769 3178 1038 3240 corrupta:
1058 3171 1352 3241 propensio
1384 3171 1530 3226 velut
1558 3172 1819 3242 opprimi-

220 3266 330 3323 tur,
366 3266 416 3311 et
446 3273 566 3312 cum
595 3257 662 3311 sit
693 3275 757 3312 ex
787 3258 974 3312 amicis
1001 3259 1210 3325 mundi,
1244 3259 1566 3314 laboriosius
1607 3260 1656 3313 ei
1684 3259 1816 3313 nihil

217 3347 308 3412 sit,
359 3345 655 3401 secundum
688 3347 753 3400 D.
789 3346 1150 3419 Augustinum
1198 3347 1284 3402 hic
1314 3347 1606 3414 laudatum,
1657 3365 1814 3420 quam

219 3451 332 3489 non
372 3434 642 3501 laborare,
675 3435 729 3489 id
757 3443 838 3490 est
867 3436 1164 3490 secundum
1212 3452 1364 3490 suam
1394 3437 1815 3507 propensionem

217 3540 408 3596 agere,
439 3523 608 3594 loqui,
640 3524 978 3590 conversari,
1004 3532 1212 3580 certum
1240 3533 1322 3580 est
1350 3526 1495 3596 quod
1524 3525 1579 3578 in
1608 3526 1812 3579 utrius-

217 3628 328 3683 que
359 3612 617 3668 exercitio
635 3612 811 3684 magis
841 3629 998 3684 quam
1021 3614 1076 3666 in
1104 3613 1225 3667 aliis
1259 3613 1670 3685 quibuscunque
1705 3615 1814 3669 vim

217 3701 440 3771 patitur.
478 3701 623 3755 Nihil
669 3717 824 3772 teque
867 3710 1115 3756 naturam
1166 3700 1469 3769 mortificat,
1519 3701 1646 3773 quia
1693 3703 1813 3758 alia:

217 3788 665 3844 mortificationes
695 3805 909 3845 carnem
947 3798 1246 3857 macerant,
1280 3791 1377 3844 sed
1406 3791 1524 3845 haec
1553 3791 1711 3844 etiam
1743 3791 1811 3844 ad

216 3879 460 3932 animum
515 3878 811 3950 pertingit;
857 3886 910 3932 at
957 3878 1087 3932 dum
1136 3879 1212 3933 sic
1257 3877 1634 3950 angustiantur
1683 3895 1812 3933 vasa

215 3966 422 4027 carnis,
454 3965 671 4020 dilatari
700 3973 928 4036 possunt
977 3966 1152 4036 spatia
1184 3967 1481 4033 charitatis,
1513 3976 1563 4022 et
1596 3968 1809 4023 exerci-

215 4055 344 4108 tatio
377 4053 484 4119 illa,
517 4053 639 4108 licet
670 4054 721 4107 in
753 4055 1005 4124 praesenti
1036 4055 1282 4110 videatur
1323 4071 1444 4110 esse
1475 4057 1728 4110 maeroris
1759 4065 1811 4111 et

215 4142 380 4208 taedii,
416 4141 644 4197 fructum
677 4150 856 4196 tamen
883 4143 1286 4212 pacatissimum
1336 4144 1645 4198 exercitatis
1678 4145 1808 4198 red-

214 4230 291 4283 dit
339 4229 524 4283 salutis
555 4238 606 4284 et
653 4229 856 4284 intimae
903 4230 1288 4285 consolationis
1325 4247 1337 4285 :
1370 4247 1496 4284 nam
1539 4249 1640 4301 per
1687 4248 1807 4286 eam

211 4326 464 4391 gustatur
493 4325 546 4372 et
573 4318 785 4373 videtur
815 4319 1068 4388 quoniam
1115 4319 1296 4373 suavis
1326 4327 1405 4373 est
1438 4320 1723 4386 Dominus,
1756 4329 1808 4375 et

214 4423 340 4478 quae
370 4407 437 4460 sit
463 4406 552 4460 illa
583 4406 781 4460 Christi
811 4422 916 4476 pax
947 4423 1282 4478 exsuperans
1313 4424 1527 4462 omnem
1563 4424 1803 4474 sensum,

211 4495 380 4550 corda
435 4502 599 4566 atque
654 4494 1037 4566 intelligentias
1095 4497 1428 4560 custodiens,
1487 4497 1806 4551 suavissimo

210 4581 549 4654 dignoscitur
604 4583 996 4654 experimento,
1059 4586 1103 4637 si
1161 4593 1340 4639 tamen
1405 4586 1806 4640 exercitationis

208 4671 355 4726 illius
397 4671 667 4742 susceptio
713 4671 920 4727 cmlesti
969 4672 1251 4728 vocatione
1297 4672 1455 4727 fuerit
1503 4683 1802 4744 praeventa,

208 4769 282 4826 et,
317 4768 375 4815 ut
419 4777 516 4830 par
565 4768 668 4826 est,
702 4760 998 4815 secundum
1045 4769 1281 4816 mentem
1329 4769 1381 4816 et
1421 4762 1797 4817 discretionen‘

209 4848 417 4905 ordinis
445 4864 479 4903 a
506 4848 665 4903 nobis
693 4849 1004 4912 observata,
1051 4849 1142 4920 qui
1174 4850 1228 4903 in
1255 4850 1508 4904 omnibus
1535 4851 1794 4920 providit.

206 4939 285 4994 Ne
316 4938 447 5010 quid
488 4939 682 4992 nimis.
718 4937 774 4990 In
806 4936 1095 4992 solitudine
1124 4938 1268 4992 enim
1311 4939 1581 4992 servanda
1612 4939 1803 4993 modus

207 5026 372 5081 etiam
419 5025 760 5080 adhibendus
817 5032 917 5091 est,
964 5042 1032 5079 ne
1077 5043 1142 5080 ex
1189 5043 1414 5082 excessu
1459 5043 1803 5082 communem

207 5114 490 5169 hominum
539 5121 738 5169 statum
785 5122 1091 5184 superante,
1124 5115 1335 5169 animus
1382 5117 1682 5182 hebetetur,
1716 5124 1805 5169 aut

206 5203 368 5258 etiam
399 5203 452 5256 in
486 5219 585 5258 suo
617 5202 848 5258 naturali
878 5211 1018 5257 statu
1066 5203 1314 5270 laedatur,
1347 5204 1542 5274 quibus
1591 5205 1801 5258 incom-

206 5292 384 5347 modis
427 5292 720 5362 prudenter
751 5291 805 5344 in
835 5291 1028 5346 ordine
1074 5293 1353 5363 provisum
1401 5301 1503 5347 est.
1554 5294 1693 5347 Nam
1737 5310 1801 5348 ex

206 5380 482 5436 exercitiis
503 5381 606 5434 sibi
636 5379 871 5436 invicem
902 5381 1338 5446 succedentibus,
1365 5388 1418 5436 et
1445 5381 1611 5436 veluti
1632 5381 1801 5436 inter-

207 5469 388 5534 textis,
449 5469 588 5524 inter
645 5485 764 5541 quae
811 5469 1209 5525 conversationi
1265 5470 1590 5541 quandoque
1648 5471 1803 5524 datur

1926 1577 2305 1632 exercitiorum
2350 1577 2510 1631 simul
2558 1577 2851 1647 prudenter
2895 1577 3176 1631 mistorum
3207 1585 3260 1631 et
3301 1585 3514 1647 tempe-

1924 1675 2186 1733 ratorum,
2221 1666 2381 1720 statui
2413 1667 2648 1720 humano
2679 1667 2755 1719 sic
2787 1674 2867 1720 est
2897 1682 3015 1721 cum
3047 1666 3230 1719 debita
3281 1681 3516 1736 prOpor-

1923 1754 2068 1809 tione
2099 1754 2526 1818 accommodata,
2549 1762 2605 1807 ut
2627 1771 2818 1809 secure
2831 1754 3179 1824 proverbium
3202 1753 3332 1807 illud
3364 1754 3517 1808 dica—

1923 1859 2044 1897 mus
2069 1859 2080 1897 :
2111 1845 2278 1898 Serva
2309 1843 2584 1907 ordinem,
2605 1847 2663 1897 et
2685 1844 2873 1914 ipsete
2895 1843 3157 1906 servabit,
3182 1858 3291 1896 non
3312 1850 3517 1896 tantum

1923 1932 1977 1985 in
2007 1932 2207 1999 anima,
2242 1931 2336 1984 sed
2359 1939 2411 1984 et
2442 1932 2493 1984 in
2515 1932 2762 2001 corporis
2793 1940 2953 2003 atque
2985 1931 3143 1986 etiam
3177 1931 3341 1986 animi
3373 1931 3517 1986 bona

1921 2019 2244 2088 valetudine,
2279 2027 2330 2074 et
2361 2019 2450 2089 pia
2480 2019 2764 2074 hilaritate.

1995 2108 2192 2162 Omnia
2247 2109 2444 2162 etenim
2503 2117 2624 2162 sunt
2669 2108 2902 2163 discrete
2949 2109 3002 2162 in
3053 2108 3265 2162 statutis
3312 2106 3516 2162 nostris

1924 2204 2234 2266 temperata,
2291 2196 2356 2249 ad
2416 2197 2738 2251 servandam
2796 2205 3214 2267 perseveranter
3267 2195 3516 2250 solitudi-

1923 2301 2066 2351 nem,
2119 2285 2326 2339 viribus
2372 2285 2617 2339 humanis
2663 2286 2959 2355 prudenter
3005 2285 3431 2353 accommodata,
3463 2291 3518 2338 et

1923 2374 2203 2444 desupera
2224 2373 2455 2428 Domino
2485 2374 2784 2428 benedicta.
2821 2374 2979 2442 Quod
3009 2374 3273 2429 continuis
3301 2380 3354 2427 et
3382 2386 3517 2443 quo-

1921 2461 2141 2516 tidianis
2172 2462 2552 2532 experimentis
2582 2463 2869 2532 probatum
2901 2463 3163 2517 habemus
3193 2462 3247 2516 in
3276 2461 3360 2514 his
3389 2477 3512 2515 om-

1923 2550 2081 2604 nibus
2113 2551 2205 2621 qui
2233 2567 2346 2604 suaa
2396 2550 2750 2623 professionis
2801 2551 3015 2604 habitus
3063 2550 3164 2604 sibi
3194 2565 3513 2619 comparare

1921 2653 1952 2692 a
1977 2639 2258 2706 juventute
2289 2639 2544 2711 religiose
2575 2641 2909 2705 studuerunt,
2940 2648 2991 2694 et
3029 2639 3082 2692 in
3113 2638 3248 2694 cella
3278 2655 3337 2693 se
3366 2637 3514 2691 utili-

1920 2735 2004 2780 ter
2033 2743 2318 2797 occupare.
2352 2727 2520 2782 Secus
2550 2736 2729 2782 autem
2762 2728 2806 2780 si
2837 2729 2972 2782 ordo
3019 2743 3128 2782 non
3157 2727 3294 2781 bene
3325 2741 3512 2780 serve-

1922 2823 2022 2869 tur.
2076 2817 2167 2870 Va:
2225 2816 2370 2870 enim
2419 2817 2776 2872 Carthusiano
2825 2816 2923 2882 illi,
2973 2817 3150 2870 statim
3195 2816 3509 2881 clamamus,

1923 2903 2047 2974 quia
2089 2903 2488 2958 tribulationem
2522 2912 2574 2958 et
2602 2904 2847 2958 dolorem
2895 2904 3118 2969 invenit,
3170 2903 3415 2958 laborem
3459 2910 3514 2957 et

1921 2991 2265 3047 afﬂictionem
2297 2993 2518 3063 spiritus
2567 3009 2712 3063 saepe
2754 2993 2956 3062 patitur
3001 2993 3056 3045 in
3100 3000 3302 3059 mente,
3336 2999 3388 3046 et
3414 3006 3511 3061 per

1922 3097 2071 3135 suam
2120 3082 2583 3148 indiscretionem,
2615 3081 2671 3135 id
2719 3090 2800 3135 est
2845 3098 2946 3152 per
2990 3081 3170 3152 aliqua
3215 3095 3380 3150 opera
3421 3086 3510 3134 aut

1920 3170 2170 3226 exercitia
2201 3186 2308 3224 non
2341 3171 2636 3225 secundum
2683 3169 2931 3224 ordinem
2980 3179 3070 3224 aut
3117 3176 3315 3239 praeter
3360 3167 3510 3222 ordi-

1918 3275 2062 3327 nem,
2119 3258 2322 3328 proprii
2362 3258 2550 3325 judicii
2604 3265 2658 3312 et
2713 3258 2948 3328 propriae
3003 3257 3296 3312 voluntatis
3351 3257 3514 3311 ductu

1918 3355 2185 3417 suscepta,
2217 3345 2397 3401 deficit
2424 3347 2480 3400 in
2529 3361 2778 3416 corpore,
2813 3356 2865 3401 et
2912 3347 3126 3416 lapsum
3174 3345 3511 3417 spiritualem

1917 3434 2140 3490 incurrit
2168 3435 2223 3488 in
2253 3433 2498 3488 interiori
2528 3434 2763 3489 homine.
2798 3435 2878 3489 De
2909 3434 3184 3489 laboribus
3223 3433 3347 3489 vita:
3375 3433 3508 3488 soli-

1916 3523 2065 3577 tariae
2095 3539 2240 3578 nunc
2265 3524 2380 3578 haec
2411 3539 2582 3593 pauca
2611 3523 2813 3577 dixisse
2845 3521 3088 3578 sufﬁciat.

1987 3613 2092 3666 Sed
2125 3628 2223 3667 cur
2243 3613 2305 3667 R.
2332 3612 2493 3665 Pater
2523 3610 2702 3683 Guigo
2732 3611 2799 3665 de
2829 3611 3031 3683 vigiliis
3061 3618 3114 3665 et
3142 3608 3503 3673 abstinentiis,

1914 3701 1981 3754 de
2011 3701 2131 3754 aliis
2162 3699 2308 3753 duris
2355 3708 2408 3754 et
2435 3699 2644 3769 asperis
2688 3716 2807 3770 quae
2837 3699 2890 3752 in
2921 3699 3112 3754 ordine
3153 3699 3508 3754 observantur

1913 3789 2112 3842 nullam
2150 3789 2237 3843 hic
2281 3789 2612 3842 mentionem
2661 3788 2803 3853 fecit,
2837 3803 2900 3843 ac
2931 3788 2975 3842 si
3017 3803 3118 3858 pro
3167 3786 3334 3842 nihilo
3384 3785 3505 3840 illas

1911 3877 2246 3932 austeritates
2296 3876 2780 3948 reputaret‘iQuia
2810 3876 3046 3932 essentia
3094 3876 3319 3930 instituti
3367 3876 3506 3930 Car-

1911 3965 2147 4020 thusiani
2179 3965 2233 4019 in
2266 3965 2417 4021 cellae
2458 3974 2508 4020 et
2537 3965 2734 4020 silentii
2781 3965 3148 4031 observantia,
3181 3972 3341 4036 atque
3373 3980 3505 4034 per-

1910 4053 2051 4109 fecta
2074 4053 2312 4124 propria:
2342 4054 2632 4108 voluntatis
2661 4054 3026 4126 abnegatione
3055 4053 3300 4108 consistit
3325 4068 3336 4106 :
3362 4053 3505 4108 unde

1909 4142 2042 4196 alias
2099 4143 2444 4196 austeritatcs
2501 4143 2674 4197 solum
2725 4143 2971 4207 mstimat,
3023 4143 3078 4195 in
3135 4149 3391 4213 quantum
3438 4142 3506 4196 ad

1909 4230 2275 4284 obedientiam
2306 4230 2634 4297 referuntur,
2669 4239 2827 4300 prout
2857 4232 2972 4300 ipse
2993 4230 3224 4300 explicat
3253 4245 3374 4301 cap.
3409 4232 3499 4289 35.

1907 4335 1961 4372 n.
1989 4322 2039 4382 3,
2067 4319 2155 4371 ubi
2185 4319 2293 4372 ait:
2318 4319 2472 4374 Licet
2497 4321 2650 4373 enim
2679 4321 2864 4374 multa
2893 4321 3010 4374 sint
3039 4323 3095 4374 et
3124 4319 3345 4374 diversa
3376 4335 3499 4390 quae

1908 4409 2280 4472 observamus,
2313 4423 2425 4462 uno
2477 4411 2666 4461 tamen
2697 4412 2750 4462 ct
2797 4409 2912 4462 solo
2961 4407 3291 4463 obedientiw
3339 4409 3498 4473 bono,

1906 4499 2116 4550 cuncta
2148 4495 2303 4550 nobis
2331 4498 2627 4566 fructuosa
2655 4499 2857 4565 futura
2884 4513 3194 4568 speramus.

1978 4583 2110 4636 Car.
2145 4585 2263 4638 XV.
2288 4615 2355 4622 ——
2376 4584 2539 4637 Num.
2567 4588 2616 4638 1.
2643 4583 2779 4638 Cum
2807 4587 3054 4656 priorem
3086 4586 3278 4641 domus
3309 4585 3497 4656 hujus,

1907 4679 2008 4727 etc.
2030 4672 2288 4743 Loquitur
2308 4681 2513 4725 tantum
2536 4673 2604 4727 de
2625 4673 2788 4728 domo
2805 4674 3122 4740 Carthusize,
3144 4674 3269 4745 quia
3299 4690 3404 4728 non
3428 4676 3503 4728 le-

1905 4777 2004 4832 ges
2063 4761 2182 4814 aliis
2227 4761 2606 4831 praescribere,
2652 4762 2749 4816 sed
2797 4770 2998 4816 tantum
3047 4762 3496 4817 consuetudinem

1904 4849 2286 4914 introductam,
2311 4856 2364 4903 et
2387 4849 2501 4917 jam
2531 4866 2628 4919 per
2656 4867 2812 4904 usum
2843 4850 3214 4904 conﬁrmatam
3246 4851 3300 4903 in
3332 4850 3496 4905 domo

1904 4937 2223 5002 Carthusim,
2286 4937 2406 4990 aliis
2463 4937 2866 4993 communicare
2908 4937 3154 4992 intendit.
3213 4937 3375 4992 Nulla
3433 4939 3502 4994 de

1903 5025 2079 5079 forma
2116 5026 2256 5093 juris
2305 5027 2576 5081 servanda
2623 5027 2766 5082 inter
2813 5043 2907 5081 eos
2937 5026 2992 5079 fit
3023 5026 3243 5094 mentio,
3278 5043 3380 5082 nec
3428 5028 3497 5082 de

1901 5113 2308 5168 confirmatione
2342 5116 2607 5181 habenda,
2643 5115 2767 5186 quia
2797 5116 2864 5170 de
2905 5115 3056 5170 titulo
3085 5114 3190 5170 ﬁxo
3221 5116 3494 5187 superiori

1901 5203 2042 5256 inter
2072 5218 2171 5257 nos
2199 5203 2376 5257 dando
2406 5220 2506 5259 nec
2536 5204 2864 5274 cogitabant.
2899 5204 3053 5259 Unde
3077 5221 3292 5275 semper
3318 5205 3373 5259 in
3405 5221 3495 5260 or-

1901 5291 2026 5346 dine
2060 5307 2257 5347 nomen
2283 5293 2492 5362 prioris
2519 5301 2838 5362 usurpatum
2886 5300 2968 5347 est
2995 5294 3062 5348 ad
3094 5294 3493 5366 designandum

1901 5397 2024 5435 eum
2067 5381 2157 5452 qui
2205 5381 2324 5435 aliis
2373 5381 2696 5452 praepositus
2745 5389 2848 5448 est,
2882 5390 2940 5437 ut
2987 5383 3334 5448 indicaretur,
3371 5399 3494 5437 eum

1902 5470 1990 5541 qui
2022 5470 2142 5524 aliis
2172 5479 2367 5540 praeest
2400 5470 2539 5524 inter
2579 5485 2697 5536 nos,
2734 5487 2856 5526 esse
2889 5479 3095 5526 tantum
3142 5472 3373 5542 primum
3404 5472 3493 5525 in-

207 5558 360 5612 locus
388 5566 644 5629 quantum
676 5557 830 5627 satis,
863 5556 920 5613 tit
952 5557 1198 5630 quaedam
1229 5558 1474 5614 salutaris
1521 5552 1868 5630 composi-D
1902 5567 1984 5614 ter
2040 5575 2221 5630 pares,
2255 5567 2306 5615 et
2334 5559 2620 5630 aequalium
2679 5559 3006 5616 directorem
3053 5577 3116 5616 ac
3165 5561 3493 5631 ministrum,
