  <div class='ocr_page' id='page_1' title='image "/cluster/home/n/w/nwhite01/storage/ocr_20150623/153/hvd.32044054760111/338.png"; bbox 0 0 3978 6050; ppageno 0'>
   <div class='ocr_carea' id='block_1_1' title="bbox 272 158 377 211">
    <p class='ocr_par' dir='ltr' id='par_1_1' title="bbox 272 158 377 211">
     <span class='ocr_line' id='line_1_1' title="bbox 272 158 377 211; baseline 0.01 -1"><span class='ocrx_word' id='word_1_1' title='bbox 272 158 377 211; x_wconf 84' lang='grc'>665</span> 
     </span>
    </p>
   </div>
   <div class='ocr_carea' id='block_1_2' title="bbox 1605 158 2213 216">
    <p class='ocr_par' dir='ltr' id='par_1_2' title="bbox 1605 158 2213 216">
     <span class='ocr_line' id='line_1_2' title="bbox 1605 158 2213 216; baseline -0.008 0"><span class='ocrx_word' id='word_1_2' title='bbox 1605 158 2021 216; x_wconf 91' lang='lat' dir='ltr'>CONSUETUD</span> <span class='ocrx_word' id='word_1_3' title='bbox 2028 158 2188 214; x_wconf 86' lang='lat' dir='ltr'>INES</span> <span class='ocrx_word' id='word_1_4' title='bbox 2202 199 2213 211; x_wconf 93' lang='lat'>.</span> 
     </span>
    </p>
   </div>
   <div class='ocr_carea' id='block_1_3' title="bbox 3465 157 3566 210">
    <p class='ocr_par' dir='ltr' id='par_1_3' title="bbox 3465 157 3566 210">
     <span class='ocr_line' id='line_1_3' title="bbox 3465 157 3566 210; baseline 0.02 -2"><span class='ocrx_word' id='word_1_5' title='bbox 3465 157 3566 210; x_wconf 88' lang='lat'>666</span> 
     </span>
    </p>
   </div>
   <div class='ocr_carea' id='block_1_4' title="bbox 341 275 3564 353">
    <p class='ocr_par' dir='ltr' id='par_1_4' title="bbox 341 275 3564 353">
     <span class='ocr_line' id='line_1_4' title="bbox 341 275 3564 353; baseline -0.002 -18"><span class='ocrx_word' id='word_1_6' title='bbox 341 285 392 335; x_wconf 82' lang='lat'>5.</span> <span class='ocrx_word' id='word_1_7' title='bbox 428 281 490 336; x_wconf 88' lang='lat' dir='ltr'>In</span> <span class='ocrx_word' id='word_1_8' title='bbox 516 280 806 336; x_wconf 88' lang='lat' dir='ltr'>Nativitate</span> <span class='ocrx_word' id='word_1_9' title='bbox 837 296 1053 353; x_wconf 91' lang='lat' dir='ltr'>quoque</span> <span class='ocrx_word' id='word_1_10' title='bbox 1084 290 1138 338; x_wconf 89' lang='lat' dir='ltr'>et</span> <span class='ocrx_word' id='word_1_11' title='bbox 1166 284 1375 340; x_wconf 84' lang='lat' dir='ltr'>Pascha</span> <span class='ocrx_word' id='word_1_12' title='bbox 1406 291 1459 339; x_wconf 91' lang='lat' dir='ltr'>et</span> <span class='ocrx_word' id='word_1_13' title='bbox 1488 285 1828 350; x_wconf 81' lang='lat' dir='ltr'>Pentecoste,</span> <span class='ocrx_word' id='word_1_14' title='bbox 1862 292 1915 339; x_wconf 94' lang='lat' dir='ltr'>et</span> <span class='ocrx_word' id='word_1_15' title='bbox 1957 298 2079 340; x_wconf 92' lang='lat' dir='ltr'>cum</span> <span class='ocrx_word' id='word_1_16' title='bbox 2124 281 2288 336; x_wconf 90' lang='lat' dir='ltr'>frater</span> <span class='ocrx_word' id='word_1_17' title='bbox 2330 280 2524 353; x_wconf 86' lang='lat' dir='ltr'>aliquis</span> <span class='ocrx_word' id='word_1_18' title='bbox 2562 279 2959 351; x_wconf 84' lang='lat' dir='ltr'>professionem</span> <span class='ocrx_word' id='word_1_19' title='bbox 3004 277 3244 333; x_wconf 88' lang='lat' dir='ltr'>facturus</span> <span class='ocrx_word' id='word_1_20' title='bbox 3290 284 3392 343; x_wconf 89' lang='lat' dir='ltr'>est,</span> <span class='ocrx_word' id='word_1_21' title='bbox 3427 275 3564 330; x_wconf 91' lang='lat' dir='ltr'>mis-</span> 
     </span>
    </p>
   </div>
   <div class='ocr_carea' id='block_1_5' title="bbox 270 373 3569 450">
    <p class='ocr_par' dir='ltr' id='par_1_5' title="bbox 270 373 3569 450">
     <span class='ocr_line' id='line_1_5' title="bbox 270 373 3569 450; baseline -0.001 -21"><span class='ocrx_word' id='word_1_22' title='bbox 270 391 389 430; x_wconf 91' lang='lat' dir='ltr'>sam</span> <span class='ocrx_word' id='word_1_23' title='bbox 421 384 601 432; x_wconf 79' lang='lat' dir='ltr'>cantat</span> <span class='ocrx_word' id='word_1_24' title='bbox 634 378 916 447; x_wconf 87' lang='lat' dir='ltr'>majorem.</span> <span class='ocrx_word' id='word_1_25' title='bbox 949 378 1105 447; x_wconf 88' lang='lat' dir='ltr'>Quod</span> <span class='ocrx_word' id='word_1_26' title='bbox 1137 378 1345 434; x_wconf 90' lang='lat' dir='ltr'>idcirco</span> <span class='ocrx_word' id='word_1_27' title='bbox 1376 378 1660 434; x_wconf 88' lang='lat' dir='ltr'>scribimus</span> <span class='ocrx_word' id='word_1_28' title='bbox 1680 420 1693 443; x_wconf 95' lang='lat'>,</span> <span class='ocrx_word' id='word_1_29' title='bbox 1728 394 1797 433; x_wconf 91' lang='lat' dir='ltr'>ne</span> <span class='ocrx_word' id='word_1_30' title='bbox 1828 378 1948 449; x_wconf 88' lang='lat' dir='ltr'>quis</span> <span class='ocrx_word' id='word_1_31' title='bbox 1978 378 2117 435; x_wconf 85' lang='lat' dir='ltr'>forte</span> <span class='ocrx_word' id='word_1_32' title='bbox 2157 386 2500 450; x_wconf 78' lang='lat' dir='ltr'>posterorum</span> <span class='ocrx_word' id='word_1_33' title='bbox 2551 393 2750 433; x_wconf 86' lang='lat' dir='ltr'>cornua</span> <span class='ocrx_word' id='word_1_34' title='bbox 2798 377 2900 433; x_wconf 90' lang='lat' dir='ltr'>sibi</span> <span class='ocrx_word' id='word_1_35' title='bbox 2948 376 3077 432; x_wconf 86' lang='lat' dir='ltr'>velit</span> <span class='ocrx_word' id='word_1_36' title='bbox 3118 389 3431 439; x_wconf 86' lang='lat' dir='ltr'>assumere,</span> <span class='ocrx_word' id='word_1_37' title='bbox 3483 373 3569 428; x_wconf 85' lang='lat' dir='ltr'>vel</span> 
     </span>
    </p>
   </div>
   <div class='ocr_carea' id='block_1_6' title="bbox 269 474 2006 548">
    <p class='ocr_par' dir='ltr' id='par_1_6' title="bbox 269 474 2006 548">
     <span class='ocr_line' id='line_1_6' title="bbox 269 474 2006 548; baseline 0.001 -21"><span class='ocrx_word' id='word_1_38' title='bbox 269 488 471 528; x_wconf 85' lang='lat' dir='ltr'>nomen</span> <span class='ocrx_word' id='word_1_39' title='bbox 502 490 661 527; x_wconf 92' lang='lat' dir='ltr'>suum</span> <span class='ocrx_word' id='word_1_40' title='bbox 688 491 1028 546; x_wconf 90' lang='lat' dir='ltr'>quacumque</span> <span class='ocrx_word' id='word_1_41' title='bbox 1060 475 1238 548; x_wconf 81' lang='lat' dir='ltr'>gloria</span> <span class='ocrx_word' id='word_1_42' title='bbox 1267 476 1353 530; x_wconf 87' lang='lat' dir='ltr'>vel</span> <span class='ocrx_word' id='word_1_43' title='bbox 1382 475 1675 531; x_wconf 87' lang='lat' dir='ltr'>eminentia</span> <span class='ocrx_word' id='word_1_44' title='bbox 1713 474 2006 530; x_wconf 88' lang='lat' dir='ltr'>celebrare.</span> 
     </span>
    </p>
   </div>
   <div class='ocr_carea' id='block_1_7' title="bbox 347 567 3573 646">
    <p class='ocr_par' dir='ltr' id='par_1_7' title="bbox 347 567 3573 646">
     <span class='ocr_line' id='line_1_7' title="bbox 347 567 3573 646; baseline -0.001 -23"><span class='ocrx_word' id='word_1_45' title='bbox 347 574 397 624; x_wconf 87' lang='lat'><strong>6.</strong></span> <span class='ocrx_word' id='word_1_46' title='bbox 434 572 493 624; x_wconf 91' lang='lat' dir='ltr'>In</span> <span class='ocrx_word' id='word_1_47' title='bbox 524 573 772 627; x_wconf 80' lang='lat' dir='ltr'>Adventu</span> <span class='ocrx_word' id='word_1_48' title='bbox 805 580 980 627; x_wconf 87' lang='lat' dir='ltr'>autem</span> <span class='ocrx_word' id='word_1_49' title='bbox 1013 581 1065 628; x_wconf 91' lang='lat' dir='ltr'>et</span> <span class='ocrx_word' id='word_1_50' title='bbox 1094 572 1521 646; x_wconf 88' lang='lat' dir='ltr'>Quadragesima</span> <span class='ocrx_word' id='word_1_51' title='bbox 1550 581 1777 644; x_wconf 83' lang='lat' dir='ltr'>propter</span> <span class='ocrx_word' id='word_1_52' title='bbox 1808 573 2100 628; x_wconf 90' lang='lat' dir='ltr'>arctiorem</span> <span class='ocrx_word' id='word_1_53' title='bbox 2130 574 2212 628; x_wconf 93' lang='lat' dir='ltr'>sui</span> <span class='ocrx_word' id='word_1_54' title='bbox 2242 575 2562 643; x_wconf 85' lang='lat' dir='ltr'>custodiam,</span> <span class='ocrx_word' id='word_1_55' title='bbox 2598 589 2630 628; x_wconf 89' lang='lat' dir='ltr'>a</span> <span class='ocrx_word' id='word_1_56' title='bbox 2648 574 2910 645; x_wconf 77' lang='lat' dir='ltr'>praedicta</span> <span class='ocrx_word' id='word_1_57' title='bbox 2959 571 3118 625; x_wconf 91' lang='lat' dir='ltr'>etiam</span> <span class='ocrx_word' id='word_1_58' title='bbox 3175 568 3411 623; x_wconf 85' lang='lat' dir='ltr'>abstinet</span> <span class='ocrx_word' id='word_1_59' title='bbox 3439 567 3573 622; x_wconf 90' lang='lat' dir='ltr'>visi-</span> 
     </span>
    </p>
   </div>
   <div class='ocr_carea' id='block_1_8' title="bbox 270 666 3572 742">
    <p class='ocr_par' dir='ltr' id='par_1_8' title="bbox 270 666 3572 742">
     <span class='ocr_line' id='line_1_8' title="bbox 270 666 3572 742; baseline -0.001 -21"><span class='ocrx_word' id='word_1_60' title='bbox 270 667 494 736; x_wconf 87' lang='lat' dir='ltr'>tatione,</span> <span class='ocrx_word' id='word_1_61' title='bbox 527 668 630 723; x_wconf 92' lang='lat' dir='ltr'>nisi</span> <span class='ocrx_word' id='word_1_62' title='bbox 660 668 839 741; x_wconf 89' lang='lat' dir='ltr'>aliqua</span> <span class='ocrx_word' id='word_1_63' title='bbox 871 685 1071 740; x_wconf 85' lang='lat' dir='ltr'>magna</span> <span class='ocrx_word' id='word_1_64' title='bbox 1101 670 1399 725; x_wconf 86' lang='lat' dir='ltr'>necessitas</span> <span class='ocrx_word' id='word_1_65' title='bbox 1428 669 1672 742; x_wconf 85' lang='lat' dir='ltr'>coegerit</span> <span class='ocrx_word' id='word_1_66' title='bbox 1704 670 1787 726; x_wconf 88' lang='lat' dir='ltr'>vel</span> <span class='ocrx_word' id='word_1_67' title='bbox 1810 670 2029 725; x_wconf 88' lang='lat' dir='ltr'>utilitas.</span> <span class='ocrx_word' id='word_1_68' title='bbox 2064 671 2171 726; x_wconf 90' lang='lat' dir='ltr'>Sed</span> <span class='ocrx_word' id='word_1_69' title='bbox 2202 680 2255 726; x_wconf 89' lang='lat' dir='ltr'>et</span> <span class='ocrx_word' id='word_1_70' title='bbox 2280 671 2490 726; x_wconf 74' lang='lat' dir='ltr'>caeteris</span> <span class='ocrx_word' id='word_1_71' title='bbox 2521 670 2856 741; x_wconf 86' lang='lat' dir='ltr'>temporibus</span> <span class='ocrx_word' id='word_1_72' title='bbox 2886 687 2997 726; x_wconf 90' lang='lat' dir='ltr'>non</span> <span class='ocrx_word' id='word_1_73' title='bbox 3027 667 3230 741; x_wconf 90' lang='lat' dir='ltr'>passim</span> <span class='ocrx_word' id='word_1_74' title='bbox 3260 674 3349 722; x_wconf 90' lang='lat' dir='ltr'>aut</span> <span class='ocrx_word' id='word_1_75' title='bbox 3380 666 3572 721; x_wconf 90' lang='lat' dir='ltr'>leviter</span> 
     </span>
    </p>
   </div>
   <div class='ocr_carea' id='block_1_9' title="bbox 275 767 2530 839">
    <p class='ocr_par' dir='ltr' id='par_1_9' title="bbox 275 767 2530 839">
     <span class='ocr_line' id='line_1_9' title="bbox 275 767 2530 839; baseline 0.001 -19"><span class='ocrx_word' id='word_1_76' title='bbox 275 772 329 820; x_wconf 88' lang='lat' dir='ltr'>et</span> <span class='ocrx_word' id='word_1_77' title='bbox 358 782 460 836; x_wconf 91' lang='lat' dir='ltr'>pro</span> <span class='ocrx_word' id='word_1_78' title='bbox 495 782 818 839; x_wconf 89' lang='lat' dir='ltr'>quacunque</span> <span class='ocrx_word' id='word_1_79' title='bbox 848 767 934 823; x_wconf 92' lang='lat' dir='ltr'>vel</span> <span class='ocrx_word' id='word_1_80' title='bbox 964 782 1203 839; x_wconf 89' lang='lat' dir='ltr'>persona</span> <span class='ocrx_word' id='word_1_81' title='bbox 1233 767 1318 823; x_wconf 90' lang='lat' dir='ltr'>vel</span> <span class='ocrx_word' id='word_1_82' title='bbox 1346 783 1506 823; x_wconf 89' lang='lat' dir='ltr'>causa</span> <span class='ocrx_word' id='word_1_83' title='bbox 1537 768 1607 822; x_wconf 91' lang='lat' dir='ltr'>ad</span> <span class='ocrx_word' id='word_1_84' title='bbox 1634 767 1855 822; x_wconf 91' lang='lat' dir='ltr'>domum</span> <span class='ocrx_word' id='word_1_85' title='bbox 1884 768 2167 823; x_wconf 90' lang='lat' dir='ltr'>descendit</span> <span class='ocrx_word' id='word_1_86' title='bbox 2197 768 2530 824; x_wconf 76' lang='lat' dir='ltr'>inferiorem.</span> 
     </span>
    </p>
   </div>
   <div class='ocr_carea' id='block_1_10' title="bbox 1584 890 2158 949">
    <p class='ocr_par' dir='ltr' id='par_1_10' title="bbox 1584 890 2158 949">
     <span class='ocr_line' id='line_1_10' title="bbox 1584 890 2158 949; baseline 0 -3"><span class='ocrx_word' id='word_1_87' title='bbox 1584 890 2158 949; x_wconf 81' lang='lat' dir='ltr'>COMMENTARIUS.</span> 
     </span>
    </p>
   </div>
   <div class='ocr_carea' id='block_1_11' title="bbox 270 970 3574 1077">
    <p class='ocr_par' dir='ltr' id='par_1_11' title="bbox 270 998 3574 1077">
     <span class='ocr_line' id='line_1_11' title="bbox 270 998 3574 1077; baseline -0.003 -16"><span class='ocrx_word' id='word_1_88' title='bbox 270 1006 467 1061; x_wconf 90' lang='lat' dir='ltr'>eadem</span> <span class='ocrx_word' id='word_1_89' title='bbox 496 1021 683 1061; x_wconf 90' lang='lat' dir='ltr'>eremo</span> <span class='ocrx_word' id='word_1_90' title='bbox 729 1006 1085 1061; x_wconf 89' lang='lat' dir='ltr'>Carthusiana</span> <span class='ocrx_word' id='word_1_91' title='bbox 1130 1006 1428 1077; x_wconf 86' lang='lat' dir='ltr'>possessio,</span> <span class='ocrx_word' id='word_1_92' title='bbox 1474 1022 1572 1076; x_wconf 91' lang='lat' dir='ltr'>per</span> <span class='ocrx_word' id='word_1_93' title='bbox 1616 1006 1869 1075; x_wconf 88' lang='lat' dir='ltr'>pietatem</span> <span class='ocrx_word' id='word_1_94' title='bbox 1898 1009 1953 1067; x_wconf 82' lang='lat' dir='ltr'><strong>A</strong></span> <span class='ocrx_word' id='word_1_95' title='bbox 2042 1008 2197 1063; x_wconf 89' lang='lat' dir='ltr'>Hunc</span> <span class='ocrx_word' id='word_1_96' title='bbox 2225 1008 2553 1063; x_wconf 88' lang='lat' dir='ltr'>laudabilem</span> <span class='ocrx_word' id='word_1_97' title='bbox 2601 1022 2760 1061; x_wconf 91' lang='lat' dir='ltr'>usum</span> <span class='ocrx_word' id='word_1_98' title='bbox 2790 1004 3053 1060; x_wconf 88' lang='lat' dir='ltr'>terminos</span> <span class='ocrx_word' id='word_1_99' title='bbox 3098 1018 3210 1058; x_wconf 88' lang='lat' dir='ltr'>non</span> <span class='ocrx_word' id='word_1_100' title='bbox 3257 998 3574 1074; x_wconf 90' lang='lat' dir='ltr'>egrediendi</span> 
     </span>
    </p>
   </div>
   <div class='ocr_carea' id='block_1_12' title="bbox 272 1094 1871 1166">
    <p class='ocr_par' dir='ltr' id='par_1_12' title="bbox 272 1094 1871 1166">
     <span class='ocr_line' id='line_1_12' title="bbox 272 1094 1871 1166; baseline 0 -17"><span class='ocrx_word' id='word_1_101' title='bbox 272 1095 570 1165; x_wconf 87' lang='lat' dir='ltr'>proborum</span> <span class='ocrx_word' id='word_1_102' title='bbox 599 1094 959 1160; x_wconf 68' lang='lat' dir='ltr'>saecularium,</span> <span class='ocrx_word' id='word_1_103' title='bbox 993 1095 1084 1166; x_wconf 85' lang='lat' dir='ltr'>qui</span> <span class='ocrx_word' id='word_1_104' title='bbox 1114 1094 1221 1148; x_wconf 89' lang='lat' dir='ltr'>illis</span> <span class='ocrx_word' id='word_1_105' title='bbox 1273 1110 1338 1149; x_wconf 86' lang='lat' dir='ltr'>ex</span> <span class='ocrx_word' id='word_1_106' title='bbox 1390 1094 1651 1150; x_wconf 89' lang='lat' dir='ltr'>charitate</span> <span class='ocrx_word' id='word_1_107' title='bbox 1698 1094 1871 1149; x_wconf 91' lang='lat' dir='ltr'>dede-</span> 
     </span>
    </p>
   </div>
   <div class='ocr_carea' id='block_1_13' title="bbox 272 1182 1879 1254">
    <p class='ocr_par' dir='ltr' id='par_1_13' title="bbox 272 1182 1879 1254">
     <span class='ocr_line' id='line_1_13' title="bbox 272 1182 1879 1254; baseline 0 -17"><span class='ocrx_word' id='word_1_108' title='bbox 272 1190 399 1237; x_wconf 86' lang='lat' dir='ltr'>runt</span> <span class='ocrx_word' id='word_1_109' title='bbox 429 1183 573 1254; x_wconf 91' lang='lat' dir='ltr'>quod</span> <span class='ocrx_word' id='word_1_110' title='bbox 602 1183 657 1237; x_wconf 92' lang='lat' dir='ltr'>in</span> <span class='ocrx_word' id='word_1_111' title='bbox 686 1197 748 1238; x_wconf 89' lang='lat' dir='ltr'>ea</span> <span class='ocrx_word' id='word_1_112' title='bbox 783 1183 1152 1253; x_wconf 88' lang='lat' dir='ltr'>possidebant,</span> <span class='ocrx_word' id='word_1_113' title='bbox 1187 1182 1351 1237; x_wconf 90' lang='lat' dir='ltr'>etiam</span> <span class='ocrx_word' id='word_1_114' title='bbox 1379 1182 1674 1253; x_wconf 88' lang='lat' dir='ltr'>aliquando</span> <span class='ocrx_word' id='word_1_115' title='bbox 1702 1182 1756 1236; x_wconf 89' lang='lat' dir='ltr'>id</span> <span class='ocrx_word' id='word_1_116' title='bbox 1788 1198 1879 1252; x_wconf 87' lang='lat' dir='ltr'>po-</span> 
     </span>
    </p>
   </div>
   <div class='ocr_carea' id='block_1_14' title="bbox 273 1270 1875 1342">
    <p class='ocr_par' dir='ltr' id='par_1_14' title="bbox 273 1270 1875 1342">
     <span class='ocr_line' id='line_1_14' title="bbox 273 1270 1875 1342; baseline -0.001 -17"><span class='ocrx_word' id='word_1_117' title='bbox 273 1271 597 1326; x_wconf 89' lang='lat' dir='ltr'>stulantibus</span> <span class='ocrx_word' id='word_1_118' title='bbox 636 1272 838 1327; x_wconf 90' lang='lat' dir='ltr'>nostris</span> <span class='ocrx_word' id='word_1_119' title='bbox 888 1271 1148 1341; x_wconf 90' lang='lat' dir='ltr'>eremitis,</span> <span class='ocrx_word' id='word_1_120' title='bbox 1181 1280 1239 1325; x_wconf 90' lang='lat' dir='ltr'>ut</span> <span class='ocrx_word' id='word_1_121' title='bbox 1279 1272 1347 1325; x_wconf 90' lang='lat' dir='ltr'>ab</span> <span class='ocrx_word' id='word_1_122' title='bbox 1395 1270 1875 1342; x_wconf 90' lang='lat' dir='ltr'>inquietudinibus,</span> 
     </span>
    </p>
   </div>
   <div class='ocr_carea' id='block_1_15' title="bbox 275 1360 1874 1431">
    <p class='ocr_par' dir='ltr' id='par_1_15' title="bbox 275 1360 1874 1431">
     <span class='ocr_line' id='line_1_15' title="bbox 275 1360 1874 1431; baseline -0.001 -17"><span class='ocrx_word' id='word_1_123' title='bbox 275 1376 410 1431; x_wconf 91' lang='lat' dir='ltr'>quas</span> <span class='ocrx_word' id='word_1_124' title='bbox 440 1376 550 1414; x_wconf 91' lang='lat' dir='ltr'>non</span> <span class='ocrx_word' id='word_1_125' title='bbox 598 1376 722 1415; x_wconf 90' lang='lat' dir='ltr'>raro</span> <span class='ocrx_word' id='word_1_126' title='bbox 752 1377 782 1414; x_wconf 91' lang='lat' dir='ltr'>a</span> <span class='ocrx_word' id='word_1_127' title='bbox 812 1360 1029 1415; x_wconf 88' lang='lat' dir='ltr'>rusticis</span> <span class='ocrx_word' id='word_1_128' title='bbox 1079 1360 1436 1430; x_wconf 86' lang='lat' dir='ltr'>patiebantur,</span> <span class='ocrx_word' id='word_1_129' title='bbox 1490 1360 1874 1425; x_wconf 85' lang='lat' dir='ltr'>eximerentur,</span> 
     </span>
    </p>
   </div>
   <div class='ocr_carea' id='block_1_16' title="bbox 274 1447 1877 1513">
    <p class='ocr_par' dir='ltr' id='par_1_16' title="bbox 274 1447 1877 1513">
     <span class='ocr_line' id='line_1_16' title="bbox 274 1447 1877 1513; baseline -0.001 -11"><span class='ocrx_word' id='word_1_130' title='bbox 274 1464 378 1504; x_wconf 89' lang='lat' dir='ltr'>nec</span> <span class='ocrx_word' id='word_1_131' title='bbox 409 1464 518 1503; x_wconf 92' lang='lat' dir='ltr'>non</span> <span class='ocrx_word' id='word_1_132' title='bbox 545 1456 598 1502; x_wconf 91' lang='lat' dir='ltr'>ut</span> <span class='ocrx_word' id='word_1_133' title='bbox 628 1448 841 1503; x_wconf 87' lang='lat' dir='ltr'>termini</span> <span class='ocrx_word' id='word_1_134' title='bbox 874 1448 1015 1501; x_wconf 94' lang='lat' dir='ltr'>illius</span> <span class='ocrx_word' id='word_1_135' title='bbox 1047 1447 1445 1502; x_wconf 83' lang='lat' dir='ltr'>Carthusiensis</span> <span class='ocrx_word' id='word_1_136' title='bbox 1476 1447 1665 1513; x_wconf 90' lang='lat' dir='ltr'>eremi,</span> <span class='ocrx_word' id='word_1_137' title='bbox 1698 1448 1877 1502; x_wconf 86' lang='lat' dir='ltr'>maxi-</span> 
     </span>
    </p>
   </div>
   <div class='ocr_carea' id='block_1_17' title="bbox 274 1536 1877 1607">
    <p class='ocr_par' dir='ltr' id='par_1_17' title="bbox 274 1536 1877 1607">
     <span class='ocr_line' id='line_1_17' title="bbox 274 1536 1877 1607; baseline -0.001 -16"><span class='ocrx_word' id='word_1_138' title='bbox 274 1552 363 1591; x_wconf 91' lang='lat' dir='ltr'>me</span> <span class='ocrx_word' id='word_1_139' title='bbox 390 1552 421 1591; x_wconf 94' lang='lat' dir='ltr'>a</span> <span class='ocrx_word' id='word_1_140' title='bbox 449 1544 604 1607; x_wconf 90' lang='lat' dir='ltr'>parte</span> <span class='ocrx_word' id='word_1_141' title='bbox 646 1536 828 1591; x_wconf 90' lang='lat' dir='ltr'>Sancti</span> <span class='ocrx_word' id='word_1_142' title='bbox 874 1536 1165 1601; x_wconf 87' lang='lat' dir='ltr'>Laurentii,</span> <span class='ocrx_word' id='word_1_143' title='bbox 1218 1552 1318 1606; x_wconf 87' lang='lat' dir='ltr'>per</span> <span class='ocrx_word' id='word_1_144' title='bbox 1364 1536 1638 1591; x_wconf 88' lang='lat' dir='ltr'>naturales</span> <span class='ocrx_word' id='word_1_145' title='bbox 1686 1536 1877 1590; x_wconf 87' lang='lat' dir='ltr'>termi-</span> 
     </span>
    </p>
   </div>
   <div class='ocr_carea' id='block_1_18' title="bbox 273 1624 1877 1696">
    <p class='ocr_par' dir='ltr' id='par_1_18' title="bbox 273 1624 1877 1696">
     <span class='ocr_line' id='line_1_18' title="bbox 273 1624 1877 1696; baseline -0.001 -17"><span class='ocrx_word' id='word_1_146' title='bbox 273 1641 396 1691; x_wconf 89' lang='lat' dir='ltr'>nos,</span> <span class='ocrx_word' id='word_1_147' title='bbox 429 1625 483 1679; x_wconf 91' lang='lat' dir='ltr'>id</span> <span class='ocrx_word' id='word_1_148' title='bbox 514 1632 593 1680; x_wconf 90' lang='lat' dir='ltr'>est</span> <span class='ocrx_word' id='word_1_149' title='bbox 623 1640 722 1695; x_wconf 90' lang='lat' dir='ltr'>per</span> <span class='ocrx_word' id='word_1_150' title='bbox 752 1632 1053 1695; x_wconf 68' lang='lat' dir='ltr'>praeruptas</span> <span class='ocrx_word' id='word_1_151' title='bbox 1084 1640 1267 1696; x_wconf 89' lang='lat' dir='ltr'>rupes,</span> <span class='ocrx_word' id='word_1_152' title='bbox 1300 1632 1613 1680; x_wconf 90' lang='lat' dir='ltr'>notarentur</span> <span class='ocrx_word' id='word_1_153' title='bbox 1640 1634 1691 1680; x_wconf 91' lang='lat' dir='ltr'>et</span> <span class='ocrx_word' id='word_1_154' title='bbox 1721 1624 1877 1681; x_wconf 88' lang='lat' dir='ltr'>clau-</span> 
     </span>
    </p>
   </div>
   <div class='ocr_carea' id='block_1_19' title="bbox 274 1715 552 1770">
    <p class='ocr_par' dir='ltr' id='par_1_19' title="bbox 274 1715 552 1770">
     <span class='ocr_line' id='line_1_19' title="bbox 274 1715 552 1770; baseline -0.007 0"><span class='ocrx_word' id='word_1_155' title='bbox 274 1715 552 1770; x_wconf 90' lang='lat' dir='ltr'>derentur.</span> 
     </span>
    </p>
   </div>
   <div class='ocr_carea' id='block_1_20' title="bbox 350 1802 1878 1873">
    <p class='ocr_par' dir='ltr' id='par_1_20' title="bbox 350 1802 1878 1873">
     <span class='ocr_line' id='line_1_20' title="bbox 350 1802 1878 1873; baseline -0.001 -14"><span class='ocrx_word' id='word_1_156' title='bbox 350 1804 438 1859; x_wconf 91' lang='lat' dir='ltr'>Sic</span> <span class='ocrx_word' id='word_1_157' title='bbox 469 1819 573 1873; x_wconf 83' lang='lat' dir='ltr'>ego</span> <span class='ocrx_word' id='word_1_158' title='bbox 604 1803 807 1858; x_wconf 84' lang='lat' dir='ltr'>sensim</span> <span class='ocrx_word' id='word_1_159' title='bbox 838 1810 1123 1859; x_wconf 87' lang='lat' dir='ltr'>creverunt</span> <span class='ocrx_word' id='word_1_160' title='bbox 1152 1803 1370 1858; x_wconf 90' lang='lat' dir='ltr'>termini</span> <span class='ocrx_word' id='word_1_161' title='bbox 1418 1802 1737 1869; x_wconf 69' lang='lat' dir='ltr'>Carthusiaa,</span> <span class='ocrx_word' id='word_1_162' title='bbox 1785 1804 1878 1871; x_wconf 91' lang='lat' dir='ltr'>ju-</span> 
     </span>
    </p>
   </div>
   <div class='ocr_carea' id='block_1_21' title="bbox 276 1891 1879 1962">
    <p class='ocr_par' dir='ltr' id='par_1_21' title="bbox 276 1891 1879 1962">
     <span class='ocr_line' id='line_1_21' title="bbox 276 1891 1879 1962; baseline -0.001 -15"><span class='ocrx_word' id='word_1_163' title='bbox 276 1892 530 1948; x_wconf 88' lang='lat' dir='ltr'>vantibus</span> <span class='ocrx_word' id='word_1_164' title='bbox 560 1893 720 1947; x_wconf 89' lang='lat' dir='ltr'>etiam</span> <span class='ocrx_word' id='word_1_165' title='bbox 750 1891 995 1947; x_wconf 90' lang='lat' dir='ltr'>certatim</span> <span class='ocrx_word' id='word_1_166' title='bbox 1043 1891 1408 1946; x_wconf 92' lang='lat' dir='ltr'>illustrissimo</span> <span class='ocrx_word' id='word_1_167' title='bbox 1452 1892 1684 1962; x_wconf 91' lang='lat' dir='ltr'>capitulo</span> <span class='ocrx_word' id='word_1_168' title='bbox 1735 1892 1879 1946; x_wconf 91' lang='lat' dir='ltr'>Gra-</span> 
     </span>
    </p>
   </div>
   <div class='ocr_carea' id='block_1_22' title="bbox 276 1980 1880 2052">
    <p class='ocr_par' dir='ltr' id='par_1_22' title="bbox 276 1980 1880 2052">
     <span class='ocr_line' id='line_1_22' title="bbox 276 1980 1880 2052; baseline 0 -18"><span class='ocrx_word' id='word_1_169' title='bbox 276 1981 666 2052; x_wconf 89' lang='lat' dir='ltr'>tianopolitano</span> <span class='ocrx_word' id='word_1_170' title='bbox 714 1988 766 2035; x_wconf 87' lang='lat' dir='ltr'>et</span> <span class='ocrx_word' id='word_1_171' title='bbox 816 1980 959 2047; x_wconf 91' lang='lat' dir='ltr'>aliis,</span> <span class='ocrx_word' id='word_1_172' title='bbox 1007 1982 1154 2035; x_wconf 90' lang='lat' dir='ltr'>unde</span> <span class='ocrx_word' id='word_1_173' title='bbox 1200 1980 1495 2035; x_wconf 70' lang='lat' dir='ltr'>Carthusia:</span> <span class='ocrx_word' id='word_1_174' title='bbox 1543 1980 1880 2035; x_wconf 87' lang='lat' dir='ltr'>obvenerunt</span> 
     </span>
    </p>
   </div>
   <div class='ocr_carea' id='block_1_23' title="bbox 275 2067 1880 2142">
    <p class='ocr_par' dir='ltr' id='par_1_23' title="bbox 275 2067 1880 2142">
     <span class='ocr_line' id='line_1_23' title="bbox 275 2067 1880 2142; baseline -0.002 -17"><span class='ocrx_word' id='word_1_175' title='bbox 275 2085 485 2140; x_wconf 89' lang='lat' dir='ltr'>pascua</span> <span class='ocrx_word' id='word_1_176' title='bbox 509 2069 601 2124; x_wconf 88' lang='lat' dir='ltr'>illa</span> <span class='ocrx_word' id='word_1_177' title='bbox 632 2069 832 2139; x_wconf 88' lang='lat' dir='ltr'>ampla,</span> <span class='ocrx_word' id='word_1_178' title='bbox 868 2086 987 2142; x_wconf 65' lang='lat' dir='ltr'>qua:</span> <span class='ocrx_word' id='word_1_179' title='bbox 1015 2069 1069 2123; x_wconf 88' lang='lat' dir='ltr'>in</span> <span class='ocrx_word' id='word_1_180' title='bbox 1102 2067 1409 2123; x_wconf 90' lang='lat' dir='ltr'>summitate</span> <span class='ocrx_word' id='word_1_181' title='bbox 1452 2068 1696 2123; x_wconf 90' lang='lat' dir='ltr'>altissimi</span> <span class='ocrx_word' id='word_1_182' title='bbox 1725 2084 1880 2122; x_wconf 91' lang='lat' dir='ltr'>mon-</span> 
     </span>
    </p>
   </div>
   <div class='ocr_carea' id='block_1_24' title="bbox 274 2156 1882 2227">
    <p class='ocr_par' dir='ltr' id='par_1_24' title="bbox 274 2156 1882 2227">
     <span class='ocr_line' id='line_1_24' title="bbox 274 2156 1882 2227; baseline 0 -16"><span class='ocrx_word' id='word_1_183' title='bbox 274 2158 345 2211; x_wconf 84' lang='lat' dir='ltr'>tis</span> <span class='ocrx_word' id='word_1_184' title='bbox 375 2157 546 2213; x_wconf 89' lang='lat' dir='ltr'>vocati</span> <span class='ocrx_word' id='word_1_185' title='bbox 582 2156 999 2213; x_wconf 83' lang='lat' dir='ltr'>Charman-son</span> <span class='ocrx_word' id='word_1_186' title='bbox 1032 2156 1199 2227; x_wconf 91' lang='lat' dir='ltr'>(quod</span> <span class='ocrx_word' id='word_1_187' title='bbox 1230 2156 1417 2211; x_wconf 91' lang='lat' dir='ltr'>Latine</span> <span class='ocrx_word' id='word_1_188' title='bbox 1438 2164 1592 2210; x_wconf 88' lang='lat' dir='ltr'>sonat</span> <span class='ocrx_word' id='word_1_189' title='bbox 1621 2156 1882 2211; x_wconf 61' lang='lat' dir='ltr'>omanis-</span> 
     </span>
    </p>
   </div>
   <div class='ocr_carea' id='block_1_25' title="bbox 276 2244 1879 2316">
    <p class='ocr_par' dir='ltr' id='par_1_25' title="bbox 276 2244 1879 2316">
     <span class='ocr_line' id='line_1_25' title="bbox 276 2244 1879 2316; baseline -0.002 -14"><span class='ocrx_word' id='word_1_190' title='bbox 276 2248 483 2302; x_wconf 83' lang='lat' dir='ltr'>simam</span> <span class='ocrx_word' id='word_1_191' title='bbox 514 2246 925 2316; x_wconf 83' lang='lat' dir='ltr'>summitatem)</span> <span class='ocrx_word' id='word_1_192' title='bbox 949 2244 1049 2300; x_wconf 85' lang='lat' dir='ltr'>sita</span> <span class='ocrx_word' id='word_1_193' title='bbox 1072 2253 1213 2299; x_wconf 92' lang='lat' dir='ltr'>sunt.</span> <span class='ocrx_word' id='word_1_194' title='bbox 1242 2246 1311 2299; x_wconf 89' lang='lat' dir='ltr'>Et</span> <span class='ocrx_word' id='word_1_195' title='bbox 1330 2244 1456 2299; x_wconf 93' lang='lat' dir='ltr'>inde</span> <span class='ocrx_word' id='word_1_196' title='bbox 1487 2254 1569 2299; x_wconf 86' lang='lat' dir='ltr'>est</span> <span class='ocrx_word' id='word_1_197' title='bbox 1598 2245 1740 2316; x_wconf 91' lang='lat' dir='ltr'>quod</span> <span class='ocrx_word' id='word_1_198' title='bbox 1763 2253 1879 2299; x_wconf 92' lang='lat' dir='ltr'>ter-</span> 
     </span>
    </p>
   </div>
   <div class='ocr_carea' id='block_1_26' title="bbox 1979 1088 3574 1166">
    <p class='ocr_par' dir='ltr' id='par_1_26' title="bbox 1979 1088 3574 1166">
     <span class='ocr_line' id='line_1_26' title="bbox 1979 1088 3574 1166; baseline -0.004 -17"><span class='ocrx_word' id='word_1_199' title='bbox 1979 1112 2194 1166; x_wconf 90' lang='lat' dir='ltr'>semper</span> <span class='ocrx_word' id='word_1_200' title='bbox 2216 1104 2575 1151; x_wconf 77' lang='lat' dir='ltr'>servaverunt</span> <span class='ocrx_word' id='word_1_201' title='bbox 2604 1095 2817 1165; x_wconf 90' lang='lat' dir='ltr'>priores</span> <span class='ocrx_word' id='word_1_202' title='bbox 2864 1091 3183 1155; x_wconf 69' lang='lat' dir='ltr'>Carthusiaa,</span> <span class='ocrx_word' id='word_1_203' title='bbox 3219 1088 3447 1145; x_wconf 87' lang='lat' dir='ltr'>subaudi</span> <span class='ocrx_word' id='word_1_204' title='bbox 3475 1104 3574 1143; x_wconf 87' lang='lat' dir='ltr'>ex-</span> 
     </span>
    </p>
   </div>
   <div class='ocr_carea' id='block_1_27' title="bbox 1978 1177 3575 1257">
    <p class='ocr_par' dir='ltr' id='par_1_27' title="bbox 1978 1177 3575 1257">
     <span class='ocr_line' id='line_1_27' title="bbox 1978 1177 3575 1257; baseline -0.005 -20"><span class='ocrx_word' id='word_1_205' title='bbox 1978 1192 2063 1238; x_wconf 90' lang='lat' dir='ltr'>tra</span> <span class='ocrx_word' id='word_1_206' title='bbox 2094 1199 2253 1239; x_wconf 90' lang='lat' dir='ltr'>casus</span> <span class='ocrx_word' id='word_1_207' title='bbox 2284 1184 2531 1257; x_wconf 86' lang='lat' dir='ltr'>urgentis</span> <span class='ocrx_word' id='word_1_208' title='bbox 2562 1182 2921 1246; x_wconf 86' lang='lat' dir='ltr'>necessitatis,</span> <span class='ocrx_word' id='word_1_209' title='bbox 2961 1188 3122 1251; x_wconf 90' lang='lat' dir='ltr'>prout</span> <span class='ocrx_word' id='word_1_210' title='bbox 3161 1186 3284 1233; x_wconf 92' lang='lat' dir='ltr'>sunt</span> <span class='ocrx_word' id='word_1_211' title='bbox 3307 1177 3575 1232; x_wconf 88' lang='lat' dir='ltr'>bellorum</span> 
     </span>
    </p>
   </div>
   <div class='ocr_carea' id='block_1_28' title="bbox 1979 1263 3573 1343">
    <p class='ocr_par' dir='ltr' id='par_1_28' title="bbox 1979 1263 3573 1343">
     <span class='ocr_line' id='line_1_28' title="bbox 1979 1263 3573 1343; baseline -0.006 -16"><span class='ocrx_word' id='word_1_212' title='bbox 1979 1273 2253 1338; x_wconf 90' lang='lat' dir='ltr'>tumultus,</span> <span class='ocrx_word' id='word_1_213' title='bbox 2310 1272 2498 1343; x_wconf 90' lang='lat' dir='ltr'>pestis,</span> <span class='ocrx_word' id='word_1_214' title='bbox 2549 1271 2762 1327; x_wconf 89' lang='lat' dir='ltr'>vocatio</span> <span class='ocrx_word' id='word_1_215' title='bbox 2812 1270 3008 1324; x_wconf 91' lang='lat' dir='ltr'>summi</span> <span class='ocrx_word' id='word_1_216' title='bbox 3056 1266 3329 1339; x_wconf 84' lang='lat' dir='ltr'>pontiﬁcis</span> <span class='ocrx_word' id='word_1_217' title='bbox 3373 1272 3424 1320; x_wconf 89' lang='lat' dir='ltr'>et</span> <span class='ocrx_word' id='word_1_218' title='bbox 3465 1263 3573 1318; x_wconf 92' lang='lat' dir='ltr'>alia</span> 
     </span>
    </p>
   </div>
   <div class='ocr_carea' id='block_1_29' title="bbox 1978 1351 3574 1432">
    <p class='ocr_par' dir='ltr' id='par_1_29' title="bbox 1978 1351 3574 1432">
     <span class='ocr_line' id='line_1_29' title="bbox 1978 1351 3574 1432; baseline -0.006 -17"><span class='ocrx_word' id='word_1_219' title='bbox 1978 1360 2305 1429; x_wconf 91' lang='lat' dir='ltr'>hujusmodi,</span> <span class='ocrx_word' id='word_1_220' title='bbox 2350 1377 2471 1431; x_wconf 71' lang='lat' dir='ltr'>qua:</span> <span class='ocrx_word' id='word_1_221' title='bbox 2498 1360 2677 1432; x_wconf 80' lang='lat' dir='ltr'>legem</span> <span class='ocrx_word' id='word_1_222' title='bbox 2726 1374 2835 1413; x_wconf 92' lang='lat' dir='ltr'>non</span> <span class='ocrx_word' id='word_1_223' title='bbox 2879 1358 3099 1423; x_wconf 86' lang='lat' dir='ltr'>habent,</span> <span class='ocrx_word' id='word_1_224' title='bbox 3153 1363 3203 1410; x_wconf 92' lang='lat' dir='ltr'>et</span> <span class='ocrx_word' id='word_1_225' title='bbox 3251 1370 3359 1408; x_wconf 91' lang='lat' dir='ltr'>non</span> <span class='ocrx_word' id='word_1_226' title='bbox 3404 1351 3574 1407; x_wconf 91' lang='lat' dir='ltr'>semel</span> 
     </span>
    </p>
   </div>
   <div class='ocr_carea' id='block_1_30' title="bbox 1978 1443 3574 1505">
    <p class='ocr_par' dir='ltr' id='par_1_30' title="bbox 1978 1443 3574 1505">
     <span class='ocr_line' id='line_1_30' title="bbox 1978 1443 3574 1505; baseline -0.008 0"><span class='ocrx_word' id='word_1_227' title='bbox 1978 1458 2277 1505; x_wconf 88' lang='lat' dir='ltr'>evenerunt</span> <span class='ocrx_word' id='word_1_228' title='bbox 2305 1449 2356 1502; x_wconf 92' lang='lat' dir='ltr'>in</span> <span class='ocrx_word' id='word_1_229' title='bbox 2389 1448 2603 1503; x_wconf 85' lang='lat' dir='ltr'>ordine.</span> <span class='ocrx_word' id='word_1_230' title='bbox 2643 1449 2756 1502; x_wconf 88' lang='lat' dir='ltr'>Nec</span> <span class='ocrx_word' id='word_1_231' title='bbox 2787 1447 2853 1499; x_wconf 90' lang='lat' dir='ltr'>ab</span> <span class='ocrx_word' id='word_1_232' title='bbox 2885 1447 2988 1501; x_wconf 92' lang='lat' dir='ltr'>hoc</span> <span class='ocrx_word' id='word_1_233' title='bbox 3035 1443 3292 1499; x_wconf 87' lang='lat' dir='ltr'>laudabili</span> <span class='ocrx_word' id='word_1_234' title='bbox 3340 1459 3440 1495; x_wconf 91' lang='lat' dir='ltr'>usu</span> <span class='ocrx_word' id='word_1_235' title='bbox 3469 1456 3574 1494; x_wconf 90' lang='lat' dir='ltr'>un-</span> 
     </span>
    </p>
   </div>
   <div class='ocr_carea' id='block_1_31' title="bbox 1977 1528 3577 1609">
    <p class='ocr_par' dir='ltr' id='par_1_31' title="bbox 1977 1528 3577 1609">
     <span class='ocr_line' id='line_1_31' title="bbox 1977 1528 3577 1609; baseline -0.007 -17"><span class='ocrx_word' id='word_1_236' title='bbox 1977 1554 2157 1609; x_wconf 90' lang='lat' dir='ltr'>quam,</span> <span class='ocrx_word' id='word_1_237' title='bbox 2191 1540 2306 1593; x_wconf 94' lang='lat' dir='ltr'>Deo</span> <span class='ocrx_word' id='word_1_238' title='bbox 2336 1544 2675 1608; x_wconf 78' lang='lat' dir='ltr'>protegente,</span> <span class='ocrx_word' id='word_1_239' title='bbox 2708 1535 3011 1599; x_wconf 88' lang='lat' dir='ltr'>discedent,</span> <span class='ocrx_word' id='word_1_240' title='bbox 3046 1533 3114 1587; x_wconf 92' lang='lat' dir='ltr'>ad</span> <span class='ocrx_word' id='word_1_241' title='bbox 3163 1532 3393 1586; x_wconf 89' lang='lat' dir='ltr'>aliorum</span> <span class='ocrx_word' id='word_1_242' title='bbox 3424 1528 3577 1582; x_wconf 86' lang='lat' dir='ltr'>Prio-</span> 
     </span>
    </p>
   </div>
   <div class='ocr_carea' id='block_1_32' title="bbox 1978 1619 3573 1695">
    <p class='ocr_par' dir='ltr' id='par_1_32' title="bbox 1978 1619 3573 1695">
     <span class='ocr_line' id='line_1_32' title="bbox 1978 1619 3573 1695; baseline -0.008 -14"><span class='ocrx_word' id='word_1_243' title='bbox 1978 1643 2099 1681; x_wconf 89' lang='lat' dir='ltr'>rum</span> <span class='ocrx_word' id='word_1_244' title='bbox 2129 1625 2333 1681; x_wconf 89' lang='lat' dir='ltr'>ordinis</span> <span class='ocrx_word' id='word_1_245' title='bbox 2362 1625 2688 1695; x_wconf 88' lang='lat' dir='ltr'>exemplum,</span> <span class='ocrx_word' id='word_1_246' title='bbox 2740 1622 2990 1695; x_wconf 87' lang='lat' dir='ltr'>quamvis</span> <span class='ocrx_word' id='word_1_247' title='bbox 3020 1620 3163 1676; x_wconf 89' lang='lat' dir='ltr'>circa</span> <span class='ocrx_word' id='word_1_248' title='bbox 3200 1619 3340 1685; x_wconf 85' lang='lat' dir='ltr'>illos,</span> <span class='ocrx_word' id='word_1_249' title='bbox 3374 1631 3573 1671; x_wconf 89' lang='lat' dir='ltr'>neces-</span> 
     </span>
    </p>
   </div>
   <div class='ocr_carea' id='block_1_33' title="bbox 1979 1704 3575 1785">
    <p class='ocr_par' dir='ltr' id='par_1_33' title="bbox 1979 1704 3575 1785">
     <span class='ocr_line' id='line_1_33' title="bbox 1979 1704 3575 1785; baseline -0.008 -16"><span class='ocrx_word' id='word_1_250' title='bbox 1979 1717 2135 1770; x_wconf 90' lang='lat' dir='ltr'>sitate</span> <span class='ocrx_word' id='word_1_251' title='bbox 2166 1722 2414 1785; x_wconf 79' lang='lat' dir='ltr'>cogente,</span> <span class='ocrx_word' id='word_1_252' title='bbox 2451 1730 2535 1768; x_wconf 87' lang='lat' dir='ltr'>res</span> <span class='ocrx_word' id='word_1_253' title='bbox 2564 1713 2721 1767; x_wconf 90' lang='lat' dir='ltr'>aliter</span> <span class='ocrx_word' id='word_1_254' title='bbox 2752 1711 2958 1767; x_wconf 89' lang='lat' dir='ltr'>sancita</span> <span class='ocrx_word' id='word_1_255' title='bbox 2988 1709 3167 1775; x_wconf 85' lang='lat' dir='ltr'>fuerit,</span> <span class='ocrx_word' id='word_1_256' title='bbox 3201 1715 3256 1761; x_wconf 93' lang='lat' dir='ltr'>ut</span> <span class='ocrx_word' id='word_1_257' title='bbox 3296 1705 3409 1761; x_wconf 89' lang='lat' dir='ltr'>suis</span> <span class='ocrx_word' id='word_1_258' title='bbox 3438 1704 3575 1759; x_wconf 92' lang='lat' dir='ltr'>locis</span> 
     </span>
    </p>
   </div>
   <div class='ocr_carea' id='block_1_34' title="bbox 1980 1803 2280 1858">
    <p class='ocr_par' dir='ltr' id='par_1_34' title="bbox 1980 1803 2280 1858">
     <span class='ocr_line' id='line_1_34' title="bbox 1980 1803 2280 1858; baseline -0.007 0"><span class='ocrx_word' id='word_1_259' title='bbox 1980 1803 2255 1858; x_wconf 90' lang='lat' dir='ltr'>notabitur</span> <span class='ocrx_word' id='word_1_260' title='bbox 2267 1844 2280 1856; x_wconf 94' lang='lat'>.</span> 
     </span>
    </p>
   </div>
   <div class='ocr_carea' id='block_1_35' title="bbox 2052 1880 3578 1957">
    <p class='ocr_par' dir='ltr' id='par_1_35' title="bbox 2052 1880 3578 1957">
     <span class='ocr_line' id='line_1_35' title="bbox 2052 1880 3578 1957; baseline -0.008 -10"><span class='ocrx_word' id='word_1_261' title='bbox 2052 1894 2179 1947; x_wconf 66' lang='lat' dir='ltr'>Haec</span> <span class='ocrx_word' id='word_1_262' title='bbox 2232 1898 2411 1946; x_wconf 90' lang='lat' dir='ltr'>autem</span> <span class='ocrx_word' id='word_1_263' title='bbox 2462 1889 2648 1945; x_wconf 89' lang='lat' dir='ltr'>stricta</span> <span class='ocrx_word' id='word_1_264' title='bbox 2709 1887 2999 1943; x_wconf 89' lang='lat' dir='ltr'>residentia</span> <span class='ocrx_word' id='word_1_265' title='bbox 3045 1885 3238 1957; x_wconf 89' lang='lat' dir='ltr'>prioris</span> <span class='ocrx_word' id='word_1_266' title='bbox 3280 1880 3578 1938; x_wconf 73' lang='lat' dir='ltr'>Carthusize</span> 
     </span>
    </p>
   </div>
   <div class='ocr_carea' id='block_1_36' title="bbox 1980 1972 3574 2051">
    <p class='ocr_par' dir='ltr' id='par_1_36' title="bbox 1980 1972 3574 2051">
     <span class='ocr_line' id='line_1_36' title="bbox 1980 1972 3574 2051; baseline -0.008 -16"><span class='ocrx_word' id='word_1_267' title='bbox 1980 1981 2119 2035; x_wconf 86' lang='lat' dir='ltr'>intra</span> <span class='ocrx_word' id='word_1_268' title='bbox 2176 1979 2448 2051; x_wconf 89' lang='lat' dir='ltr'>propriam</span> <span class='ocrx_word' id='word_1_269' title='bbox 2519 1994 2763 2034; x_wconf 90' lang='lat' dir='ltr'>eremum</span> <span class='ocrx_word' id='word_1_270' title='bbox 2813 1975 3125 2032; x_wconf 90' lang='lat' dir='ltr'>necessaria</span> <span class='ocrx_word' id='word_1_271' title='bbox 3164 1972 3403 2041; x_wconf 90' lang='lat' dir='ltr'>judicata</span> <span class='ocrx_word' id='word_1_272' title='bbox 3473 1976 3574 2024; x_wconf 87' lang='lat' dir='ltr'>est.</span> 
     </span>
    </p>
   </div>
   <div class='ocr_carea' id='block_1_37' title="bbox 1979 2057 3576 2137">
    <p class='ocr_par' dir='ltr' id='par_1_37' title="bbox 1979 2057 3576 2137">
     <span class='ocr_line' id='line_1_37' title="bbox 1979 2057 3576 2137; baseline -0.008 -14"><span class='ocrx_word' id='word_1_273' title='bbox 1979 2084 2089 2125; x_wconf 92' lang='lat' dir='ltr'>non</span> <span class='ocrx_word' id='word_1_274' title='bbox 2118 2076 2327 2123; x_wconf 90' lang='lat' dir='ltr'>tantum</span> <span class='ocrx_word' id='word_1_275' title='bbox 2356 2075 2414 2121; x_wconf 85' lang='lat' dir='ltr'>ut</span> <span class='ocrx_word' id='word_1_276' title='bbox 2444 2082 2510 2122; x_wconf 89' lang='lat' dir='ltr'>eo</span> <span class='ocrx_word' id='word_1_277' title='bbox 2541 2066 2789 2137; x_wconf 87' lang='lat' dir='ltr'>exemplo</span> <span class='ocrx_word' id='word_1_278' title='bbox 2821 2064 3002 2121; x_wconf 71' lang='lat' dir='ltr'>caeteri</span> <span class='ocrx_word' id='word_1_279' title='bbox 3047 2062 3257 2133; x_wconf 88' lang='lat' dir='ltr'>priores</span> <span class='ocrx_word' id='word_1_280' title='bbox 3302 2060 3369 2113; x_wconf 91' lang='lat' dir='ltr'>ab</span> <span class='ocrx_word' id='word_1_281' title='bbox 3412 2057 3576 2112; x_wconf 53' lang='lat' dir='ltr'>inuti-</span> 
     </span>
    </p>
   </div>
   <div class='ocr_carea' id='block_1_38' title="bbox 1978 2152 3578 2212">
    <p class='ocr_par' dir='ltr' id='par_1_38' title="bbox 1978 2152 3578 2212">
     <span class='ocr_line' id='line_1_38' title="bbox 1978 2152 3578 2212; baseline -0.008 -1"><span class='ocrx_word' id='word_1_282' title='bbox 1978 2158 2120 2212; x_wconf 88' lang='lat' dir='ltr'>libus</span> <span class='ocrx_word' id='word_1_283' title='bbox 2150 2156 2485 2211; x_wconf 88' lang='lat' dir='ltr'>discursibus</span> <span class='ocrx_word' id='word_1_284' title='bbox 2522 2163 2672 2211; x_wconf 87' lang='lat' dir='ltr'>extra</span> <span class='ocrx_word' id='word_1_285' title='bbox 2727 2154 2985 2209; x_wconf 90' lang='lat' dir='ltr'>terminos</span> <span class='ocrx_word' id='word_1_286' title='bbox 3033 2152 3318 2207; x_wconf 91' lang='lat' dir='ltr'>domorum</span> <span class='ocrx_word' id='word_1_287' title='bbox 3362 2161 3578 2201; x_wconf 91' lang='lat' dir='ltr'>suarum</span> 
     </span>
    </p>
   </div>
   <div class='ocr_carea' id='block_1_39' title="bbox 1981 2241 3579 2311">
    <p class='ocr_par' dir='ltr' id='par_1_39' title="bbox 1981 2241 3579 2311">
     <span class='ocr_line' id='line_1_39' title="bbox 1981 2241 3579 2311; baseline -0.007 -11"><span class='ocrx_word' id='word_1_288' title='bbox 1981 2247 2337 2311; x_wconf 88' lang='lat' dir='ltr'>abstinerent,</span> <span class='ocrx_word' id='word_1_289' title='bbox 2358 2252 2410 2299; x_wconf 91' lang='lat' dir='ltr'>et</span> <span class='ocrx_word' id='word_1_290' title='bbox 2426 2258 2691 2299; x_wconf 88' lang='lat' dir='ltr'>concessa</span> <span class='ocrx_word' id='word_1_291' title='bbox 2711 2259 2775 2299; x_wconf 90' lang='lat' dir='ltr'>ex</span> <span class='ocrx_word' id='word_1_292' title='bbox 2794 2241 3113 2297; x_wconf 89' lang='lat' dir='ltr'>necessitate</span> <span class='ocrx_word' id='word_1_293' title='bbox 3135 2246 3287 2294; x_wconf 84' lang='lat' dir='ltr'>extra</span> <span class='ocrx_word' id='word_1_294' title='bbox 3308 2252 3402 2291; x_wconf 92' lang='lat' dir='ltr'>eos</span> <span class='ocrx_word' id='word_1_295' title='bbox 3422 2250 3579 2306; x_wconf 90' lang='lat' dir='ltr'>egre-</span> 
     </span>
    </p>
   </div>
   <div class='ocr_carea' id='block_1_40' title="bbox 275 2327 3577 2420">
    <p class='ocr_par' dir='ltr' id='par_1_40' title="bbox 275 2327 3577 2420">
     <span class='ocr_line' id='line_1_40' title="bbox 275 2327 3577 2420; baseline -0.003 -31"><span class='ocrx_word' id='word_1_296' title='bbox 275 2335 409 2389; x_wconf 91' lang='lat' dir='ltr'>mini</span> <span class='ocrx_word' id='word_1_297' title='bbox 456 2334 757 2389; x_wconf 70' lang='lat' dir='ltr'>Cartbusim</span> <span class='ocrx_word' id='word_1_298' title='bbox 804 2333 1051 2388; x_wconf 87' lang='lat' dir='ltr'>bifariam</span> <span class='ocrx_word' id='word_1_299' title='bbox 1114 2333 1532 2405; x_wconf 84' lang='lat' dir='ltr'>distinguantur,</span> <span class='ocrx_word' id='word_1_300' title='bbox 1584 2349 1781 2404; x_wconf 90' lang='lat' dir='ltr'>nempe</span> <span class='ocrx_word' id='word_1_301' title='bbox 1822 2332 1877 2386; x_wconf 92' lang='lat' dir='ltr'>in</span> <span class='ocrx_word' id='word_1_302' title='bbox 1901 2362 1952 2420; x_wconf 78' lang='grc' dir='ltr'>Β</span> <span class='ocrx_word' id='word_1_303' title='bbox 1982 2335 2164 2389; x_wconf 89' lang='lat' dir='ltr'>diendi</span> <span class='ocrx_word' id='word_1_304' title='bbox 2191 2334 2439 2387; x_wconf 89' lang='lat' dir='ltr'>libertate</span> <span class='ocrx_word' id='word_1_305' title='bbox 2469 2347 2577 2387; x_wconf 92' lang='lat' dir='ltr'>non</span> <span class='ocrx_word' id='word_1_306' title='bbox 2606 2332 2975 2399; x_wconf 87' lang='lat' dir='ltr'>abuterentur,</span> <span class='ocrx_word' id='word_1_307' title='bbox 3007 2329 3103 2383; x_wconf 91' lang='lat' dir='ltr'>sed</span> <span class='ocrx_word' id='word_1_308' title='bbox 3132 2327 3294 2382; x_wconf 88' lang='lat' dir='ltr'>etiam</span> <span class='ocrx_word' id='word_1_309' title='bbox 3408 2337 3577 2393; x_wconf 81' lang='lat' dir='ltr'>nego-</span> 
     </span>
    </p>
   </div>
   <div class='ocr_carea' id='block_1_41' title="bbox 278 2422 1869 2494">
    <p class='ocr_par' dir='ltr' id='par_1_41' title="bbox 278 2422 1869 2494">
     <span class='ocr_line' id='line_1_41' title="bbox 278 2422 1869 2494; baseline -0.002 -17"><span class='ocrx_word' id='word_1_310' title='bbox 278 2422 543 2477; x_wconf 89' lang='lat' dir='ltr'>terminos</span> <span class='ocrx_word' id='word_1_311' title='bbox 590 2422 983 2494; x_wconf 91' lang='lat' dir='ltr'>privilegiatos,</span> <span class='ocrx_word' id='word_1_312' title='bbox 1032 2429 1084 2476; x_wconf 91' lang='lat' dir='ltr'>et</span> <span class='ocrx_word' id='word_1_313' title='bbox 1131 2422 1391 2477; x_wconf 91' lang='lat' dir='ltr'>terminos</span> <span class='ocrx_word' id='word_1_314' title='bbox 1434 2422 1869 2492; x_wconf 89' lang='lat' dir='ltr'>possessionum.</span> 
     </span>
    </p>
   </div>
   <div class='ocr_carea' id='block_1_42' title="bbox 277 2510 1882 2582">
    <p class='ocr_par' dir='ltr' id='par_1_42' title="bbox 277 2510 1882 2582">
     <span class='ocr_line' id='line_1_42' title="bbox 277 2510 1882 2582; baseline -0.001 -17"><span class='ocrx_word' id='word_1_315' title='bbox 277 2512 518 2566; x_wconf 88' lang='lat' dir='ltr'>Termini</span> <span class='ocrx_word' id='word_1_316' title='bbox 558 2510 879 2582; x_wconf 89' lang='lat' dir='ltr'>privilegiati</span> <span class='ocrx_word' id='word_1_317' title='bbox 927 2510 1180 2566; x_wconf 89' lang='lat' dir='ltr'>dicuntur</span> <span class='ocrx_word' id='word_1_318' title='bbox 1222 2510 1300 2564; x_wconf 91' lang='lat' dir='ltr'>illi</span> <span class='ocrx_word' id='word_1_319' title='bbox 1344 2510 1434 2580; x_wconf 89' lang='lat' dir='ltr'>qui</span> <span class='ocrx_word' id='word_1_320' title='bbox 1478 2510 1628 2565; x_wconf 90' lang='lat' dir='ltr'>initio</span> <span class='ocrx_word' id='word_1_321' title='bbox 1674 2510 1882 2564; x_wconf 92' lang='lat' dir='ltr'>ordinis</span> 
     </span>
    </p>
   </div>
   <div class='ocr_carea' id='block_1_43' title="bbox 278 2597 1881 2671">
    <p class='ocr_par' dir='ltr' id='par_1_43' title="bbox 278 2597 1881 2671">
     <span class='ocr_line' id='line_1_43' title="bbox 278 2597 1881 2671; baseline -0.001 -17"><span class='ocrx_word' id='word_1_322' title='bbox 278 2600 552 2671; x_wconf 81' lang='lat' dir='ltr'>designati</span> <span class='ocrx_word' id='word_1_323' title='bbox 583 2598 817 2668; x_wconf 80' lang='lat' dir='ltr'>fuerunt,</span> <span class='ocrx_word' id='word_1_324' title='bbox 864 2616 965 2670; x_wconf 80' lang='lat' dir='ltr'>per</span> <span class='ocrx_word' id='word_1_325' title='bbox 1009 2599 1236 2670; x_wconf 86' lang='lat' dir='ltr'>gratiam</span> <span class='ocrx_word' id='word_1_326' title='bbox 1284 2614 1619 2653; x_wconf 90' lang='lat' dir='ltr'>summorum</span> <span class='ocrx_word' id='word_1_327' title='bbox 1666 2597 1881 2669; x_wconf 82' lang='lat' dir='ltr'>pontiﬁ-</span> 
     </span>
    </p>
   </div>
   <div class='ocr_carea' id='block_1_44' title="bbox 278 2687 1882 2758">
    <p class='ocr_par' dir='ltr' id='par_1_44' title="bbox 278 2687 1882 2758">
     <span class='ocr_line' id='line_1_44' title="bbox 278 2687 1882 2758; baseline -0.002 -15"><span class='ocrx_word' id='word_1_328' title='bbox 278 2704 401 2743; x_wconf 91' lang='lat' dir='ltr'>cum</span> <span class='ocrx_word' id='word_1_329' title='bbox 432 2689 532 2742; x_wconf 91' lang='lat' dir='ltr'>sub</span> <span class='ocrx_word' id='word_1_330' title='bbox 562 2688 893 2758; x_wconf 91' lang='lat' dir='ltr'>protectione</span> <span class='ocrx_word' id='word_1_331' title='bbox 923 2689 1070 2742; x_wconf 90' lang='lat' dir='ltr'>sedis</span> <span class='ocrx_word' id='word_1_332' title='bbox 1097 2687 1409 2758; x_wconf 84' lang='lat' dir='ltr'>apostolicae</span> <span class='ocrx_word' id='word_1_333' title='bbox 1428 2687 1606 2758; x_wconf 89' lang='lat' dir='ltr'>positi,</span> <span class='ocrx_word' id='word_1_334' title='bbox 1642 2695 1696 2742; x_wconf 91' lang='lat' dir='ltr'>et</span> <span class='ocrx_word' id='word_1_335' title='bbox 1716 2687 1882 2743; x_wconf 88' lang='lat' dir='ltr'>variis</span> 
     </span>
    </p>
   </div>
   <div class='ocr_carea' id='block_1_45' title="bbox 285 2776 1881 2849">
    <p class='ocr_par' dir='ltr' id='par_1_45' title="bbox 285 2776 1881 2849">
     <span class='ocr_line' id='line_1_45' title="bbox 285 2776 1881 2849; baseline -0.001 -18"><span class='ocrx_word' id='word_1_336' title='bbox 285 2776 587 2849; x_wconf 90' lang='lat' dir='ltr'>privilegiis</span> <span class='ocrx_word' id='word_1_337' title='bbox 635 2776 917 2845; x_wconf 91' lang='lat' dir='ltr'>decorati,</span> <span class='ocrx_word' id='word_1_338' title='bbox 963 2784 1123 2847; x_wconf 92' lang='lat' dir='ltr'>prout</span> <span class='ocrx_word' id='word_1_339' title='bbox 1165 2785 1290 2831; x_wconf 90' lang='lat' dir='ltr'>sunt</span> <span class='ocrx_word' id='word_1_340' title='bbox 1336 2777 1760 2846; x_wconf 88' lang='lat' dir='ltr'>prohibitiones,</span> <span class='ocrx_word' id='word_1_341' title='bbox 1811 2792 1881 2830; x_wconf 92' lang='lat' dir='ltr'>ne</span> 
     </span>
    </p>
   </div>
   <div class='ocr_carea' id='block_1_46' title="bbox 285 2864 1883 2937">
    <p class='ocr_par' dir='ltr' id='par_1_46' title="bbox 285 2864 1883 2937">
     <span class='ocr_line' id='line_1_46' title="bbox 285 2864 1883 2937; baseline -0.001 -16"><span class='ocrx_word' id='word_1_342' title='bbox 285 2866 539 2921; x_wconf 89' lang='lat' dir='ltr'>mulieres</span> <span class='ocrx_word' id='word_1_343' title='bbox 568 2866 779 2937; x_wconf 90' lang='lat' dir='ltr'>possint</span> <span class='ocrx_word' id='word_1_344' title='bbox 808 2865 931 2920; x_wconf 92' lang='lat' dir='ltr'>illos</span> <span class='ocrx_word' id='word_1_345' title='bbox 963 2864 1200 2937; x_wconf 84' lang='lat' dir='ltr'>ingredi,</span> <span class='ocrx_word' id='word_1_346' title='bbox 1249 2881 1317 2919; x_wconf 89' lang='lat' dir='ltr'>ne</span> <span class='ocrx_word' id='word_1_347' title='bbox 1350 2866 1512 2919; x_wconf 91' lang='lat' dir='ltr'>homo</span> <span class='ocrx_word' id='word_1_348' title='bbox 1541 2865 1714 2935; x_wconf 87' lang='lat' dir='ltr'>possit</span> <span class='ocrx_word' id='word_1_349' title='bbox 1743 2865 1883 2920; x_wconf 90' lang='lat' dir='ltr'>intra</span> 
     </span>
    </p>
   </div>
   <div class='ocr_carea' id='block_1_47' title="bbox 284 2953 1882 3024">
    <p class='ocr_par' dir='ltr' id='par_1_47' title="bbox 284 2953 1882 3024">
     <span class='ocr_line' id='line_1_47' title="bbox 284 2953 1882 3024; baseline 0 -15"><span class='ocrx_word' id='word_1_350' title='bbox 284 2955 408 3009; x_wconf 91' lang='lat' dir='ltr'>illos</span> <span class='ocrx_word' id='word_1_351' title='bbox 439 2954 580 3024; x_wconf 88' lang='lat' dir='ltr'>capi,</span> <span class='ocrx_word' id='word_1_352' title='bbox 617 2954 763 3024; x_wconf 93' lang='lat' dir='ltr'>quod</span> <span class='ocrx_word' id='word_1_353' title='bbox 794 2961 876 3009; x_wconf 91' lang='lat' dir='ltr'>est</span> <span class='ocrx_word' id='word_1_354' title='bbox 904 2954 1086 3024; x_wconf 88' lang='lat' dir='ltr'>aliqua</span> <span class='ocrx_word' id='word_1_355' title='bbox 1115 2953 1465 3009; x_wconf 90' lang='lat' dir='ltr'>immunitatis</span> <span class='ocrx_word' id='word_1_356' title='bbox 1495 2953 1882 3009; x_wconf 67' lang='lat' dir='ltr'>ecclesiastica:</span> 
     </span>
    </p>
   </div>
   <div class='ocr_carea' id='block_1_48' title="bbox 284 3042 1879 3115">
    <p class='ocr_par' dir='ltr' id='par_1_48' title="bbox 284 3042 1879 3115">
     <span class='ocr_line' id='line_1_48' title="bbox 284 3042 1879 3115; baseline -0.001 -18"><span class='ocrx_word' id='word_1_357' title='bbox 284 3042 643 3115; x_wconf 91' lang='lat' dir='ltr'>participatio,</span> <span class='ocrx_word' id='word_1_358' title='bbox 676 3050 728 3096; x_wconf 91' lang='lat' dir='ltr'>et</span> <span class='ocrx_word' id='word_1_359' title='bbox 759 3043 862 3096; x_wconf 89' lang='lat' dir='ltr'>alia</span> <span class='ocrx_word' id='word_1_360' title='bbox 898 3042 1227 3110; x_wconf 88' lang='lat' dir='ltr'>hujusmodi,</span> <span class='ocrx_word' id='word_1_361' title='bbox 1263 3058 1381 3113; x_wconf 70' lang='lat' dir='ltr'>quae</span> <span class='ocrx_word' id='word_1_362' title='bbox 1419 3042 1656 3112; x_wconf 84' lang='lat' dir='ltr'>antiquis</span> <span class='ocrx_word' id='word_1_363' title='bbox 1683 3049 1735 3097; x_wconf 91' lang='lat' dir='ltr'>et</span> <span class='ocrx_word' id='word_1_364' title='bbox 1765 3042 1879 3113; x_wconf 85' lang='lat' dir='ltr'>pri-</span> 
     </span>
    </p>
   </div>
   <div class='ocr_carea' id='block_1_49' title="bbox 284 3130 1880 3185">
    <p class='ocr_par' dir='ltr' id='par_1_49' title="bbox 284 3130 1880 3185">
     <span class='ocr_line' id='line_1_49' title="bbox 284 3130 1880 3185; baseline -0.001 0"><span class='ocrx_word' id='word_1_365' title='bbox 284 3132 390 3185; x_wconf 93' lang='lat' dir='ltr'>mis</span> <span class='ocrx_word' id='word_1_366' title='bbox 434 3130 541 3185; x_wconf 91' lang='lat' dir='ltr'>illis</span> <span class='ocrx_word' id='word_1_367' title='bbox 580 3130 825 3185; x_wconf 88' lang='lat' dir='ltr'>terminis</span> <span class='ocrx_word' id='word_1_368' title='bbox 869 3130 1079 3184; x_wconf 88' lang='lat' dir='ltr'>fuerunt</span> <span class='ocrx_word' id='word_1_369' title='bbox 1128 3145 1412 3185; x_wconf 86' lang='lat' dir='ltr'>concessa.</span> <span class='ocrx_word' id='word_1_370' title='bbox 1463 3130 1698 3185; x_wconf 91' lang='lat' dir='ltr'>Termini</span> <span class='ocrx_word' id='word_1_371' title='bbox 1747 3146 1880 3184; x_wconf 86' lang='lat' dir='ltr'>vero</span> 
     </span>
    </p>
   </div>
   <div class='ocr_carea' id='block_1_50' title="bbox 286 3218 1879 3291">
    <p class='ocr_par' dir='ltr' id='par_1_50' title="bbox 286 3218 1879 3291">
     <span class='ocr_line' id='line_1_50' title="bbox 286 3218 1879 3291; baseline -0.002 -17"><span class='ocrx_word' id='word_1_372' title='bbox 286 3219 694 3291; x_wconf 89' lang='lat' dir='ltr'>possessionum</span> <span class='ocrx_word' id='word_1_373' title='bbox 744 3218 998 3273; x_wconf 90' lang='lat' dir='ltr'>dicuntur</span> <span class='ocrx_word' id='word_1_374' title='bbox 1023 3218 1119 3284; x_wconf 91' lang='lat' dir='ltr'>illi,</span> <span class='ocrx_word' id='word_1_375' title='bbox 1154 3218 1245 3289; x_wconf 91' lang='lat' dir='ltr'>qui</span> <span class='ocrx_word' id='word_1_376' title='bbox 1294 3218 1413 3273; x_wconf 89' lang='lat' dir='ltr'>aliis</span> <span class='ocrx_word' id='word_1_377' title='bbox 1460 3218 1705 3273; x_wconf 90' lang='lat' dir='ltr'>terminis</span> <span class='ocrx_word' id='word_1_378' title='bbox 1750 3234 1879 3273; x_wconf 91' lang='lat' dir='ltr'>sen-</span> 
     </span>
    </p>
   </div>
   <div class='ocr_carea' id='block_1_51' title="bbox 286 3307 1880 3377">
    <p class='ocr_par' dir='ltr' id='par_1_51' title="bbox 286 3307 1880 3377">
     <span class='ocr_line' id='line_1_51' title="bbox 286 3307 1880 3377; baseline -0.001 -15"><span class='ocrx_word' id='word_1_379' title='bbox 286 3307 391 3362; x_wconf 90' lang='lat' dir='ltr'>sim</span> <span class='ocrx_word' id='word_1_380' title='bbox 420 3324 518 3377; x_wconf 87' lang='lat' dir='ltr'>per</span> <span class='ocrx_word' id='word_1_381' title='bbox 545 3307 690 3361; x_wconf 87' lang='lat' dir='ltr'>varia</span> <span class='ocrx_word' id='word_1_382' title='bbox 722 3315 969 3377; x_wconf 91' lang='lat' dir='ltr'>tempora</span> <span class='ocrx_word' id='word_1_383' title='bbox 1000 3314 1370 3375; x_wconf 89' lang='lat' dir='ltr'>accesserunt,</span> <span class='ocrx_word' id='word_1_384' title='bbox 1403 3323 1467 3361; x_wconf 93' lang='lat' dir='ltr'>ex</span> <span class='ocrx_word' id='word_1_385' title='bbox 1499 3307 1880 3362; x_wconf 90' lang='lat' dir='ltr'>donationibus</span> 
     </span>
    </p>
   </div>
   <div class='ocr_carea' id='block_1_52' title="bbox 285 3390 1879 3461">
    <p class='ocr_par' dir='ltr' id='par_1_52' title="bbox 285 3390 1879 3461">
     <span class='ocr_line' id='line_1_52' title="bbox 285 3390 1879 3461; baseline -0.002 -15"><span class='ocrx_word' id='word_1_386' title='bbox 285 3399 340 3446; x_wconf 91' lang='lat' dir='ltr'>et</span> <span class='ocrx_word' id='word_1_387' title='bbox 384 3390 819 3445; x_wconf 90' lang='lat' dir='ltr'>attributionibus</span> <span class='ocrx_word' id='word_1_388' title='bbox 865 3405 1179 3456; x_wconf 88' lang='lat' dir='ltr'>nemorum,</span> <span class='ocrx_word' id='word_1_389' title='bbox 1215 3406 1573 3461; x_wconf 91' lang='lat' dir='ltr'>pascuorum,</span> <span class='ocrx_word' id='word_1_390' title='bbox 1627 3398 1677 3445; x_wconf 95' lang='lat' dir='ltr'>et</span> <span class='ocrx_word' id='word_1_391' title='bbox 1720 3391 1879 3445; x_wconf 90' lang='lat' dir='ltr'>etiam</span> 
     </span>
    </p>
   </div>
   <div class='ocr_carea' id='block_1_53' title="bbox 283 3479 1880 3552">
    <p class='ocr_par' dir='ltr' id='par_1_53' title="bbox 283 3479 1880 3552">
     <span class='ocr_line' id='line_1_53' title="bbox 283 3479 1880 3552; baseline -0.001 -18"><span class='ocrx_word' id='word_1_392' title='bbox 283 3494 562 3552; x_wconf 88' lang='lat' dir='ltr'>agrorum,</span> <span class='ocrx_word' id='word_1_393' title='bbox 600 3495 721 3550; x_wconf 68' lang='lat' dir='ltr'>quae</span> <span class='ocrx_word' id='word_1_394' title='bbox 749 3487 931 3534; x_wconf 86' lang='lat' dir='ltr'>tamen</span> <span class='ocrx_word' id='word_1_395' title='bbox 976 3479 1210 3551; x_wconf 89' lang='lat' dir='ltr'>antiquis</span> <span class='ocrx_word' id='word_1_396' title='bbox 1257 3479 1499 3533; x_wconf 90' lang='lat' dir='ltr'>terminis</span> <span class='ocrx_word' id='word_1_397' title='bbox 1547 3487 1673 3533; x_wconf 90' lang='lat' dir='ltr'>sunt</span> <span class='ocrx_word' id='word_1_398' title='bbox 1702 3479 1880 3535; x_wconf 86' lang='lat' dir='ltr'>conti-</span> 
     </span>
    </p>
   </div>
   <div class='ocr_carea' id='block_1_54' title="bbox 283 3567 1881 3640">
    <p class='ocr_par' dir='ltr' id='par_1_54' title="bbox 283 3567 1881 3640">
     <span class='ocr_line' id='line_1_54' title="bbox 283 3567 1881 3640; baseline 0 -17"><span class='ocrx_word' id='word_1_399' title='bbox 283 3584 413 3640; x_wconf 88' lang='lat' dir='ltr'>gua,</span> <span class='ocrx_word' id='word_1_400' title='bbox 447 3575 499 3622; x_wconf 92' lang='lat' dir='ltr'>et</span> <span class='ocrx_word' id='word_1_401' title='bbox 529 3567 580 3621; x_wconf 92' lang='lat' dir='ltr'>in</span> <span class='ocrx_word' id='word_1_402' title='bbox 614 3567 729 3638; x_wconf 91' lang='lat' dir='ltr'>ipsa</span> <span class='ocrx_word' id='word_1_403' title='bbox 758 3583 959 3640; x_wconf 89' lang='lat' dir='ltr'>magna</span> <span class='ocrx_word' id='word_1_404' title='bbox 988 3583 1175 3623; x_wconf 89' lang='lat' dir='ltr'>eremo</span> <span class='ocrx_word' id='word_1_405' title='bbox 1220 3567 1581 3623; x_wconf 89' lang='lat' dir='ltr'>continentur.</span> <span class='ocrx_word' id='word_1_406' title='bbox 1615 3568 1743 3622; x_wconf 90' lang='lat' dir='ltr'>Sine</span> <span class='ocrx_word' id='word_1_407' title='bbox 1774 3584 1881 3639; x_wconf 92' lang='lat' dir='ltr'>quo</span> 
     </span>
    </p>
   </div>
   <div class='ocr_carea' id='block_1_55' title="bbox 285 3658 1881 3728">
    <p class='ocr_par' dir='ltr' id='par_1_55' title="bbox 285 3658 1881 3728">
     <span class='ocr_line' id='line_1_55' title="bbox 285 3658 1881 3728; baseline 0 -17"><span class='ocrx_word' id='word_1_408' title='bbox 285 3661 640 3711; x_wconf 85' lang='lat' dir='ltr'>terminorum</span> <span class='ocrx_word' id='word_1_409' title='bbox 669 3664 960 3727; x_wconf 89' lang='lat' dir='ltr'>augmento</span> <span class='ocrx_word' id='word_1_410' title='bbox 991 3664 1197 3712; x_wconf 91' lang='lat' dir='ltr'>certum</span> <span class='ocrx_word' id='word_1_411' title='bbox 1232 3664 1313 3711; x_wconf 92' lang='lat' dir='ltr'>est</span> <span class='ocrx_word' id='word_1_412' title='bbox 1356 3672 1628 3728; x_wconf 91' lang='lat' dir='ltr'>nunquam</span> <span class='ocrx_word' id='word_1_413' title='bbox 1660 3658 1881 3711; x_wconf 88' lang='lat' dir='ltr'>domum</span> 
     </span>
    </p>
   </div>
   <div class='ocr_carea' id='block_1_56' title="bbox 1982 2412 3573 2493">
    <p class='ocr_par' dir='ltr' id='par_1_56' title="bbox 1982 2412 3573 2493">
     <span class='ocr_line' id='line_1_56' title="bbox 1982 2412 3573 2493; baseline -0.009 -16"><span class='ocrx_word' id='word_1_414' title='bbox 1982 2423 2052 2478; x_wconf 90' lang='lat' dir='ltr'>tia</span> <span class='ocrx_word' id='word_1_415' title='bbox 2081 2421 2302 2486; x_wconf 90' lang='lat' dir='ltr'>ordinis,</span> <span class='ocrx_word' id='word_1_416' title='bbox 2339 2437 2457 2493; x_wconf 72' lang='lat' dir='ltr'>qua:</span> <span class='ocrx_word' id='word_1_417' title='bbox 2485 2420 2721 2491; x_wconf 91' lang='lat' dir='ltr'>undique</span> <span class='ocrx_word' id='word_1_418' title='bbox 2751 2419 2819 2474; x_wconf 91' lang='lat' dir='ltr'>ad</span> <span class='ocrx_word' id='word_1_419' title='bbox 2866 2417 3046 2483; x_wconf 89' lang='lat' dir='ltr'>illum,</span> <span class='ocrx_word' id='word_1_420' title='bbox 3081 2416 3195 2471; x_wconf 91' lang='lat' dir='ltr'>sive</span> <span class='ocrx_word' id='word_1_421' title='bbox 3220 2429 3320 2485; x_wconf 90' lang='lat' dir='ltr'>per</span> <span class='ocrx_word' id='word_1_422' title='bbox 3349 2412 3573 2476; x_wconf 91' lang='lat' dir='ltr'>litteras,</span> 
     </span>
    </p>
   </div>
   <div class='ocr_carea' id='block_1_57' title="bbox 1980 2501 3577 2582">
    <p class='ocr_par' dir='ltr' id='par_1_57' title="bbox 1980 2501 3577 2582">
     <span class='ocr_line' id='line_1_57' title="bbox 1980 2501 3577 2582; baseline -0.008 -17"><span class='ocrx_word' id='word_1_423' title='bbox 1980 2512 2094 2566; x_wconf 89' lang='lat' dir='ltr'>sive</span> <span class='ocrx_word' id='word_1_424' title='bbox 2122 2526 2223 2582; x_wconf 91' lang='lat' dir='ltr'>per</span> <span class='ocrx_word' id='word_1_425' title='bbox 2250 2524 2542 2580; x_wconf 86' lang='lat' dir='ltr'>expressos</span> <span class='ocrx_word' id='word_1_426' title='bbox 2572 2507 2787 2563; x_wconf 92' lang='lat' dir='ltr'>nuntios</span> <span class='ocrx_word' id='word_1_427' title='bbox 2816 2507 3128 2561; x_wconf 83' lang='lat' dir='ltr'>deferuntur</span> <span class='ocrx_word' id='word_1_428' title='bbox 3152 2546 3163 2569; x_wconf 97' lang='lat'>,</span> <span class='ocrx_word' id='word_1_429' title='bbox 3192 2502 3271 2558; x_wconf 89' lang='lat' dir='ltr'>sic</span> <span class='ocrx_word' id='word_1_430' title='bbox 3319 2501 3577 2555; x_wconf 87' lang='lat' dir='ltr'>damnum</span> 
     </span>
    </p>
   </div>
   <div class='ocr_carea' id='block_1_58' title="bbox 1980 2597 3581 2670">
    <p class='ocr_par' dir='ltr' id='par_1_58' title="bbox 1980 2597 3581 2670">
     <span class='ocr_line' id='line_1_58' title="bbox 1980 2597 3581 2670; baseline -0.008 -16"><span class='ocrx_word' id='word_1_431' title='bbox 1980 2616 2045 2654; x_wconf 90' lang='lat' dir='ltr'>ex</span> <span class='ocrx_word' id='word_1_432' title='bbox 2074 2598 2493 2670; x_wconf 91' lang='lat' dir='ltr'>responsionum</span> <span class='ocrx_word' id='word_1_433' title='bbox 2524 2597 2782 2652; x_wconf 89' lang='lat' dir='ltr'>dilatione</span> <span class='ocrx_word' id='word_1_434' title='bbox 2804 2611 2910 2651; x_wconf 92' lang='lat' dir='ltr'>non</span> <span class='ocrx_word' id='word_1_435' title='bbox 2938 2599 3271 2666; x_wconf 89' lang='lat' dir='ltr'>paterentur,</span> <span class='ocrx_word' id='word_1_436' title='bbox 3303 2604 3427 2645; x_wconf 88' lang='lat' dir='ltr'>cum</span> <span class='ocrx_word' id='word_1_437' title='bbox 3444 2603 3581 2643; x_wconf 88' lang='lat' dir='ltr'>sem-</span> 
     </span>
    </p>
   </div>
   <div class='ocr_carea' id='block_1_59' title="bbox 1980 2678 3575 2759">
    <p class='ocr_par' dir='ltr' id='par_1_59' title="bbox 1980 2678 3575 2759">
     <span class='ocr_line' id='line_1_59' title="bbox 1980 2678 3575 2759; baseline -0.009 -16"><span class='ocrx_word' id='word_1_438' title='bbox 1980 2706 2081 2759; x_wconf 91' lang='lat' dir='ltr'>per</span> <span class='ocrx_word' id='word_1_439' title='bbox 2108 2688 2163 2741; x_wconf 91' lang='lat' dir='ltr'>in</span> <span class='ocrx_word' id='word_1_440' title='bbox 2191 2687 2355 2742; x_wconf 90' lang='lat' dir='ltr'>domo</span> <span class='ocrx_word' id='word_1_441' title='bbox 2383 2686 2703 2754; x_wconf 74' lang='lat' dir='ltr'>Carthusiae,</span> <span class='ocrx_word' id='word_1_442' title='bbox 2736 2686 2824 2740; x_wconf 92' lang='lat' dir='ltr'>vel</span> <span class='ocrx_word' id='word_1_443' title='bbox 2850 2684 3042 2738; x_wconf 90' lang='lat' dir='ltr'>saltem</span> <span class='ocrx_word' id='word_1_444' title='bbox 3084 2682 3219 2736; x_wconf 87' lang='lat' dir='ltr'>intra</span> <span class='ocrx_word' id='word_1_445' title='bbox 3256 2678 3425 2735; x_wconf 92' lang='lat' dir='ltr'>eremi</span> <span class='ocrx_word' id='word_1_446' title='bbox 3455 2693 3575 2730; x_wconf 85' lang='lat' dir='ltr'>am-</span> 
     </span>
    </p>
   </div>
   <div class='ocr_carea' id='block_1_60' title="bbox 1980 2768 3577 2848">
    <p class='ocr_par' dir='ltr' id='par_1_60' title="bbox 1980 2768 3577 2848">
     <span class='ocr_line' id='line_1_60' title="bbox 1980 2768 3577 2848; baseline -0.008 -15"><span class='ocrx_word' id='word_1_447' title='bbox 1980 2779 2150 2833; x_wconf 89' lang='lat' dir='ltr'>bitum</span> <span class='ocrx_word' id='word_1_448' title='bbox 2178 2777 2331 2848; x_wconf 92' lang='lat' dir='ltr'>prior</span> <span class='ocrx_word' id='word_1_449' title='bbox 2378 2775 2670 2830; x_wconf 75' lang='lat' dir='ltr'>Carthusiae</span> <span class='ocrx_word' id='word_1_450' title='bbox 2709 2782 2855 2829; x_wconf 91' lang='lat' dir='ltr'>certo</span> <span class='ocrx_word' id='word_1_451' title='bbox 2904 2771 3129 2843; x_wconf 89' lang='lat' dir='ltr'>reperiri</span> <span class='ocrx_word' id='word_1_452' title='bbox 3176 2769 3396 2824; x_wconf 88' lang='lat' dir='ltr'>sciatur.</span> <span class='ocrx_word' id='word_1_453' title='bbox 3448 2768 3577 2822; x_wconf 64' lang='lat' dir='ltr'>Haec</span> 
     </span>
    </p>
   </div>
   <div class='ocr_carea' id='block_1_61' title="bbox 1979 2855 3575 2939">
    <p class='ocr_par' dir='ltr' id='par_1_61' title="bbox 1979 2855 3575 2939">
     <span class='ocr_line' id='line_1_61' title="bbox 1979 2855 3575 2939; baseline -0.008 -17"><span class='ocrx_word' id='word_1_454' title='bbox 1979 2882 2153 2939; x_wconf 90' lang='lat' dir='ltr'>pauca</span> <span class='ocrx_word' id='word_1_455' title='bbox 2183 2868 2251 2921; x_wconf 89' lang='lat' dir='ltr'>de</span> <span class='ocrx_word' id='word_1_456' title='bbox 2281 2881 2464 2920; x_wconf 89' lang='lat' dir='ltr'>eremo</span> <span class='ocrx_word' id='word_1_457' title='bbox 2496 2862 2793 2919; x_wconf 71' lang='lat' dir='ltr'>Carthusiaa</span> <span class='ocrx_word' id='word_1_458' title='bbox 2823 2869 2875 2917; x_wconf 91' lang='lat' dir='ltr'>et</span> <span class='ocrx_word' id='word_1_459' title='bbox 2905 2861 2972 2916; x_wconf 93' lang='lat' dir='ltr'>de</span> <span class='ocrx_word' id='word_1_460' title='bbox 3017 2859 3261 2932; x_wconf 89' lang='lat' dir='ltr'>priorum</span> <span class='ocrx_word' id='word_1_461' title='bbox 3292 2858 3408 2928; x_wconf 85' lang='lat' dir='ltr'>ejus</span> <span class='ocrx_word' id='word_1_462' title='bbox 3436 2855 3575 2911; x_wconf 92' lang='lat' dir='ltr'>resi-</span> 
     </span>
    </p>
   </div>
   <div class='ocr_carea' id='block_1_62' title="bbox 1982 2951 2847 3011">
    <p class='ocr_par' dir='ltr' id='par_1_62' title="bbox 1982 2951 2847 3011">
     <span class='ocr_line' id='line_1_62' title="bbox 1982 2951 2847 3011; baseline -0.008 0"><span class='ocrx_word' id='word_1_463' title='bbox 1982 2956 2167 3011; x_wconf 89' lang='lat' dir='ltr'>dentia</span> <span class='ocrx_word' id='word_1_464' title='bbox 2193 2970 2340 3009; x_wconf 91' lang='lat' dir='ltr'>nunc</span> <span class='ocrx_word' id='word_1_465' title='bbox 2370 2954 2571 3009; x_wconf 88' lang='lat' dir='ltr'>dixisse</span> <span class='ocrx_word' id='word_1_466' title='bbox 2603 2951 2847 3006; x_wconf 78' lang='lat' dir='ltr'>sufﬁciat.</span> 
     </span>
    </p>
   </div>
   <div class='ocr_carea' id='block_1_63' title="bbox 2052 3035 3578 3114">
    <p class='ocr_par' dir='ltr' id='par_1_63' title="bbox 2052 3035 3578 3114">
     <span class='ocr_line' id='line_1_63' title="bbox 2052 3035 3578 3114; baseline -0.007 -15"><span class='ocrx_word' id='word_1_467' title='bbox 2052 3044 2187 3099; x_wconf 90' lang='lat' dir='ltr'>Ibid.</span> <span class='ocrx_word' id='word_1_468' title='bbox 2245 3044 2411 3100; x_wconf 80' lang='lat' dir='ltr'>Sedes</span> <span class='ocrx_word' id='word_1_469' title='bbox 2459 3045 2579 3114; x_wconf 77' lang='lat' dir='ltr'>ejus</span> <span class='ocrx_word' id='word_1_470' title='bbox 2627 3042 2858 3097; x_wconf 82' lang='lat' dir='ltr'>ubilibet</span> <span class='ocrx_word' id='word_1_471' title='bbox 2913 3040 2998 3094; x_wconf 89' lang='lat' dir='ltr'>vel</span> <span class='ocrx_word' id='word_1_472' title='bbox 3041 3038 3297 3094; x_wconf 82' lang='lat' dir='ltr'>vestitus.</span> <span class='ocrx_word' id='word_1_473' title='bbox 3349 3035 3429 3089; x_wconf 82' lang='lat' dir='ltr'>Ex</span> <span class='ocrx_word' id='word_1_474' title='bbox 3476 3035 3578 3089; x_wconf 89' lang='lat' dir='ltr'>hoc</span> 
     </span>
    </p>
   </div>
   <div class='ocr_carea' id='block_1_64' title="bbox 1980 3122 3574 3203">
    <p class='ocr_par' dir='ltr' id='par_1_64' title="bbox 1980 3122 3574 3203">
     <span class='ocr_line' id='line_1_64' title="bbox 1980 3122 3574 3203; baseline -0.008 -15"><span class='ocrx_word' id='word_1_475' title='bbox 1980 3134 2101 3188; x_wconf 92' lang='lat' dir='ltr'>loco</span> <span class='ocrx_word' id='word_1_476' title='bbox 2132 3132 2317 3203; x_wconf 92' lang='lat' dir='ltr'>incipit</span> <span class='ocrx_word' id='word_1_477' title='bbox 2346 3146 2609 3202; x_wconf 89' lang='lat' dir='ltr'>apparere</span> <span class='ocrx_word' id='word_1_478' title='bbox 2638 3146 2732 3185; x_wconf 91' lang='lat' dir='ltr'>cur</span> <span class='ocrx_word' id='word_1_479' title='bbox 2778 3130 2832 3183; x_wconf 93' lang='lat' dir='ltr'>in</span> <span class='ocrx_word' id='word_1_480' title='bbox 2879 3127 3070 3183; x_wconf 91' lang='lat' dir='ltr'>ordine</span> <span class='ocrx_word' id='word_1_481' title='bbox 3119 3124 3303 3180; x_wconf 91' lang='lat' dir='ltr'>titulus</span> <span class='ocrx_word' id='word_1_482' title='bbox 3343 3122 3574 3188; x_wconf 89' lang='lat' dir='ltr'>abbatis,</span> 
     </span>
    </p>
   </div>
   <div class='ocr_carea' id='block_1_65' title="bbox 1980 3211 3576 3291">
    <p class='ocr_par' dir='ltr' id='par_1_65' title="bbox 1980 3211 3576 3291">
     <span class='ocr_line' id='line_1_65' title="bbox 1980 3211 3576 3291; baseline -0.008 -15"><span class='ocrx_word' id='word_1_483' title='bbox 1980 3238 2082 3277; x_wconf 93' lang='lat' dir='ltr'>nec</span> <span class='ocrx_word' id='word_1_484' title='bbox 2112 3221 2179 3275; x_wconf 91' lang='lat' dir='ltr'>ab</span> <span class='ocrx_word' id='word_1_485' title='bbox 2210 3221 2329 3291; x_wconf 92' lang='lat' dir='ltr'>ipso</span> <span class='ocrx_word' id='word_1_486' title='bbox 2354 3220 2535 3290; x_wconf 90' lang='lat' dir='ltr'>priore</span> <span class='ocrx_word' id='word_1_487' title='bbox 2564 3218 2864 3272; x_wconf 65' lang='lat' dir='ltr'>Carthusiaa</span> <span class='ocrx_word' id='word_1_488' title='bbox 2885 3215 3091 3271; x_wconf 90' lang='lat' dir='ltr'>ordinis</span> <span class='ocrx_word' id='word_1_489' title='bbox 3123 3212 3383 3287; x_wconf 87' lang='lat' dir='ltr'>generali,</span> <span class='ocrx_word' id='word_1_490' title='bbox 3418 3211 3576 3267; x_wconf 89' lang='lat' dir='ltr'>etiam</span> 
     </span>
    </p>
   </div>
   <div class='ocr_carea' id='block_1_66' title="bbox 1978 3301 3578 3381">
    <p class='ocr_par' dir='ltr' id='par_1_66' title="bbox 1978 3301 3578 3381">
     <span class='ocr_line' id='line_1_66' title="bbox 1978 3301 3578 3381; baseline -0.007 -15"><span class='ocrx_word' id='word_1_491' title='bbox 1978 3310 2291 3381; x_wconf 91' lang='lat' dir='ltr'>impellente</span> <span class='ocrx_word' id='word_1_492' title='bbox 2322 3307 2616 3379; x_wconf 87' lang='lat' dir='ltr'>aliquando</span> <span class='ocrx_word' id='word_1_493' title='bbox 2646 3307 2702 3360; x_wconf 92' lang='lat' dir='ltr'>S.</span> <span class='ocrx_word' id='word_1_494' title='bbox 2734 3306 2865 3360; x_wconf 85' lang='lat' dir='ltr'>sede</span> <span class='ocrx_word' id='word_1_495' title='bbox 2909 3303 3229 3375; x_wconf 88' lang='lat' dir='ltr'>apostolica,</span> <span class='ocrx_word' id='word_1_496' title='bbox 3278 3301 3437 3357; x_wconf 86' lang='lat' dir='ltr'>fuerit</span> <span class='ocrx_word' id='word_1_497' title='bbox 3482 3316 3578 3356; x_wconf 92' lang='lat' dir='ltr'>ac-</span> 
     </span>
    </p>
   </div>
   <div class='ocr_carea' id='block_1_67' title="bbox 1980 3390 3579 3470">
    <p class='ocr_par' dir='ltr' id='par_1_67' title="bbox 1980 3390 3579 3470">
     <span class='ocr_line' id='line_1_67' title="bbox 1980 3390 3579 3470; baseline -0.007 -15"><span class='ocrx_word' id='word_1_498' title='bbox 1980 3406 2241 3470; x_wconf 89' lang='lat' dir='ltr'>ccptatus.</span> <span class='ocrx_word' id='word_1_499' title='bbox 2291 3398 2443 3451; x_wconf 88' lang='lat' dir='ltr'>Mens</span> <span class='ocrx_word' id='word_1_500' title='bbox 2501 3395 2644 3451; x_wconf 90' lang='lat' dir='ltr'>enim</span> <span class='ocrx_word' id='word_1_501' title='bbox 2688 3394 2912 3460; x_wconf 89' lang='lat' dir='ltr'>ordinis,</span> <span class='ocrx_word' id='word_1_502' title='bbox 2962 3392 3121 3447; x_wconf 89' lang='lat' dir='ltr'>amici</span> <span class='ocrx_word' id='word_1_503' title='bbox 3181 3399 3235 3446; x_wconf 87' lang='lat' dir='ltr'>et</span> <span class='ocrx_word' id='word_1_504' title='bbox 3280 3390 3478 3445; x_wconf 83' lang='lat' dir='ltr'>fratres</span> <span class='ocrx_word' id='word_1_505' title='bbox 3523 3390 3579 3444; x_wconf 90' lang='lat' dir='ltr'>in</span> 
     </span>
    </p>
   </div>
   <div class='ocr_carea' id='block_1_68' title="bbox 1981 3479 3583 3553">
    <p class='ocr_par' dir='ltr' id='par_1_68' title="bbox 1981 3479 3583 3553">
     <span class='ocr_line' id='line_1_68' title="bbox 1981 3479 3583 3553; baseline -0.006 -10"><span class='ocrx_word' id='word_1_506' title='bbox 1981 3488 2193 3543; x_wconf 87' lang='lat' dir='ltr'>Christo</span> <span class='ocrx_word' id='word_1_507' title='bbox 2224 3484 2563 3541; x_wconf 91' lang='lat' dir='ltr'>dilectissimi</span> <span class='ocrx_word' id='word_1_508' title='bbox 2592 3483 2809 3553; x_wconf 91' lang='lat' dir='ltr'>(iisdem</span> <span class='ocrx_word' id='word_1_509' title='bbox 2839 3481 2984 3537; x_wconf 89' lang='lat' dir='ltr'>enim</span> <span class='ocrx_word' id='word_1_510' title='bbox 3031 3480 3233 3548; x_wconf 91' lang='lat' dir='ltr'>verbis,</span> <span class='ocrx_word' id='word_1_511' title='bbox 3266 3479 3461 3549; x_wconf 90' lang='lat' dir='ltr'>quibus</span> <span class='ocrx_word' id='word_1_512' title='bbox 3494 3493 3583 3533; x_wconf 94' lang='lat' dir='ltr'>so-</span> 
     </span>
    </p>
   </div>
   <div class='ocr_carea' id='block_1_69' title="bbox 1982 3565 3579 3646">
    <p class='ocr_par' dir='ltr' id='par_1_69' title="bbox 1982 3565 3579 3646">
     <span class='ocr_line' id='line_1_69' title="bbox 1982 3565 3579 3646; baseline -0.006 -16"><span class='ocrx_word' id='word_1_513' title='bbox 1982 3576 2095 3632; x_wconf 91' lang='lat' dir='ltr'>cios</span> <span class='ocrx_word' id='word_1_514' title='bbox 2126 3574 2418 3646; x_wconf 91' lang='lat' dir='ltr'>alloquitur</span> <span class='ocrx_word' id='word_1_515' title='bbox 2446 3574 2511 3627; x_wconf 84' lang='lat' dir='ltr'>R.</span> <span class='ocrx_word' id='word_1_516' title='bbox 2544 3574 2602 3626; x_wconf 86' lang='lat' dir='ltr'>P.</span> <span class='ocrx_word' id='word_1_517' title='bbox 2638 3571 2836 3643; x_wconf 90' lang='lat' dir='ltr'>Guigo,</span> <span class='ocrx_word' id='word_1_518' title='bbox 2871 3585 3006 3642; x_wconf 89' lang='lat' dir='ltr'>erga</span> <span class='ocrx_word' id='word_1_519' title='bbox 3034 3584 3132 3624; x_wconf 91' lang='lat' dir='ltr'>vos</span> <span class='ocrx_word' id='word_1_520' title='bbox 3179 3567 3253 3622; x_wconf 92' lang='lat' dir='ltr'>uti</span> <span class='ocrx_word' id='word_1_521' title='bbox 3293 3582 3403 3621; x_wconf 91' lang='lat' dir='ltr'>non</span> <span class='ocrx_word' id='word_1_522' title='bbox 3435 3565 3579 3621; x_wconf 87' lang='lat' dir='ltr'>desi-</span> 
     </span>
    </p>
   </div>
   <div class='ocr_carea' id='block_1_70' title="bbox 1982 3654 3582 3735">
    <p class='ocr_par' dir='ltr' id='par_1_70' title="bbox 1982 3654 3582 3735">
     <span class='ocr_line' id='line_1_70' title="bbox 1982 3654 3582 3735; baseline -0.008 -15"><span class='ocrx_word' id='word_1_523' title='bbox 1982 3668 2155 3735; x_wconf 91' lang='lat' dir='ltr'>nam),</span> <span class='ocrx_word' id='word_1_524' title='bbox 2188 3679 2362 3728; x_wconf 92' lang='lat' dir='ltr'>mens,</span> <span class='ocrx_word' id='word_1_525' title='bbox 2398 3663 2641 3734; x_wconf 90' lang='lat' dir='ltr'>inquam,</span> <span class='ocrx_word' id='word_1_526' title='bbox 2683 3659 2892 3715; x_wconf 90' lang='lat' dir='ltr'>ordinis</span> <span class='ocrx_word' id='word_1_527' title='bbox 2922 3666 3023 3724; x_wconf 90' lang='lat' dir='ltr'>est,</span> <span class='ocrx_word' id='word_1_528' title='bbox 3048 3658 3135 3712; x_wconf 90' lang='lat' dir='ltr'>hic</span> <span class='ocrx_word' id='word_1_529' title='bbox 3185 3664 3239 3711; x_wconf 90' lang='lat' dir='ltr'>et</span> <span class='ocrx_word' id='word_1_530' title='bbox 3280 3655 3479 3726; x_wconf 91' lang='lat' dir='ltr'>ubique</span> <span class='ocrx_word' id='word_1_531' title='bbox 3526 3654 3582 3708; x_wconf 90' lang='lat' dir='ltr'>in</span> 
     </span>
    </p>
   </div>
   <div class='ocr_carea' id='block_1_71' title="bbox 284 3718 3583 3822">
    <p class='ocr_par' dir='ltr' id='par_1_71' title="bbox 284 3718 3583 3822">
     <span class='ocr_line' id='line_1_71' title="bbox 284 3718 3583 3822; baseline -0.005 -10"><span class='ocrx_word' id='word_1_532' title='bbox 284 3745 583 3800; x_wconf 62' lang='grc' dir='ltr'>(ἷδτῐὴυείεε</span> <span class='ocrx_word' id='word_1_533' title='bbox 612 3745 875 3815; x_wconf 56' lang='lat' dir='ltr'>Potuisse.</span> <span class='ocrx_word' id='word_1_534' title='bbox 911 3745 1282 3800; x_wconf 63' lang='lat' dir='ltr'>crescentibus</span> <span class='ocrx_word' id='word_1_535' title='bbox 1324 3746 1380 3800; x_wconf 82' lang='lat' dir='ltr'>in</span> <span class='ocrx_word' id='word_1_536' title='bbox 1427 3746 1544 3800; x_wconf 79' lang='lat' dir='ltr'>dies</span> <span class='ocrx_word' id='word_1_537' title='bbox 1592 3746 1882 3816; x_wconf 77' lang='lat' dir='ltr'>oneribUS,</span> <span class='ocrx_word' id='word_1_538' title='bbox 1909 3718 1955 3778; x_wconf 74' lang='grc' dir='ltr'><strong>Ο</strong></span> <span class='ocrx_word' id='word_1_539' title='bbox 1986 3718 2197 3807; x_wconf 71' lang='lat' dir='ltr'>statutis</span> <span class='ocrx_word' id='word_1_540' title='bbox 2226 3759 2417 3822; x_wconf 90' lang='lat' dir='ltr'>postea</span> <span class='ocrx_word' id='word_1_541' title='bbox 2450 3718 2724 3821; x_wconf 44' lang='lat' dir='ltr'>e‘xpressa,</span> <span class='ocrx_word' id='word_1_542' title='bbox 2758 3756 2815 3802; x_wconf 90' lang='lat' dir='ltr'>ut</span> <span class='ocrx_word' id='word_1_543' title='bbox 2861 3748 2915 3801; x_wconf 92' lang='lat' dir='ltr'>in</span> <span class='ocrx_word' id='word_1_544' title='bbox 2960 3745 3248 3802; x_wconf 90' lang='lat' dir='ltr'>dilectione</span> <span class='ocrx_word' id='word_1_545' title='bbox 3277 3750 3329 3799; x_wconf 90' lang='lat' dir='ltr'>et</span> <span class='ocrx_word' id='word_1_546' title='bbox 3374 3742 3583 3797; x_wconf 89' lang='lat' dir='ltr'>humili-</span> 
     </span>
    </p>
   </div>
   <div class='ocr_carea' id='block_1_72' title="bbox 282 3834 1885 3905">
    <p class='ocr_par' dir='ltr' id='par_1_72' title="bbox 282 3834 1885 3905">
     <span class='ocr_line' id='line_1_72' title="bbox 282 3834 1885 3905; baseline 0.001 -18"><span class='ocrx_word' id='word_1_547' title='bbox 282 3834 579 3888; x_wconf 86' lang='lat' dir='ltr'>subsistere</span> <span class='ocrx_word' id='word_1_548' title='bbox 623 3834 828 3904; x_wconf 89' lang='lat' dir='ltr'>absque</span> <span class='ocrx_word' id='word_1_549' title='bbox 870 3834 1105 3903; x_wconf 86' lang='lat' dir='ltr'>vagandi</span> <span class='ocrx_word' id='word_1_550' title='bbox 1172 3842 1225 3888; x_wconf 91' lang='lat' dir='ltr'>et</span> <span class='ocrx_word' id='word_1_551' title='bbox 1269 3834 1548 3905; x_wconf 77' lang='lat' dir='ltr'>quaerendi</span> <span class='ocrx_word' id='word_1_552' title='bbox 1588 3834 1885 3889; x_wconf 87' lang='lat' dir='ltr'>necessitu-</span> 
     </span>
    </p>
   </div>
   <div class='ocr_carea' id='block_1_73' title="bbox 283 3922 1884 3995">
    <p class='ocr_par' dir='ltr' id='par_1_73' title="bbox 283 3922 1884 3995">
     <span class='ocr_line' id='line_1_73' title="bbox 283 3922 1884 3995; baseline 0.001 -18"><span class='ocrx_word' id='word_1_553' title='bbox 283 3923 430 3987; x_wconf 89' lang='lat' dir='ltr'>dine,</span> <span class='ocrx_word' id='word_1_554' title='bbox 465 3938 585 3995; x_wconf 78' lang='lat' dir='ltr'>quae</span> <span class='ocrx_word' id='word_1_555' title='bbox 612 3938 711 3992; x_wconf 91' lang='lat' dir='ltr'>per</span> <span class='ocrx_word' id='word_1_556' title='bbox 742 3937 801 3976; x_wconf 91' lang='lat' dir='ltr'>se</span> <span class='ocrx_word' id='word_1_557' title='bbox 835 3923 1005 3977; x_wconf 89' lang='lat' dir='ltr'>nostri</span> <span class='ocrx_word' id='word_1_558' title='bbox 1034 3922 1259 3976; x_wconf 90' lang='lat' dir='ltr'>instituti</span> <span class='ocrx_word' id='word_1_559' title='bbox 1302 3924 1629 3978; x_wconf 88' lang='lat' dir='ltr'>destructiva</span> <span class='ocrx_word' id='word_1_560' title='bbox 1678 3932 1777 3989; x_wconf 91' lang='lat' dir='ltr'>est,</span> <span class='ocrx_word' id='word_1_561' title='bbox 1828 3931 1884 3978; x_wconf 93' lang='lat' dir='ltr'>ut</span> 
     </span>
    </p>
   </div>
   <div class='ocr_carea' id='block_1_74' title="bbox 285 4010 1885 4081">
    <p class='ocr_par' dir='ltr' id='par_1_74' title="bbox 285 4010 1885 4081">
     <span class='ocr_line' id='line_1_74' title="bbox 285 4010 1885 4081; baseline 0 -16"><span class='ocrx_word' id='word_1_562' title='bbox 285 4010 541 4065; x_wconf 91' lang='lat' dir='ltr'>omnibus</span> <span class='ocrx_word' id='word_1_563' title='bbox 571 4010 813 4065; x_wconf 88' lang='lat' dir='ltr'>cordatis</span> <span class='ocrx_word' id='word_1_564' title='bbox 844 4012 1088 4081; x_wconf 90' lang='lat' dir='ltr'>pervium</span> <span class='ocrx_word' id='word_1_565' title='bbox 1119 4018 1221 4065; x_wconf 88' lang='lat' dir='ltr'>est.</span> <span class='ocrx_word' id='word_1_566' title='bbox 1254 4010 1430 4079; x_wconf 87' lang='lat' dir='ltr'>Quam</span> <span class='ocrx_word' id='word_1_567' title='bbox 1457 4011 1617 4066; x_wconf 90' lang='lat' dir='ltr'>etiam</span> <span class='ocrx_word' id='word_1_568' title='bbox 1639 4012 1705 4067; x_wconf 91' lang='lat' dir='ltr'>de</span> <span class='ocrx_word' id='word_1_569' title='bbox 1724 4028 1885 4067; x_wconf 88' lang='lat' dir='ltr'>causa</span> 
     </span>
    </p>
   </div>
   <div class='ocr_carea' id='block_1_75' title="bbox 282 4099 1886 4171">
    <p class='ocr_par' dir='ltr' id='par_1_75' title="bbox 282 4099 1886 4171">
     <span class='ocr_line' id='line_1_75' title="bbox 282 4099 1886 4171; baseline 0.001 -18"><span class='ocrx_word' id='word_1_570' title='bbox 282 4115 394 4153; x_wconf 89' lang='lat' dir='ltr'>non</span> <span class='ocrx_word' id='word_1_571' title='bbox 414 4100 650 4171; x_wconf 85' lang='lat' dir='ltr'>vagandi</span> <span class='ocrx_word' id='word_1_572' title='bbox 682 4115 783 4154; x_wconf 91' lang='lat' dir='ltr'>nec</span> <span class='ocrx_word' id='word_1_573' title='bbox 820 4099 1097 4170; x_wconf 66' lang='lat' dir='ltr'>quaerendi</span> <span class='ocrx_word' id='word_1_574' title='bbox 1146 4116 1372 4155; x_wconf 90' lang='lat' dir='ltr'>necesse</span> <span class='ocrx_word' id='word_1_575' title='bbox 1401 4099 1534 4169; x_wconf 88' lang='lat' dir='ltr'>fuit,</span> <span class='ocrx_word' id='word_1_576' title='bbox 1566 4108 1624 4154; x_wconf 91' lang='lat' dir='ltr'>ut</span> <span class='ocrx_word' id='word_1_577' title='bbox 1672 4108 1783 4155; x_wconf 92' lang='lat' dir='ltr'>tum</span> <span class='ocrx_word' id='word_1_578' title='bbox 1830 4101 1886 4154; x_wconf 91' lang='lat' dir='ltr'>in</span> 
     </span>
    </p>
   </div>
   <div class='ocr_carea' id='block_1_76' title="bbox 285 4187 1883 4261">
    <p class='ocr_par' dir='ltr' id='par_1_76' title="bbox 285 4187 1883 4261">
     <span class='ocr_line' id='line_1_76' title="bbox 285 4187 1883 4261; baseline 0.001 -19"><span class='ocrx_word' id='word_1_579' title='bbox 285 4188 479 4255; x_wconf 89' lang='lat' dir='ltr'>majori</span> <span class='ocrx_word' id='word_1_580' title='bbox 509 4187 797 4241; x_wconf 85' lang='lat' dir='ltr'>Cartbusia</span> <span class='ocrx_word' id='word_1_581' title='bbox 829 4194 936 4241; x_wconf 92' lang='lat' dir='ltr'>tum</span> <span class='ocrx_word' id='word_1_582' title='bbox 970 4188 1025 4240; x_wconf 93' lang='lat' dir='ltr'>in</span> <span class='ocrx_word' id='word_1_583' title='bbox 1056 4188 1177 4242; x_wconf 90' lang='lat' dir='ltr'>aliis</span> <span class='ocrx_word' id='word_1_584' title='bbox 1224 4188 1474 4242; x_wconf 90' lang='lat' dir='ltr'>domibus</span> <span class='ocrx_word' id='word_1_585' title='bbox 1502 4188 1720 4244; x_wconf 86' lang='lat' dir='ltr'>licentia</span> <span class='ocrx_word' id='word_1_586' title='bbox 1750 4204 1883 4261; x_wconf 93' lang='lat' dir='ltr'>pos-</span> 
     </span>
    </p>
   </div>
   <div class='ocr_carea' id='block_1_77' title="bbox 286 4274 1887 4349">
    <p class='ocr_par' dir='ltr' id='par_1_77' title="bbox 286 4274 1887 4349">
     <span class='ocr_line' id='line_1_77' title="bbox 286 4274 1887 4349; baseline 0.001 -19"><span class='ocrx_word' id='word_1_587' title='bbox 286 4274 501 4330; x_wconf 90' lang='lat' dir='ltr'>sidendi</span> <span class='ocrx_word' id='word_1_588' title='bbox 529 4283 840 4347; x_wconf 81' lang='lat' dir='ltr'>augeretur,</span> <span class='ocrx_word' id='word_1_589' title='bbox 865 4282 920 4329; x_wconf 91' lang='lat' dir='ltr'>ut</span> <span class='ocrx_word' id='word_1_590' title='bbox 942 4275 1053 4330; x_wconf 91' lang='lat' dir='ltr'>suis</span> <span class='ocrx_word' id='word_1_591' title='bbox 1082 4275 1219 4331; x_wconf 93' lang='lat' dir='ltr'>locis</span> <span class='ocrx_word' id='word_1_592' title='bbox 1265 4276 1596 4345; x_wconf 90' lang='lat' dir='ltr'>probabitur.</span> <span class='ocrx_word' id='word_1_593' title='bbox 1631 4278 1735 4332; x_wconf 92' lang='lat' dir='ltr'>Sed</span> <span class='ocrx_word' id='word_1_594' title='bbox 1768 4293 1887 4349; x_wconf 61' lang='lat' dir='ltr'>quae</span> 
     </span>
    </p>
   </div>
   <div class='ocr_carea' id='block_1_78' title="bbox 285 4364 1883 4436">
    <p class='ocr_par' dir='ltr' id='par_1_78' title="bbox 285 4364 1883 4436">
     <span class='ocr_line' id='line_1_78' title="bbox 285 4364 1883 4436; baseline 0 -16"><span class='ocrx_word' id='word_1_595' title='bbox 285 4373 339 4420; x_wconf 88' lang='lat' dir='ltr'>et</span> <span class='ocrx_word' id='word_1_596' title='bbox 370 4371 570 4434; x_wconf 88' lang='lat' dir='ltr'>quanta</span> <span class='ocrx_word' id='word_1_597' title='bbox 602 4380 723 4419; x_wconf 88' lang='lat' dir='ltr'>esse</span> <span class='ocrx_word' id='word_1_598' title='bbox 748 4365 860 4432; x_wconf 83' lang='lat' dir='ltr'>jam</span> <span class='ocrx_word' id='word_1_599' title='bbox 891 4364 1191 4433; x_wconf 91' lang='lat' dir='ltr'>inciperent</span> <span class='ocrx_word' id='word_1_600' title='bbox 1219 4364 1313 4419; x_wconf 90' lang='lat' dir='ltr'>illa</span> <span class='ocrx_word' id='word_1_601' title='bbox 1342 4380 1506 4419; x_wconf 89' lang='lat' dir='ltr'>onera</span> <span class='ocrx_word' id='word_1_602' title='bbox 1546 4372 1788 4436; x_wconf 92' lang='lat' dir='ltr'>tempore</span> <span class='ocrx_word' id='word_1_603' title='bbox 1819 4367 1883 4421; x_wconf 90' lang='lat' dir='ltr'>R.</span> 
     </span>
    </p>
   </div>
   <div class='ocr_carea' id='block_1_79' title="bbox 284 4451 1617 4523">
    <p class='ocr_par' dir='ltr' id='par_1_79' title="bbox 284 4451 1617 4523">
     <span class='ocr_line' id='line_1_79' title="bbox 284 4451 1617 4523; baseline 0.001 -17"><span class='ocrx_word' id='word_1_604' title='bbox 284 4453 345 4506; x_wconf 90' lang='lat' dir='ltr'>P.</span> <span class='ocrx_word' id='word_1_605' title='bbox 382 4452 669 4523; x_wconf 88' lang='lat' dir='ltr'>Guigonis,</span> <span class='ocrx_word' id='word_1_606' title='bbox 703 4452 819 4521; x_wconf 82' lang='lat' dir='ltr'>ipse</span> <span class='ocrx_word' id='word_1_607' title='bbox 849 4452 1091 4505; x_wconf 90' lang='lat' dir='ltr'>narrabit</span> <span class='ocrx_word' id='word_1_608' title='bbox 1122 4451 1344 4507; x_wconf 84' lang='lat' dir='ltr'>inferius</span> <span class='ocrx_word' id='word_1_609' title='bbox 1374 4468 1495 4523; x_wconf 90' lang='lat' dir='ltr'>cap.</span> <span class='ocrx_word' id='word_1_610' title='bbox 1534 4456 1617 4507; x_wconf 83' lang='lat' dir='ltr'>l9.</span> 
     </span>
    </p>
   </div>
   <div class='ocr_carea' id='block_1_80' title="bbox 356 4540 1887 4612">
    <p class='ocr_par' dir='ltr' id='par_1_80' title="bbox 356 4540 1887 4612">
     <span class='ocr_line' id='line_1_80' title="bbox 356 4540 1887 4612; baseline 0.003 -20"><span class='ocrx_word' id='word_1_611' title='bbox 356 4540 740 4594; x_wconf 88' lang='lat' dir='ltr'>Crescentibus</span> <span class='ocrx_word' id='word_1_612' title='bbox 770 4556 906 4612; x_wconf 93' lang='lat' dir='ltr'>ergo</span> <span class='ocrx_word' id='word_1_613' title='bbox 939 4541 1016 4594; x_wconf 92' lang='lat' dir='ltr'>sic</span> <span class='ocrx_word' id='word_1_614' title='bbox 1046 4540 1294 4594; x_wconf 87' lang='lat' dir='ltr'>terminis</span> <span class='ocrx_word' id='word_1_615' title='bbox 1321 4541 1726 4611; x_wconf 89' lang='lat' dir='ltr'>possessionum</span> <span class='ocrx_word' id='word_1_616' title='bbox 1757 4543 1887 4597; x_wconf 91' lang='lat' dir='ltr'>Car-</span> 
     </span>
    </p>
   </div>
   <div class='ocr_carea' id='block_1_81' title="bbox 284 4628 1884 4700">
    <p class='ocr_par' dir='ltr' id='par_1_81' title="bbox 284 4628 1884 4700">
     <span class='ocr_line' id='line_1_81' title="bbox 284 4628 1884 4700; baseline 0.002 -19"><span class='ocrx_word' id='word_1_617' title='bbox 284 4628 480 4683; x_wconf 73' lang='lat' dir='ltr'>tbusia:</span> <span class='ocrx_word' id='word_1_618' title='bbox 510 4628 564 4681; x_wconf 91' lang='lat' dir='ltr'>in</span> <span class='ocrx_word' id='word_1_619' title='bbox 594 4628 712 4698; x_wconf 89' lang='lat' dir='ltr'>ipsa</span> <span class='ocrx_word' id='word_1_620' title='bbox 743 4644 945 4693; x_wconf 91' lang='lat' dir='ltr'>eremo,</span> <span class='ocrx_word' id='word_1_621' title='bbox 1000 4628 1157 4699; x_wconf 88' lang='lat' dir='ltr'>quasi</span> <span class='ocrx_word' id='word_1_622' title='bbox 1207 4644 1307 4699; x_wconf 91' lang='lat' dir='ltr'>per</span> <span class='ocrx_word' id='word_1_623' title='bbox 1347 4630 1497 4697; x_wconf 83' lang='lat' dir='ltr'>juxta</span> <span class='ocrx_word' id='word_1_624' title='bbox 1540 4630 1884 4700; x_wconf 89' lang='lat' dir='ltr'>positionem,</span> 
     </span>
    </p>
   </div>
   <div class='ocr_carea' id='block_1_82' title="bbox 284 4714 1887 4788">
    <p class='ocr_par' dir='ltr' id='par_1_82' title="bbox 284 4714 1887 4788">
     <span class='ocr_line' id='line_1_82' title="bbox 284 4714 1887 4788; baseline 0.002 -19"><span class='ocrx_word' id='word_1_625' title='bbox 284 4714 458 4770; x_wconf 90' lang='lat' dir='ltr'>crevit</span> <span class='ocrx_word' id='word_1_626' title='bbox 489 4716 648 4769; x_wconf 91' lang='lat' dir='ltr'>etiam</span> <span class='ocrx_word' id='word_1_627' title='bbox 682 4715 817 4771; x_wconf 90' lang='lat' dir='ltr'>ratio</span> <span class='ocrx_word' id='word_1_628' title='bbox 844 4716 895 4769; x_wconf 92' lang='lat' dir='ltr'>in</span> <span class='ocrx_word' id='word_1_629' title='bbox 936 4716 1207 4786; x_wconf 91' lang='lat' dir='ltr'>prioribus</span> <span class='ocrx_word' id='word_1_630' title='bbox 1238 4717 1539 4771; x_wconf 73' lang='lat' dir='ltr'>Carthusia:</span> <span class='ocrx_word' id='word_1_631' title='bbox 1570 4718 1887 4788; x_wconf 89' lang='lat' dir='ltr'>inspiciendi</span> 
     </span>
    </p>
   </div>
   <div class='ocr_carea' id='block_1_83' title="bbox 288 4803 1889 4877">
    <p class='ocr_par' dir='ltr' id='par_1_83' title="bbox 288 4803 1889 4877">
     <span class='ocr_line' id='line_1_83' title="bbox 288 4803 1889 4877; baseline 0.003 -21"><span class='ocrx_word' id='word_1_632' title='bbox 288 4803 420 4874; x_wconf 91' lang='lat' dir='ltr'>quid</span> <span class='ocrx_word' id='word_1_633' title='bbox 447 4811 723 4875; x_wconf 91' lang='lat' dir='ltr'>ageretur,</span> <span class='ocrx_word' id='word_1_634' title='bbox 758 4812 848 4858; x_wconf 88' lang='lat' dir='ltr'>aut</span> <span class='ocrx_word' id='word_1_635' title='bbox 877 4805 1004 4875; x_wconf 89' lang='lat' dir='ltr'>quid</span> <span class='ocrx_word' id='word_1_636' title='bbox 1051 4804 1327 4877; x_wconf 89' lang='lat' dir='ltr'>agendum</span> <span class='ocrx_word' id='word_1_637' title='bbox 1375 4812 1519 4859; x_wconf 90' lang='lat' dir='ltr'>esset</span> <span class='ocrx_word' id='word_1_638' title='bbox 1548 4805 1686 4859; x_wconf 90' lang='lat' dir='ltr'>intra</span> <span class='ocrx_word' id='word_1_639' title='bbox 1715 4807 1889 4862; x_wconf 89' lang='lat' dir='ltr'>dictos</span> 
     </span>
    </p>
   </div>
   <div class='ocr_carea' id='block_1_84' title="bbox 289 4892 1887 4963">
    <p class='ocr_par' dir='ltr' id='par_1_84' title="bbox 289 4892 1887 4963">
     <span class='ocr_line' id='line_1_84' title="bbox 289 4892 1887 4963; baseline 0.003 -18"><span class='ocrx_word' id='word_1_640' title='bbox 289 4896 578 4946; x_wconf 88' lang='lat' dir='ltr'>terminos.</span> <span class='ocrx_word' id='word_1_641' title='bbox 618 4893 685 4946; x_wconf 86' lang='lat' dir='ltr'>Et</span> <span class='ocrx_word' id='word_1_642' title='bbox 715 4892 840 4946; x_wconf 92' lang='lat' dir='ltr'>inde</span> <span class='ocrx_word' id='word_1_643' title='bbox 872 4900 953 4946; x_wconf 85' lang='lat' dir='ltr'>est</span> <span class='ocrx_word' id='word_1_644' title='bbox 984 4893 1128 4963; x_wconf 91' lang='lat' dir='ltr'>quod</span> <span class='ocrx_word' id='word_1_645' title='bbox 1159 4893 1229 4947; x_wconf 90' lang='lat' dir='ltr'>ab</span> <span class='ocrx_word' id='word_1_646' title='bbox 1261 4893 1409 4947; x_wconf 90' lang='lat' dir='ltr'>initio</span> <span class='ocrx_word' id='word_1_647' title='bbox 1459 4894 1662 4948; x_wconf 91' lang='lat' dir='ltr'>ordinis</span> <span class='ocrx_word' id='word_1_648' title='bbox 1695 4910 1887 4949; x_wconf 85' lang='lat' dir='ltr'>serva-</span> 
     </span>
    </p>
   </div>
   <div class='ocr_carea' id='block_1_85' title="bbox 287 4979 1887 5053">
    <p class='ocr_par' dir='ltr' id='par_1_85' title="bbox 287 4979 1887 5053">
     <span class='ocr_line' id='line_1_85' title="bbox 287 4979 1887 5053; baseline 0.003 -20"><span class='ocrx_word' id='word_1_649' title='bbox 287 4987 485 5034; x_wconf 88' lang='lat' dir='ltr'>verunt</span> <span class='ocrx_word' id='word_1_650' title='bbox 514 4979 617 5033; x_wconf 89' lang='lat' dir='ltr'>sibi</span> <span class='ocrx_word' id='word_1_651' title='bbox 654 4980 951 5034; x_wconf 87' lang='lat' dir='ltr'>libertatem</span> <span class='ocrx_word' id='word_1_652' title='bbox 999 4981 1361 5050; x_wconf 89' lang='lat' dir='ltr'>personaliter</span> <span class='ocrx_word' id='word_1_653' title='bbox 1410 4982 1676 5036; x_wconf 90' lang='lat' dir='ltr'>invisendi</span> <span class='ocrx_word' id='word_1_654' title='bbox 1728 4984 1887 5053; x_wconf 91' lang='lat' dir='ltr'>quid-</span> 
     </span>
    </p>
   </div>
   <div class='ocr_carea' id='block_1_86' title="bbox 1985 3835 3584 3909">
    <p class='ocr_par' dir='ltr' id='par_1_86' title="bbox 1985 3835 3584 3909">
     <span class='ocr_line' id='line_1_86' title="bbox 1985 3835 3584 3909; baseline -0.005 -13"><span class='ocrx_word' id='word_1_655' title='bbox 1985 3849 2090 3896; x_wconf 89' lang='lat' dir='ltr'>tate</span> <span class='ocrx_word' id='word_1_656' title='bbox 2121 3840 2479 3905; x_wconf 91' lang='lat' dir='ltr'>ambulemus,</span> <span class='ocrx_word' id='word_1_657' title='bbox 2513 3846 2565 3894; x_wconf 93' lang='lat' dir='ltr'>et</span> <span class='ocrx_word' id='word_1_658' title='bbox 2596 3838 2809 3909; x_wconf 88' lang='lat' dir='ltr'>priores</span> <span class='ocrx_word' id='word_1_659' title='bbox 2840 3836 2972 3891; x_wconf 87' lang='lat' dir='ltr'>nihil</span> <span class='ocrx_word' id='word_1_660' title='bbox 3012 3835 3114 3889; x_wconf 86' lang='lat' dir='ltr'>sibi</span> <span class='ocrx_word' id='word_1_661' title='bbox 3158 3840 3436 3905; x_wconf 90' lang='lat' dir='ltr'>usurpent,</span> <span class='ocrx_word' id='word_1_662' title='bbox 3481 3847 3584 3888; x_wconf 87' lang='lat' dir='ltr'>nec</span> 
     </span>
    </p>
   </div>
   <div class='ocr_carea' id='block_1_87' title="bbox 1987 3920 3582 3992">
    <p class='ocr_par' dir='ltr' id='par_1_87' title="bbox 1987 3920 3582 3992">
     <span class='ocr_line' id='line_1_87' title="bbox 1987 3920 3582 3992; baseline -0.005 -8"><span class='ocrx_word' id='word_1_663' title='bbox 1987 3930 2041 3984; x_wconf 92' lang='lat' dir='ltr'>in</span> <span class='ocrx_word' id='word_1_664' title='bbox 2072 3930 2235 3985; x_wconf 91' lang='lat' dir='ltr'>titulis</span> <span class='ocrx_word' id='word_1_665' title='bbox 2265 3944 2367 3983; x_wconf 89' lang='lat' dir='ltr'>nec</span> <span class='ocrx_word' id='word_1_666' title='bbox 2392 3928 2446 3983; x_wconf 93' lang='lat' dir='ltr'>in</span> <span class='ocrx_word' id='word_1_667' title='bbox 2478 3928 2656 3992; x_wconf 89' lang='lat' dir='ltr'>rebus,</span> <span class='ocrx_word' id='word_1_668' title='bbox 2691 3926 2809 3981; x_wconf 90' lang='lat' dir='ltr'>sive</span> <span class='ocrx_word' id='word_1_669' title='bbox 2832 3926 2900 3980; x_wconf 90' lang='lat' dir='ltr'>ad</span> <span class='ocrx_word' id='word_1_670' title='bbox 2926 3925 3146 3989; x_wconf 89' lang='lat' dir='ltr'>victum,</span> <span class='ocrx_word' id='word_1_671' title='bbox 3176 3922 3290 3978; x_wconf 92' lang='lat' dir='ltr'>sive</span> <span class='ocrx_word' id='word_1_672' title='bbox 3320 3922 3387 3977; x_wconf 89' lang='lat' dir='ltr'>ad</span> <span class='ocrx_word' id='word_1_673' title='bbox 3418 3920 3582 3977; x_wconf 88' lang='lat' dir='ltr'>vesti-</span> 
     </span>
    </p>
   </div>
   <div class='ocr_carea' id='block_1_88' title="bbox 1987 4010 3584 4088">
    <p class='ocr_par' dir='ltr' id='par_1_88' title="bbox 1987 4010 3584 4088">
     <span class='ocr_line' id='line_1_88' title="bbox 1987 4010 3584 4088; baseline -0.005 -16"><span class='ocrx_word' id='word_1_674' title='bbox 1987 4027 2117 4083; x_wconf 91' lang='lat' dir='ltr'>tum,</span> <span class='ocrx_word' id='word_1_675' title='bbox 2160 4019 2273 4072; x_wconf 86' lang='lat' dir='ltr'>sive</span> <span class='ocrx_word' id='word_1_676' title='bbox 2303 4016 2373 4071; x_wconf 90' lang='lat' dir='ltr'>ad</span> <span class='ocrx_word' id='word_1_677' title='bbox 2405 4015 2795 4088; x_wconf 89' lang='lat' dir='ltr'>supellectilem</span> <span class='ocrx_word' id='word_1_678' title='bbox 2816 4012 3231 4086; x_wconf 90' lang='lat' dir='ltr'>pertinentibus,</span> <span class='ocrx_word' id='word_1_679' title='bbox 3256 4010 3401 4083; x_wconf 92' lang='lat' dir='ltr'>quod</span> <span class='ocrx_word' id='word_1_680' title='bbox 3430 4025 3524 4065; x_wconf 92' lang='lat' dir='ltr'>eos</span> <span class='ocrx_word' id='word_1_681' title='bbox 3553 4024 3584 4063; x_wconf 88' lang='lat' dir='ltr'>a</span> 
     </span>
    </p>
   </div>
   <div class='ocr_carea' id='block_1_89' title="bbox 1987 4099 3584 4175">
    <p class='ocr_par' dir='ltr' id='par_1_89' title="bbox 1987 4099 3584 4175">
     <span class='ocr_line' id='line_1_89' title="bbox 1987 4099 3584 4175; baseline -0.006 -14"><span class='ocrx_word' id='word_1_682' title='bbox 1987 4105 2269 4161; x_wconf 87' lang='lat' dir='ltr'>monachis</span> <span class='ocrx_word' id='word_1_683' title='bbox 2307 4105 2622 4175; x_wconf 91' lang='lat' dir='ltr'>distinguat.</span> <span class='ocrx_word' id='word_1_684' title='bbox 2655 4105 2722 4157; x_wconf 89' lang='lat' dir='ltr'>Et</span> <span class='ocrx_word' id='word_1_685' title='bbox 2754 4102 3016 4174; x_wconf 88' lang='lat' dir='ltr'>quidquid</span> <span class='ocrx_word' id='word_1_686' title='bbox 3044 4108 3265 4171; x_wconf 91' lang='lat' dir='ltr'>apparet</span> <span class='ocrx_word' id='word_1_687' title='bbox 3294 4099 3349 4153; x_wconf 92' lang='lat' dir='ltr'>in</span> <span class='ocrx_word' id='word_1_688' title='bbox 3372 4099 3457 4153; x_wconf 90' lang='lat' dir='ltr'>his</span> <span class='ocrx_word' id='word_1_689' title='bbox 3486 4113 3584 4169; x_wconf 88' lang='lat' dir='ltr'>per</span> 
     </span>
    </p>
   </div>
   <div class='ocr_carea' id='block_1_90' title="bbox 1988 4186 3581 4258">
    <p class='ocr_par' dir='ltr' id='par_1_90' title="bbox 1988 4186 3581 4258">
     <span class='ocr_line' id='line_1_90' title="bbox 1988 4186 3581 4258; baseline -0.006 -9"><span class='ocrx_word' id='word_1_690' title='bbox 1988 4203 2190 4249; x_wconf 89' lang='lat' dir='ltr'>statuta</span> <span class='ocrx_word' id='word_1_691' title='bbox 2252 4193 2532 4249; x_wconf 91' lang='lat' dir='ltr'>monachis</span> <span class='ocrx_word' id='word_1_692' title='bbox 2580 4208 2689 4247; x_wconf 90' lang='lat' dir='ltr'>non</span> <span class='ocrx_word' id='word_1_693' title='bbox 2745 4208 2868 4247; x_wconf 89' lang='lat' dir='ltr'>esse</span> <span class='ocrx_word' id='word_1_694' title='bbox 2908 4205 3248 4253; x_wconf 88' lang='lat' dir='ltr'>concessum,</span> <span class='ocrx_word' id='word_1_695' title='bbox 3299 4188 3401 4241; x_wconf 92' lang='lat' dir='ltr'>sibi</span> <span class='ocrx_word' id='word_1_696' title='bbox 3447 4186 3581 4258; x_wconf 87' lang='lat' dir='ltr'>ipsis</span> 
     </span>
    </p>
   </div>
   <div class='ocr_carea' id='block_1_91' title="bbox 1988 4276 3582 4347">
    <p class='ocr_par' dir='ltr' id='par_1_91' title="bbox 1988 4276 3582 4347">
     <span class='ocr_line' id='line_1_91' title="bbox 1988 4276 3582 4347; baseline -0.005 -10"><span class='ocrx_word' id='word_1_697' title='bbox 1988 4283 2151 4337; x_wconf 87' lang='lat' dir='ltr'>etiam</span> <span class='ocrx_word' id='word_1_698' title='bbox 2180 4282 2379 4336; x_wconf 89' lang='lat' dir='ltr'>debent</span> <span class='ocrx_word' id='word_1_699' title='bbox 2408 4282 2631 4336; x_wconf 87' lang='lat' dir='ltr'>credere</span> <span class='ocrx_word' id='word_1_700' title='bbox 2664 4295 2774 4334; x_wconf 91' lang='lat' dir='ltr'>non</span> <span class='ocrx_word' id='word_1_701' title='bbox 2804 4278 3027 4344; x_wconf 91' lang='lat' dir='ltr'>licitum,</span> <span class='ocrx_word' id='word_1_702' title='bbox 3079 4276 3318 4347; x_wconf 84' lang='lat' dir='ltr'>exceptis</span> <span class='ocrx_word' id='word_1_703' title='bbox 3365 4276 3431 4329; x_wconf 91' lang='lat' dir='ltr'>iis</span> <span class='ocrx_word' id='word_1_704' title='bbox 3462 4291 3582 4347; x_wconf 55' lang='lat' dir='ltr'>quae</span> 
     </span>
    </p>
   </div>
   <div class='ocr_carea' id='block_1_92' title="bbox 1987 4364 3588 4441">
    <p class='ocr_par' dir='ltr' id='par_1_92' title="bbox 1987 4364 3588 4441">
     <span class='ocr_line' id='line_1_92' title="bbox 1987 4364 3588 4441; baseline -0.004 -17"><span class='ocrx_word' id='word_1_705' title='bbox 1987 4370 2062 4425; x_wconf 89' lang='lat' dir='ltr'>ita</span> <span class='ocrx_word' id='word_1_706' title='bbox 2082 4371 2353 4441; x_wconf 90' lang='lat' dir='ltr'>prioratus</span> <span class='ocrx_word' id='word_1_707' title='bbox 2383 4368 2581 4423; x_wconf 90' lang='lat' dir='ltr'>muniis</span> <span class='ocrx_word' id='word_1_708' title='bbox 2609 4375 2733 4422; x_wconf 90' lang='lat' dir='ltr'>sunt</span> <span class='ocrx_word' id='word_1_709' title='bbox 2762 4383 2991 4432; x_wconf 88' lang='lat' dir='ltr'>annexa,</span> <span class='ocrx_word' id='word_1_710' title='bbox 3022 4373 3081 4420; x_wconf 91' lang='lat' dir='ltr'>ut</span> <span class='ocrx_word' id='word_1_711' title='bbox 3107 4366 3314 4437; x_wconf 87' lang='lat' dir='ltr'>absque</span> <span class='ocrx_word' id='word_1_712' title='bbox 3343 4364 3450 4419; x_wconf 94' lang='lat' dir='ltr'>illis</span> <span class='ocrx_word' id='word_1_713' title='bbox 3479 4379 3588 4419; x_wconf 90' lang='lat' dir='ltr'>non</span> 
     </span>
    </p>
   </div>
   <div class='ocr_carea' id='block_1_93' title="bbox 1988 4453 3457 4530">
    <p class='ocr_par' dir='ltr' id='par_1_93' title="bbox 1988 4453 3457 4530">
     <span class='ocr_line' id='line_1_93' title="bbox 1988 4453 3457 4530; baseline -0.005 -16"><span class='ocrx_word' id='word_1_714' title='bbox 1988 4459 2199 4530; x_wconf 86' lang='lat' dir='ltr'>possint</span> <span class='ocrx_word' id='word_1_715' title='bbox 2230 4459 2367 4513; x_wconf 90' lang='lat' dir='ltr'>bene</span> <span class='ocrx_word' id='word_1_716' title='bbox 2398 4466 2449 4512; x_wconf 91' lang='lat' dir='ltr'>et</span> <span class='ocrx_word' id='word_1_717' title='bbox 2472 4459 2623 4527; x_wconf 88' lang='lat' dir='ltr'>juxta</span> <span class='ocrx_word' id='word_1_718' title='bbox 2652 4465 2885 4511; x_wconf 90' lang='lat' dir='ltr'>mentem</span> <span class='ocrx_word' id='word_1_719' title='bbox 2916 4454 3123 4509; x_wconf 90' lang='lat' dir='ltr'>ordinis</span> <span class='ocrx_word' id='word_1_720' title='bbox 3154 4453 3457 4525; x_wconf 89' lang='lat' dir='ltr'>adimpleri.</span> 
     </span>
    </p>
   </div>
   <div class='ocr_carea' id='block_1_94' title="bbox 2058 4540 3586 4615">
    <p class='ocr_par' dir='ltr' id='par_1_94' title="bbox 2058 4540 3586 4615">
     <span class='ocr_line' id='line_1_94' title="bbox 2058 4540 3586 4615; baseline -0.004 -12"><span class='ocrx_word' id='word_1_721' title='bbox 2058 4549 2220 4603; x_wconf 90' lang='lat' dir='ltr'>Num.</span> <span class='ocrx_word' id='word_1_722' title='bbox 2255 4551 2306 4601; x_wconf 84' lang='grc'>5.</span> <span class='ocrx_word' id='word_1_723' title='bbox 2346 4547 2495 4615; x_wconf 83' lang='lat' dir='ltr'>Quod</span> <span class='ocrx_word' id='word_1_724' title='bbox 2514 4547 2722 4602; x_wconf 82' lang='lat' dir='ltr'>idcirco</span> <span class='ocrx_word' id='word_1_725' title='bbox 2741 4545 3107 4601; x_wconf 81' lang='lat' dir='ltr'>scribimus...</span> <span class='ocrx_word' id='word_1_726' title='bbox 3130 4560 3345 4599; x_wconf 84' lang='lat' dir='ltr'>cornua</span> <span class='ocrx_word' id='word_1_727' title='bbox 3365 4540 3471 4597; x_wconf 81' lang='lat' dir='ltr'>sibi</span> <span class='ocrx_word' id='word_1_728' title='bbox 3498 4558 3586 4597; x_wconf 87' lang='lat' dir='ltr'>ve—</span> 
     </span>
    </p>
   </div>
   <div class='ocr_carea' id='block_1_95' title="bbox 1993 4630 3585 4707">
    <p class='ocr_par' dir='ltr' id='par_1_95' title="bbox 1993 4630 3585 4707">
     <span class='ocr_line' id='line_1_95' title="bbox 1993 4630 3585 4707; baseline -0.004 -16"><span class='ocrx_word' id='word_1_729' title='bbox 1993 4638 2080 4702; x_wconf 90' lang='lat' dir='ltr'>lit,</span> <span class='ocrx_word' id='word_1_730' title='bbox 2115 4646 2200 4691; x_wconf 91' lang='lat' dir='ltr'>etc</span> <span class='ocrx_word' id='word_1_731' title='bbox 2253 4638 2417 4690; x_wconf 88' lang='lat' dir='ltr'>Istum</span> <span class='ocrx_word' id='word_1_732' title='bbox 2464 4635 2717 4707; x_wconf 90' lang='lat' dir='ltr'>loquendi</span> <span class='ocrx_word' id='word_1_733' title='bbox 2752 4633 2971 4688; x_wconf 90' lang='lat' dir='ltr'>modum</span> <span class='ocrx_word' id='word_1_734' title='bbox 3002 4649 3032 4688; x_wconf 93' lang='lat' dir='ltr'>e</span> <span class='ocrx_word' id='word_1_735' title='bbox 3080 4632 3367 4703; x_wconf 91' lang='lat' dir='ltr'>Scripturis</span> <span class='ocrx_word' id='word_1_736' title='bbox 3414 4630 3585 4685; x_wconf 90' lang='lat' dir='ltr'>sacris</span> 
     </span>
    </p>
   </div>
   <div class='ocr_carea' id='block_1_96' title="bbox 1990 4719 3585 4795">
    <p class='ocr_par' dir='ltr' id='par_1_96' title="bbox 1990 4719 3585 4795">
     <span class='ocr_line' id='line_1_96' title="bbox 1990 4719 3585 4795; baseline -0.003 -18"><span class='ocrx_word' id='word_1_737' title='bbox 1990 4724 2277 4795; x_wconf 89' lang='lat' dir='ltr'>assumpsit</span> <span class='ocrx_word' id='word_1_738' title='bbox 2309 4724 2373 4779; x_wconf 78' lang='lat' dir='ltr'>R.</span> <span class='ocrx_word' id='word_1_739' title='bbox 2408 4726 2466 4779; x_wconf 84' lang='lat' dir='ltr'>P.</span> <span class='ocrx_word' id='word_1_740' title='bbox 2502 4724 2700 4795; x_wconf 87' lang='lat' dir='ltr'>Guigo,</span> <span class='ocrx_word' id='word_1_741' title='bbox 2733 4723 2788 4776; x_wconf 92' lang='lat' dir='ltr'>in</span> <span class='ocrx_word' id='word_1_742' title='bbox 2818 4722 3015 4794; x_wconf 89' lang='lat' dir='ltr'>quibus</span> <span class='ocrx_word' id='word_1_743' title='bbox 3063 4737 3171 4776; x_wconf 90' lang='lat' dir='ltr'>non</span> <span class='ocrx_word' id='word_1_744' title='bbox 3201 4736 3324 4775; x_wconf 89' lang='lat' dir='ltr'>raro</span> <span class='ocrx_word' id='word_1_745' title='bbox 3354 4719 3585 4773; x_wconf 89' lang='lat' dir='ltr'>ambitus</span> 
     </span>
    </p>
   </div>
   <div class='ocr_carea' id='block_1_97' title="bbox 1990 4807 3585 4879">
    <p class='ocr_par' dir='ltr' id='par_1_97' title="bbox 1990 4807 3585 4879">
     <span class='ocr_line' id='line_1_97' title="bbox 1990 4807 3585 4879; baseline -0.003 -17"><span class='ocrx_word' id='word_1_746' title='bbox 1990 4808 2079 4863; x_wconf 92' lang='lat' dir='ltr'>ille</span> <span class='ocrx_word' id='word_1_747' title='bbox 2109 4824 2168 4863; x_wconf 90' lang='lat' dir='ltr'>se</span> <span class='ocrx_word' id='word_1_748' title='bbox 2200 4824 2365 4879; x_wconf 89' lang='lat' dir='ltr'>supra</span> <span class='ocrx_word' id='word_1_749' title='bbox 2395 4808 2531 4862; x_wconf 89' lang='lat' dir='ltr'>alios</span> <span class='ocrx_word' id='word_1_750' title='bbox 2579 4807 2866 4877; x_wconf 85' lang='lat' dir='ltr'>exaltandi,</span> <span class='ocrx_word' id='word_1_751' title='bbox 2917 4822 3017 4877; x_wconf 91' lang='lat' dir='ltr'>per</span> <span class='ocrx_word' id='word_1_752' title='bbox 3060 4820 3261 4860; x_wconf 92' lang='lat' dir='ltr'>cornua</span> <span class='ocrx_word' id='word_1_753' title='bbox 3307 4811 3585 4874; x_wconf 88' lang='lat' dir='ltr'>assumpta</span> 
     </span>
    </p>
   </div>
   <div class='ocr_carea' id='block_1_98' title="bbox 1991 4894 3584 4967">
    <p class='ocr_par' dir='ltr' id='par_1_98' title="bbox 1991 4894 3584 4967">
     <span class='ocr_line' id='line_1_98' title="bbox 1991 4894 3584 4967; baseline -0.001 -16"><span class='ocrx_word' id='word_1_754' title='bbox 1991 4897 2323 4967; x_wconf 89' lang='lat' dir='ltr'>exprimitur,</span> <span class='ocrx_word' id='word_1_755' title='bbox 2358 4896 2520 4950; x_wconf 89' lang='lat' dir='ltr'>veluti</span> <span class='ocrx_word' id='word_1_756' title='bbox 2548 4896 2685 4967; x_wconf 90' lang='lat' dir='ltr'>psal.</span> <span class='ocrx_word' id='word_1_757' title='bbox 2719 4910 2895 4949; x_wconf 78' lang='lat' dir='ltr'>Lxxiv</span> <span class='ocrx_word' id='word_1_758' title='bbox 2928 4909 2940 4947; x_wconf 94' lang='lat'><strong>:</strong></span> <span class='ocrx_word' id='word_1_759' title='bbox 2986 4895 3166 4950; x_wconf 81' lang='lat' dir='ltr'>Nolite</span> <span class='ocrx_word' id='word_1_760' title='bbox 3215 4894 3491 4949; x_wconf 72' lang='lat' dir='ltr'>extollere</span> <span class='ocrx_word' id='word_1_761' title='bbox 3521 4894 3584 4949; x_wconf 82' lang='lat' dir='ltr'>in</span> 
     </span>
    </p>
   </div>
   <div class='ocr_carea' id='block_1_99' title="bbox 1990 4987 2694 5040">
    <p class='ocr_par' dir='ltr' id='par_1_99' title="bbox 1990 4987 2694 5040">
     <span class='ocr_line' id='line_1_99' title="bbox 1990 4987 2694 5040; baseline -0.001 -1"><span class='ocrx_word' id='word_1_762' title='bbox 1990 4987 2175 5040; x_wconf 88' lang='lat' dir='ltr'>altum</span> <span class='ocrx_word' id='word_1_763' title='bbox 2208 5000 2385 5040; x_wconf 87' lang='lat' dir='ltr'>cornu</span> <span class='ocrx_word' id='word_1_764' title='bbox 2428 4990 2694 5040; x_wconf 83' lang='lat' dir='ltr'>vestrum.</span> 
     </span>
    </p>
   </div>
   <div class='ocr_carea' id='block_1_100' title="bbox 290 5056 3580 5145">
    <p class='ocr_par' dir='ltr' id='par_1_100' title="bbox 290 5056 3580 5145">
     <span class='ocr_line' id='line_1_100' title="bbox 290 5056 3580 5145; baseline 0.002 -25"><span class='ocrx_word' id='word_1_765' title='bbox 290 5067 423 5137; x_wconf 90' lang='lat' dir='ltr'>quid</span> <span class='ocrx_word' id='word_1_766' title='bbox 451 5067 686 5138; x_wconf 90' lang='lat' dir='ltr'>antiquis</span> <span class='ocrx_word' id='word_1_767' title='bbox 733 5068 977 5122; x_wconf 89' lang='lat' dir='ltr'>terminis</span> <span class='ocrx_word' id='word_1_768' title='bbox 1033 5062 1347 5140; x_wconf 82' lang='lat' dir='ltr'>contiguuni</span> <span class='ocrx_word' id='word_1_769' title='bbox 1375 5070 1441 5125; x_wconf 93' lang='lat' dir='ltr'>de</span> <span class='ocrx_word' id='word_1_770' title='bbox 1490 5087 1631 5125; x_wconf 90' lang='lat' dir='ltr'>novo</span> <span class='ocrx_word' id='word_1_771' title='bbox 1658 5072 1890 5126; x_wconf 91' lang='lat' dir='ltr'>accede-</span> <span class='ocrx_word' id='word_1_772' title='bbox 1914 5056 1965 5113; x_wconf 80' lang='grc' dir='ltr'>Ῑ)</span> <span class='ocrx_word' id='word_1_773' title='bbox 2065 5074 2227 5127; x_wconf 90' lang='lat' dir='ltr'>Num.</span> <span class='ocrx_word' id='word_1_774' title='bbox 2246 5075 2296 5125; x_wconf 89' lang='lat'>6.</span> <span class='ocrx_word' id='word_1_775' title='bbox 2321 5074 2488 5127; x_wconf 83' lang='lat' dir='ltr'>Sedet</span> <span class='ocrx_word' id='word_1_776' title='bbox 2506 5076 2727 5128; x_wconf 65' lang='lat' dir='ltr'>carteris</span> <span class='ocrx_word' id='word_1_777' title='bbox 2742 5074 3203 5145; x_wconf 81' lang='lat' dir='ltr'>temporibusnon</span> <span class='ocrx_word' id='word_1_778' title='bbox 3218 5074 3453 5145; x_wconf 82' lang='lat' dir='ltr'>passim,</span> <span class='ocrx_word' id='word_1_779' title='bbox 3478 5080 3580 5128; x_wconf 90' lang='lat' dir='ltr'>etc.</span> 
     </span>
    </p>
   </div>
   <div class='ocr_carea' id='block_1_101' title="bbox 288 5157 1892 5230">
    <p class='ocr_par' dir='ltr' id='par_1_101' title="bbox 288 5157 1892 5230">
     <span class='ocr_line' id='line_1_101' title="bbox 288 5157 1892 5230; baseline 0.004 -21"><span class='ocrx_word' id='word_1_780' title='bbox 288 5162 395 5221; x_wconf 88' lang='lat' dir='ltr'>ret,</span> <span class='ocrx_word' id='word_1_781' title='bbox 428 5170 553 5210; x_wconf 89' lang='lat' dir='ltr'>cum</span> <span class='ocrx_word' id='word_1_782' title='bbox 602 5172 819 5227; x_wconf 91' lang='lat' dir='ltr'>semper</span> <span class='ocrx_word' id='word_1_783' title='bbox 865 5157 933 5210; x_wconf 92' lang='lat' dir='ltr'>ad</span> <span class='ocrx_word' id='word_1_784' title='bbox 983 5172 1229 5212; x_wconf 88' lang='lat' dir='ltr'>eremum</span> <span class='ocrx_word' id='word_1_785' title='bbox 1275 5158 1571 5213; x_wconf 68' lang='lat' dir='ltr'>Cartbusiaa</span> <span class='ocrx_word' id='word_1_786' title='bbox 1619 5161 1892 5230; x_wconf 90' lang='lat' dir='ltr'>pertinere</span> 
     </span>
    </p>
   </div>
   <div class='ocr_carea' id='block_1_102' title="bbox 288 5244 1887 5315">
    <p class='ocr_par' dir='ltr' id='par_1_102' title="bbox 288 5244 1887 5315">
     <span class='ocr_line' id='line_1_102' title="bbox 288 5244 1887 5315; baseline 0.001 -15"><span class='ocrx_word' id='word_1_787' title='bbox 288 5252 666 5300; x_wconf 81' lang='lat' dir='ltr'>censerentur.</span> <span class='ocrx_word' id='word_1_788' title='bbox 709 5244 923 5315; x_wconf 87' lang='lat' dir='ltr'>Quippe</span> <span class='ocrx_word' id='word_1_789' title='bbox 955 5245 1008 5297; x_wconf 93' lang='lat' dir='ltr'>in</span> <span class='ocrx_word' id='word_1_790' title='bbox 1039 5262 1223 5300; x_wconf 90' lang='lat' dir='ltr'>eremo</span> <span class='ocrx_word' id='word_1_791' title='bbox 1255 5261 1570 5303; x_wconf 89' lang='lat' dir='ltr'>aconcursu</span> <span class='ocrx_word' id='word_1_792' title='bbox 1588 5248 1887 5313; x_wconf 90' lang='lat' dir='ltr'>hominum,</span> 
     </span>
    </p>
   </div>
   <div class='ocr_carea' id='block_1_103' title="bbox 289 5330 1891 5406">
    <p class='ocr_par' dir='ltr' id='par_1_103' title="bbox 289 5330 1891 5406">
     <span class='ocr_line' id='line_1_103' title="bbox 289 5330 1891 5406; baseline 0.005 -23"><span class='ocrx_word' id='word_1_793' title='bbox 289 5348 319 5384; x_wconf 91' lang='lat' dir='ltr'>a</span> <span class='ocrx_word' id='word_1_794' title='bbox 344 5330 501 5402; x_wconf 89' lang='lat' dir='ltr'>pagis</span> <span class='ocrx_word' id='word_1_795' title='bbox 530 5340 583 5386; x_wconf 90' lang='lat' dir='ltr'>et</span> <span class='ocrx_word' id='word_1_796' title='bbox 614 5332 756 5387; x_wconf 86' lang='lat' dir='ltr'>villis</span> <span class='ocrx_word' id='word_1_797' title='bbox 785 5343 993 5388; x_wconf 91' lang='lat' dir='ltr'>remota</span> <span class='ocrx_word' id='word_1_798' title='bbox 1016 5334 1332 5399; x_wconf 89' lang='lat' dir='ltr'>consistunt,</span> <span class='ocrx_word' id='word_1_799' title='bbox 1358 5344 1520 5406; x_wconf 89' lang='lat' dir='ltr'>atque</span> <span class='ocrx_word' id='word_1_800' title='bbox 1551 5336 1618 5391; x_wconf 91' lang='lat' dir='ltr'>de</span> <span class='ocrx_word' id='word_1_801' title='bbox 1648 5338 1891 5391; x_wconf 90' lang='lat' dir='ltr'>terminis</span> 
     </span>
    </p>
   </div>
   <div class='ocr_carea' id='block_1_104' title="bbox 288 5420 1891 5495">
    <p class='ocr_par' dir='ltr' id='par_1_104' title="bbox 288 5420 1891 5495">
     <span class='ocr_line' id='line_1_104' title="bbox 288 5420 1891 5495; baseline 0.005 -24"><span class='ocrx_word' id='word_1_802' title='bbox 288 5434 403 5473; x_wconf 89' lang='lat' dir='ltr'>non</span> <span class='ocrx_word' id='word_1_803' title='bbox 431 5420 753 5490; x_wconf 90' lang='lat' dir='ltr'>scrupulose</span> <span class='ocrx_word' id='word_1_804' title='bbox 786 5430 837 5476; x_wconf 91' lang='lat' dir='ltr'>et</span> <span class='ocrx_word' id='word_1_805' title='bbox 867 5422 1108 5493; x_wconf 85' lang='lat' dir='ltr'>physice,</span> <span class='ocrx_word' id='word_1_806' title='bbox 1145 5423 1240 5477; x_wconf 85' lang='lat' dir='ltr'>sed</span> <span class='ocrx_word' id='word_1_807' title='bbox 1290 5424 1567 5479; x_wconf 87' lang='lat' dir='ltr'>moraliter</span> <span class='ocrx_word' id='word_1_808' title='bbox 1594 5424 1891 5495; x_wconf 88' lang='lat' dir='ltr'>intelligen-</span> 
     </span>
    </p>
   </div>
   <div class='ocr_carea' id='block_1_105' title="bbox 292 5506 730 5578">
    <p class='ocr_par' dir='ltr' id='par_1_105' title="bbox 292 5506 730 5578">
     <span class='ocr_line' id='line_1_105' title="bbox 292 5506 730 5578; baseline 0.002 -17"><span class='ocrx_word' id='word_1_809' title='bbox 292 5506 378 5561; x_wconf 92' lang='lat' dir='ltr'>dis</span> <span class='ocrx_word' id='word_1_810' title='bbox 411 5507 498 5563; x_wconf 86' lang='lat' dir='ltr'>hic</span> <span class='ocrx_word' id='word_1_811' title='bbox 530 5508 730 5578; x_wconf 86' lang='lat' dir='ltr'>agitur.</span> 
     </span>
    </p>
   </div>
   <div class='ocr_carea' id='block_1_106' title="bbox 1993 5161 3585 5234">
    <p class='ocr_par' dir='ltr' id='par_1_106' title="bbox 1993 5161 3585 5234">
     <span class='ocr_line' id='line_1_106' title="bbox 1993 5161 3585 5234; baseline 0.001 -20"><span class='ocrx_word' id='word_1_812' title='bbox 1993 5161 2090 5216; x_wconf 89' lang='lat' dir='ltr'>Hic</span> <span class='ocrx_word' id='word_1_813' title='bbox 2120 5168 2267 5231; x_wconf 90' lang='lat' dir='ltr'>patet</span> <span class='ocrx_word' id='word_1_814' title='bbox 2299 5161 2443 5233; x_wconf 89' lang='lat' dir='ltr'>quod</span> <span class='ocrx_word' id='word_1_815' title='bbox 2474 5162 2853 5232; x_wconf 84' lang='lat' dir='ltr'>hospitalitatis</span> <span class='ocrx_word' id='word_1_816' title='bbox 2884 5162 3079 5232; x_wconf 89' lang='lat' dir='ltr'>gratia,</span> <span class='ocrx_word' id='word_1_817' title='bbox 3100 5177 3360 5232; x_wconf 90' lang='lat' dir='ltr'>personas</span> <span class='ocrx_word' id='word_1_818' title='bbox 3390 5177 3585 5234; x_wconf 88' lang='lat' dir='ltr'>graves</span> 
     </span>
    </p>
   </div>
   <div class='ocr_carea' id='block_1_107' title="bbox 1992 5249 3582 5321">
    <p class='ocr_par' dir='ltr' id='par_1_107' title="bbox 1992 5249 3582 5321">
     <span class='ocr_line' id='line_1_107' title="bbox 1992 5249 3582 5321; baseline -0.001 -18"><span class='ocrx_word' id='word_1_819' title='bbox 1992 5257 2044 5303; x_wconf 90' lang='lat' dir='ltr'>et</span> <span class='ocrx_word' id='word_1_820' title='bbox 2074 5250 2330 5304; x_wconf 89' lang='lat' dir='ltr'>honestas</span> <span class='ocrx_word' id='word_1_821' title='bbox 2358 5250 2507 5321; x_wconf 89' lang='lat' dir='ltr'>prior</span> <span class='ocrx_word' id='word_1_822' title='bbox 2536 5250 2840 5305; x_wconf 91' lang='lat' dir='ltr'>deducebat</span> <span class='ocrx_word' id='word_1_823' title='bbox 2870 5250 2937 5303; x_wconf 91' lang='lat' dir='ltr'>ad</span> <span class='ocrx_word' id='word_1_824' title='bbox 2984 5250 3203 5305; x_wconf 92' lang='lat' dir='ltr'>domum</span> <span class='ocrx_word' id='word_1_825' title='bbox 3252 5249 3582 5319; x_wconf 83' lang='lat' dir='ltr'>inferiorem,</span> 
     </span>
    </p>
   </div>
   <div class='ocr_carea' id='block_1_108' title="bbox 1992 5337 3587 5409">
    <p class='ocr_par' dir='ltr' id='par_1_108' title="bbox 1992 5337 3587 5409">
     <span class='ocr_line' id='line_1_108' title="bbox 1992 5337 3587 5409; baseline 0 -16"><span class='ocrx_word' id='word_1_826' title='bbox 1992 5337 2077 5393; x_wconf 88' lang='lat' dir='ltr'>vel</span> <span class='ocrx_word' id='word_1_827' title='bbox 2098 5338 2169 5391; x_wconf 91' lang='lat' dir='ltr'>ibi</span> <span class='ocrx_word' id='word_1_828' title='bbox 2200 5354 2294 5393; x_wconf 89' lang='lat' dir='ltr'>eas</span> <span class='ocrx_word' id='word_1_829' title='bbox 2330 5338 2612 5405; x_wconf 88' lang='lat' dir='ltr'>visitabat;</span> <span class='ocrx_word' id='word_1_830' title='bbox 2648 5355 2771 5393; x_wconf 89' lang='lat' dir='ltr'>nam</span> <span class='ocrx_word' id='word_1_831' title='bbox 2820 5346 2947 5394; x_wconf 91' lang='lat' dir='ltr'>tunc</span> <span class='ocrx_word' id='word_1_832' title='bbox 2988 5339 3250 5409; x_wconf 90' lang='lat' dir='ltr'>temporis</span> <span class='ocrx_word' id='word_1_833' title='bbox 3298 5338 3373 5392; x_wconf 92' lang='lat' dir='ltr'>ibi</span> <span class='ocrx_word' id='word_1_834' title='bbox 3410 5353 3587 5393; x_wconf 81' lang='lat' dir='ltr'>came-</span> 
     </span>
    </p>
   </div>
   <div class='ocr_carea' id='block_1_109' title="bbox 1991 5427 3584 5498">
    <p class='ocr_par' dir='ltr' id='par_1_109' title="bbox 1991 5427 3584 5498">
     <span class='ocr_line' id='line_1_109' title="bbox 1991 5427 3584 5498; baseline 0.001 -19"><span class='ocrx_word' id='word_1_835' title='bbox 1991 5443 2094 5495; x_wconf 87' lang='lat' dir='ltr'>ras,</span> <span class='ocrx_word' id='word_1_836' title='bbox 2128 5427 2182 5480; x_wconf 91' lang='lat' dir='ltr'>in</span> <span class='ocrx_word' id='word_1_837' title='bbox 2215 5427 2411 5498; x_wconf 89' lang='lat' dir='ltr'>quibus</span> <span class='ocrx_word' id='word_1_838' title='bbox 2461 5427 2702 5498; x_wconf 87' lang='lat' dir='ltr'>hospites</span> <span class='ocrx_word' id='word_1_839' title='bbox 2743 5427 3096 5482; x_wconf 88' lang='lat' dir='ltr'>communiter</span> <span class='ocrx_word' id='word_1_840' title='bbox 3139 5428 3208 5481; x_wconf 88' lang='lat' dir='ltr'>ad</span> <span class='ocrx_word' id='word_1_841' title='bbox 3252 5434 3584 5498; x_wconf 89' lang='lat' dir='ltr'>pernoctan-</span> 
     </span>
    </p>
   </div>
   <div class='ocr_carea' id='block_1_110' title="bbox 1991 5514 3583 5587">
    <p class='ocr_par' dir='ltr' id='par_1_110' title="bbox 1991 5514 3583 5587">
     <span class='ocr_line' id='line_1_110' title="bbox 1991 5514 3583 5587; baseline 0.003 -19"><span class='ocrx_word' id='word_1_842' title='bbox 1991 5514 2115 5569; x_wconf 89' lang='lat' dir='ltr'>dum</span> <span class='ocrx_word' id='word_1_843' title='bbox 2148 5515 2201 5569; x_wconf 90' lang='lat' dir='ltr'>in</span> <span class='ocrx_word' id='word_1_844' title='bbox 2232 5517 2332 5571; x_wconf 89' lang='lat' dir='ltr'>hac</span> <span class='ocrx_word' id='word_1_845' title='bbox 2363 5516 2554 5581; x_wconf 89' lang='lat' dir='ltr'>majori</span> <span class='ocrx_word' id='word_1_846' title='bbox 2585 5516 2866 5572; x_wconf 88' lang='lat' dir='ltr'>Carthusia</span> <span class='ocrx_word' id='word_1_847' title='bbox 2889 5517 3286 5587; x_wconf 81' lang='lat' dir='ltr'>exciperentur,</span> <span class='ocrx_word' id='word_1_848' title='bbox 3310 5515 3583 5572; x_wconf 84' lang='lat' dir='ltr'>exstitisse</span> 
     </span>
    </p>
   </div>
  </div>
