3978 6050
364 168 467 222 667
1192 171 1534 229 GUIGONIS
1573 174 1594 227 Ι
1641 174 1989 229 CARTHUSI

2096 170 2388 229 MAIORIS
2434 172 2711 229 PRIORIS
2750 172 2818 225 V.

1714 298 2111 354 CAPITULUM
2156 300 2299 355 XVI.

1502 398 1576 452 De
1606 401 1969 468 procuratore
2001 397 2195 452 domus
2215 398 2531 468 inferioris.

446 488 496 540 1.
529 485 830 542 Praeficitur
860 489 1001 544 enim
1033 491 1100 544 ab
1133 508 1198 547 eo
1246 493 1429 548 eidem
1458 494 1642 548 domui
1688 511 1827 548 unus
1874 511 1904 549 e
1948 496 2229 550 monachis
2278 495 2513 567 diligens
2551 501 2889 566 procurator,
2939 491 3017 545 sic
3057 490 3199 544 enim
3243 506 3365 545 eum
3411 491 3659 546 volumus

372 583 658 654 appellari.
700 585 805 653 Qui
836 587 1217 644 universorum
1249 600 1465 646 strenue
1494 609 1673 647 curam
1704 610 1924 663 gerens,
1957 594 2002 647 si
2030 608 2292 666 magnum
2320 591 2526 662 aliquid
2554 599 2641 645 aut
2668 599 2869 662 praeter
2897 587 3347 643 consuetudinem
3389 589 3660 659 agendum

372 688 473 750 est,
525 682 592 735 ad
624 682 820 753 prioris
851 686 1082 740 recurrit
1114 704 1333 759 semper
1359 688 1664 757 consilium,
1697 705 1799 745 nec
1848 691 2055 760 grande
2104 689 2328 761 aliquid,
2377 694 2577 759 praeter
2621 688 2736 757 ejus
2778 686 3073 751 licentiam,
3124 686 3328 741 donare
3379 687 3661 757 praesumit

370 784 455 830 aut
486 791 652 849 agere
665 821 678 833 .
1391 792 1403 799 ’

3547 175 3647 225 668

442 877 495 929 2.
528 875 635 929 Sed
666 885 717 930 et
746 877 883 947 ipse,
912 882 1159 951 quamvis
1189 883 1439 953 exemplo
1466 884 1710 949 Martha,
1748 883 1897 952 cujus
1929 883 2169 954 suscepit
2197 884 2448 949 officium,
2481 884 2629 939 circa
2674 880 2844 935 multa
2887 880 3163 936 sollicitari
3196 888 3249 935 et
3299 882 3503 935 turbari
3550 899 3654 937 ne-

373 985 527 1027 cesse
572 974 789 1040 habeat,
841 977 1111 1032 silentium
1151 987 1331 1034 tamen
1380 990 1431 1034 et
1481 980 1715 1050 quietem
1766 980 1918 1035 cellae
1967 997 2075 1035 non
2122 983 2334 1051 penitus
2382 981 2615 1049 abjicere
2656 987 2747 1033 aut
2777 978 3071 1033 abhorrere
3103 979 3260 1033 solet.
3321 980 3426 1034 Sed
3456 981 3655 1050 potius,

375 1078 632 1139 quantum
663 1073 857 1128 domus
887 1078 1109 1149 negotia
1138 1078 1431 1147 patiuntur,
1465 1078 1621 1149 quasi
1650 1078 1717 1131 ad
1749 1078 2073 1132 tutissimum
2106 1087 2157 1132 et
2188 1079 2585 1150 quietissimum
2630 1084 2818 1149 portus
2864 1076 3064 1143 sinum,
3115 1077 3182 1131 ad
3226 1076 3417 1131 cellam
3446 1093 3664 1149 semper

378 1169 624 1236 recurrit,
658 1178 712 1223 ut
738 1171 991 1243 legendo,
1026 1175 1254 1241 orando,
1290 1175 1600 1230 meditando
1650 1184 1701 1228 et
1741 1175 2080 1230 turbulentos
2130 1178 2295 1230 animi
2346 1177 2427 1231 sui
2474 1184 2654 1231 motus
2701 1190 2764 1228 ex
2816 1189 2998 1227 rerum
3031 1172 3361 1227 exteriorum
3403 1188 3530 1229 cura
3577 1168 3665 1227 vel

375 1261 725 1333 dispositione
754 1278 1040 1338 surgentes
1072 1272 1287 1341 sedare,
1321 1281 1374 1327 et
1403 1272 1457 1327 in
1486 1274 1697 1329 arcanis
1727 1273 1809 1327 sui
1838 1273 2075 1343 pectoris
2106 1273 2310 1344 aliquid
2341 1274 2574 1340 salubre,
2610 1271 2754 1343 quod
2800 1269 3058 1323 fratribus
3108 1268 3414 1324 commissis
3461 1269 3516 1323 in
3563 1285 3660 1323 ca-

376 1359 545 1429 pitulo
577 1364 814 1419 suaviter
843 1374 893 1420 et
926 1368 1199 1437 sapienter
1247 1378 1472 1437 eructet,
1511 1372 1685 1442 possit
1732 1371 2048 1427 recondere.
2101 1372 2273 1426 Tanto
2318 1371 2461 1426 enim
2509 1367 2962 1441 frequentioribus
3007 1366 3479 1437 prazdicationibus
3520 1365 3666 1419 indi-

377 1466 527 1529 gent,
562 1470 761 1530 quanto
793 1463 970 1518 minus
997 1466 1206 1521 litteras
1236 1476 1451 1523 norunt.

451 1559 508 1608 3.
550 1555 652 1624 Qui
683 1558 747 1625 si,
783 1562 926 1630 quod
958 1563 1110 1629 absit,
1143 1565 1430 1637 negligens
1462 1574 1552 1619 aut
1578 1566 1842 1638 prodigus
1873 1574 1965 1619 aut
1992 1573 2279 1620 contumax
2310 1565 2563 1620 inventus
2591 1564 2768 1629 fuerit,
2820 1561 3129 1633 saepiusque
3170 1569 3459 1631 corruptus
3489 1577 3665 1616 emen-

383 1651 513 1706 dare
540 1654 790 1722 noluerit,
825 1659 1114 1732 subrogato
1144 1662 1200 1716 in
1246 1663 1426 1718 locum
1472 1664 1588 1733 ejus
1628 1663 1877 1727 meliore,
1927 1663 1997 1717 ad
2040 1664 2191 1718 cella
2235 1663 2480 1732 protinus
2540 1661 2841 1717 custodiam
2893 1666 3193 1727 revocatur,
3248 1665 3306 1711 ut
3348 1656 3441 1728 qui
3486 1658 3667 1729 nequit

385 1749 634 1821 alienam,
669 1770 823 1809 suam
852 1757 1043 1813 saltem
1071 1769 1329 1830 Operetur
1361 1761 1617 1815 salutem.

1756 1856 2146 1912 CAPITULUM
2175 1857 2345 1910 XVII.

1305 1956 1380 2010 De
1410 1956 1635 2023 inﬁrmo
1664 1956 1759 2027 qui
1777 1956 2033 2009 mittitur
2061 1955 2133 2008 ad
2162 1956 2494 2024 inferiorem
2524 1953 2768 2009 domum.

461 2071 505 2118 t.
541 2063 699 2131 Quod
732 2065 775 2119 si
808 2083 969 2137 quem
1000 2067 1163 2121 alium
1202 2085 1266 2123 ex
1304 2070 1588 2124 monachis
1618 2069 1684 2123 ad
1722 2068 2036 2123 inferiorem
2081 2068 2298 2123 domum
2345 2065 2534 2121 fecerit
2580 2066 2729 2137 prior
2770 2065 3103 2122 descendere
3151 2063 3232 2135 (fit
3280 2070 3459 2119 autem
3506 2079 3654 2121 raro.

385 2176 585 2232 magna
612 2163 843 2231 quadam
875 2171 927 2217 et
957 2181 1096 2234 pene
1127 2165 1423 2221 inevitabili
1453 2166 1793 2231 necessitate,
1829 2165 1912 2220 vel
1945 2165 2013 2220 ad
2051 2163 2393 2235 importabile
2425 2164 2641 2217 tmdium
2690 2164 3064 2230 relevandum,
3097 2162 3183 2216 vel
3212 2161 3278 2215 ad
3307 2160 3667 2231 periculosam

388 2257 677 2328 aliquando
706 2261 1055 2317 tentationem
1086 2264 1405 2329 sedandam,
1439 2265 1526 2318 vel
1556 2264 1626 2318 ad
1656 2280 1827 2336 genus
1860 2263 2080 2333 aliquod
2110 2263 2287 2316 morbi
2336 2261 2651 2334 gravissimi
2693 2259 3095 2334 mitigandum),
3130 2259 3174 2312 si
3205 2274 3367 2330 quem
3424 2274 3557 2329 ergo
3591 2265 3673 2309 ta-

388 2355 515 2409 lium
546 2356 643 2427 [αι.
676 2357 862 2431 alium]
892 2359 1119 2415 inferius
1148 2362 1485 2417 descendere
1518 2362 1667 2432 prior
1694 2361 1900 2427 fecerit,
1935 2361 2003 2415 de
2031 2359 2473 2429 dispositionibus
2505 2367 2556 2414 et
2587 2359 2820 2432 negotiis
2850 2357 3123 2428 totiusque
3152 2356 3345 2410 domus
3375 2369 3505 2410 cura
3533 2353 3678 2407 nulla

389 2469 449 2509 se
478 2454 789 2510 curiositate
818 2456 1153 2513 intromittet.

457 2554 511 2608 2.
549 2553 669 2608 Non
708 2554 851 2609 enim
880 2557 1096 2626 expedit
1146 2556 1430 2612 habitatori
1462 2557 1613 2612 cella
1660 2573 1825 2612 nosse
1872 2555 2199 2624 hujusmodi,
2233 2562 2346 2609 tum
2399 2554 2558 2610 etiam
2612 2553 2773 2608 totius
2815 2553 3012 2608 domus
3052 2550 3172 2623 paci
3218 2550 3550 2606 contrarium
3571 2552 3673 2602 est.

1757 2678 2327 2735 COMMENTARIUS.

389 2800 595 2850 certum
625 2802 725 2861 est,
760 2796 1007 2867 quamvis
1038 2796 1199 2851 etiam
1237 2798 1418 2868 aliqua
1463 2796 1763 2852 diversoria
1791 2797 1844 2850 in
1875 2813 1969 2850 su-

2096 2809 2406 2882 :xsequendi
2436 2809 2489 2862 in
2520 2808 2730 2863 ordine.
2766 2808 2862 2862 Cui
2900 2808 2946 2862 si
2978 2823 3036 2862 se
3066 2806 3405 2863 conformare
3434 2807 3679 2861 studeant

387 2884 589 2955 periori
617 2884 778 2939 domo
799 2885 1147 2952 haberentur,
1182 2894 1239 2940 ut
1267 2886 1400 2940 infra
1433 2886 1718 2940 videbitur.

459 2972 627 3027 Porro
658 2989 718 3027 ea
748 2973 926 3027 omnia
957 2991 1077 3044 quae
1107 2975 1160 3027 in
1192 2976 1297 3030 hoc
1333 2975 1568 3045 capitulo
1619 2972 1979 3040 continentur,

390 3060 458 3116 de
488 3061 656 3117 verbo
681 3062 750 3116 ad
782 3063 1007 3117 verbum
1036 3063 1201 3117 relata
1230 3064 1495 3117 habentur
1524 3063 1578 3116 in
1607 3062 1840 3133 antiquis
1871 3070 1983 3115 sta-

392 3150 517 3203 tutis
546 3165 585 3204 Il
628 3159 770 3221 part.
805 3166 924 3221 cap.
956 3154 1007 3217 5,
1038 3168 1131 3204 nn.
1168 3156 1191 3205 1
1227 3160 1278 3206 et
1309 3169 1487 3223 seqq.;
1522 3167 1644 3221 cap.
1681 3154 1731 3218 6,
1783 3166 1875 3203 nn.
1930 3154 1981 3214 1,

391 3244 481 3306 23,
515 3244 602 3307 30,
634 3245 688 3307 2,
721 3244 751 3294 3
783 3248 836 3294 et
863 3242 930 3297 24
955 3258 969 3307 ;
1002 3249 1054 3296 et
1083 3240 1206 3296 ideo
1236 3241 1368 3295 nihil
1402 3256 1629 3311 prorsus
1659 3256 1725 3294 ex
1752 3240 1857 3295 hoc
1887 3254 1985 3294 ca-

389 3328 561 3399 pitulo
590 3328 687 3382 fuit
716 3328 975 3383 omissum
1009 3330 1154 3401 quod
1184 3330 1238 3383 in
1268 3337 1452 3386 vetera
1491 3336 1685 3385 statuta
1724 3344 1833 3382 non
1863 3328 1985 3383 fue-

390 3416 459 3471 rit
488 3416 838 3471 transfusum.

464 3505 595 3561 CAP.
618 3506 763 3560 XVI.
789 3537 856 3545 —
875 3507 951 3562 De
971 3511 1340 3578 procuratore
1356 3508 1552 3562 domus
1576 3507 1886 3577 inferioris.
1911 3506 1988 3559 Ea

390 3595 574 3650 omnia
601 3612 719 3666 quae
766 3594 821 3649 in
870 3596 971 3650 hoc
1018 3596 1254 3667 capitulo
1301 3595 1583 3660 habentur,
1649 3595 1990 3665 procuratori

393 3684 588 3738 domus
616 3684 891 3739 inferioris
920 3692 1150 3755 possunt
1188 3692 1392 3738 tantum
1434 3683 1699 3755 applicari
1729 3702 1741 3737 :
1779 3699 1903 3737 nam
1934 3684 1988 3738 in

392 3772 642 3827 domibus
673 3773 727 3827 in
755 3773 951 3844 quibus
994 3773 1187 3827 domus
1232 3772 1454 3826 inferior
1492 3788 1599 3826 non
1649 3780 1800 3836 erat,
1834 3773 1991 3842 plura

395 3878 514 3933 quae
542 3862 629 3917 hic
658 3862 909 3918 dicuntur
938 3876 1045 3915 non
1074 3860 1326 3923 faciebat,
1359 3869 1519 3930 prout
1556 3877 1653 3931 per
1688 3861 1989 3916 ordinatio-

392 3967 491 4005 nes
522 3950 878 4021 capitulorum
911 3948 1250 4021 generalium
1278 3948 1536 4019 deinceps
1577 3949 1991 4003 determinatum

392 4038 510 4107 fuit,
542 4049 598 4092 ut
632 4039 743 4093 suis
770 4037 904 4092 locis
933 4037 1225 4091 videbitur.
1260 4036 1369 4089 Cur
1414 4044 1593 4091 autem
1624 4036 1817 4091 domus
1848 4036 1991 4093 infe—

392 4127 505 4181 rior
535 4133 843 4182 constructa
891 4124 1052 4179 fuerit
1100 4126 1154 4177 in
1204 4124 1368 4179 domo
1408 4125 1626 4193 Majoris
1670 4125 2060 4217 Carthusiae,B

392 4224 442 4270 et
473 4222 662 4285 postea
690 4214 758 4267 ad
805 4214 920 4282 ejus
965 4212 1311 4267 imitationem
1356 4214 1411 4267 in
1458 4214 1847 4285 antiquioribus
1892 4215 1988 4269 do-

395 4303 573 4356 mibus
603 4302 826 4367 ordinis,
859 4317 977 4373 quae
998 4302 1157 4355 etiam
1182 4300 1449 4358 Correriw
1469 4312 1747 4369 vocantur,
1772 4304 1990 4358 nomine

394 4398 672 4460 assumpto
702 4390 770 4444 ab
799 4390 891 4445 illo
920 4389 1165 4444 inferiori
1195 4391 1356 4444 domo
1377 4390 1678 4446 Carthusiae
1709 4408 1829 4461 qua:
1860 4391 1991 4445 Cor-

396 4478 539 4533 reria
569 4478 765 4533 dicitur
785 4479 811 4531 ‘I
839 4479 897 4533 Id
925 4478 1122 4533 factum
1149 4478 1422 4533 credimus
1456 4487 1510 4533 ut
1539 4495 1572 4533 a
1618 4480 1779 4534 domo
1802 4495 1993 4548 ,supe-

399 4566 546 4632 riori,
578 4567 668 4621 ubi
712 4566 963 4622 monachi
1012 4567 1342 4637 habitabant,
1391 4567 1568 4622 omnis
1597 4568 1853 4637 strepitus
1901 4567 1990 4621 ille

394 4664 690 4725 arceretur,
723 4656 813 4727 qui
843 4656 921 4711 rei
954 4654 1199 4709 familiari
1221 4656 1578 4726 procurandae
1600 4654 1865 4709 naturalis
1888 4663 1988 4721 est,

397 4752 448 4800 ct
470 4760 537 4799 ne
568 4760 631 4799 cx
666 4744 893 4798 tumultu
930 4744 1294 4799 recedentium
1328 4744 1481 4815 quies
1513 4744 1907 4798 monachorum
1938 4743 1992 4796 in

397 4832 509 4887 suis
539 4833 747 4888 cellulis
779 4833 1096 4888 turbaretur.

470 4922 631 4975 Num.
658 4926 709 4975 1.
752 4924 853 4990 Qui
874 4924 1285 4987 universorum,
1324 4929 1451 4987 etc.,
1495 4925 1596 4976 aut
1623 4926 1991 4993 prcetercon-

399 5011 779 5067 suetudinem.
804 5011 903 5066 Hic
925 5010 1293 5081 procuratoris
1315 5026 1440 5065 cura
1464 5010 1639 5080 qualis
1658 5017 1822 5075 esset,
1853 5017 1905 5064 et
1925 5011 1994 5063 ad

399 5115 518 5170 qua:
533 5115 593 5154 se
610 5099 927 5153 extenderet
946 5099 1283 5169 exprimitur,
1303 5113 1500 5167 nempe
1520 5098 1587 5151 ad
1608 5098 1862 5153 universa
1875 5115 1994 5169 quae

401 5187 523 5261 geri
549 5187 794 5242 solebant
823 5187 877 5241 in
908 5188 1070 5241 domo
1092 5186 1353 5249 inferiori,
1389 5194 1441 5241 et
1464 5186 1613 5253 juxta
1643 5187 1993 5240 consuetudi-

401 5293 546 5342 nem,
579 5293 703 5331 nam
734 5276 913 5331 statim
944 5283 1104 5346 atque
1155 5275 1282 5345 quid
1337 5281 1534 5345 praeter
1586 5282 1843 5330 consueta
1892 5291 1993 5345 ge-

403 5366 629 5421 rendum
659 5363 911 5428 occurrit,
944 5364 1008 5417 ad
1040 5363 1273 5433 priorem
1302 5363 1388 5417 hic
1421 5363 1729 5417 remittitur.

475 5455 535 5507 In
566 5454 669 5508 hoc
695 5453 947 5524 capitulo,
982 5452 1125 5523 quod
1147 5452 1214 5506 de
1236 5452 1402 5507 verbo
1424 5452 1491 5506 ad
1513 5453 1737 5507 verbum
1767 5453 1995 5507 relatum

404 5542 573 5595 habes
603 5541 657 5593 in
686 5540 922 5612 antiquis
970 5540 1208 5605 Statutis,
1270 5549 1403 5611 part.
1467 5557 1526 5607 Il,
1560 5557 1679 5611 cap.
1713 5546 1763 5608 8,
1793 5558 1849 5594 n.
1886 5545 1907 5593 1
1945 5549 1996 5595 et

407 5646 461 5687 n.
496 5632 583 5695 33,
616 5629 843 5683 habetur
882 5630 1105 5701 egregia
1153 5629 1321 5685 forma
1366 5630 1721 5685 ministerium
1770 5631 1993 5685 Marthae

2082 2899 2355 2965 ofﬁciales,
2388 2913 2494 2951 non
2525 2898 2770 2952 obstante
2799 2896 2918 2967 ipsa
2960 2913 3144 2951 rerum
3195 2904 3534 2951 externarum
3583 2896 3681 2949 ad-

2083 2987 2492 3053 ministratione,
2527 2985 2643 3041 veri
2673 2985 3014 3039 Carthusiani
3046 3001 3169 3040 esse
3212 2984 3678 3054 perseverabunt;

2084 3078 2129 3131 si
2158 3092 2289 3131 vero
2321 3076 2375 3129 in
2404 3090 2585 3129 rerum
2614 3074 2991 3143 temporalium
3039 3088 3202 3128 curas
3231 3073 3305 3127 ita
3351 3088 3411 3127 se
3454 3072 3680 3126 immer-

2084 3172 2233 3235 gant,
2269 3172 2325 3218 ut
2356 3163 2588 3218 studium
2637 3163 2903 3217 orationis
2940 3162 3163 3229 intimae,
3205 3161 3358 3217 cellae
3387 3170 3680 3227 secretum,

2085 3261 2137 3308 et
2167 3252 2463 3322 spiritualis
2510 3251 2755 3306 lectionis
2798 3250 3214 3321 occupationem
3239 3265 3271 3304 a
3301 3266 3360 3304 se
3403 3249 3677 3318 abjiciant,

2084 3342 2171 3397 hic
2198 3348 2385 3396 contra
2416 3356 2475 3395 se
2506 3340 2705 3394 habent
2727 3339 2990 3408 judicium
3017 3338 3404 3413 conscriptum.

2158 3431 2287 3483 CAP.
2319 3430 2489 3485 XVII.
2523 3459 2591 3468 —
2635 3430 2713 3482 Ex
2748 3430 2852 3483 hoc
2898 3428 3132 3498 capitulo
3180 3441 3451 3497 apparere
3496 3426 3684 3497 incipit

2088 3518 2342 3573 discretio
2373 3533 2533 3588 quam
2566 3517 2671 3570 sibi
2697 3532 2799 3585 pro
2829 3516 3023 3589 regula
3071 3515 3360 3586 principali
3388 3521 3685 3585 posuerant

2089 3606 2314 3661 instituti
2335 3606 2506 3660 nostri
2532 3604 2865 3671 fundatores,
2901 3613 2953 3659 et
2981 3604 3054 3657 ibi
3101 3603 3473 3674 exprimuntur
3526 3619 3684 3659 casus

2088 3692 2143 3744 in
2174 3692 2368 3761 quibus
2401 3677 2641 3761 aliquod
2691 3689 2961 3756 levamen,
3013 3688 3158 3743 salva
3203 3688 3469 3758 propositi
3514 3686 3685 3742 nostri

2092 3779 2406 3848 substantia,
2440 3776 2669 3832 infirmis
2701 3778 2835 3832 dare
2863 3785 2989 3833 tunc
3025 3784 3442 3831 consueverant.
3493 3776 3599 3831 Sed
3630 3776 3682 3829 id

2090 3884 2199 3922 non
2227 3875 2309 3922 est
2334 3868 2569 3937 amplius
2600 3867 2653 3919 in
2683 3883 2787 3921 usu
2817 3866 2961 3936 apud
2991 3881 3110 3929 nos,
3145 3881 3210 3920 eo
3246 3865 3391 3937 quod
3419 3872 3541 3934 post
3569 3865 3682 3934 pri-

2090 3972 2237 4010 mum
2290 3956 2495 4011 ordinis
2545 3955 2823 4019 smculum,
2874 3954 2929 4008 in
2976 3954 3228 4008 omnibus
3273 3952 3388 4008 fere
3436 3953 3685 4007 domibus

2092 4061 2213 4114 quae
2244 4051 2564 4099 constructae
2610 4043 2841 4109 fuerunt,
2886 4043 3035 4096 nulla
3079 4041 3238 4096 fuerit
3280 4040 3542 4097 aedificata
3588 4041 3685 4096 do-

2092 4149 2215 4186 mus
2244 4132 2468 4187 inferior
2494 4149 2524 4185 a
2553 4132 2714 4186 domo
2757 4130 3025 4202 superiori
3073 4138 3339 4200 separata,
3374 4130 3502 4201 quia
3549 4145 3686 4185 con-

2092 4220 2281 4274 sultius
2304 4220 2601 4287 judicatum
2630 4228 2731 4284 est,
2765 4220 2832 4273 ad
2878 4218 3275 4289 perfectionem
3314 4217 3541 4271 instituti
3581 4233 3686 4272 no-

2092 4308 2189 4361 stri
2253 4307 2675 4375 observantiam,
2723 4316 2780 4360 ut
2827 4322 3018 4361 omnes
3065 4315 3173 4360 tam
3221 4306 3477 4362 monachi
3526 4321 3689 4376 quam

2091 4396 2343 4450 conversi
2387 4395 2526 4448 intra
2573 4395 2733 4448 unius
2789 4402 2842 4449 et
2887 4395 3130 4463 ejusdem
3187 4394 3383 4448 domus
3430 4392 3691 4448 ambitum

2091 4489 2436 4538 morarentur
2508 4483 2609 4535 sub
2674 4482 2918 4550 ejusdem
2975 4482 3168 4552 prioris
3219 4482 3395 4537 oculis
3426 4524 3439 4548 ,
3490 4489 3541 4535 et
3586 4482 3689 4535 sub

2092 4571 2284 4626 iisdem
2346 4569 2713 4640 spiritualibus
2775 4570 3046 4624 exercitiis
3093 4570 3388 4635 constituti,
3446 4568 3689 4624 aedifica-

2093 4660 2161 4713 tis
2210 4668 2388 4713 tamen
2436 4658 2726 4728 separatim
2754 4674 2784 4711 a
2840 4657 3073 4713 claustro
3138 4658 3407 4724 otiicinis,
3446 4665 3500 4713 et
3570 4656 3690 4711 aliis

2094 4746 2382 4813 similibus,
2415 4746 2505 4800 ubi
2555 4747 2762 4817 absque
2810 4747 3196 4801 monachorum
3241 4745 3690 4800 interturbatione

2093 4836 2335 4907 hospites
2366 4836 2754 4905 reciperentur,
2780 4842 2833 4889 et
2854 4850 2944 4889 res
2967 4833 3263 4888 familiares
3282 4834 3686 4904 perficerentur.

2095 4926 2237 4980 Usus
2267 4940 2405 4996 ergo
2436 4924 2528 4979 ille
2575 4923 2828 4994 antiquus
2858 4931 2937 4978 est
2988 4924 3042 4976 in
3080 4922 3274 4977 melius
3332 4929 3563 4976 mutatus
3590 4965 3602 4984 ,
3638 4929 3691 4975 et

2096 5013 2338 5067 subsidia
2365 5013 2506 5066 intra
2537 5012 2783 5067 eamdem
2822 5012 3039 5066 domum
3089 5011 3301 5066 cautius
3348 5026 3491 5065 nunc
3536 5008 3692 5063 mini-

2095 5102 2255 5156 strari
2286 5109 2516 5171 possunt
2558 5100 2803 5165 inﬁrmis,
2851 5100 3095 5155 adinstar
3142 5114 3331 5154 eorum
3370 5114 3491 5168 quae
3519 5097 3571 5150 in
3604 5096 3695 5151 illa

2096 5191 2257 5245 domo
2286 5189 2526 5243 inferiori
2556 5190 2854 5260 antiquitus
2880 5195 3131 5258 poterant
3157 5187 3404 5243 concedi.

2166 5280 2329 5333 Num.
2363 5281 2415 5335 2.
2447 5280 2568 5334 Non
2597 5280 2753 5333 enim
2782 5278 3011 5347 expedit
3029 5276 3334 5331 habitatori
3361 5275 3551 5340 celltz,
3584 5281 3690 5329 etc.

2099 5368 2197 5421 Hic
2218 5384 2538 5437 expressum
2566 5367 2829 5420 habemus
2874 5374 3130 5436 quantum
3170 5363 3455 5419 curiositas
3494 5379 3554 5417 se
3595 5362 3696 5416 im-

2101 5456 2361 5511 miscendi
2393 5455 2626 5526 negotiis
2657 5454 3039 5524 temporalibus
3087 5453 3371 5507 domorum
3402 5452 3596 5507 nociva
3625 5451 3697 5505 ab

2097 5544 2247 5598 initio
2270 5543 2512 5611 judicata
2560 5544 2627 5597 sit
2683 5543 2810 5597 viris
2866 5542 2956 5612 pio
3005 5542 3186 5596 Mariae
3246 5540 3503 5596 exercitio
3545 5539 3698 5594 addi-

2097 5633 2298 5687 scendo
2329 5638 2381 5686 et
2413 5631 2718 5687 exercendo
2777 5631 3041 5701 deputatis
3075 5649 3086 5683 :
3121 5638 3173 5685 et
3231 5630 3360 5684 illud
3415 5628 3558 5683 idem
3615 5636 3698 5683 est
