3978 6050
305 187 409 237 669

1652 174 2254 232 CONSUETUDINES.

3498 176 3600 232 670

304 305 610 371 Extraneis,
657 304 764 359 nisi
786 306 990 373 jussus,
1028 320 1139 359 non
1195 304 1461 375 loquetur,
1496 316 1619 367 nec,
1644 298 1926 356 conversis
1955 298 2158 370 passim
2190 308 2242 355 et
2272 300 2618 371 quibuslibet,
2654 301 2751 356 sed
2801 298 2887 355 bis
2931 308 3139 356 tantum
3192 300 3386 372 quibus
3431 299 3603 371 priori

298 402 385 458 vel
418 402 783 473 dispensatori
815 401 1080 472 placuerit
1114 416 1125 454 :
1157 409 1213 454 ut
1252 401 1297 454 si
1328 400 1453 455 talis
1474 407 1556 454 est
1602 398 1691 469 qui
1723 396 1935 452 erudire
1966 404 2019 450 et
2047 396 2317 451 consolari
2356 406 2547 469 potens
2579 397 2665 461 sit,
2700 413 2824 453 cum
2854 399 2937 453 his
2987 399 3238 469 loquatur
3270 398 3361 469 qui
3401 397 3603 453 erudiri

298 507 348 553 et
379 499 652 554 consolari
695 507 892 571 egent;
943 498 1024 553 sin
1071 506 1253 553 autem
1289 497 1406 567 ipse
1460 494 1827 552 consolatione
1875 493 1962 548 vel
2011 494 2314 573 eruditione
2352 512 2489 567 opus
2536 496 2732 562 habet,
2774 511 2898 551 cum
2928 496 3013 551 his
3058 497 3149 568 qui
3194 497 3311 552 haec
3351 504 3598 568 prestare

297 604 583 651 noverunt.

1549 661 2052 717 CAPITULUM
2105 663 2371 717 XVIII.

1628 759 1766 813 Item
1797 758 1864 813 de
1892 762 2280 830 procuratore.

366 861 480 915 Hoc
513 859 670 915 etiam
703 858 1058 915 omittendum
1114 873 1223 912 non
1274 866 1374 925 est,
1409 856 1555 928 quod
1584 872 1723 927 pene
1756 862 1937 909 tamen
1957 854 2107 909 obliti
2154 852 2441 920 fueramus,
2477 855 2604 927 quia
2642 854 2927 926 przedictus
2983 862 3300 927 procurator
3345 855 3400 909 in
3434 855 3595 910 domo

295 958 540 1015 inferiori
581 959 728 1014 vices
767 957 964 1028 prioris
1018 973 1297 1023 exercens,
1329 956 1571 1026 hospites
1605 953 1848 1023 suscipit,
1882 952 2177 1013 osculatur,
2213 958 2265 1005 et
2294 950 2339 1004 si
2369 952 2457 1005 tali
2493 952 2568 1021 (id
2600 961 2679 1007 est
2727 954 2869 1010 circa
2900 953 3129 1021 sextam)
3185 953 3406 1008 veniunt
3458 959 3595 1005 tem—

294 1073 452 1127 pore.
486 1065 537 1111 et
569 1055 701 1110 tales
740 1070 1012 1125 personae,
1055 1055 1159 1109 hoc
1189 1062 1271 1109 est
1310 1052 1584 1122 religiosa:
1632 1056 1779 1117 sunt,
1810 1056 1860 1103 et
1900 1047 2235 1119 praacipuum
2276 1063 2383 1102 non
2434 1057 2513 1103 est
2537 1050 2817 1119 jejunium,
2854 1052 3083 1122 prandet
3112 1067 3234 1105 cum
3278 1050 3386 1116 eis,
3436 1049 3595 1104 absti-

294 1154 493 1209 nentiae
521 1168 747 1209 censura
776 1152 970 1219 soluta,
1004 1159 1058 1207 et
1087 1151 1157 1206 ad
1185 1150 1422 1222 priorem
1449 1164 1585 1221 quos
1610 1148 1805 1218 dignos
1836 1143 2041 1213 judicat
2071 1154 2435 1217 congruenter
2466 1146 2794 1202 transmittit.

1666 1267 2241 1325 COMMENTARIUS.

294 1374 439 1446 quod
479 1379 674 1427 statuta
709 1379 895 1427 nostra
950 1378 1057 1425 tam
1112 1369 1334 1441 antiqua
1406 1383 1570 1439 quam
1627 1366 1893 1420 moderna
1913 1366 1966 1423 A
1995 1363 2143 1432 bant,
2179 1374 2235 1419 ut
2264 1366 2427 1420 etiam
2452 1366 2715 1435 jejunium
2748 1367 2962 1422 ordinis
2990 1374 3177 1439 posset
3205 1366 3384 1438 frangi
3415 1383 3448 1422 a
3476 1382 3599 1437 pro—

292 1469 579 1531 tantopere
609 1458 1008 1523 commendant,
1043 1458 1235 1513 eadem
1258 1456 1424 1511 verba
1446 1453 1746 1525 repetendo
1775 1467 1896 1523 qua

294 1550 384 1605 hic
414 1548 601 1604 scribit
632 1550 695 1603 R.
730 1549 792 1602 Ρ.
825 1547 1026 1617 Guigo,
1061 1554 1116 1601 et
1138 1546 1244 1600 alia
1274 1545 1430 1614 plura
1469 1543 1741 1597 addendo.

365 1638 527 1692 Num.
560 1642 613 1692 2.
649 1637 959 1691 Extraneis
1006 1636 1121 1689 nisi
1161 1635 1378 1704 jussus,
1422 1640 1533 1687 etc.
1592 1631 1652 1685 Id
1680 1627 1893 1700 signiﬁ—

296 1734 381 1782 cat
411 1725 557 1798 quod
586 1741 710 1780 cum
739 1723 1025 1791 extraneis,
1061 1723 1131 1777 ad
1160 1722 1378 1776 domum
1423 1720 1732 1775 inferiorem
1764 1734 1894 1788 pas-

298 1816 401 1869 sim
424 1813 856 1881 advenientibus,
888 1812 1191 1867 monachus
1221 1809 1467 1863 infirmus
1515 1809 1642 1863 illuc
1695 1806 1895 1860 missus

298 1903 447 1974 loqui
477 1919 586 1957 non
632 1908 846 1973 poterat
889 1900 1006 1955 sine
1037 1898 1255 1955 licentia
1310 1899 1440 1965 (hoc
1476 1896 1579 1951 sibi
1609 1895 1723 1951 vult
1769 1910 1894 1949 ver-

298 1992 427 2045 bum
484 1991 600 2045 nisi
618 1991 840 2060 jussus,
877 2005 984 2059 quo
1034 1988 1197 2042 etiam
1253 2002 1354 2057 pro
1406 1984 1622 2039 licentia
1678 1982 1895 2055 signifi-

299 2079 471 2135 canda
500 2079 626 2132 alibi
672 2078 835 2132 utitur
882 2078 946 2132 R.
1001 2078 1162 2131 Pater
1193 2075 1418 2145 Guigo),
1450 2088 1553 2128 nec
1583 2072 1741 2127 etiam
1771 2086 1894 2126 cum

298 2168 707 2238 quibuscunque
756 2165 1057 2221 conversis.
1118 2166 1197 2219 De
1264 2161 1659 2233 dispensatoris
1716 2166 1895 2214 autem

295 2256 493 2327 placito
550 2255 640 2310 hic
666 2254 726 2308 ﬁt
755 2253 977 2321 mentio,
1011 2253 1157 2325 quia,
1209 2260 1267 2306 ut
1323 2250 1461 2304 infra
1492 2249 1792 2311 videbitur,
1828 2247 1896 2301 ad

299 2360 645 2409 conversum,
708 2342 799 2413 qui
856 2341 1093 2397 officium
1161 2337 1550 2410 dispensatoris
1584 2336 1893 2401 exercebat,

298 2432 609 2502 pertinebat
636 2430 689 2484 in
719 2430 965 2483 absentia
1013 2428 1210 2499 prioris
1262 2435 1316 2481 et
1366 2425 1736 2497 procuratoris
1767 2424 1897 2477 dare

299 2520 419 2573 aliis
457 2518 738 2575 conversis
767 2518 1037 2572 licentiam
1067 2515 1344 2588 loquendi,
1377 2515 1494 2569 sine
1528 2528 1634 2585 qua
1682 2512 1897 2567 licentia

300 2608 573 2662 silentium
605 2606 856 2678 frangere
886 2606 992 2659 illis
1039 2604 1284 2660 illicitum
1339 2611 1471 2672 erat,
1503 2602 1608 2655 nisi
1640 2601 1696 2655 in
1750 2600 1896 2656 casi-

302 2698 405 2750 bus
436 2696 527 2767 qui
558 2712 654 2765 per
705 2702 897 2748 statuta
944 2693 1395 2748 determinantur.

372 2785 509 2839 Ibid.
555 2787 620 2841 Ut
650 2785 699 2838 si
730 2784 863 2837 talis
892 2786 996 2848 est,
1031 2790 1135 2837 etc.
1176 2781 1307 2835 Inde
1364 2787 1594 2851 apparet
1639 2785 1895 2850 quantum

300 2874 356 2927 in
406 2873 597 2927 dandis
664 2870 1010 2941 colloquendi
1057 2869 1291 2925 licentiis
1352 2868 1603 2922 habenda
1633 2868 1700 2921 sit
1759 2866 1894 2921 ratio

301 2961 526 3031 majoris
556 2960 801 3014 utilitatis
829 2958 1141 3030 spiritualis,
1203 2957 1505 3013 secundum
1544 2965 1777 3011 mentem
1815 2956 1885 3010 R.

300 3051 473 3104 Patris
530 3048 815 3119 Guigonis,
864 3056 921 3101 ut
977 3047 1232 3102 solatium
1290 3054 1574 3100 externum
1603 3046 1816 3099 interno
1846 3052 1898 3099 et

298 3138 565 3210 spirituali
623 3154 732 3191 non
789 3144 1069 3191 remaneat
1125 3134 1461 3200 destitutum,
1522 3140 1739 3188 servata
1767 3149 1895 3202 pru-

301 3228 499 3282 dentiae
556 3224 885 3281 discretione
910 3224 1058 3293 juxta
1088 3223 1395 3296 qualitatem
1430 3222 1626 3277 infirmi
1664 3229 1717 3275 et
1738 3220 1893 3274 infir-

303 3316 525 3371 mitatis.

370 3405 503 3459 CAP.
547 3404 742 3458 XVIII.
774 3432 843 3443 —
874 3403 937 3456 In
968 3402 1127 3457 domo
1154 3402 1439 3472 inferiori,
1493 3401 1639 3455 vices
1686 3398 1893 3469 prioris

299 3509 591 3559 exercens,
625 3500 752 3561 etc.,
795 3492 1039 3563 hospites
1066 3491 1325 3562 suscipit.
1358 3488 1489 3543 Inde
1531 3488 1755 3543 evidens
1812 3493 1893 3541 est

301 3582 449 3653 quod
504 3588 824 3651 procurator
887 3580 1065 3635 vicem
1118 3579 1316 3651 agebat
1384 3577 1580 3648 prioris
1637 3577 1691 3630 in
1729 3575 1891 3630 domo

296 3669 559 3735 inferiori,
595 3677 647 3724 et
670 3669 814 3740 quod
859 3677 986 3723 tunc
1040 3668 1284 3737 hospites
1315 3666 1383 3721 ad
1425 3664 1765 3720 Carthusiam
1798 3680 1891 3719 ve-

295 3758 509 3813 nientes
565 3758 621 3811 in
675 3758 838 3811 domo
868 3757 1109 3811 inferiori
1156 3756 1330 3826 primo
1388 3754 1807 3824 recipiebantur,
1840 3760 1893 3807 et

295 3855 485 3916 postea
527 3846 596 3899 ad
642 3846 880 3916 priorem
938 3845 1005 3898 ad
1053 3845 1274 3899 domum
1326 3843 1657 3912 superiorem
1706 3841 1891 3895 mitte-

296 3935 513 3999 bantur,
548 3942 757 3988 servata
810 3932 1135 3987 discretione
1180 3932 1265 3985 hic
1304 3938 1505 3995 notata,
1560 3930 1651 4002 qui
1710 3938 1893 3985 tamen

298 4023 447 4093 prior
475 4023 544 4076 ad
572 4022 813 4091 hospites
853 4021 1188 4085 invisendos,
1248 4020 1295 4073 si
1351 4019 1405 4073 id
1434 4027 1787 4088 mererentur,
1820 4021 1889 4073 ad

297 4111 519 4165 domum
548 4109 865 4164 inferiorem
920 4094 1307 4174 descendebat,
1340 4115 1397 4161 ut
1444 4124 1607 4178 supra
1639 4122 1759 4177 cap.
1793 4122 1892 4177 xv,

296 4214 355 4253 ιι.
390 4202 442 4263 6,
490 4198 829 4269 exprimitur.

371 4286 531 4342 Circa
561 4291 803 4351 sextam,
831 4293 958 4350 etc.,
991 4290 1048 4341 et
1073 4288 1424 4357 prazcipuum
1452 4301 1568 4340 non
1612 4289 1697 4339 est
1736 4286 1893 4356 jeju-

294 4376 477 4440 nium,
508 4376 769 4445 prandet,
797 4382 901 4430 etc.
928 4375 985 4428 In
1020 4376 1122 4429 hoc
1153 4381 1375 4443 apparet
1397 4380 1658 4444 quantum
1679 4374 1894 4427 abesset

293 4479 327 4517 a
358 4464 549 4533 primis
595 4463 801 4517 ordinis
839 4462 1244 4532 professoribus
1304 4462 1574 4517 obstinata
1645 4461 1893 4532 quaedam

294 4550 629 4606 adhzerentia
658 4550 770 4604 suis
818 4550 1196 4615 abstinentiis,
1253 4565 1389 4621 quas
1412 4549 1722 4604 subdendas
1771 4565 1894 4604 esse

296 4640 590 4711 aliquando
659 4639 904 4694 cbaritati
953 4648 1005 4693 et
1063 4655 1281 4709 semper
1335 4638 1676 4703 obedientiaa,
1710 4637 1893 4693 verbis

298 4727 567 4782 docebant
643 4736 696 4781 et
756 4727 1021 4798 exemplis
1077 4727 1545 4782 demonstrabant.
1610 4726 1730 4795 Quo
1784 4726 1892 4782 fine

295 4816 351 4869 id
384 4815 672 4872 facerent?
698 4817 767 4871 Ut
795 4816 1069 4886 propriam
1092 4815 1431 4869 subditorum
1462 4815 1669 4870 ordinis
1700 4816 1892 4870 volun-

293 4911 464 4957 tatem
490 4903 557 4957 ad
589 4903 767 4958 omnia
800 4920 1015 4973 semper
1050 4904 1338 4958 flexibilem
1370 4904 1681 4967 redderent,
1716 4911 1769 4957 et
1798 4920 1891 4959 ex-

294 4992 547 5046 hiberent
593 4992 663 5045 ad
722 4992 893 5046 nostri
938 4987 1164 5046 in'stituti
1222 4978 1481 5047 rationem
1510 4992 1803 5062 pertinere,
1836 5000 1893 5046 ut

294 5080 481 5145 omnia
509 5079 781 5147 omnibus,
832 5088 1087 5151 quantum
1140 5080 1288 5145 satis,
1359 5079 1478 5135 fieri
1551 5080 1886 5135 studeamus.

293 5168 685 5237 Hospitalitatis
715 5184 850 5240 ergo
904 5168 1080 5240 gratia
1117 5168 1358 5239 hospites
1406 5169 1777 5235 advenientes,
1813 5169 1891 5223 sic

295 5256 524 5327 probata
580 5257 857 5312 charitatis
892 5256 1193 5311 urbanitate
1238 5257 1382 5327 apud
1411 5272 1509 5311 nos
1540 5257 1707 5328 recipi
1734 5257 1889 5313 vole-

366 5434 439 5495 (ὅ)
512 5435 712 5496 Quando
760 5434 819 5484 de
890 5434 1196 5484 instituendis
1258 5448 1345 5495 pro
1412 5436 1531 5483 viris
1597 5435 1887 5485 militaribus

294 5500 562 5561 splendidis
585 5501 819 5551 conviviis
852 5500 1111 5562 loquimur,
1158 5501 1205 5551 id
1248 5514 1343 5551 non
1385 5501 1696 5563 intelligimus
1716 5514 1888 5551 secun-

295 5567 409 5616 dum
464 5580 605 5618 usum
660 5567 908 5618 saacularis
952 5567 1254 5629 splendoris,
1297 5569 1383 5618 sed
1428 5568 1692 5619 secundum
1748 5581 1888 5618 usum

296 5634 497 5697 ordinis,
523 5635 571 5685 id
596 5638 670 5685 est
694 5633 821 5695 quod
863 5634 1084 5685 convivia
1118 5636 1209 5685 ista
1248 5634 1497 5698 splendida
1522 5648 1547 5685 a
1576 5635 1714 5685 nobis
1753 5648 1888 5686 assu-

1918 4068 1965 4129 Ο

1996 1462 2241 1508 curatore
2270 1454 2393 1509 illos
2440 1455 2762 1525 excipiente.
2798 1456 3048 1511 Verbum
3079 1463 3280 1520 autem,
3328 1456 3594 1527 prandet,

1997 1557 2105 1611 quo
2138 1542 2301 1596 etiam
2349 1558 2562 1598 caenam
2608 1544 2862 1614 exprimit
2888 1545 2953 1599 Il.
2987 1546 3144 1599 Pater
3194 1544 3393 1615 Guigo,
3423 1544 3597 1598 lecto-

1995 1647 2111 1685 rem
2158 1647 2379 1687 movere
2426 1648 2537 1687 non
2588 1632 2749 1687 debet
2804 1649 2927 1687 cum
2956 1632 3103 1698 alibi,
3156 1648 3353 1703 nempe
3384 1647 3504 1703 cap.
3540 1635 3593 1700 5,

1995 1736 2050 1772 n.
2085 1720 2137 1784 '1,
2198 1721 2392 1774 eodem
2446 1721 2616 1777 verbo
2673 1721 2746 1775 ad
2777 1722 3190 1792 exprimendum
3217 1728 3329 1775 tum
3361 1735 3595 1786 caenam,

1999 1815 2108 1861 tum
2158 1809 2447 1878 prandium
2478 1817 2675 1863 utatur.

2070 1897 2469 1966 Hospitalitatis
2500 1898 2681 1968 itaque
2704 1896 2979 1970 religiosa:
3007 1897 3309 1963 urbanitas,
3344 1912 3465 1969 quae
3495 1900 3601 1954 huc

1996 2002 2166 2055 usque
2196 1986 2251 2038 in
2284 1986 2473 2040 ordine
2520 1986 2621 2041 fuit
2668 1987 3067 2053 commendata,
3113 2001 3145 2040 a
3200 1986 3391 2057 primis
3418 1986 3595 2040 Patri-

1998 2074 2099 2127 bus
2155 2074 2356 2128 nostris
2385 2074 2654 2145 originem
2696 2076 2945 2145 sumpsit,
3006 2091 3125 2146 quae
3183 2075 3227 2129 si
3284 2090 3500 2145 semper
3542 2083 3596 2129 et

1996 2162 2197 2233 ubique
2256 2162 2311 2215 in
2341 2163 2593 2217 domibus
2634 2172 2880 2219 servetur
2946 2164 3098 2231 juxta
3166 2163 3595 2218 moderationem

1999 2258 2051 2304 et
2096 2250 2478 2306 discretionem
2524 2252 2578 2305 in
2654 2251 2931 2307 modernis
2989 2252 3201 2306 statutis
3254 2266 3591 2322 expressam,

2000 2346 2126 2393 tunc
2153 2339 2423 2393 immunes
2445 2340 2649 2394 erimus
2680 2341 2750 2394 ab
2778 2340 2927 2395 omni
2956 2355 3110 2395 naevo
3135 2341 3295 2409 justas
3309 2341 3597 2410 reprehen-

1999 2427 2187 2481 sionis.
2221 2427 2390 2482 Secus
2417 2444 2569 2495 vero,
2613 2429 2657 2482 si
2689 2428 2887 2483 limites
2917 2430 3159 2483 honestae
3189 2428 3594 2494 mediocritatis,

1999 2524 2213 2570 servata
2251 2532 2607 2586 personarum
2637 2524 2690 2571 et
2719 2514 2964 2572 locorum
3020 2517 3298 2588 qualitate,
3361 2517 3596 2573 exceda-

1998 2620 2153 2670 mus,
2214 2621 2338 2660 cum
2386 2605 2440 2659 id
2506 2614 2620 2659 tum
2659 2621 2754 2673 per
2811 2606 3029 2677 antiqua
3078 2614 3297 2671 statuta,
3333 2614 3449 2660 tum
3496 2621 3596 2676 per

1914 2714 1967 2773 Β
1998 2708 2141 2747 nova
2189 2693 2413 2748 vetitum
2461 2694 2550 2757 sit,
2603 2693 2707 2747 nisi
2766 2694 2839 2748 ad
2891 2694 2946 2748 id
2991 2710 3092 2748 nos
3142 2702 3305 2765 cogat
3361 2693 3596 2749 inevita-

1999 2780 2120 2834 bilis
2174 2781 2491 2836 necessitas.
2554 2782 2782 2851 Explico
2830 2782 3114 2852 exemplis.
3180 2782 3340 2853 Viget
3367 2781 3590 2849 bellum,

1996 2870 2188 2924 domus
2247 2870 2421 2941 aliqua
2468 2870 2675 2925 ordinis
2704 2870 2946 2942 undique
2987 2870 3251 2925 militibus
3283 2870 3594 2926 circumda-

1994 2967 2101 3026 tur,
2152 2966 2203 3013 et
2254 2957 2307 3012 in
2333 2958 2577 3029 periculo
2625 2967 2708 3012 est
2750 2959 2989 3013 maxima
3028 2959 3226 3013 damna
3257 2958 3591 3027 incurrendi,

1994 3047 2101 3101 nisi
2148 3048 2343 3102 ducum
2401 3055 2452 3101 et
2506 3046 2819 3103 oﬂicialium
2872 3047 3103 3118 gratiam
3161 3046 3265 3101 sibi
3321 3048 3590 3115 conciliet,

1995 3144 2153 3205 prout
2198 3144 2271 3190 tot
2302 3135 2462 3189 annis
2522 3136 2727 3205 experti
2777 3152 2963 3190 sumus
3014 3136 3069 3189 in
3114 3135 3366 3190 domibus
3419 3136 3596 3191 Picar-

1993 3223 2135 3290 dite,
2186 3224 2357 3294 Belgii
2414 3231 2467 3277 et
2525 3224 2833 3278 Germania:
2895 3240 2907 3278 :
2970 3224 3091 3294 quis
3152 3224 3406 3279 cordatus
3458 3240 3593 3295 pos-

1994 3312 2063 3365 sit
2138 3312 2284 3379 juste
2340 3312 2741 3381 reprehendere
2808 3311 3065 3367 officiales
3122 3312 3317 3367 domus
3373 3312 3518 3367 illius
3547 3314 3593 3368 si

1994 3399 2219 3454 invitent
2305 3398 2491 3469 duces,
2542 3408 2595 3454 et
2634 3399 2923 3470 splendida
3006 3400 3258 3471 quaedam
3327 3401 3595 3456 instruant

1994 3488 2245 3543 convivia
2267 3490 2346 3558 (5)
2377 3489 2447 3543 ad
2490 3488 2816 3559 captandam
2866 3488 3114 3545 virorum
3152 3488 3464 3544 militarium
3494 3490 3595 3545 be-

1992 3576 2381 3643 nevolentiam,
2415 3577 2502 3647 qui
2563 3578 2813 3632 nesciunt
2858 3577 3070 3633 statutis
3127 3578 3477 3650 regularibus
3506 3586 3594 3633 at-

1992 3666 2235 3734 tendere,
2292 3666 2391 3719 sed
2416 3674 2604 3736 putant
2652 3665 2907 3735 injuriam
2965 3666 3067 3720 sibi
3132 3665 3252 3721 fieri
3307 3666 3411 3720 nisi
3440 3683 3594 3722 men-

1994 3770 2113 3809 sam
2168 3754 2387 3824 opipare
2432 3761 2679 3824 paratam
2712 3754 3032 3821 inveniant;
3065 3754 3151 3810 cui
3183 3754 3229 3809 si
3258 3753 3464 3826 aliquid
3491 3756 3594 3810 de-

1993 3844 2060 3897 sit
2118 3843 2262 3914 quod
2295 3859 2408 3897 suae
2452 3843 2752 3898 conditioni
2798 3843 2990 3898 deberi
3048 3851 3258 3914 putant,
3290 3843 3631 3900 irascuntur

1993 3940 2046 3987 et
2129 3931 2447 3987 occasiones
2532 3948 2593 3987 se
2676 3931 2985 3987 vindicandi
3064 3939 3359 4003 quaerunt,
3434 3940 3596 4003 prout

1994 4020 2290 4075 identidem
2356 4021 2560 4090 experti
2643 4036 2849 4087 sumus,
2908 4020 3017 4075 imo
3065 4036 3166 4076 nec
3215 4021 3594 4077 excusationes

1995 4110 2283 4163 admittunt
2331 4109 2401 4161 ab
2458 4109 2887 4179 impossibilitate
2917 4108 3226 4179 reperiendi
3277 4110 3593 4180 pretiosiora

1996 4198 2270 4254 esculenta
2311 4196 2597 4252 deductas.
2637 4196 2785 4250 Idem
2812 4212 3197 4267 nonnunquam
3226 4197 3419 4253 accidit
3448 4198 3592 4253 circa

1996 4286 2259 4357 quosdam
2317 4284 2530 4339 nobiles
2588 4285 2899 4350 saeculares,
2948 4300 3175 4355 quorum
3235 4284 3506 4341 favoribus
3534 4287 3590 4341 in

1996 4374 2158 4429 certis
2188 4373 2405 4428 casibus
2438 4371 2687 4427 absolute
2716 4372 3045 4443 indigemus,
3080 4374 3276 4444 quibus
3328 4373 3375 4428 si
3403 4390 3593 4429 mensa

1998 4463 2218 4517 illorum
2272 4461 2513 4533 qualitati
2544 4468 2635 4515 aut
2666 4461 2931 4531 appetitui
2978 4462 3364 4518 convenienter
3402 4472 3597 4534 parata

1995 4566 2104 4605 non
2160 4549 2439 4617 offeratur,
2469 4566 2529 4604 se
2578 4549 2817 4604 offensos
2872 4557 3141 4620 reputant,
3190 4559 3243 4605 et
3289 4567 3354 4606 ex
3404 4551 3592 4607 amicis

1995 4639 2127 4693 fiunt
2186 4639 2345 4693 nobis
2403 4638 2620 4693 infensi.
2680 4638 2881 4693 Videre
2938 4646 3021 4693 est
3062 4638 3356 4694 miseriam.
3389 4640 3447 4693 In
3475 4639 3593 4694 istis

1996 4744 2131 4800 ergo
2176 4728 2414 4792 casibus,
2477 4728 2675 4798 quibus
2734 4727 2945 4783 ceditur
2996 4735 3201 4782 tantum
3258 4727 3589 4794 necessitati,

1993 4826 2195 4872 temere
2220 4817 2544 4883 judicarent,
2579 4817 2669 4887 qui
2694 4817 2811 4871 haec
2841 4816 3082 4871 videndo
3112 4832 3213 4870 nos
3242 4816 3310 4871 de
3339 4815 3507 4871 nimio
3538 4816 3593 4871 in

1994 4905 2166 4977 epulis
2199 4904 2303 4958 illis
2326 4905 2618 4975 splendore
2640 4904 3087 4959 condemnarent.

2066 4994 2419 5048 Cessantibus
2490 5008 2618 5048 vero
2668 4992 2785 5046 istis
2828 4992 3026 5057 causis,
3087 4992 3139 5045 id
3192 5000 3293 5058 est,
3319 4992 3365 5047 si
3394 4993 3589 5049 eadem

1992 5083 2321 5148 faceremus,
2355 5082 2573 5152 quando
2606 5098 2728 5135 eum
2760 5080 2998 5137 cordatis
3020 5088 3072 5136 et
3100 5081 3204 5151 piis
3254 5080 3385 5136 viris
3432 5082 3591 5137 nobis

1992 5171 2266 5244 agendum
2296 5178 2395 5237 est,
2448 5170 2539 5241 qui
2590 5171 2764 5225 sciunt
2822 5170 2959 5225 bene
3017 5170 3358 5242 perpendere
3387 5171 3516 5242 quid
3560 5187 3591 5224 a

1992 5260 2138 5315 veris
2169 5259 2539 5314 Carthusianis
2560 5259 2753 5330 possit,
2803 5266 3021 5313 servata
3040 5259 3289 5315 decentia
3327 5266 3380 5314 et
3406 5258 3587 5330 quali-

1988 5438 2189 5487 mantur
2211 5449 2272 5486 ex
2297 5442 2523 5498 respectu
2568 5436 2626 5486 ad
2663 5448 2799 5486 usum
2843 5438 3124 5486 consuetum
3151 5436 3350 5485 ordinis.
3380 5461 3445 5473 —
3470 5437 3589 5485 Haec

1988 5504 2167 5619 Edlitor
2208 5504 2569 5580 Carthusiam“
2614 5504 2665 5553 in
2714 5505 2987 5554 Maniload
3011 5504 3260 5553 Lcetorem
3305 5506 3369 5553 ad
3409 5504 3586 5559 calcei»

1990 5586 2047 5619 vo
2072 5582 2273 5621 umtms.
