3978 6050
366 108 462 161 671

1206 111 1547 183 GUIGONIS
1585 114 1607 168 Ι
1646 111 2054 169 (ΣΑΒΤΗΠΞΙΛΕ
2092 113 2383 173 MAJORIS
2421 116 2697 173 PRIORIS
2736 119 2799 172 V.

3546 128 3647 183 672

1712 241 2108 297 CAPITULUM
2147 240 2301 295 XIX.

1611 367 1686 420 De
1716 366 2059 436 equitaturis
2089 364 2371 435 hospitum
2384 405 2396 418 .

437 480 486 532 1.
522 478 765 549 Ipsorum
814 487 993 535 autem
1022 480 1295 551 hospitum
1349 497 1608 552 personas
1648 488 1874 546 tantum,
1900 496 2005 535 non
2038 479 2198 535 etiam
2226 479 2557 551 equitaturas
2586 495 2967 551 procuramus,
3002 482 3245 554 talesque
3272 483 3441 539 lectos
3488 486 3568 541 eis
3597 496 3648 542 et

368 572 518 629 cibos
565 573 815 644 qualibus
859 574 961 645 ipsi
989 576 1281 645 vescimur,
1328 591 1717 647 praeparamus.
1753 574 1913 643 Quod
1962 575 2235 644 (videlicet
2265 577 2410 647 quod
2466 594 2637 649 equos
2678 595 2787 633 non
2837 580 3220 649 procuramus)
3259 597 3326 635 ne
3384 581 3470 636 cui
3509 582 3649 639 forte

370 668 615 723 videatur
646 678 939 738 austerum,
973 681 1160 727 etnon
1191 672 1502 727 discretioni
1539 672 1736 726 sobriae
1784 672 1881 726 sed
1935 672 2145 728 duritia-3
2193 677 2371 747 potius
2401 685 2453 731 et
2500 679 2736 735 avaritia:
2776 680 3002 750 imputet
3028 677 3273 744 vitiosa;
3308 666 3642 747 consideret,

370 782 696 836 quassumus,
749 785 912 840 quam
940 778 1105 837 arcta,
1153 786 1313 841 quam
1345 770 1498 837 dura,
1530 784 1692 839 quam
1722 785 1863 838 pene
1903 768 2071 825 sterili
2110 787 2422 827 maneamus
2455 774 2510 828 in
2548 791 2753 843 eremo,
2786 784 2838 831 et
2867 776 3011 847 quod
3040 775 3191 840 nihil,
3224 776 3327 831 hoc
3374 785 3456 832 est
3475 778 3649 834 nullas

368 864 746 935 possessiones
776 868 1058 940 nullosque
1104 853 1315 922 reditus.
1339 875 1487 921 extra
1528 866 1929 938 possideamus.
1981 868 2247 925 Praeterea
2276 870 2627 943 frequentiam
2688 874 2927 928 attendat
2982 871 3274 942 hospitum,
3310 873 3503 944 quibus
3551 892 3653 932 ne-

371 979 638 1036 quaquam
672 975 925 1036 pasturaa,
959 968 1160 1023 nedum
1204 981 1433 1020 annonae
1488 972 1713 1037 possent
1741 971 1939 1019 nostrae
1970 963 2241 1035 sufﬁcere,
2267 969 2465 1041 quippe
2496 987 2616 1042 quae
2645 986 2747 1026 nec
2775 969 2975 1026 nostris
3007 968 3276 1025 sufﬁciunt
3304 972 3648 1041 animalibus,

370 1077 495 1116 nam
526 1071 578 1118 et
608 1064 908 1134 sagmarios
938 1073 1151 1119 nostros
1202 1073 1250 1119 et
1278 1079 1408 1119 oves
1453 1070 1603 1117 extra
1638 1062 1898 1116 mittimus
1937 1064 2267 1135 hyematum.

439 1163 491 1216 2.
523 1161 747 1216 Accedit
769 1161 931 1217 etiam
961 1162 1030 1216 ad
1082 1163 1186 1217 hoc
1216 1162 1360 1233 quod
1408 1160 1643 1233 vagandi
1683 1169 1735 1217 et
1788 1161 2106 1234 quaesitandi
2155 1165 2443 1220 horremus
2497 1166 2743 1233 omnino,
2797 1176 3055 1239 tanquam
3114 1166 3647 1239 periculosissimam,

1728 1311 2299 1371 COMMENTARIUS.

376 1422 496 1477 tatis
534 1437 893 1492 personarum
925 1423 1247 1486 reverentia,
1295 1422 1590 1477 desiderari
1625 1437 1636 1476 ί
1672 1438 1780 1478 non
1835 1430 1958 1477 tan-
1980 1425 2029 1484 A
2066 1426 2252 1480 Patres
2280 1427 2469 1494 nostri,
2503 1428 2599 1482 sed
2629 1444 2737 1483 non
2763 1429 2907 1497 justo
2936 1428 3209 1483 desiderio
3236 1429 3470 1484 habendi
3517 1430 3654 1485 intra

376 1519 493 1565 tum
548 1526 888 1565 mereremur
942 1510 1010 1565 de
1066 1510 1399 1565 relaxatione
1428 1512 1600 1582 argui,
1658 1511 1754 1566 sed
1804 1512 1967 1565 etiam

376 1598 610 1653 irrideri.
652 1600 721 1653 Et
768 1600 884 1654 haec
912 1598 1149 1654 videndo
1178 1599 1472 1669 prudentes
1498 1600 1738 1669 hospites
1762 1600 1886 1668 jure
1917 1608 1971 1654 et

377 1687 571 1741 merito
626 1695 849 1756 possent
912 1687 967 1740 in
1023 1687 1188 1742 corde
1210 1702 1309 1742 suo
1338 1687 1523 1743 dicere
1557 1688 1677 1754 :Hi,
1713 1688 1758 1741 si
1787 1695 1970 1742 essent

377 1774 491 1830 veri
551 1775 903 1843 Carthusiani,
937 1776 1139 1833 scirent
1166 1775 1350 1846 utique
1382 1792 1501 1847 qua:
1531 1784 1584 1831 et
1614 1776 1795 1847 qualia
1852 1792 1881 1830 a
1912 1793 1972 1831 se

377 1863 673 1918 ministrari
701 1864 935 1920 debeant
966 1864 1079 1919 suis
1107 1864 1428 1935 hospitibus,
1462 1872 1518 1919 ut
1564 1864 1822 1936 religiose
1850 1880 1969 1920 cum

379 1951 459 2008 eis
522 1960 728 2023 agatur.

453 2042 534 2096 De
562 2042 666 2096 hoc
694 2056 829 2113 ergo
859 2041 1150 2112 pronuntio
1181 2057 1280 2097 nos
1309 2041 1489 2111 potius
1516 2042 1713 2097 mereri
1770 2040 1975 2096 irrisio-

382 2144 512 2184 nem
568 2145 730 2199 quam
785 2129 1254 2200 approbationem,
1287 2130 1332 2184 si
1377 2129 1681 2185 notabiliter
1710 2137 1761 2185 et
1791 2129 1964 2185 scien-

381 2225 465 2272 ter
491 2217 547 2272 in
578 2218 677 2272 hac
705 2226 859 2287 parte
880 2218 1226 2273 excedamus.
1278 2218 1385 2272 Sed
1409 2217 1682 2272 fatendum
1714 2226 1797 2274 est
1816 2219 1973 2272 etiam

382 2305 440 2360 in
468 2306 574 2361 hoc
602 2321 766 2376 posse
796 2305 950 2360 facile
979 2306 1145 2361 errari
1168 2314 1219 2360 et
1249 2314 1455 2361 temere
1474 2307 1705 2375 iudicari
1757 2306 1826 2361 ab
1874 2322 1973 2361 ex—

384 2394 610 2461 traneis,
644 2394 737 2465 qui
794 2399 1100 2450 nescientes
1147 2410 1343 2449 causas
1391 2403 1443 2450 et
1490 2396 1749 2461 rationes,
1783 2396 1975 2466 quibus

385 2497 494 2537 non
525 2498 655 2538 raro
684 2482 841 2554 quasi
871 2482 1039 2537 invite
1101 2498 1386 2539 movemur
1430 2483 1496 2537 ad
1542 2498 1787 2539 mensam
1816 2483 1977 2554 paulo

385 2571 584 2626 lautius
613 2571 1006 2637 instruendam,
1053 2571 1235 2626 statim
1294 2588 1393 2626 nos
1445 2573 1891 2638 condemnarent,
1926 2581 1978 2627 et

385 2659 532 2731 quod
559 2659 869 2715 necessitati
898 2668 1106 2714 tantum
1138 2660 1480 2715 tribuendum
1514 2669 1613 2727 est,
1656 2668 1854 2716 nostra:
1907 2661 1977 2714 li-

385 2748 535 2803 berae
564 2748 822 2803 voluntati
856 2748 1195 2818 imputarent.

461 2834 726 2891 Omnibus
753 2837 972 2891 tandem
1002 2844 1340 2902 occurretur,
1374 2837 1420 2891 si
1449 2837 1706 2893 discretio
1764 2838 1819 2892 in
1873 2853 1976 2909 po-

389 2924 605 2980 stremis
635 2925 841 2979 statutis
899 2932 1084 2979 notata
1129 2925 1273 2981 bona
1298 2924 1405 2979 fide
1460 2934 1736 2991 servetur,
1772 2926 1863 2980 ubi
1893 2942 1980 2980 res

387 3028 487 3084 per
511 3014 626 3069 haec
654 3014 820 3069 verba
868 3013 1210 3069 concluditur
1242 3031 1256 3067 :
1292 3014 1514 3080 Quanto
1562 3017 1772 3081 rarius,
1819 3019 1979 3070 tanto

389 3103 614 3158 melius.

462 3191 695 3246 Demum
743 3191 789 3245 si
835 3191 1129 3263 aliquando
1186 3192 1239 3245 in
1298 3191 1624 3263 quibusdam
1651 3192 1903 3247 domibus
1932 3200 1985 3247 et

394 3279 464 3334 ab
494 3279 767 3350 aliquibus
811 3279 1126 3335 oflicialibus
1157 3280 1211 3333 in
1244 3281 1348 3335 hac
1376 3288 1531 3350 parte
1562 3288 1850 3344 erraretur,
1883 3296 1986 3336 nec

392 3367 569 3423 ordini
590 3383 691 3423 nec
719 3368 1009 3423 conventui
1039 3367 1277 3437 regulari
1319 3368 1607 3423 domorum
1636 3368 1691 3422 id
1718 3368 1986 3439 imputan-

393 3457 525 3511 dum
567 3464 728 3512 esset.
792 3456 1106 3511 Conventus
1138 3456 1302 3523 enim,
1356 3472 1464 3527 quo
1520 3472 1720 3527 corpus
1779 3458 1986 3512 ordinis

396 3544 759 3615 componitur,
794 3545 898 3599 nisi
929 3561 1159 3615 prorsus
1205 3560 1492 3600 commune
1536 3546 1699 3600 habet
1736 3560 1859 3600 cum
1897 3562 1986 3600 re—

394 3633 642 3704 ceptione
698 3633 990 3704 hospitum,
1027 3642 1080 3688 et
1109 3633 1257 3688 nullo
1314 3635 1475 3689 modo
1534 3633 1815 3703 participat
1871 3634 1989 3688 istis

396 3721 733 3789 excessibus,
759 3737 881 3777 cum
912 3721 1189 3792 pitantiam
1211 3722 1490 3793 aequaliter
1506 3721 1810 3776 ordinatam
1840 3737 1988 3776 sem-

335 3818 353 3832 ‘
396 3801 497 3881 per
526 3810 761 3864 habeant
790 3810 846 3864 in
867 3810 1005 3865 cella
1047 3811 1249 3882 singuli
1280 3810 1685 3865 conventuales.
1747 3810 1859 3864 Imo
1890 3825 1991 3865 nec

399 3897 575 3952 sciant
631 3897 762 3967 quid
790 3898 845 3951 in
900 3913 1121 3953 camera
1178 3898 1450 3968 hospitum
1506 3897 1861 3963 ministretur,
1896 3898 1990 3952 sed

398 3985 466 4039 ad
539 3985 685 4039 solos
746 3987 953 4055 priores
983 3994 1034 4041 et
1089 3994 1467 4056 procuratores
1549 3985 1845 4055 pertineret
1889 3985 1994 4040 ista

397 4073 702 4144 personalis
735 4074 1122 4145 transgressio,
1157 4090 1278 4143 quae
1306 4074 1374 4127 ad
1403 4073 1744 4129 visitatorum
1766 4089 1993 4129 examen

398 4163 453 4217 in
482 4163 729 4233 sequenti
759 4163 1064 4217 visitatione
1094 4162 1311 4229 adduci,
1345 4170 1398 4216 et
1444 4162 1715 4234 condigna
1745 4163 1993 4217 animad-

399 4250 650 4307 versione
692 4250 854 4321 plecti
897 4252 1138 4305 deberet.

471 4339 619 4395 Idem
681 4339 1031 4407 judicandum
1076 4347 1158 4393 est
1215 4339 1282 4393 de
1328 4339 1449 4393 aliis
1511 4339 1776 4394 similibus
1852 4348 1994 4393 tran-

404 4427 833 4500 sgressionibus,
857 4444 978 4498 quae
1000 4427 1321 4497 personales
1344 4434 1486 4491 sunt,
1512 4436 1563 4482 et
1583 4444 1702 4498 quae
1720 4444 1995 4499 nunquam

401 4515 458 4570 in
515 4516 762 4571 ordinem
784 4523 1036 4586 poterunt
1054 4515 1196 4581 juste
1226 4514 1460 4581 refundi,
1487 4516 1723 4587 quandiu
1752 4533 1850 4586 per
1870 4533 1996 4572 con-

402 4603 600 4676 dignas
645 4603 1095 4673 reprehensiones
1142 4611 1195 4657 et
1250 4604 1432 4657 anima
1475 4605 1757 4659 versiones
1810 4612 1997 4660 contra

403 4708 495 4747 eas
552 4691 965 4754 reclamabitur,
1026 4699 1079 4745 et
1125 4707 1225 4760 pro
1274 4691 1517 4761 possibili
1586 4692 1911 4762 punientur;
1945 4693 1999 4746 hi

403 4780 549 4836 enim
579 4786 782 4834 tantum
815 4779 905 4849 qui
936 4786 1119 4833 tacent
1148 4780 1458 4835 consentire
1488 4780 1754 4836 videntur.

473 4869 668 4923 Totum
698 4868 802 4921 hoc
850 4868 914 4921 Β.
977 4867 1150 4921 Patris
1184 4867 1450 4940 Guigonis
1494 4869 1787 4939 capitulum
1828 4877 1999 4923 trans-

403 4956 631 5011 missum
661 4956 890 5009 habetur
918 4971 1040 5025 cap.
1076 4960 1105 5010 8
1137 4965 1190 5011 et
1212 4973 1323 5013 sec.
1371 4966 1521 5027 part.
1555 4958 1721 5027 antiq.
1758 4958 1889 5011 Stat.

480 5043 613 5098 CAP.
645 5044 795 5098 XIX.
829 5074 897 5084 —
925 5045 1087 5099 Num.
1124 5048 1173 5099 1.
1222 5047 1473 5117 Ipsorum
1495 5050 1688 5100 autem
1717 5045 2001 5116 hospitum

405 5140 533 5199 ctc.,
564 5148 681 5188 non
710 5134 885 5189 etiam
940 5136 1314 5205 equitaturas.
1361 5136 1441 5188 Ex
1479 5135 1583 5187 hoc
1640 5142 1691 5188 et
1722 5134 2001 5203 sequenti-

403 5222 505 5277 bus
534 5220 779 5291 capitulis
836 5222 995 5277 debet
1035 5222 1237 5276 hauriri
1269 5221 1411 5276 unde
1457 5228 1647 5290 postea
1713 5221 2002 5291 capitulum

408 5307 493 5371 41,
527 5305 620 5359 ubi
650 5305 716 5359 de
747 5304 1003 5377 fugienda
1022 5305 1314 5375 cupiditate
1336 5305 1533 5373 agitur,
1558 5304 1729 5373 possit
1759 5313 1901 5359 recte
1922 5305 2003 5358 in-

405 5392 595 5465 telligi.
631 5393 981 5463 Perspicuum
1010 5392 1155 5447 enim
1192 5401 1273 5446 est
1309 5392 1454 5462 quod
1490 5391 1767 5460 cupiditati
1798 5392 2005 5463 aliquid

2069 1514 2325 1569 terminos
2350 1515 2454 1569 sibi
2484 1516 2792 1588 assignatos
2820 1516 2963 1571 unde
3019 1515 3246 1588 paciﬁca
3277 1525 3499 1587 possent
3528 1520 3656 1573 sub-

2070 1601 2278 1668 sistere,
2313 1611 2364 1658 et
2386 1604 2798 1659 necessitatibus
2829 1605 2940 1659 suis
2970 1604 3302 1661 sufficienter
3347 1607 3655 1676 providere,

2070 1697 2123 1745 et
2170 1706 2280 1744 non
2338 1700 2543 1746 tantum
2583 1692 2692 1746 illis
2725 1693 3143 1748 necessitatibus
3203 1709 3339 1764 quas
3381 1694 3658 1750 absolutas

2072 1794 2349 1846 vocamus,
2401 1782 2498 1835 sed
2535 1782 2695 1835 etiam
2752 1782 2859 1835 illis
2917 1797 3035 1853 quae
3094 1782 3330 1837 morales
3389 1783 3655 1852 dicuntur,

2076 1883 2198 1923 cum
2232 1884 2296 1923 ex
2354 1870 2609 1940 praesenti
2667 1878 2720 1924 et
2772 1870 3126 1941 sequentibus
3186 1871 3433 1942 capitulis
3488 1880 3662 1942 pateat

2073 1956 2195 2011 illos
2252 1963 2378 2013 tunc
2462 1958 2718 2014 habuisse
2797 1975 2906 2013 non
2962 1966 3172 2013 tantum
3214 1959 3359 2014 unde
3415 1959 3659 2030 h05pites

2074 2041 2424 2096 advenientes
2490 2044 2719 2098 honeste
2775 2042 3110 2114 exciperent,
3171 2043 3265 2097 sed
3324 2042 3487 2098 etiam
3517 2043 3662 2098 unde

2076 2129 2454 2200 eleemosynas
2493 2130 2753 2186 facerent.

2145 2218 2429 2273 Rationem
2488 2220 2731 2289 assignat
2778 2220 2901 2289 pius
2956 2220 3208 2290 scriptor,
3242 2236 3338 2275 cur
3392 2236 3501 2274 non
3531 2236 3663 2291 pro-

2076 2315 2334 2361 curarent
2356 2308 2691 2378 equitaturas
2712 2308 3003 2377 hospitum,
3029 2324 3150 2379 quae
3168 2309 3303 2362 ratio
3324 2309 3502 2363 adhuc
3530 2309 3666 2364 sub-

2076 2396 2231 2450 sistit.
2264 2397 2403 2449 Nam
2434 2396 2487 2449 in
2518 2404 2666 2450 tanta
2708 2396 3121 2465 omnigenarum
3154 2396 3426 2466 hospitum
3482 2396 3669 2451 multi-

2076 2484 2366 2555 plicatione
2406 2484 2475 2538 ad
2504 2484 2841 2539 invisendam
2872 2484 3093 2538 domum
3110 2484 3405 2540 Carthusize
3429 2485 3668 2556 undique

2077 2572 2459 2628 conﬂuentium
2490 2574 2737 2643 (quorum
2770 2588 3027 2627 numerus
3068 2573 3137 2627 ad
3185 2580 3395 2643 septem
3431 2582 3519 2627 aut
3546 2580 3669 2629 octo

2077 2661 2244 2715 millia
2274 2661 2551 2715 hominum
2580 2661 2634 2714 in
2689 2676 2831 2716 anno
2888 2676 3271 2731 nonnunquam
3326 2661 3668 2732 extenditur),

1998 2776 2051 2835 B
2082 2766 2185 2805 nec
2215 2750 2417 2804 reditus
2446 2764 2548 2804 nec
2579 2749 2880 2803 oeconomia
2921 2749 3221 2804 Carthusim
3249 2758 3473 2819 possent
3514 2749 3670 2805 sufﬁ-

2083 2854 2241 2903 cere,
2300 2839 2345 2891 si
2390 2837 2703 2908 equitaturae
2760 2838 3020 2892 nobilium
3088 2838 3360 2908 hospitum
3427 2855 3457 2893 a
3514 2838 3672 2893 nobis

2082 2934 2505 2997 procurarentur
2560 2926 2674 2980 sive
2729 2926 3014 2980 alerentur.
3071 2926 3185 2982 Hac
3232 2927 3300 2980 de
3358 2943 3537 2992 causa,
3580 2944 3674 2981 nu-

2083 3029 2231 3069 mero
2286 3014 2560 3084 hospitum
2588 3014 2642 3068 in
2671 3014 2788 3068 dies
2820 3022 3116 3081 crescente,
3148 3014 3323 3069 adacti
3355 3014 3554 3069 fuimus
3582 3031 3677 3068 nu-

2084 3104 2226 3174 peris
2257 3103 2411 3157 annis
2477 3103 2547 3157 ad
2603 3102 3025 3157 construendum
3073 3102 3363 3172 hospitium
3404 3102 3673 3173 publicum

2085 3200 2235 3246 extra
2276 3200 2494 3261 pontem
2553 3191 2870 3257 Carthusiae,
2902 3191 2957 3244 in
3014 3206 3120 3261 quo
3174 3191 3425 3260 publicus
3478 3192 3676 3262 hospes

2086 3280 2435 3351 equitaturas,
2468 3286 2519 3334 et
2549 3294 2825 3348 cursores,
2866 3286 2923 3332 ut
2950 3287 3161 3343 vocant,
3196 3280 3471 3349 hospitum
3525 3280 3676 3335 exci-

2085 3377 2258 3439 peret.
2294 3368 2349 3423 Si
2372 3368 2463 3440 qui
2489 3384 2620 3423 vero
2666 3368 2734 3422 de
2763 3368 2865 3422 hac
2894 3382 2954 3422 re
2983 3375 3174 3423 contra
3192 3383 3293 3422 nos
3313 3376 3671 3434 murmurent,

2087 3458 2415 3527 respondeat
2443 3456 2548 3510 illis
2576 3471 2678 3526 pro
2708 3455 2866 3510 nobis
2896 3456 2959 3510 R.
2994 3457 3051 3509 Ρ.
3085 3455 3285 3528 Guigo,
3317 3456 3408 3527 qui
3429 3455 3677 3527 frequen-

2087 3546 2219 3600 tiam
2248 3545 2393 3599 illam
2430 3544 2701 3614 hospitum
2723 3543 3060 3598 Carthusiam
3080 3543 3425 3599 invisentium
3450 3544 3561 3612 jam
3583 3559 3682 3599 suo

2089 3641 2333 3703 tempore
2389 3641 2586 3698 natam,
2620 3632 2730 3687 imo
2779 3640 2832 3686 et
2874 3632 3030 3703 quasi
3084 3632 3327 3687 adultam
3383 3631 3550 3688 fuisse
3581 3648 3679 3689 nos

2091 3723 2300 3777 edocet.

2162 3810 2298 3864 Ibid.
2344 3811 2605 3881 Talesque
2637 3810 2806 3865 lecto:
2825 3809 2905 3865 eis
2952 3812 3007 3863 et
3059 3810 3223 3876 cibos,
3258 3817 3361 3865 etc.
3394 3810 3496 3865 Hic
3526 3810 3679 3866 locus

2090 3898 2478 3971 intelligendus
2509 3905 2592 3952 est
2634 3897 2688 3950 in
2719 3913 2883 3951 sensu
2930 3896 3293 3952 discretionis.
3324 3898 3465 3952 Nam
3492 3898 3682 3952 absur-

2092 3986 2218 4039 dum
2250 3993 2393 4040 esset
2413 3993 2602 4055 putare
2634 3986 2777 4054 quod
2806 3984 2998 4040 diebus
3027 3985 3365 4042 abstinentia;
3392 3986 3681 4057 deputatis,

2094 4089 2289 4144 panem
2323 4081 2526 4127 tantum
2557 4080 2609 4128 et
2664 4088 2862 4143 aquam
2905 4089 3026 4127 cum
3067 4073 3178 4127 sale
3222 4074 3335 4127 suis
3382 4075 3683 4144 hospitibus

2094 4171 2219 4216 tunc
2267 4160 2545 4226 offerrent,
2607 4160 2745 4216 sicut
2773 4161 2841 4215 de
2901 4160 3181 4216 monachis
3238 4161 3542 4230 ordinatur,
3588 4161 3684 4216 sed

2095 4250 2150 4304 id
2180 4249 2593 4321 intelligendum
2624 4258 2705 4303 est
2733 4248 2790 4301 in
2831 4264 3034 4317 genere
3063 4249 3130 4303 de
3179 4249 3319 4304 escis
3346 4249 3455 4304 illis
3494 4250 3687 4320 quibus

2097 4338 2170 4393 uti
2218 4338 2484 4402 solebant,
2518 4345 2678 4408 prout
2704 4344 2827 4391 sunt
2856 4336 3053 4406 pisces,
3101 4352 3225 4402 ova,
3276 4352 3470 4393 caseus
3498 4347 3551 4393 et
3575 4338 3689 4392 fru-

2096 4436 2233 4492 ctus,
2301 4427 2529 4481 servatis
2582 4434 2766 4480 tamen
2818 4424 3037 4480 forsitan
3102 4426 3477 4495 temporibus,
3533 4435 3589 4480 ut
3630 4427 3683 4481 in

2096 4515 2345 4570 Adventu
2376 4522 2428 4568 et
2453 4514 2573 4568 aliis
2603 4514 2792 4569 diebus
2821 4530 2918 4584 per
2974 4522 3166 4569 statuta
3205 4514 3410 4568 ordinis
3436 4515 3687 4587 assigna-

2098 4603 2185 4665 tis,
2231 4618 2333 4657 nec
2370 4618 2491 4668 ova,
2530 4618 2633 4658 nec
2687 4618 2901 4667 caseus,
2954 4602 3117 4657 etiam
3172 4602 3306 4672 ipsis
3363 4603 3684 4673 hospitibus,

2099 4699 2327 4760 excepta
2356 4691 2658 4745 rationabili
2702 4706 2887 4759 causa,
2918 4690 3371 4746 ministrarentur.

2170 4780 2253 4834 Ad
2295 4780 2465 4835 lectos
2512 4787 2689 4834 autem
2735 4778 3088 4834 saecularibus
3142 4778 3549 4849 prmparandos,
3583 4794 3693 4833 non

2099 4868 2369 4923 habebant
2397 4867 2675 4933 matalitia,
2709 4867 2802 4922 sed
2855 4867 3080 4922 eosdam
3126 4866 3353 4923 honeste
3404 4875 3690 4937 coopertos

2102 4954 2424 5023 otferebant,
2460 4955 2656 5025 quibus
2687 4955 2857 5010 nostri
2914 4955 3219 5022 utebantur,
3270 4971 3464 5025 nempe
3495 4955 3550 5010 in
3579 4970 3697 5010 mo-

2102 5045 2229 5098 dum
2264 5044 2419 5097 abaci
2450 5042 2798 5112 compositos,
2834 5044 3131 5099 secundum
3172 5058 3376 5098 morem
3415 5044 3505 5113 qui
3534 5043 3696 5098 etiam

2103 5146 2247 5186 nunc
2278 5139 2594 5200 perseverat
2615 5139 2667 5185 et
2690 5131 2747 5184 in
2775 5132 3025 5186 omnibus
3074 5131 3559 5186 Carthusianorum
3582 5131 3697 5187 cel-

2103 5218 2228 5273 lulis
2260 5219 2496 5274 videtur.
2532 5217 2638 5286 Qui
2684 5219 2878 5273 modus
2916 5219 3047 5272 satis
3102 5219 3422 5274 commodus
3451 5226 3550 5284 est,
3582 5234 3697 5273 ma-

2106 5307 2247 5361 xime
2296 5308 2349 5360 in
2401 5307 2534 5362 locis
2592 5306 2822 5376 frigidis,
2874 5315 3033 5375 prout
3104 5314 3186 5360 est
3234 5306 3536 5371 Carthusia,
3570 5307 3697 5377 quia

2106 5395 2196 5464 qui
2245 5394 2300 5448 in
2347 5394 2480 5465 ipsis
2533 5394 2802 5448 dormiunt
2853 5402 2977 5446 sunt
3022 5393 3173 5447 velut
3227 5393 3282 5447 in
3339 5394 3510 5448 abaco
3567 5409 3697 5448 con-

406 5480 721 5551 possidendi
802 5489 951 5535 extra
1027 5480 1285 5535 terminos
1371 5481 1745 5535 renuntiarent
1845 5481 2002 5552 primi
2033 5477 2083 5536 D
2105 5483 2261 5547 clusi,
2286 5490 2338 5537 et
2362 5482 2439 5537 sic
2462 5498 2492 5536 a
2512 5482 2704 5550 majori
2728 5482 2931 5551 frigore
2953 5490 3253 5536 servantur.
3276 5482 3331 5537 Si
3352 5498 3485 5537 vero
3504 5482 3701 5538 nostris
