3978 6050
287 240 389 292 673
1628 236 1917 293 CONSUE'

2023 235 2126 291 )IN
2130 235 2233 290 ES.
3485 237 3587 291 674

290 361 757 429 consuetudinem,
794 377 953 433 quam
984 361 1040 416 in
1068 362 1248 417 multis
1268 406 1280 429 ,
1334 377 1558 434 quorum
1590 361 1710 433 pios
1755 362 1972 417 labores
2002 368 2055 416 et
2086 367 2327 415 sanctam
2360 358 2412 412 in
2446 357 2663 413 Christo
2692 355 3155 413 conversationem
3188 356 3320 412 satis
3368 356 3590 413 laudare

292 474 402 512 non
432 458 747 525 sufﬁcimus,
781 458 1066 514 occasione
1117 458 1541 526 misericordiae,
1591 466 1650 512 ut
1696 458 1904 514 scilicet
1934 457 2079 530 quod
2136 455 2650 529 supervenientibus
2689 455 2955 511 tribuatur
3000 454 3313 527 acquirant,
3364 453 3590 509 multum

288 553 583 610 inolevisse
613 555 859 610 dolemus
873 597 886 610 .

363 656 416 707 3.
450 652 557 708 Sed
588 660 640 708 et
669 652 802 724 ipsis
835 652 1134 725 hospitibus
1164 667 1272 707 non
1302 667 1495 723 parum
1528 652 1631 708 hoc
1660 652 1919 723 expedire
1948 660 2219 724 putamus,
2252 651 2344 723 qui
2374 651 2576 708 nostris
2611 653 2944 723 spiritalibus
2975 670 3072 710 seu
3117 651 3489 724 corporalibus
3518 651 3592 707 ita

290 748 492 803 debent
521 747 680 804 bonis
708 749 1140 817 communicare,
1193 757 1251 803 ut
1296 764 1396 804 nos
1443 748 1511 803 ad
1549 748 1695 803 mala
1725 764 1831 804 non
1859 757 2059 822 cogant
2089 750 2379 808 declinare.
2408 751 2489 807 Ad
2520 751 2662 808 mala
2689 760 2869 809 autem
2898 752 3175 809 declinare
3206 760 3334 807 tunc
3364 750 3586 818 faciunt,

294 847 339 902 si
371 847 483 903 suis
512 863 611 904 nos
642 847 897 919 expensis
927 847 997 903 ad
1029 847 1333 919 vagandum
1363 846 1823 919 quaerendumque
1852 847 2205 919 compellunt.

1684 972 2077 1028 CAPITULUM
2106 973 2233 1028 XX.

1468 1068 1544 1125 [ε
1562 1070 1902 1141 pauperibus
1931 1074 1989 1125 et
2016 1072 2400 1143 eleemosynis.

371 1189 422 1239 t.
472 1184 799 1255 Pauperibus
847 1184 1029 1240 saeculi
1077 1201 1270 1257 panem
1315 1185 1401 1241 vel
1447 1185 1593 1241 aliud
1640 1185 1867 1255 aliquid,
1919 1185 2063 1257 quod
2113 1186 2199 1241 vel
2241 1185 2473 1241 facultas
2500 1185 2656 1242 offert
2698 1187 2785 1241 vel
2814 1188 3063 1243 voluntas
3099 1186 3346 1258 suggerit
3374 1186 3587 1253 damus,

300 1300 421 1339 raro
452 1292 595 1339 tecto
624 1284 967 1356 suscipimus,
1001 1283 1098 1338 sed
1129 1284 1197 1338 ad
1230 1282 1415 1337 villam
1446 1283 1622 1355 magis
1651 1282 1911 1337 mittimus
1943 1282 2290 1353 hospitatum.
2322 1285 2445 1338 Non
2475 1284 2619 1339 enim
2649 1291 2873 1354 propter
2901 1284 3199 1340 alienorum
3238 1283 3593 1355 temporalem

300 1396 489 1436 curam
515 1396 843 1451 corporum,
901 1380 996 1435 sed
1041 1396 1140 1451 pro
1186 1387 1491 1435 nostrarum
1542 1381 1873 1451 sempiterna
1922 1380 2096 1435 salute
2142 1380 2438 1435 animarum
2484 1381 2540 1435 in
2584 1381 2744 1450 hujus
2775 1380 2944 1437 eremi
2971 1396 3222 1436 secessus
3252 1379 3590 1452 aufugimus.

298 1480 369 1535 Et
415 1480 539 1535 ideo
590 1478 901 1533 mirandum
929 1492 1039 1533 non
1085 1487 1167 1534 est
1219 1479 1263 1532 si
1312 1479 1434 1550 plus
1465 1479 1844 1533 familiaritatis
1890 1487 1943 1534 et
1992 1479 2164 1534 solatii
2213 1479 2298 1534 his
2343 1479 2434 1551 qui
2462 1495 2563 1551 pro
2593 1479 2877 1535 animabus
2906 1492 3070 1549 quam
3101 1476 3192 1548 qui
3223 1492 3323 1547 pro
3356 1476 3466 1531 suis
3494 1476 3598 1530 huc

300 1579 625 1651 corporibus
681 1577 939 1643 veniunt,
997 1575 1334 1631 exhibemus.
1388 1574 1641 1646 Alioquin
1694 1590 1803 1628 non
1859 1575 1915 1628 in
1971 1583 2078 1628 tam
2126 1576 2336 1647 asperis
2385 1583 2437 1630 et
2467 1576 2690 1631 remotis
2720 1585 2771 1631 et
2799 1591 2939 1646 pene
2967 1573 3437 1631 inaccessibilibus
3463 1572 3599 1627 locis

301 1680 434 1749 (quo
477 1677 780 1748 quicunque
826 1673 1120 1745 corporalis
1151 1673 1329 1727 solatii
1360 1672 1569 1727 venerit
1598 1672 1775 1744 gratia
1800 1715 1812 1735 ,
1861 1672 1983 1742 plus
2012 1672 2247 1743 patiatur
2278 1674 2483 1730 laboris
2525 1691 2682 1746 quam
2731 1681 3048 1746 assequatur
3092 1671 3375 1743 remedii),
3416 1669 3513 1726 sed
3544 1668 3597 1723 in

301 1782 471 1830 strata
499 1774 678 1846 potius
707 1772 924 1845 publica
953 1770 1081 1826 olim
1110 1770 1472 1825 debueramus
1501 1770 1683 1841 utique
1734 1770 2069 1825 consedisse.

1657 1891 2230 1951 COMMENTARIUS.

306 2012 644 2083 temporibus
697 2010 901 2083 aliquid
957 2010 1104 2083 apud
1160 2026 1261 2065 nos
1323 2008 1589 2064 indultum
1648 2008 1717 2062 sit
1756 2008 1902 2064 circa
1928 2010 2373 2077 Ahorrendam,
2423 2011 2696 2067 invehitur
2744 2012 2807 2066 R.
2860 2011 2917 2065 P.
2954 2009 3173 2081 Guigo,
3225 2010 3350 2082 quia
3380 2024 3447 2065 ex
3476 2007 3597 2063 dia-

308 2100 481 2156 lectos
509 2100 800 2171 hospitum,
834 2099 890 2153 id
920 2099 990 2154 ad
1017 2115 1223 2153 meram
1252 2097 1497 2169 politiam
1540 2105 1824 2151 externam
1853 2104 1906 2152 et

311 2189 382 2243 ad
427 2196 726 2259 temporum
776 2187 1080 2243 decentiam
1109 2187 1374 2258 pertinet,
1407 2201 1511 2241 nec
1539 2186 1595 2239 in
1625 2186 1733 2240 ullo
1762 2185 1907 2240 laedit

310 2277 710 2333 observantiam
755 2276 1066 2349 regularem
1089 2319 1102 2342 ,
1155 2292 1277 2331 cum
1307 2275 1375 2329 ad
1403 2288 1670 2345 personas
1700 2273 1907 2328 ordinis

306 2382 419 2421 non
467 2374 703 2437 spectet,
753 2380 875 2437 quae
923 2364 1131 2420 eisdem
1182 2380 1400 2435 semper
1466 2362 1622 2418 lectis
1688 2370 1909 2417 utuntur

311 2454 509 2526 quibus
537 2454 699 2525 primi
730 2455 917 2509 Patres
946 2453 1158 2508 ordinis
1196 2452 1507 2507 utebantur.

385 2543 549 2598 Num.
586 2547 635 2597 1.
667 2543 987 2613 Sagmarios
1015 2546 1238 2598 nostros
1268 2545 1439 2597 extra
1468 2539 1761 2595 mittimus
1785 2539 1907 2593 hie-

310 2637 554 2687 matum.
604 2632 707 2688 Per
754 2630 1062 2703 sagmarios
1110 2630 1285 2685 mulos
1343 2628 1630 2700 intelligit,
1679 2641 1909 2697 quorum

312 2720 643 2777 adminiculo
674 2734 741 2774 ea
771 2727 976 2774 tantum
1011 2734 1305 2789 possumus
1339 2717 1504 2772 etiam
1533 2730 1678 2771 nunc
1707 2715 1910 2769 habere

311 2825 437 2881 qua:
457 2817 607 2863 extra
622 2824 868 2863 eremum
890 2818 1185 2863 nascuntur
1204 2814 1297 2861 aut
1317 2813 1591 2873 crescunt,
1607 2810 1768 2875 prout
1789 2810 1912 2856 sunt

316 2897 523 2963 vinum,
561 2897 825 2963 triticum,
873 2896 1076 2962 oleum,
1110 2903 1215 2951 etc.
1242 2896 1382 2949 Nam
1414 2909 1608 2949 currus
1638 2907 1748 2946 non
1777 2906 1911 2961 pos-

314 2993 442 3041 sunt
461 3001 527 3041 ex
547 2985 687 3056 pede
703 2984 919 3055 rupium
935 3000 1105 3055 usque
1128 2983 1197 3038 ad
1219 2982 1559 3037 Carthusiam
1582 2979 1911 3045 ascendere;

318 3070 465 3125 unde
492 3070 763 3124 mulorum
792 3068 1063 3124 dorsisea
1091 3068 1161 3122 ad
1191 3083 1292 3122 nos
1322 3066 1517 3122 advehi
1545 3080 1770 3120 necesse
1808 3071 1909 3117 est.

318 3158 513 3214 Adhuc
542 3158 702 3213 etiam
758 3158 1005 3229 cogimur
1034 3171 1227 3211 vaccas
1258 3162 1311 3209 et
1349 3154 1453 3209 alia
1483 3153 1735 3207 animalia
1764 3159 1915 3205 extra

320 3263 566 3303 eremum
596 3246 805 3301 mittere
826 3246 1137 3301 hiematum.
1173 3243 1442 3316 Sagmarii
1480 3249 1661 3296 autem
1695 3256 1910 3303 nomen,

2007 2106 2179 2154 metro
2226 2108 2433 2170 pugnat
2482 2116 2603 2155 cum
2633 2099 2875 2154 instituto
2905 2107 3121 2164 nostro,
3172 2098 3240 2153 ad
3283 2097 3426 2170 quod
3473 2113 3597 2153 ser-

2008 2189 2243 2244 vandum
2275 2205 2441 2243 unum
2474 2205 2503 2243 e
2531 2189 2743 2243 duobus
2773 2187 3082 2259 eligendum
3113 2195 3231 2242 est:
3264 2202 3480 2257 nempe,
3512 2185 3601 2242 vel

2008 2276 2322 2331 habendum
2354 2285 2435 2331 est
2462 2277 2609 2332 unde
2636 2292 2886 2347 personae
2916 2283 2967 2330 et
2992 2276 3187 2331 domus
3216 2274 3424 2330 ordinis
3452 2273 3604 2346 paci-

2010 2365 2111 2420 fice
2143 2372 2535 2432 sustententur,
2568 2365 2777 2437 absque
2806 2364 2917 2419 ulla
2944 2364 3271 2420 necessitate
3298 2362 3598 2435 quaerendi,

2011 2470 2133 2509 cum
2182 2454 2308 2509 vitae
2358 2453 2610 2508 solitariae
2639 2454 2771 2508 ratio
2802 2454 2855 2508 id
2885 2453 3083 2525 exigat,
3117 2460 3170 2508 et
3195 2467 3423 2509 necesse
3453 2452 3522 2507 sit
3545 2458 3604 2506 ut

2010 2543 2309 2597 monachus
2336 2550 2513 2597 cesset
2543 2557 2665 2597 esse
2696 2541 2994 2607 solitarius,
3045 2541 3225 2595 statim
3254 2549 3416 2613 atque
3447 2556 3601 2612 quaa-

2011 2646 2134 2685 rere
2166 2630 2269 2685 sibi
2289 2630 2602 2686 necessaria
2630 2638 2779 2684 extra
2801 2630 3023 2685 domum
3043 2629 3291 2701 cogitur;
3316 2628 3402 2685 vel
3433 2628 3601 2684 sinon

2013 2720 2298 2785 habeatur,
2344 2719 2457 2788 jam
2489 2735 2555 2774 ex
2584 2718 2910 2774 necessitate
2941 2718 3045 2773 sibi
3073 2717 3395 2789 providendi
3425 2723 3607 2773 cesset

2013 2808 2173 2863 etiam
2204 2824 2328 2863 esse
2377 2807 2670 2874 solitarius,
2705 2822 2769 2863 ac
2795 2807 3024 2878 proinde
3071 2806 3478 2862 Carthusianus.
3523 2805 3605 2860 De

2013 2896 2113 2950 hac
2143 2912 2277 2968 ergo
2306 2912 2363 2951 re
2392 2896 2537 2951 idem
2588 2896 2877 2951 dicendum
2910 2903 2993 2951 est
3023 2896 3169 2967 quod
3199 2895 3268 2951 de
3304 2895 3447 2951 nive.
3479 2895 3603 2950 Non

2013 2993 2192 3055 potest
2220 3002 2343 3040 esse
2372 2985 2463 3040 nix
2484 2984 2700 3052 calida;
2732 2985 2914 3039 statim
2943 2984 3087 3040 enim
3118 2992 3275 3057 atque
3297 2984 3469 3040 calida
3497 2990 3601 3051 est,

2014 3074 2211 3129 desinit
2239 3090 2362 3129 esse
2390 3074 2500 3129 nix.

2086 3162 2267 3217 Zelum
2315 3170 2490 3216 autem
2539 3178 2695 3217 suum
2744 3161 2831 3217 hic
2879 3162 3109 3217 discreto
3155 3161 3330 3218 exerit
3386 3167 3605 3216 sanctus

2014 3249 2116 3315 vir,
2158 3257 2211 3305 et
2246 3250 2481 3304 videndo
2513 3266 2619 3320 quo
2646 3256 2906 3321 praetextu
2935 3251 3156 3322 quidam
3182 3250 3436 3306 monachi
3481 3256 3609 3305 tunc

321 3352 355 3391 tt
383 3340 634 3407 sagmate
663 3334 954 3389 formatum
985 3341 1087 3399 est,
1121 3332 1268 3405 QUOd
1296 3331 1520 3387 verbum
1550 3344 1651 3400 ρτο
1685 3325 1914 3397 iumenti
1934 3362 1988 3424 Β
2018 3336 2278 3409 temporis
2343 3338 2609 3408 pruritum
2665 3338 3045 3408 possessiones
3102 3336 3491 3409 multiplicandi
3556 3344 3607 3393 et

322 3424 476 3491 sella,
499 3423 615 3478 sive
646 3430 832 3488 strato,
856 3421 1140 3492 accipitur,
1174 3436 1208 3474 a
1238 3435 1346 3491 quo
1366 3418 1671 3491 sagmarius
1691 3423 1915 3473 vocatus

323 3519 407 3567 est
432 3512 609 3566 mulus
637 3510 869 3581 sagmati
899 3510 1171 3580 portando
1200 3508 1520 3563 destinatus.

393 3602 481 3656 Ex
511 3601 615 3656 hoc
647 3608 829 3654 autem
849 3598 969 3653 loco
1000 3598 1226 3653 evidens
1256 3605 1338 3652 est
1367 3596 1532 3669 quod,
1552 3596 1679 3650 licet
1712 3611 1914 3651 renun-

323 3690 518 3744 tiarent
563 3688 749 3759 optimi
797 3689 981 3741 Patres
1027 3685 1306 3756 cupiditati
1350 3684 1556 3756 aliquid
1600 3686 1917 3755 possidendi

321 3786 476 3834 extra
503 3792 748 3832 eremum
768 3819 781 3843 ,
813 3776 869 3830 id
901 3775 1085 3831 stricte
1115 3775 1530 3846 intelligendum
1564 3782 1647 3829 est
1693 3775 1763 3830 de
1793 3792 1918 3846 spe-

324 3867 512 3923 ciebus
530 3882 710 3921 rerum
732 3881 853 3937 quae
872 3864 927 3919 in
945 3863 1181 3935 capitulo
1203 3866 1262 3918 4-1
1286 3863 1508 3918 inferius
1530 3863 1914 3934 exprimentur.

322 3957 463 4011 Nam
492 3963 702 4010 certum
732 3962 814 4009 est
834 3953 956 4008 illos
978 3961 1104 4008 tunc
1121 3952 1375 4007 habuisse
1404 3951 1615 4006 stabula
1644 3960 1696 4006 et
1717 3968 1919 4022 pascua

320 4044 374 4098 in
407 4043 708 4100 confinibus
756 4042 926 4097 eremi
956 4041 1254 4096 Carthusias
1279 4081 1293 4106 ,
1344 4040 1412 4094 ad
1450 4040 1617 4111 pedes
1665 4040 1919 4096 videlicet

324 4132 541 4203 rupium
586 4131 902 4197 existentia,
955 4146 1180 4202 quorum
1224 4128 1554 4184 adminiculo
1594 4128 1919 4184 animalibus

325 4221 441 4276 suis
474 4228 717 4290 tempore
747 4219 943 4274 hiemis
964 4218 1332 4289 providerent.
1367 4219 1491 4272 Erat
1529 4217 1672 4271 enim
1692 4218 1919 4272 inevita-

325 4309 449 4364 bilis
470 4308 768 4364 necessitas
790 4308 844 4362 id
864 4306 1120 4373 habendi,
1136 4305 1378 4377 alioquin
1399 4320 1601 4378 magno
1618 4306 1792 4376 pretio
1812 4305 1921 4361 illis

326 4397 587 4453 elocanda
635 4395 863 4451 fuissent
910 4395 1148 4461 stabula,
1197 4402 1249 4449 et
1297 4393 1482 4449 fenum
1533 4394 1823 4449 emendum
1853 4394 1921 4448 ad

325 4485 616 4542 nutrienda
635 4484 905 4550 animalia,
921 4498 986 4540 ac
1000 4484 1078 4539 sic
1098 4498 1462 4553 expensarum
1482 4482 1721 4554 gravitas
1742 4499 1828 4539 res
1851 4482 1925 4537 fa-

327 4575 565 4629 miliares
586 4573 795 4645 integre
816 4572 1210 4628 absorbuisset.
1246 4571 1305 4626 Id
1335 4570 1555 4642 quidem
1578 4571 1707 4626 satis
1728 4571 1922 4642 proba-

327 4672 440 4718 tum
452 4663 682 4718 habetur
696 4679 793 4733 per
814 4678 937 4733 cap.
956 4665 1044 4716 76.
1065 4659 1527 4715 Consuetudinum
1541 4660 1917 4731 praesentium:

2015 3425 2220 3497 absque
2249 3425 2361 3480 ullo
2387 3424 2493 3481 fine
2523 3425 2845 3497 acquirendi
2875 3426 3149 3494 velabant,
3180 3427 3419 3482 occurrit
3447 3425 3606 3480 nobis

2016 3522 2069 3569 et
2100 3514 2345 3568 velamen
2371 3513 2507 3569 illud
2539 3514 2713 3569 aufert
2739 3522 2791 3570 et
2823 3514 2992 3583 rejicit
3013 3557 3025 3581 ,
3076 3531 3143 3570 ne
3175 3515 3394 3587 quando
3424 3522 3606 3569 tenta-

2017 3603 2092 3657 tio
2139 3618 2204 3657 eo
2252 3602 2435 3657 utendi
2465 3610 2679 3657 nostros
2711 3602 3028 3671 invaderet,
3079 3611 3239 3673 prout
3268 3603 3357 3658 hic
3388 3602 3603 3675 legitur.

2017 3691 2265 3745 Habeant
2314 3706 2444 3761 ergo
2492 3690 2635 3746 idem
2666 3691 2729 3747 R.
2764 3690 2938 3746 Patris
2969 3691 3237 3764 Guigonis
3282 3707 3607 3762 responsum

2018 3779 2276 3835 ofﬁciales
2300 3778 2507 3834 ordinis
2526 3822 2540 3845 ,
2592 3780 2684 3851 qui
2714 3780 2857 3851 apud
2886 3796 2986 3835 nos
3016 3781 3178 3835 etiam
3211 3797 3425 3851 semper
3467 3795 3610 3835 nova

2019 3868 2333 3940 acquirendi
2382 3868 2648 3938 pruritum
2676 3868 2911 3939 vellent,
2964 3870 3219 3924 cmentito
3261 3869 3353 3924 illo
3395 3867 3611 3940 pietatis

2019 3965 2280 4028 praetextu
2330 3966 2381 4011 et
2425 3956 2610 4012 colore
2640 3957 2942 4023 admittere,
2977 3965 3029 4013 et
3065 3958 3286 4013 audiant
3314 3974 3344 4011 a
3388 3973 3477 4012 me
3505 3957 3609 4012 do-

2019 4059 2138 4098 mos
2169 4051 2220 4097 et
2248 4040 2511 4097 ofﬁciales
2539 4042 2746 4097 ordinis
2777 4045 2966 4098 eadem
2995 4044 3084 4098 via
3116 4051 3169 4098 et
3190 4043 3385 4099 eodem
3415 4058 3612 4114 gressu

2021 4147 2053 4185 a
2075 4131 2156 4185 sui
2184 4130 2409 4185 instituti
2439 4137 2490 4185 et
2507 4146 2540 4184 a
2561 4146 2673 4186 sua:
2701 4131 3059 4201 professionis
3083 4132 3276 4202 spiritu
3306 4131 3607 4199 discedere,

2020 4235 2127 4290 quo
2170 4219 2376 4290 absque
2401 4220 2546 4288 justa
2583 4227 2636 4273 et
2666 4220 2981 4275 necessaria
3011 4234 3196 4286 causa,
3227 4236 3398 4275 novas
3430 4227 3484 4275 et
3513 4235 3611 4274 su-

2019 4307 2257 4378 perfluas
2284 4307 2664 4377 possessiones
2694 4316 2952 4362 conantur
2980 4316 3033 4363 et
3062 4309 3278 4364 student
3306 4308 3410 4363 sibi
3457 4323 3613 4364 com-

2020 4410 2236 4466 parare.
2270 4394 2358 4451 Sic
2381 4396 2527 4450 enim
2559 4411 2625 4450 ex
2656 4395 3031 4466 spiritualibus
3063 4397 3266 4453 sensim
3294 4396 3427 4452 fiunt
3471 4404 3614 4452 tem-

2022 4483 2258 4554 porales,
2290 4492 2343 4538 et
2372 4500 2436 4539 ex
2466 4484 2746 4539 monachis
2778 4486 3086 4542 saeculares.
3140 4488 3209 4541 At
3255 4486 3388 4541 nihil
3418 4486 3616 4541 horum

2023 4573 2090 4626 ad
2118 4579 2337 4627 nostros
2367 4580 2573 4644 spectat
2594 4573 2933 4641 claustrales,
2958 4575 3152 4646 quibus
3183 4575 3388 4630 ordinis
3416 4591 3616 4646 corpus

2025 4661 2390 4731 componitur,
2422 4660 2519 4716 sed
2550 4660 2618 4715 ad
2649 4661 2905 4717 ofﬁciales
2936 4663 3026 4735 qui
3057 4672 3181 4718 sunt
3211 4671 3413 4718 tantum
3461 4663 3617 4718 istius

329 4751 429 4807 sed
480 4750 654 4806 nullus
702 4758 950 4806 remanet
980 4749 1239 4819 scrupulo
1260 4748 1414 4804 locus
1435 4789 1450 4815 ,
1502 4749 1631 4802 dum
1677 4748 1923 4803 visuntur
1949 4722 1994 4782 Ο
2030 4749 2274 4820 corporis
2304 4750 2547 4805 membra
2578 4750 2889 4824 singularia.
2916 4752 3244 4808 Claustrales
3276 4751 3445 4820 enim,
3490 4758 3544 4807 et
3573 4752 3618 4807 si

328 4840 508 4895 adhuc
554 4839 749 4894 rudera
795 4846 1041 4893 veterum
1098 4837 1319 4892 istorum
1378 4835 1748 4901 stabulorum,
1800 4852 1922 4907 quae

332 4928 659 4983 animalibus
708 4926 1041 4997 excipiendis
1089 4925 1478 4981 inserviebam.
1533 4925 1593 4978 In
1624 4940 1731 4995 quo
1761 4924 1921 4979 etiam

332 5016 455 5072 loco
514 5016 989 5086 congregabantur
1045 5014 1282 5070 triticum
1334 5021 1387 5068 et
1434 5012 1542 5067 alia
1588 5012 1918 5078 necessaria,

334 5121 455 5177 qua;
500 5113 685 5175 postea
727 5120 826 5174 per
854 5102 1171 5159 horribilem
1202 5102 1521 5165 transitum,
1573 5101 1662 5172 qui
1702 5109 1925 5157 vocatur

338 5195 389 5250 le
410 5195 574 5261 Frou,
598 5192 841 5247 humeris
870 5192 1150 5246 hominum
1176 5192 1244 5245 ad
1265 5191 1630 5245 summitatem
1648 5189 1930 5259 cujusdam

336 5282 487 5352 rupis
532 5281 952 5347 deferebantur;
1000 5281 1145 5335 unde
1189 5288 1378 5350 postea
1424 5279 1601 5334 dorsis
1657 5278 1929 5333 mulorum

334 5370 585 5441 imposita
616 5386 713 5441 per
742 5369 926 5424 villam
950 5376 1194 5424 vocatam
1226 5368 1561 5425 Rucheriam
1610 5367 1679 5422 ad
1710 5368 1930 5423 domum

340 5458 641 5514 Carthusia:
680 5458 1187 5513 transvehebantur.

410 5548 576 5602 Num.
614 5552 669 5605 2.
700 5546 943 5619 Vagandi
962 5551 1018 5602 et
1037 5547 1394 5619 quwsitandi,
1428 5553 1539 5601 etc.
1578 5544 1768 5600 Merito
1797 5560 1933 5601 con-

340 5646 425 5692 tra
471 5636 613 5694 hanc
658 5635 1108 5694 consuetudinem
1132 5680 1145 5703 ,
1195 5635 1349 5707 quasi
1394 5642 1587 5693 contra
1616 5651 1731 5692 rem
1777 5635 1935 5692 nobis

2031 4838 2410 4909 possessiones
2458 4848 2789 4911 augeantur,
2838 4856 2902 4896 ac
2948 4841 3072 4896 inde
3114 4856 3181 4895 ex
3242 4839 3620 4911 temporalium

2034 4926 2476 4997 multiplicatione
2505 4927 2830 4997 ofﬁcialium,
2863 4929 3251 4985 sollicitudines
3279 4929 3442 4984 etiam
3471 4929 3620 4984 mul-

2034 5015 2360 5085 tiplicentur,
2396 5032 2611 5088 semper
2639 5026 2923 5073 remanent
2952 5019 3006 5073 in
3033 5018 3268 5074 claustro
3298 5018 3484 5091 quieti,
3520 5034 3623 5075 nec

2035 5104 2327 5176 quidquam
2372 5105 2592 5160 illorum
2641 5106 2855 5179 attingit
2901 5123 3027 5174 eos,
3078 5108 3187 5163 imo
3233 5108 3480 5165 nesciunt
3518 5124 3621 5165 nec

2032 5193 2161 5264 quid
2191 5193 2383 5249 domus
2412 5194 2607 5250 habeat
2638 5204 2728 5250 aut
2756 5195 3052 5267 possideat,
3084 5213 3186 5254 nec
3216 5198 3343 5270 quid
3388 5198 3457 5253 ab
3506 5197 3623 5253 ofﬁ-

2032 5282 2258 5337 cialibus
2289 5291 2496 5353 agatur.

2104 5372 2233 5426 CAP.
2268 5372 2393 5426 XX.
2424 5404 2491 5412 —
2520 5374 2661 5427 Num
2694 5377 2744 5428 1.
2778 5375 3123 5446 Pauperibus
3162 5376 3355 5431 seaculi
3390 5390 3618 5446 panem,

2034 5468 2160 5525 etc.,
2212 5462 2307 5517 sed
2353 5463 2423 5517 ad
2453 5463 2676 5531 villam,
2728 5471 2831 5518 etc.
2880 5463 3073 5518 Smculi
3117 5463 3333 5518 nomine
3376 5462 3626 5534 intelligit

2035 5564 2306 5619 pauperes
2337 5550 2624 5605 seculares
2648 5592 2661 5618 ,
2708 5551 2764 5605 in
2810 5552 3006 5623 quibus
3028 5551 3284 5621 juvandis
3313 5551 3627 5624 qualitatem

2035 5635 2345 5693 facultatum
2362 5681 2379 5704 ,
2432 5645 2485 5694 et
2514 5638 2571 5695 in
2600 5638 2779 5695 dando
2808 5638 3119 5696 libertatem
3147 5641 3356 5698 servari
3387 5639 3624 5698 volebat.
