3978 6050
374 154 478 206 6'75
1210 150 1483 206 GUIGON
1488 151 1549 205 IS
1590 152 1610 203 Ι
1650 148 1968 204 CARTHUS

2097 144 2390 202 MAJORIS
2429 145 2707 202 PRIORIS
2746 146 2811 202 V.
3568 149 3671 202 6'76

430 279 484 331 2.
517 274 726 330 Habeat
763 274 945 345 itaque
984 274 1195 330 Martha
1240 274 1514 329 laudabile
1561 273 1811 345 quidem,
1864 272 1960 327 sed
2003 278 2183 326 tamen
2210 286 2321 326 non
2350 270 2467 326 sine
2512 269 2874 327 sollicitudine
2920 278 2973 326 et
3018 272 3432 343 perturbatione
3478 271 3665 326 minis-

368 370 556 425 terium
576 413 590 439 ,
642 388 748 427 nec
793 388 1036 427 sororem
1067 371 1321 427 sollicitet
1351 370 1548 426 Christi
1578 370 1826 440 vestigiis
1864 369 2246 435 inhaerentem,
2293 376 2346 422 et
2376 367 2631 439 quoniam
2666 367 2784 437 ipse
2816 376 2898 423 est
2922 368 3069 423 Deus
3099 369 3340 425 vacando
3370 369 3664 433 videntem,

371 468 623 539 spiritum
681 486 835 525 suum
890 478 1243 541 scopentem,
1301 485 1567 541 suamque
1619 468 1921 524 orationem
1976 467 2031 521 in
2084 466 2263 520 sinum
2321 482 2478 520 suum
2535 473 2981 534 convertentem,
3041 475 3095 522 et
3151 466 3282 539 quid
3335 466 3440 522 sibi
3493 466 3549 521 in
3604 482 3666 522 se

363 564 612 636 loquatur
666 566 931 622 Dominus
963 566 1288 633 audientem,
1351 564 1538 637 sicque
1584 582 1651 621 ex
1679 565 1966 637 quantula,
2018 580 2118 634 per
2148 563 2431 634 speculum
2488 569 2542 619 et
2597 562 2652 617 in
2704 561 2996 634 aenigmate
3052 572 3204 635 parte
3233 570 3443 634 potest,
3503 579 3666 635 quam

366 670 449 717 est
505 663 685 721 suavis
713 672 1023 736 gustantem
1080 672 1132 721 et
1188 664 1488 733 videntem,
1548 671 1601 719 et
1656 671 1769 719 tam
1820 678 1920 733 pro
1976 662 2097 733 ipsa
2150 676 2313 732 quam
2363 677 2465 732 pro
2523 660 2730 717 cunctis
2784 659 2964 716 taliter
3006 660 3379 719 laborantibus
3428 676 3667 718 exoran-

365 766 495 814 tem.

435 863 486 913 3.
522 859 679 927 Quod
721 859 769 915 si
818 860 1105 915 sollicitare
1134 875 1243 915 non
1291 858 1517 926 desinit,
1568 858 1730 914 habet
1760 858 1853 913 illa
1882 873 1990 912 non
2022 859 2200 913 solum
2224 857 2585 929 justissimum
2610 857 2883 926 judicem,
2936 857 3033 912 sed
3078 856 3240 911 etiam
3287 856 3666 912 fidelissimum

362 956 701 1027 advocatum,
734 957 913 1027 ipsum
940 956 1193 1013 videlicet
1221 956 1541 1021 Dominum,
1586 954 1676 1026 qui
1704 954 2045 1025 propositum
2074 956 2191 1025 ejus
2220 971 2328 1009 non
2351 954 2523 1009 solum
2554 953 2844 1009 defendere
2870 998 2882 1021 ,
2933 953 3031 1009 sed
3078 954 3242 1009 etiam
3284 954 3665 1009 commendare

363 1055 621 1126 dignatur
652 1055 840 1110 dicens
874 1070 885 1107 :
919 1056 1098 1110 Maria
1126 1057 1401 1126 Optimam
1420 1058 1645 1125 partem
1676 1053 1843 1123 elegit
1871 1069 1993 1124 qua:
2023 1070 2138 1109 non
2164 1056 2465 1123 auferetur
2485 1053 2550 1107 ab
2581 1068 2644 1107 ea
2675 1053 2828 1122 (Luc.
2851 1052 2939 1122 Χ).
2971 1051 3214 1106 Dicendo
3242 1055 3532 1124 Optimam,
3556 1067 3666 1106 non

364 1160 573 1207 tantum
621 1152 1057 1222 commendavit,
1109 1152 1207 1207 sed
1254 1160 1307 1206 et
1355 1150 1560 1207 sororis
1605 1149 1893 1204 laboriosis
1935 1150 2141 1205 actibus
2168 1149 2425 1221 praetulit.
2457 1149 2702 1204 Dicendo
2731 1166 2845 1205 non
2872 1151 3192 1220 auferetur,
3222 1148 3483 1217 defendit,
3516 1157 3567 1204 et
3596 1165 3665 1205 ne

364 1250 819 1307 sollicitudinibus
850 1251 968 1319 ejus
997 1257 1049 1306 et
1079 1247 1595 1321 perturbationibus,
1629 1247 1921 1319 quamlibet
1950 1248 2075 1320 piis,
2108 1264 2229 1304 sese
2259 1248 2542 1316 insereret,
2577 1246 2878 1304 excusavit.

1750 1426 2323 1484 COMMENTARIUS.

366 1581 474 1637 Cur
502 1593 636 1636 vero
660 1593 815 1644 raro,
868 1577 922 1632 id
968 1585 1050 1632 est
1081 1586 1231 1632 extra
1260 1593 1516 1650 magnam
1554 1579 1955 1645 necessitatem,
1979 1582 2033 1642 Α
2063 1595 2161 1633 nes
2189 1594 2392 1651 augere
2424 1578 2628 1633 debuit.
2680 1579 2937 1651 Alioquin
2984 1593 3092 1635 non
3134 1578 3400 1650 potuisset
3445 1578 3656 1650 absque

366 1668 510 1739 apud
558 1683 659 1722 nos
706 1674 848 1721 tecto
899 1674 1027 1721 tunc
1057 1666 1508 1736 susciperentur?
1556 1668 1615 1721 Id
1642 1667 1957 1737 prudentis-

363 1758 499 1811 sime
529 1755 725 1821 tiehat,
757 1771 827 1809 ne
856 1755 985 1810 inde
1015 1756 1412 1810 attraherentur
1441 1756 1511 1810 ad
1542 1756 1681 1810 hanc
1714 1772 1958 1811 eremum

363 1860 666 1917 pauperum
696 1852 929 1899 caterva;
951 1885 965 1908 ,
998 1860 1119 1914 quae
1149 1844 1494 1899 solitudinem
1525 1852 1770 1899 nostram
1799 1844 1962 1899 inter-

363 1934 646 1988 turbarent
674 1939 727 1987 et
758 1939 921 1986 totam
951 1948 1069 1987 rem
1098 1931 1418 1987 familiarem
1445 1933 1801 1987 absorberent
1829 1976 1841 1999 ,
1891 1948 1961 1987 ne

367 2022 532 2078 etiam
578 2021 679 2075 sub
728 2028 992 2090 praetextu
1045 2021 1382 2090 paupertatis
1442 2021 1685 2077 venirent
1734 2020 1805 2075 ad
1859 2035 1961 2075 nos

364 2109 495 2181 vagi
537 2118 591 2164 et
619 2109 781 2164 otiosi
810 2108 1057 2163 homines
1077 2149 1091 2178 ,
1140 2108 1248 2163 imo
1295 2125 1404 2163 non
1435 2124 1555 2164 raro
1588 2109 1835 2175 scelesti,
1871 2107 1961 2179 qui

367 2196 676 2254 commissis
697 2196 1009 2251 enormibus
1028 2196 1366 2263 criminibus,
1387 2195 1550 2251 ﬁxum
1570 2214 1680 2251 non
1700 2197 1962 2251 audentes

368 2286 573 2341 habere
615 2284 986 2352 domicilium,
1041 2286 1336 2356 assumptis
1381 2286 1797 2358 peregrinorum
1827 2286 1962 2339 insi-

368 2374 510 2446 gniis
552 2373 755 2445 ubique
804 2373 1131 2429 discurrunt.
1183 2376 1229 2429 Α
1275 2374 1440 2446 longe
1470 2375 1856 2445 praesentiebat
1884 2373 1966 2428 vir

372 2470 593 2519 sanctus
652 2462 799 2533 quod
845 2470 1037 2532 postea
1082 2462 1268 2518 domui
1312 2463 1435 2519 huic
1495 2462 1965 2517 irremediabiliter

368 2552 593 2620 accidit,
646 2567 747 2621 per
791 2566 1118 2606 concursum
1186 2552 1539 2623 omnigenum
1589 2551 1869 2606 hominum
1915 2558 1967 2605 et

369 2639 788 2712 peregrinorum
808 2680 825 2707 ,
859 2639 1055 2710 quibus
1086 2654 1183 2709 pro
1212 2655 1375 2709 posse
1404 2656 1592 2694 mensa
1613 2683 1626 2707 ,
1678 2647 1877 2695 tectum
1914 2645 1967 2693 et

370 2727 684 2800 pecuniaria
759 2727 1111 2797 eleemosyna
1168 2727 1568 2795 ministrantur,
1643 2736 1698 2783 et
1768 2728 1966 2799 quibus

373 2832 650 2888 nunquam
714 2814 1026 2871 sufficerent
1083 2816 1290 2870 reditus
1343 2824 1400 2870 et
1446 2816 1751 2871 (economia
1806 2816 1967 2884 hujus

373 2905 569 2960 domus
590 2945 604 2970 ,
654 2904 759 2959 nisi
790 2919 851 2958 ea
882 2920 1003 2975 quas
1035 2904 1397 2958 illustrissima
1435 2905 1708 2960 comitissa
1739 2905 1966 2975 provin-

382 2994 480 3049 cia:
509 2993 693 3049 domui
739 2992 863 3048 huic
910 2992 1132 3047 contulit
1175 3009 1205 3047 a
1249 2993 1443 3063 primis
1494 2994 1862 3064 temporibus,
1911 2993 1967 3047 in

371 3097 508 3150 ova,
548 3082 805 3153 butyrum
828 3124 842 3149 ,
874 3096 1125 3147 caseum,
1158 3081 1339 3151 pisces
1368 3089 1422 3136 et
1449 3082 1645 3137 similia
1692 3082 1968 3137 esculenta

371 3171 689 3241 impendere
720 3186 820 3242 per
848 3169 1329 3226 commutationem
1358 3186 1482 3226 cum
1511 3171 1704 3227 vicinis
1749 3170 1968 3227 rusticis

376 3258 584 3314 liceret.

446 3349 589 3403 Usus
619 3362 752 3419 ergo
802 3347 904 3402 iste
955 3347 1163 3402 sensim
1192 3347 1530 3403 introductus
1559 3355 1668 3417 est,
1703 3356 1756 3403 et
1783 3348 1969 3404 chari-

375 3442 512 3502 tate,
546 3436 701 3505 cujus
730 3435 940 3491 viscera
970 3452 1035 3490 ex
1062 3436 1423 3506 praesentibus
1456 3452 1716 3506 vagorum
1744 3437 1970 3491 istorum

371 3524 782 3579 necessitatibus
839 3524 953 3579 sive
1021 3524 1168 3579 veris
1222 3525 1338 3579 sive
1396 3523 1532 3580 fictis
1590 3525 1965 3593 movebantur,

369 3612 699 3684 impellente,
722 3613 937 3667 tandem
967 3611 1022 3665 in
1052 3612 1499 3667 consuetudinem
1531 3628 1727 3667 versus
1758 3622 1860 3678 est,
1895 3613 1970 3667 ita

370 3708 427 3755 ut
476 3718 541 3756 ex
581 3701 818 3772 quodam
848 3698 1033 3755 ﬁctitio
1058 3700 1180 3768 jure
1228 3700 1298 3754 ab
1328 3700 1418 3755 illa
1446 3701 1839 3755 consuetudine
1870 3717 1969 3755 ex-

371 3797 507 3855 orto,
531 3789 677 3844 velut
703 3789 759 3843 in
791 3788 1006 3843 axioma
1036 3788 1315 3858 publicum
1345 3788 1634 3859 aliquando
1669 3789 1964 3853 transierit,

377 3876 524 3949 quod
553 3878 749 3948 cuique
775 3876 1009 3931 liberum
1040 3884 1185 3931 esset
1213 3876 1281 3930 ad
1311 3877 1651 3931 Carthusiam
1680 3877 1884 3944 venire,
1919 3885 1973 3932 et

376 3965 451 4019 ibi
478 3980 578 4034 per
621 3972 732 4020 tres
782 3964 900 4019 dies
949 3965 1233 4020 continuos
1261 3964 1481 4035 hospitii
1533 3964 1800 4021 beneficio
1840 3966 1965 4031 frui,

378 4061 636 4125 tanquam
682 4069 749 4108 ex
795 4052 1109 4109 fundatione
1160 4053 1357 4108 talibus
1405 4053 1709 4124 hospitibus
1767 4054 1966 4111 debito.

380 4141 523 4210 Quid
554 4141 679 4198 inde
708 4141 1116 4214 inquietudinis,
1139 4141 1342 4197 laboris
1372 4150 1425 4197 et
1444 4158 1803 4213 expensarum
1826 4144 1971 4215 (qua

378 4231 544 4302 longe
573 4230 768 4287 melius
814 4231 869 4285 in
907 4231 1163 4299 juvandis
1191 4231 1338 4286 veris
1364 4232 1698 4302 pauperibus
1729 4232 1969 4288 circum-

378 4319 570 4375 vicinis
592 4320 1057 4390 impenderentur)
1072 4320 1197 4376 huic
1219 4320 1403 4375 domui
1425 4321 1645 4389 Majoris
1666 4321 1970 4377 Carthusiaa
1998 4304 2045 4365 Ο

379 4407 635 4475 evenerit,
670 4407 755 4463 vix
782 4416 961 4479 potest
992 4408 1272 4479 explicari.
1324 4410 1393 4464 Ut
1420 4409 1564 4465 enim
1606 4418 1980 4480 paupertatem

382 4496 577 4552 melius
606 4495 833 4568 fingant,
868 4513 977 4551 non
1010 4512 1133 4552 raro
1164 4497 1376 4553 calceos
1409 4506 1461 4552 et
1489 4498 1649 4551 tibias
1694 4498 1833 4552 inter
1880 4515 1980 4553 vc-

378 4601 507 4657 pres
538 4585 917 4650 abscondunt,
952 4585 1266 4657 priusquam
1297 4587 1363 4640 ad
1394 4586 1561 4641 limen
1592 4587 1786 4641 domus
1813 4601 1977 4642 acce-

380 4674 528 4739 dant,
585 4681 642 4727 ut
691 4672 959 4727 seminudi
990 4682 1044 4728 et
1089 4674 1401 4731 discalceati
1430 4682 1777 4746 apparentes,
1812 4675 1978 4729 etiam

380 4763 599 4834 vigente
647 4760 887 4833 frigore,
944 4762 1206 4833 recipiant
1249 4764 1465 4818 calceos
1508 4770 1561 4818 et
1622 4762 1727 4816 alia
1782 4762 1977 4833 quibus

380 4858 654 4923 tegantur.
688 4849 823 4918 Quae
851 4850 1031 4921 lepide
1060 4852 1206 4907 dicta
1237 4852 1361 4919 sint,
1395 4860 1452 4906 ut
1483 4857 1817 4923 agnoscatur
1846 4867 1976 4921 qua-

382 4939 449 4994 lis
479 4940 547 4993 sit
572 4939 988 5011 peregrinorum
1035 4948 1339 4995 nostrorum
1370 4940 1565 4993 astutia
1607 4947 1660 4993 et
1688 4938 1971 4994 industria.

390 5028 776 5083 Praesentiebat
820 5028 921 5083 ista
950 5027 1036 5082 vir
1065 5036 1304 5093 sanctus,
1336 5029 1432 5083 sed
1462 5036 1740 5084 crescente
1770 5029 1972 5083 sensim

385 5116 577 5172 ordine
607 5124 660 5171 et
688 5116 849 5185 hujus
891 5116 1058 5171 eremi
1088 5116 1341 5186 Opinione
1370 5133 1470 5187 per
1499 5124 1670 5172 totum
1700 5118 1886 5172 orbem
1914 5134 1973 5173 se

383 5206 736 5278 divulgante,
791 5204 1126 5275 impossibile
1168 5204 1300 5271 fuit,
1350 5206 1629 5261 moraliter
1675 5205 1969 5276 loquendo,

382 5295 525 5349 hanc
571 5292 1000 5349 vicissitudinem
1030 5292 1292 5359 devitare,
1337 5310 1367 5347 a
1395 5310 1500 5364 qua
1526 5294 1691 5348 etiam
1720 5294 1972 5363 impossi-

382 5382 546 5437 bilius
575 5389 656 5437 est
681 5398 740 5436 se
788 5396 1027 5453 unquam
1054 5381 1307 5436 liberare.
1342 5383 1402 5436 Id
1433 5399 1561 5438 vero
1588 5399 1695 5437 una
1729 5398 1792 5436 ex
1823 5399 1971 5452 prae-

391 5470 564 5541 cipuis
596 5470 776 5526 causis
803 5469 936 5537 fuit,
987 5485 1085 5526 cur
1111 5470 1304 5526 domus
1334 5471 1630 5527 Carthasim
1659 5470 1970 5541 possessio-

2073 1666 2354 1738 quaerendi
2387 1667 2565 1737 (quod
2594 1668 2925 1723 horrendum
2956 1676 3038 1723 est
3066 1669 3129 1724 R.
3164 1669 3223 1723 Ρ.
3255 1667 3527 1741 Guigoni)
3568 1684 3666 1723 ne-

2072 1755 2323 1810 cessitate
2355 1755 2670 1810 subsistere.

2143 1843 2469 1913 Principium
2508 1844 2667 1913 hujus
2710 1843 2928 1915 capituli
2976 1861 3147 1915 usque
3198 1846 3271 1899 ad
3320 1844 3415 1899 illa
3471 1845 3662 1910 verba,

2070 1934 2356 1988 mittimus
2379 1933 2746 2004 hospitatum,
2766 1933 2990 1989 relatum
3014 1934 3239 1989 habetur
3258 1933 3465 1990 eisdem
3485 1933 3669 1989 verbis

2071 2036 2189 2091 cap.
2240 2025 2308 2078 26
2356 2022 2613 2077 secunda:
2657 2029 2794 2091 part.
2846 2022 3016 2093 antiq.
3050 2029 3254 2088 statut.,
3288 2039 3343 2077 n.
3372 2026 3423 2076 1.
3456 2023 3661 2078 Caetera

2075 2124 2204 2163 vero
2259 2109 2313 2161 in
2358 2110 2581 2179 antiqua
2611 2117 2806 2164 statuta
2834 2126 2943 2165 non
2972 2110 3190 2166 fuerunt
3220 2110 3511 2179 transfusa,
3542 2111 3669 2181 quia

2072 2204 2397 2251 statutorum
2444 2198 2854 2253 condendorum
2905 2198 3100 2254 rationi
3155 2215 3265 2254 non
3319 2198 3666 2265 conveniunt,

2070 2300 2195 2340 cum
2215 2292 2422 2339 tantum
2441 2286 2752 2341 contineant
2767 2287 3007 2342 zelosam
3031 2287 3319 2359 quamdam
3338 2286 3564 2342 rationis
3586 2286 3673 2340 sui

2070 2372 2197 2429 facti
2227 2381 2280 2429 et
2307 2374 2435 2428 dicti
2466 2374 2828 2430 redditionem
2852 2418 2864 2442 ,
2898 2393 3063 2447 quam
3090 2384 3271 2432 tamen
3299 2376 3665 2432 indiscussam

2069 2477 2181 2516 non
2222 2462 2715 2533 praetermittemus.

2140 2550 2261 2604 Jam
2304 2551 2661 2621 probabiliter
2709 2552 2923 2622 prodire
2974 2560 3252 2623 coeperant
3294 2561 3539 2623 tempore
3596 2553 3662 2608 Β.

2068 2639 2246 2693 Patris
2321 2639 2591 2712 Guigonis
2648 2640 3043 2696 susurrationes
3100 2649 3153 2697 et
3220 2641 3666 2697 murmurationes

2070 2743 2260 2782 eorum
2290 2727 2380 2798 qui
2410 2728 2710 2783 institutum
2741 2738 2987 2785 nostrum
3018 2730 3206 2786 inutile
3235 2731 3366 2801 quid
3398 2730 3453 2784 in
3481 2730 3665 2785 Eccle-

2069 2815 2151 2870 sia
2181 2816 2281 2870 Dei
2311 2832 2433 2871 esse
2455 2816 2828 2885 blaterabant,
2876 2826 2928 2873 et
2975 2827 3163 2874 contra
3211 2827 3427 2873 nostros
3476 2818 3664 2873 solita-

1994 2945 2048 3005 B
2073 2904 2185 2958 rios
2214 2904 2655 2972 murmurabant,
2708 2907 2853 2976 quod
2877 2906 2981 2961 sibi
3011 2906 3141 2961 solis
3173 2921 3367 2962 vacare
3397 2906 3659 2971 volentes,

2069 3008 2230 3046 avara
2259 2993 2493 3063 quadam
2541 2993 2829 3049 sedulitate
2874 2994 3278 3049 advenientium
3326 2994 3663 3051 saecularium

2069 3080 2301 3151 (etiamsi
2349 3081 2509 3153 egeni
2558 3082 2764 3152 essent)
2822 3082 3007 3137 turbas
3064 3091 3323 3153 quantum
3377 3090 3601 3154 possent
3634 3097 3665 3135 a

2070 3186 2165 3224 sua
2212 3185 2396 3224 eremo
2452 3170 2801 3240 repellerent.
2843 3171 2972 3226 Haec
3010 3178 3062 3225 et
3100 3171 3299 3226 similia
3334 3187 3432 3241 per
3470 3170 3665 3240 vulgus

2069 3257 2393 3328 spargebant
2423 3258 2511 3311 isti
2542 3258 2825 3314 indiscreti
2859 3267 2952 3313 aut
2994 3258 3163 3315 invidi
3193 3260 3539 3314 aemulatores
3567 3277 3581 3323 ;
3612 3266 3665 3313 et

2069 3362 2139 3400 ne
2168 3362 2233 3400 ex
2262 3345 2481 3400 illorum
2520 3347 2728 3416 sparsis
2758 3347 3067 3402 rumoribus
3110 3348 3295 3418 pusilli
3325 3346 3660 3403 scandaliza-

2069 3441 2277 3499 rentur,
2311 3434 2548 3490 occurrit
2576 3435 2681 3489 illis
2711 3435 2775 3490 Β.
2810 3436 2868 3491 Ρ.
2902 3435 3109 3508 Guigo,
3140 3443 3195 3491 et
3242 3436 3482 3508 ingenuo
3513 3450 3665 3505 teque

2069 3538 2133 3577 ac
2160 3522 2413 3592 prudenti
2446 3531 2495 3577 et
2525 3531 2681 3579 acuto
2711 3524 2980 3595 doctoque
3009 3524 3203 3593 modo,
3249 3540 3420 3581 vanas
3451 3523 3662 3578 illorum

2069 3611 2313 3665 rationes
2354 3612 2568 3667 refutat.

2140 3699 2307 3753 Num.
2349 3703 2400 3754 1.
2432 3702 2551 3756 Νοη
2581 3701 2734 3756 enim
2760 3705 2993 3773 propter
3022 3702 3343 3759 alienorum
3375 3705 3663 3773 tempora-

2073 3788 2182 3843 lem
2194 3804 2725 3860 curameorporum,
2742 3798 2846 3845 etc.
2861 3791 2914 3845 si
2935 3791 3065 3862 plus
3085 3791 3531 3862 familiaritatis,
3557 3797 3665 3844 etc.

2070 3876 2170 3931 llic
2198 3876 2359 3946 plene
2389 3877 2658 3932 convincit
2686 3894 2870 3933 errare
2899 3894 2995 3933 eos
3017 3879 3109 3949 qui
3163 3878 3375 3933 duritiae
3427 3878 3664 3949 imputa-

2072 3965 2200 4017 bant
2227 3965 2569 4020 sedulitatem
2598 3966 2745 4020 illam
2801 3967 3021 4023 arcendi
3052 3982 3085 4020 a
3111 3982 3211 4021 sua
3237 3982 3421 4022 eremo
3449 3965 3663 4021 mendi-

2070 4067 2167 4107 cos
2223 4060 2543 4119 extraneos;
2579 4062 2628 4109 et
2678 4054 2908 4125 explicat
2957 4071 2989 4109 a
3032 4063 3220 4110 nostro
3253 4055 3532 4126 proposito
3556 4070 3667 4108 non

2072 4157 2195 4197 esse
2226 4141 2484 4207 alienum,
2517 4158 2637 4197 cum
2691 4142 2779 4213 pia
2822 4142 3181 4198 femiliaritate
3236 4159 3332 4198 eos
3387 4143 3659 4214 excipere,

2073 4230 2165 4301 qui
2226 4246 2326 4302 pro
2374 4231 2642 4302 spirituali
2697 4231 2944 4302 profectu
3003 4232 3297 4303 quaerendo
3334 4233 3404 4286 ad
3434 4248 3536 4287 nos
3563 4248 3657 4287 ve-

2078 4319 2234 4373 niunt
2246 4360 2259 4373 .

2149 4408 2309 4462 Num.
2343 4410 2396 4463 2.
2430 4408 2636 4463 Habeat
2664 4410 2853 4480 itaque
2891 4408 3129 4464 Martha.
3172 4408 3272 4464 Hic
3300 4407 3389 4478 pie
3418 4408 3581 4463 simul
3609 4413 3664 4464 et

2078 4496 2237 4550 docte
2268 4495 2499 4550 occurrit
2528 4497 2862 4566 argumentis
2891 4512 3075 4551 eorum
3113 4496 3207 4567 qui
3233 4497 3401 4551 vitam
3432 4497 3665 4552 Carthu-

2074 4584 2283 4637 sianam
2311 4583 2572 4653 impetere
2607 4584 2812 4651 volunt,
2843 4592 2897 4639 et
2925 4584 2994 4639 de
3014 4585 3299 4640 inutilitate
3329 4596 3421 4640 aut
3472 4585 3667 4640 otiosi-

2079 4680 2187 4726 tate
2217 4680 2469 4741 arguunt.
2506 4672 2562 4727 Si
2590 4680 2771 4729 autem
2812 4673 2941 4727 tanti
2961 4674 3061 4729 viri
3108 4673 3542 4729 ineluctabilibus
3574 4690 3665 4727 ra-

2080 4759 2315 4814 tionibus
2344 4760 2549 4816 addere
2574 4762 2779 4832 aliquid
2804 4762 2962 4817 nobis
2991 4761 3172 4827 liceat,
3204 4763 3319 4817 haec
3365 4762 3612 4816 dicemus
3650 4776 3663 4814 :

2079 4850 2237 4903 Certe
2268 4850 2487 4918 quando
2518 4850 2713 4921 aliquis
2769 4850 3119 4906 concionator
3161 4851 3300 4905 intra
3358 4849 3541 4905 scrinii
3572 4866 3665 4905 se-

2080 4946 2289 4994 cretum
2317 4954 2376 4991 se
2406 4938 2614 5008 recipit,
2649 4948 2707 4993 ut
2762 4939 2836 4993 ibi
2891 4939 3282 5009 componendis
3312 4938 3666 4994 concionibus

2078 5038 2251 5097 vacet,
2289 5043 2449 5082 nemo
2496 5027 2698 5098 estqui
2727 5036 2837 5081 tam
2890 5028 3007 5081 utili
3065 5027 3221 5097 operi
3268 5028 3669 5083 incumbentem

2078 5118 2144 5172 de
2173 5118 2455 5173 inutilitate
2484 5124 2701 5188 arguat.
2748 5116 2830 5170 Ad
2862 5117 2964 5171 hoc
2994 5116 3136 5171 enim
3168 5124 3377 5170 tantum
3407 5116 3477 5170 ab
3533 5131 3671 5170 ocu-

2077 5207 2143 5260 lis
2172 5215 2226 5261 et
2254 5223 2288 5262 a
2316 5206 2591 5262 consortio
2624 5204 2901 5259 hominum
2950 5220 3008 5259 se
3038 5205 3279 5270 retrahit,
3315 5212 3371 5259 ut
3400 5210 3672 5275 praeparet

2076 5296 2219 5350 unde
2262 5295 2435 5366 possit
2475 5293 2655 5349 verbis
2683 5292 3000 5363 compositis
3049 5292 3305 5347 veritates
3335 5292 3671 5348 Christianas

2074 5384 2182 5438 illis
2210 5399 2499 5455 exponere,
2532 5390 2585 5437 et
2612 5382 2681 5435 ad
2711 5397 2883 5453 regno
2910 5381 3171 5437 caelorum
3205 5381 3313 5435 vim
3362 5380 3672 5436 faciendam

2074 5471 2321 5529 incitare.
2374 5472 2496 5539 Quo
2534 5479 2716 5526 autem
2755 5469 3009 5525 veritates
3058 5469 3127 5525 ab
3175 5468 3268 5525 illo
3305 5468 3674 5540 praedicanda:
