3978 6050
422 203 523 259 679

1239 201 1579 259 GUIGONIS
1623 204 1645 257 Ι
1689 203 2096 260 ΕΑΒΤΗΙΙΞΙΔΕ
2144 201 2435 259 ΜΑΙΟΙΠΞ
2486 202 2761 260 PRIORIS
2811 203 2874 259 V.

3615 208 3722 260 680

482 328 534 378 6.
571 324 708 378 Sunt
756 321 917 376 etiam
963 322 1050 377 hic
1100 323 1241 379 villa:
1284 324 1568 395 proxima,
1621 325 1762 381 notis
1811 326 1967 381 nobis
2016 326 2191 398 plenzn
2237 329 2592 399 pauperibus,
2644 344 2752 401 quo
2803 325 3010 399 portari
3056 323 3415 396 distribuique
3445 325 3636 396 possit,
3672 327 3720 383 si

415 421 544 493 quid
589 421 747 476 nobis
791 420 1060 493 reliquum
1105 421 1284 477 fuerit.
1338 424 1451 479 Hoc
1498 424 1641 478 enim
1690 423 1885 479 melius
1930 424 2234 497 rectiusque
2278 436 2551 497 putamus,
2583 434 2639 482 ut
2670 427 2713 481 si
2756 426 2885 499 quid
2928 423 3234 498 plusculum
3283 423 3712 480 distribuendum

420 527 521 588 est,
553 519 681 574 illuc
711 519 889 589 magis
920 519 1181 590 quidquid
1208 528 1290 575 est
1320 521 1654 591 deportetur,
1688 536 1851 593 quam
1882 521 2008 578 inde
2039 523 2143 578 huc
2174 524 2460 580 multitudo
2491 534 2731 581 vocetur.

494 618 547 671 ’7.
581 617 779 672 Verum
810 616 900 687 qui
930 617 1125 672 domus
1152 618 1310 687 hujus
1358 635 1625 690 expensas
1654 619 1883 688 noverit,
1916 636 2022 676 non
2049 620 2117 677 de
2149 623 2435 693 superﬂuis
2465 632 2670 695 quaeret
2699 622 2829 695 quid
2874 620 3153 689 faciamus,
3186 620 3282 676 sed
3312 620 3491 692 potius
3521 628 3711 693 stupe-

423 714 500 769 bit
530 729 695 785 quare
723 729 831 768 non
858 728 1141 785 egeamus.

491 815 542 865 8.
576 812 723 879 Hac,
756 811 951 867 fratres
993 811 1347 881 dilectissimi,
1382 814 1426 868 si
1456 813 1716 885 prolixius
1744 814 1882 871 forte
1922 829 2083 885 quam
2129 814 2307 871 decuit
2354 816 2628 888 prosecuti
2669 816 3059 888 loquaciusque
3097 832 3305 884 sumus,
3363 815 3610 887 patimini
3658 824 3711 873 et

422 910 702 984 indulgete
732 909 910 966 nobis.

1771 1060 2340 1120 COMMENTARIUS.

422 1214 495 1270 tis
521 1218 543 1269 ?
571 1211 896 1269 Doctissime
927 1211 1085 1266 simul
1117 1219 1168 1267 et
1196 1210 1488 1267 fortissime
1518 1211 1608 1267 hic
1655 1211 1808 1265 diluit
1837 1227 2008 1284 argu-
2028 1213 2082 1272 Α
2113 1223 2321 1271 tantum
2348 1217 2623 1286 possunt?
2653 1215 2795 1286 Quot
2842 1217 3007 1271 boum
3053 1214 3247 1269 aratris
3291 1214 3362 1269 ad
3406 1214 3705 1285 providen-

418 1310 601 1357 menta
645 1300 1030 1367 mordentium,
1065 1300 1157 1373 qui
1204 1300 1404 1355 nodum
1457 1316 1675 1370 semper
1722 1300 1777 1353 in
1829 1300 2009 1370 scirpo

416 1398 738 1462 quaerentes,
772 1391 878 1445 hoc
907 1405 1050 1459 saepe
1084 1397 1291 1443 tantum
1320 1389 1524 1443 residui
1568 1389 1767 1443 habent
1799 1404 1863 1443 ex
1897 1389 2009 1443 suis

418 1478 664 1550 argutiis,
700 1479 843 1549 quod
877 1477 978 1531 sibi
1010 1492 1207 1533 nomen
1236 1478 1435 1531 malum
1467 1477 1712 1543 fecerint,
1748 1486 1797 1532 et
1825 1478 2008 1547 proxi-

415 1583 536 1622 mos
565 1566 1067 1622 scandalizaverint.
1121 1565 1365 1634 Qualiter
1406 1574 1587 1621 autem
1635 1566 1885 1621 ordinem
1929 1566 2008 1620 si-

412 1656 524 1709 mul
555 1662 608 1710 et
646 1654 987 1725 prudentiam
1018 1654 1074 1708 in
1102 1655 1365 1710 charitate
1413 1670 1637 1710 servare
1685 1654 2003 1720 debeamus,

414 1744 640 1816 egregie
671 1743 757 1798 hic
786 1743 1053 1813 exprimit.

486 1832 649 1886 Num.
671 1834 701 1884 6
724 1832 869 1887 Sunt
889 1833 1063 1886 etiam
1084 1831 1173 1886 hic
1192 1832 1343 1887 villae
1360 1834 1642 1903 proximae
1660 1833 1847 1904 plena:
1864 1848 2007 1904 pau-

411 1920 965 1994 peribus,etc.,quam
985 1921 1115 1975 inde
1135 1921 1241 1976 huc
1260 1921 1572 1976 multitudo
1591 1924 1836 1976 vocetur.
1861 1919 2007 1990 Opti-

413 2024 503 2064 ma
534 2016 587 2065 et
614 2008 1107 2079 irreprehensibilis
1138 2009 1452 2079 propositio.
1497 2009 1588 2064 Sic
1635 2009 1780 2064 enim
1827 2024 2005 2080 agno-

413 2113 690 2153 sceremus
722 2112 792 2151 an
834 2097 979 2151 veris
1022 2098 1350 2171 pauperibus
1395 2105 1582 2152 nostra
1624 2098 1917 2162 daremus;
1951 2097 2007 2150 in

412 2185 755 2240 multitudine
787 2200 916 2240 vero
945 2184 1039 2239 illa
1065 2174 1166 2255 per
1196 2185 1573 2255 eleemosynas
1603 2185 1672 2239 ad
1700 2201 1801 2239 nos
1833 2193 2003 2239 attra-

412 2282 515 2340 cta,
551 2273 672 2344 quis
704 2289 868 2327 verus
898 2289 1103 2343 pauper
1134 2272 1202 2327 sit
1231 2266 1524 2328 nescimus.
1576 2274 1834 2328 Mittendo
1865 2273 2003 2327 resi-

412 2362 579 2417 duum
623 2360 937 2416 facultatum
979 2369 1286 2415 nostrarum
1330 2362 1399 2416 ad
1443 2363 1635 2417 domos
1681 2378 1999 2433 pauperum,

413 2466 654 2505 eremum
682 2457 924 2504 nostram
954 2458 1007 2505 et
1038 2450 1382 2505 solitudinem
1414 2467 1446 2504 a
1477 2459 1553 2505 tot
1600 2451 2003 2506 advenientium

396 2536 688 2594 "hominum
734 2554 1004 2594 concursu
1058 2538 1286 2593 liberam
1346 2540 1721 2605 redderemus,
1773 2540 1869 2595 sed
1916 2540 2003 2595 hic

409 2627 605 2692 dando,
653 2627 938 2682 multitudo
986 2627 1056 2681 ad
1112 2643 1211 2683 nos
1254 2627 1512 2684 indirecte
1560 2636 1802 2684 vocatur.
1852 2629 2004 2684 Hanc

409 2714 543 2770 tanti
572 2715 673 2771 viri
703 2715 1127 2786 propositionem
1157 2716 1509 2771 libentissime
1539 2717 1961 2772 observaremus
1985 2736 1998 2783 ;

411 2809 490 2860 sic
518 2804 662 2859 enim
694 2803 812 2874 pios
842 2812 894 2859 et
922 2806 1181 2859 honestos
1228 2812 1435 2859 tantum
1486 2805 1746 2875 hospites,
1781 2805 1871 2877 qui
1899 2806 2001 2860 de-

408 2892 641 2947 votionis
671 2908 830 2947 causa
867 2892 933 2946 ad
964 2908 1063 2947 nos
1106 2892 1369 2958 venirent,
1403 2893 1456 2946 in
1485 2894 1586 2948 hac
1634 2910 1819 2949 eremo
1849 2893 2002 2948 exci-

408 2997 679 3051 peremus,
714 2981 1012 3036 vicinorum
1053 2997 1369 3051 pauperum,
1404 2981 1601 3051 quibus
1640 2982 1997 3049 abundamus,

408 3070 638 3142 egestati
681 3069 901 3124 uberius
949 3069 1235 3124 consulere
1274 3084 1580 3139 possemus,
1633 3078 1685 3124 et
1715 3086 1747 3124 a
1788 3070 2001 3142 magnis

409 3157 554 3213 curis
580 3166 633 3212 et
658 3157 939 3212 laboribus
971 3158 1165 3211 domus
1195 3157 1297 3212 ista
1326 3158 1691 3225 liberaretur;
1716 3166 1771 3212 at
1799 3158 2003 3228 impos-

410 3246 566 3301 sibile
609 3253 691 3300 est
739 3246 942 3317 aliquid
972 3245 1027 3299 in
1055 3246 1153 3300 hac
1203 3254 1360 3317 parte
1407 3262 1549 3303 nunc
1591 3255 1815 3302 mutare.
1866 3248 2001 3303 Rem

410 3334 672 3404 optimam
719 3334 980 3389 habemus
1026 3334 1083 3388 in
1129 3335 1404 3390 desiderio
1448 3343 1501 3390 et
1540 3336 1854 3402 voluntate;
1903 3337 1999 3390 sed

409 3422 555 3476 illam
585 3422 745 3493 plene
776 3422 997 3492 exsequi
1027 3438 1135 3477 non
1156 3424 1396 3478 valemus
1417 3425 1471 3478 in
1501 3440 1689 3495 opere.
1720 3424 2000 3478 Tumultus

408 3526 539 3565 vero
568 3510 669 3565 iste
714 3510 984 3581 hospitum
1015 3511 1331 3566 claustrales
1369 3521 1603 3581 nostros,
1640 3513 1749 3584 qui,
1782 3520 1838 3567 ut
1865 3512 1994 3577 dixi,

407 3615 606 3669 corpus
632 3598 837 3654 ordinis
868 3598 1122 3665 efficiunt,
1156 3600 1210 3653 in
1240 3601 1387 3656 nullo
1434 3602 1601 3672 tangit
1646 3609 1735 3655 aut
1782 3602 1996 3672 inquie—

404 3695 483 3741 tat
515 3705 527 3740 :
560 3686 810 3743 monachi
854 3688 999 3742 enim
1046 3689 1342 3743 Carthusiae
1389 3705 1543 3760 aeque
1574 3689 1750 3760 quiete
1780 3697 1832 3745 et
1862 3690 1995 3744 soli-

407 3774 540 3830 tarie
569 3776 623 3829 in
653 3776 881 3830 claustro
913 3776 1133 3846 degunt,
1167 3792 1230 3831 ac
1260 3776 1305 3830 si
1331 3776 1610 3831 rarissime
1656 3778 1898 3848 hospites
1925 3778 1995 3832 ad

405 3875 505 3914 nos
534 3860 799 3915 venirent.

477 3948 637 4003 Num.
675 3953 725 4001 7.
767 3950 963 4003 Verum
993 3949 1088 4018 qui
1116 3948 1312 4002 domus
1351 3947 1518 4018 hujus
1550 3965 1846 4019 expensas,
1878 3957 1986 4005 etc.
2029 3922 2074 3981 Ο

404 4035 584 4091 Facile
615 4035 949 4089 adhibebunt
978 4034 1138 4089 fidem
1169 4035 1403 4090 lectores
1432 4036 1677 4105 piissimo
1725 4037 1991 4108 scriptori,

406 4124 528 4195 quia
575 4124 749 4179 sciunt
792 4124 1136 4178 Carthusiam
1185 4131 1310 4179 tunc
1359 4126 1572 4196 amplas
1617 4126 1996 4196 possessiones

402 4228 510 4267 non
539 4212 815 4266 habuisse.
856 4213 1013 4267 Nunc
1061 4229 1211 4279 vero,
1246 4213 1370 4283 quia
1397 4214 1465 4268 de
1511 4216 1728 4286 magnis
1768 4232 1995 4286 posses-

403 4299 649 4355 sionibus
680 4308 731 4355 et
761 4300 961 4355 divitiis
991 4301 1276 4356 cumulatis
1305 4302 1509 4373 ubique
1535 4304 1800 4370 audimus,
1838 4305 1994 4376 quasi

400 4388 736 4458 paradoxum
799 4390 1090 4455 videretur,
1144 4390 1189 4444 si
1232 4407 1333 4446 nos
1380 4392 1571 4447 eadem
1628 4394 1794 4448 verba
1837 4394 1993 4449 nobis

402 4491 811 4545 usurparemus.
868 4478 977 4532 Sed
1022 4493 1150 4533 vere
1209 4487 1260 4533 et
1310 4479 1519 4554 absque
1568 4481 1677 4536 ullo
1728 4482 1995 4538 mendacii

401 4564 598 4619 timore
625 4565 817 4619 eadem
845 4564 1089 4636 proferre
1120 4582 1225 4622 non
1258 4567 1464 4636 dubito,
1490 4577 1542 4624 et
1572 4569 1723 4624 testis
1752 4578 1835 4625 est
1864 4570 1994 4624 mihi

400 4652 646 4707 Christus
684 4654 811 4724 quia
840 4670 947 4709 non
990 4655 1243 4710 mentior.
1282 4657 1350 4712 Ut
1378 4666 1558 4712 autem
1604 4658 1783 4728 aliquo
1828 4659 1993 4713 modo

399 4739 489 4797 via
536 4742 836 4796 eredulitati
879 4742 932 4795 id
980 4742 1276 4815 legentium
1336 4728 1631 4816 aperiatur,
1683 4746 1770 4801 hic
1826 4747 1993 4801 animi

399 4828 573 4898 gratia
603 4829 807 4900 aliquid
836 4831 904 4884 de
936 4831 1262 4902 quotidianis
1282 4832 1476 4888 domus
1504 4834 1663 4901 hujus
1691 4835 1992 4890 Carthusiaa

398 4917 659 4972 oneribus
690 4918 957 4974 dicemus.

470 5006 746 5061 Ducentas
795 5008 1189 5081 quinquaginta
1217 5018 1270 5065 et
1300 5010 1439 5065 ultra
1484 5026 1751 5081 personas
1798 5012 1991 5067 domus

398 5094 695 5150 Carthusiee
752 5097 911 5151 habet
960 5098 1201 5169 quotidie
1258 5099 1481 5153 alendas
1529 5106 1580 5154 et
1627 5100 1695 5154 de
1742 5101 1992 5155 omnibus

395 5182 782 5253 providendas,
816 5186 1117 5255 hospitibus
1154 5186 1569 5242 advenientibus
1594 5204 1703 5242 non
1735 5205 1989 5244 numera-

2112 1304 2240 1359 dum
2272 1305 2339 1360 de
2374 1306 2457 1360 his
2500 1322 2619 1376 quae
2649 1312 2726 1360 tot
2768 1304 3049 1360 hominum
3090 1303 3503 1359 necessitatibus
3551 1302 3704 1357 suﬁi-

2111 1393 2298 1447 ciant?
2346 1395 2500 1449 Certe
2542 1393 2815 1465 octoginta
2862 1392 3008 1448 mille
3072 1392 3225 1446 libris
3267 1392 3431 1446 annui
3497 1391 3705 1446 reditus

2110 1496 2248 1552 opus
2304 1498 2427 1537 esse
2474 1498 2635 1537 nemo
2683 1482 2939 1537 cordatus
2985 1480 3039 1534 id
3088 1480 3318 1535 audiens
3366 1480 3547 1534 statim
3593 1495 3703 1534 non

2107 1571 2374 1638 censebit,
2409 1571 2477 1624 ad
2524 1578 2630 1625 tam
2678 1570 2912 1641 amplam
2959 1568 3217 1623 familiam
3266 1568 3699 1633 sustentandam,

2109 1667 2166 1713 ut
2195 1661 2569 1729 unusquisque
2602 1659 2874 1713 modicum
2904 1658 3033 1728 quid
3064 1656 3315 1727 accipiat.
3350 1657 3458 1711 Sed
3481 1655 3703 1711 verissi-

2107 1764 2255 1801 mum
2285 1763 2408 1802 esse
2439 1754 2712 1817 protestor
2759 1762 2951 1800 omnes
2981 1745 3191 1799 reditus
3236 1744 3371 1800 ﬁxos
3401 1744 3702 1799 Carthusiae

2106 1836 2195 1890 vix
2224 1836 2436 1890 tertiam
2469 1842 2679 1905 partem
2708 1850 2934 1889 summae
2962 1833 3118 1888 istius
3150 1849 3421 1903 superare,
3448 1832 3700 1888 casuales

2107 1940 2234 1979 vero
2270 1940 2336 1979 ex
2384 1923 2693 1979 venditione
2742 1923 3033 1994 lignorum,
3066 1921 3393 1976 nutrimento
3442 1936 3696 1991 pecorum

2106 2021 2158 2066 et
2187 2012 2453 2066 similibus
2483 2012 2552 2082 (si
2582 2010 2829 2066 ofﬁcinas
2876 2010 3135 2065 ferrarias
3182 2025 3355 2080 nuper
3403 2009 3698 2064 aediﬁcatas

2104 2100 2172 2155 ad
2202 2100 2353 2172 ligna
2383 2100 2525 2154 inter
2552 2115 2719 2170 rupes
2756 2098 3042 2170 pereuntia
3086 2098 3288 2152 utiliter
3331 2097 3698 2153 consumenda

2105 2188 2365 2258 excipias)
2414 2188 2501 2243 vix
2532 2188 2601 2242 ad
2644 2204 2736 2242 sex
2784 2186 2933 2241 mille
2980 2186 3151 2240 libras
3195 2186 3513 2241 ascendere.
3561 2184 3697 2253 Quis

2103 2277 2221 2332 haec
2250 2276 2522 2331 audiendo
2551 2291 2658 2331 non
2689 2276 3084 2346 Obstupescat?
3105 2274 3217 2329 Soli
3249 2290 3383 2345 ergo
3404 2273 3692 2345 providen-

2104 2365 2190 2420 tia)
2221 2365 2435 2430 divinae,
2471 2381 2557 2419 res
2588 2372 2805 2419 nostras
2849 2364 2948 2417 sub
2978 2364 3220 2418 honestae
3262 2363 3613 2433 parcimonim
3642 2370 3696 2417 et

2103 2453 2422 2509 oeconomiae
2470 2453 2675 2524 regulis
2732 2451 3041 2521 disponenti
3085 2458 3139 2505 et
3183 2450 3459 2521 dirigenti,
3510 2451 3693 2522 impu-

2103 2543 2262 2596 tanda
2293 2550 2376 2596 est
2406 2540 2756 2595 subsistentia
2798 2540 2993 2594 domus
3042 2539 3359 2595 Carthusiaa.
3414 2541 3481 2594 Et
3529 2539 3574 2593 si
3603 2539 3692 2593 alii

2103 2631 2273 2685 nolint
2302 2631 2368 2684 de
2398 2630 2499 2684 hac
2530 2646 2589 2683 re
2619 2629 3023 2698 obstupescere,
3057 2643 3164 2699 ego
3194 2636 3338 2683 certe
3366 2628 3483 2698 ipse
3512 2628 3695 2683 obstu-

2103 2734 2286 2790 pesco,
2320 2719 2444 2773 dum
2479 2734 2592 2772 rem
2622 2718 2855 2784 intueor,
2890 2724 2943 2771 et
2972 2717 3131 2770 nobis
3169 2716 3302 2787 ipsis
3332 2716 3547 2786 applico
3575 2716 3693 2771 haec

2103 2808 2385 2878 PrOphetae
2407 2807 2573 2863 verba
2600 2824 2612 2859 :
2638 2808 2761 2861 Ilaec
2792 2806 2930 2860 dicit
2958 2806 3230 2862 Dominus
3259 2824 3276 2860 :
3312 2804 3608 2861 Comedent
3637 2809 3693 2861 et

2102 2913 2270 2968 super
2296 2897 2407 2952 erit
2439 2897 2535 2964 (IV
2556 2898 2685 2966 Reg.
2720 2910 2796 2960 Iv,
2832 2896 2943 2964 43).

2175 2984 2281 3039 Sed
2312 2984 2454 3039 dicet
2483 2983 2678 3054 aliquis
2715 2997 2727 3035 :
2762 2983 2868 3037 Cur
2898 2990 3103 3037 tantum
3132 2998 3420 3037 numerum
3458 2981 3690 3037 familia-

2102 3072 2239 3127 rium
2269 3087 2625 3143 personarum
2664 3072 2806 3142 apud
2835 3087 2933 3127 vos
2980 3071 3187 3126 habetis
3207 3072 3235 3126 ‘2
3263 3071 3480 3126 Nullam
3525 3087 3690 3141 pror-

2102 3177 2194 3215 sus
2241 3160 2571 3231 superﬂuam
2613 3160 2758 3231 apud
2801 3175 2901 3215 nos
2948 3159 3155 3215 servari
3185 3176 3249 3215 ex
3279 3160 3417 3214 infra
3445 3159 3690 3215 dicendis

2102 3249 2385 3304 constabit.

2171 3340 2301 3392 Tres
2332 3338 2528 3392 domus
2558 3354 2701 3393 nunc
2750 3336 2913 3391 unita}
2961 3345 3102 3403 sunt,
3136 3345 3188 3392 et
3217 3337 3271 3391 in
3319 3353 3480 3392 unam
3526 3336 3690 3392 veluti

2101 3427 2348 3481 conﬂatm
2392 3426 2447 3479 in
2496 3426 2658 3480 domo
2718 3425 3035 3491 Carlhusiae,
3087 3442 3283 3496 nempe
3330 3426 3451 3496 ipsa
3496 3426 3688 3481 domus

2101 3514 2418 3579 Carthusiae,
2464 3515 2660 3569 domus
2706 3512 2969 3568 Curreriae
2997 3522 3049 3568 et
3075 3514 3269 3568 domus
3317 3514 3532 3579 Calesii,
3566 3530 3687 3586 quae

2099 3604 2275 3658 ambae
2302 3610 2595 3673 postremae
2624 3618 2768 3657 nunc
2796 3603 2934 3656 intra
2963 3604 3225 3657 terminos
3252 3603 3424 3658 eremi
3455 3603 3688 3657 Carthu-

2099 3692 2192 3746 size
2221 3692 2325 3745 late
2357 3698 2602 3761 sumptos
2630 3691 2747 3745 sita}
2776 3698 2918 3756 sunt,
2953 3697 3004 3744 et
3035 3690 3163 3745 olim
3208 3692 3460 3762 qualibet
3497 3707 3686 3746 earum

2098 3797 2256 3835 suum
2298 3789 2621 3835 conventum
2672 3779 2872 3833 habuit.
2925 3779 3057 3834 Cum
3101 3787 3281 3835 autem
3330 3782 3444 3834 ista:
3493 3781 3687 3835 domus

2097 3885 2277 3940 parvae
2309 3876 2509 3933 essent,
2542 3868 2772 3922 maxime
2811 3875 2934 3937 post
2963 3867 3273 3923 incendium
3301 3863 3496 3924 donius
3526 3868 3687 3924 Cale-

2096 3958 2181 4024 sii,
2209 3958 2274 4010 ab
2323 3956 2593 4012 haereticis
2641 3964 2919 4026 postremo
2970 3956 3169 4011 saeculo
3216 3956 3432 4023 factum,
3479 3973 3684 4013 conve-

2095 4045 2489 4100 nientissimum
2543 4044 2837 4112 judicatum
2884 4052 2967 4099 est
3013 4044 3173 4099 etiam
3219 4045 3440 4100 domum
3488 4045 3686 4101 Calesii

2095 4134 2281 4189 domui
2310 4132 2609 4189 Carthusiaa
2640 4133 2858 4202 Majoris
2888 4133 3063 4201 unire,
3097 4134 3232 4189 sicut
3261 4143 3384 4190 ante
3412 4143 3684 4190 trecentos

2093 4239 2264 4277 annos
2306 4223 2417 4292 jam
2463 4222 2513 4277 ei
2559 4222 2704 4276 unita
2756 4221 2854 4275 fuit
2901 4222 3095 4276 domus
3142 4223 3427 4289 Currerize,
3461 4232 3513 4279 et
3558 4224 3685 4278 inde

2094 4310 2292 4366 factum
2322 4318 2404 4365 est
2432 4319 2490 4365 ut
2521 4310 2816 4366 claustrum
2862 4310 3163 4366 Carthusia:
3192 4312 3382 4382 augeri
3419 4308 3681 4379 debuerit,

2093 4399 2249 4455 novis
2279 4399 2430 4455 cellis
2467 4398 2810 4465 constructis,
2843 4398 2994 4469 quasi
3038 4415 3139 4469 pro
3188 4399 3362 4455 tribus
3404 4408 3683 4456 monaste-

2092 4488 2212 4542 riis.

2161 4577 2434 4631 Numerus
2464 4592 2599 4648 ergo
2620 4577 3004 4632 monachorum
3027 4576 3082 4631 in
3106 4577 3226 4648 ipsa
3252 4578 3417 4634 domo
3449 4578 3683 4633 Carthu-

2093 4664 2187 4719 sise
2216 4664 2684 4730 commorantium,
2717 4666 2785 4719 ad
2831 4666 3193 4737 quadraginta
3243 4666 3480 4738 quinque
3529 4682 3683 4721 com-

2092 4752 2326 4806 muniter
2366 4752 2503 4807 solet
2546 4754 2865 4809 ascendere.
2918 4754 3050 4809 Cum
3098 4770 3227 4809 vero
3263 4754 3445 4809 missa:
3493 4761 3546 4809 et
3583 4754 3684 4808 alia

2091 4840 2274 4895 divina
2303 4838 2481 4895 ofﬁcia
2512 4849 2658 4896 recto
2696 4850 2826 4897 tono
2854 4851 2946 4896 aut
2994 4842 3187 4897 saltem
3234 4842 3502 4897 submissa
3550 4857 3683 4898 voce

2090 4928 2146 4983 in
2194 4929 2444 4983 domibus
2491 4930 2763 4985 Curreriae
2808 4938 2861 4985 et
2892 4930 3091 4986 Calesii
3142 4931 3381 5002 persolvi
3427 4931 3678 4995 debeant,

2090 5016 2388 5086 prudenter
2436 5017 2745 5072 ordinatum
2789 5018 2886 5073 fuit
2925 5027 2982 5073 ut
3028 5020 3281 5074 monachi
3330 5028 3383 5074 et
3430 5018 3684 5075 conversi

2090 5104 2355 5170 seniores,
2418 5105 2625 5160 debiles
2683 5115 2733 5161 et
2782 5106 2980 5161 infirmi
3029 5109 3094 5161 ad
3144 5108 3363 5163 domum
3422 5107 3685 5161 Curreriae

2089 5192 2450 5261 mitterentur,
2474 5210 2598 5249 cum
2629 5195 2917 5251 sufﬁcienti
2944 5196 3144 5250 familia
3175 5197 3243 5251 ad
3273 5199 3353 5252 eis
3383 5195 3684 5250 inservien-

396 5271 484 5337 tis,
520 5271 613 5342 qui
645 5289 753 5326 non
786 5289 905 5328 raro
936 5275 1342 5345 quinquaginta,
1394 5276 1692 5346 sexaginta,
1728 5277 1835 5333 imo
1876 5278 1989 5334 fere
2011 5275 2062 5333 D
2092 5280 2239 5345 dum,
2273 5281 2326 5334 in
2360 5299 2463 5353 qua
2492 5282 2616 5338 ideo
2664 5285 3025 5339 communiter
3054 5285 3244 5339 decem
3294 5293 3401 5339 tam
3434 5282 3689 5338 monachi

396 5360 673 5430 octoginta
718 5361 1007 5432 aliquando
1055 5363 1107 5416 in
1156 5378 1264 5416 una
1311 5362 1398 5417 die
1449 5364 1746 5420 Carthusiae
1793 5383 1994 5437 perno-

2088 5386 2248 5440 quam
2280 5372 2530 5426 conversi
2576 5372 2820 5427 residere
2869 5373 3045 5428 solent
3080 5388 3091 5426 :
3126 5373 3179 5425 in
3210 5374 3372 5428 domo
3418 5388 3551 5427 vero
3580 5372 3690 5426 Ca-

396 5454 603 5502 ctantes
634 5464 745 5503 non
776 5449 944 5504 semel
992 5450 1258 5504 numerati
1307 5459 1450 5505 sunt.
1487 5452 1629 5520 Quot
1658 5454 1819 5508 mulis
1858 5470 1995 5526 opus
2087 5458 2206 5513 lesii
2239 5466 2349 5514 tres
2380 5460 2628 5514 monachi
2657 5476 2775 5515 cum
2822 5461 2996 5516 tribus
3027 5461 3112 5517 vel
3154 5471 3385 5533 quatuor
3429 5461 3553 5532 plus
3583 5459 3691 5513 mi-

395 5542 497 5604 est,
549 5552 782 5607 quorum
830 5538 1004 5594 dorsis
1053 5538 1237 5594 omnia
1285 5542 1592 5597 necessaria
1642 5542 1747 5599 huc
1799 5543 1996 5600 advehi
2086 5563 2258 5602 nusve
2302 5546 2582 5602 fratribus.
2614 5549 2674 5603 In
2718 5549 2880 5605 domo
2931 5565 3058 5606 vero
3109 5550 3405 5605 Carthasim
3452 5556 3530 5604 tot
3577 5547 3691 5604 fere
