3978 6050
1570 222 1573 223 ν
1608 148 2212 207 CONSUETUDINES.

1511 274 2042 331 CAPITULUM
2096 276 2298 329 XXI.

1679 372 1755 427 De
1782 372 2135 427 mulieribus.

341 468 389 517 1.
422 464 678 520 Mulieres
702 465 964 520 terminos
994 465 1200 523 intrare
1230 475 1449 523 nostros
1486 483 1827 540 nequaquam
1890 469 2136 536 sinimus,
2169 469 2403 525 scientes
2455 487 2555 525 nec
2586 470 2881 541 sapientem
2902 516 2916 537 ,
2951 490 3050 529 nec
3080 477 3422 547 prophetam,
3456 494 3559 535 nec

258 560 518 629 judicem,
552 577 653 616 nec
683 561 951 632 hospitem
982 563 1101 629 Dei,
1133 581 1232 619 nec
1266 564 1423 633 filios,
1457 582 1559 622 nec
1590 566 1769 639 ipsum
1802 568 1900 621 Dei
1932 567 2227 623 formatum
2259 569 2507 623 manibus
2536 570 2931 640 protoplastum
2977 574 3218 642 potuisse
3266 576 3555 634 blanditias

265 659 497 714 evadere
528 659 614 715 vel
644 660 866 713 fraudes
898 661 1204 716 mulierum.

337 760 391 813 2.
426 757 703 825 Salomon,
740 758 932 823 David,
968 759 1238 827 Samsom,
1272 761 1389 828 Lot,
1421 769 1473 817 et
1503 762 1595 833 qui
1624 772 1946 834 acceperunt
1978 764 2080 819 sibi
2110 782 2308 821 uxores
2340 782 2475 837 quas
2502 766 2785 839 elegerant
2812 778 2865 823 et
2895 770 3070 825 Adam
3100 771 3155 827 in
3187 781 3423 829 mentem
3471 791 3558 830 ve-

266 853 433 924 niant,
467 871 568 910 nec
597 871 761 926 posse
792 856 1066 913 hominem
1096 867 1186 912 aut
1214 858 1400 930 ignem
1430 860 1485 914 in
1527 862 1646 915 sinu
1677 862 2038 927 abscondere,
2072 871 2129 917 ut
2159 863 2483 920 vestimenta
2528 865 2673 920 illius
2724 881 2834 922 non
2876 868 3125 937 ardeant,
3160 878 3251 926 aut
3282 871 3559 928 ambulare

263 967 428 1022 super
456 968 659 1023 prunas
690 953 892 1024 plantis
921 955 1124 1023 illaesis,
1149 964 1239 1011 aut
1269 957 1447 1028 picem
1480 966 1702 1029 tangere
1726 975 1826 1014 nec
1856 959 2149 1031 inquinari.

335 1053 387 1103 3.
422 1051 516 1104 His
548 1051 791 1122 expletis,
826 1053 894 1108 de
925 1053 1077 1109 cellae
1106 1054 1465 1112 observantiis
1493 1056 1847 1112 disseramus.
1873 1058 1941 1111 Et
1970 1058 2226 1129 quoniam
2255 1058 2576 1131 incipientes
2607 1062 2845 1118 novitios
2867 1078 3149 1130 vocamus,
3185 1065 3252 1121 de
3283 1065 3415 1137 ipsis
3443 1067 3552 1139 pri-

262 1163 356 1203 mo
398 1165 518 1219 quae
559 1150 895 1205 occurrerint
924 1151 1251 1208 intimemus.

253 153 350 204 681
1608 153 2212 207 CONSUETUDINES.
3453 164 3555 220 682

1615 1246 2011 1302 CAPITULUM
2041 1247 2215 1301 XXII.

1750 1345 1823 1399 De
1854 1345 2084 1399 nouitio.

336 1436 386 1488 1.
420 1434 634 1492 Novitio
662 1436 839 1510 itaque
866 1438 1296 1495 misericordiam
1326 1440 1617 1512 postulanti
1647 1441 1785 1496 dura
1828 1448 2205 1512 proponuntur
2260 1448 2313 1496 et
2341 1454 2539 1512 aspera
2562 1448 2781 1511 totaque
2812 1441 2987 1498 vilitas
3018 1450 3071 1497 et
3097 1445 3359 1515 asperitas
3405 1445 3548 1514 vita},

262 1548 423 1603 quam
455 1534 635 1590 subire
679 1536 973 1604 desiderat,
1007 1546 1163 1608 prout
1195 1537 1309 1593 ﬁeri
1337 1547 1532 1610 potest,
1568 1547 1691 1595 ante
1722 1538 1907 1595 oculos
1936 1538 2170 1610 ponitur.
2204 1539 2289 1593 Ad
2318 1555 2436 1610 qua:
2463 1538 2507 1591 si
2535 1538 2935 1609 imperterritus
2984 1541 3242 1595 manserit
3272 1549 3324 1596 et
3352 1541 3552 1597 immo-

256 1638 361 1697 tus,
396 1632 685 1705 elegitque,
714 1636 864 1703 juxta
894 1636 1109 1691 beatum
1139 1637 1240 1692 Job
1270 1638 1390 1707 (vn,
1424 1638 1530 1704 15),
1556 1638 1910 1708 suspendium
1941 1638 1997 1708 (a
2026 1636 2402 1706 temporalium
2432 1635 2684 1691 videlicet
2711 1636 2919 1707 amore)
2951 1637 3130 1691 anima
3161 1638 3298 1707 ejus,
3333 1646 3383 1694 et
3408 1655 3550 1698 mor-

254 1736 364 1783 tem
396 1731 485 1802 tde
516 1749 622 1803 qua
654 1732 851 1788 dicitur
882 1752 894 1788 ε
927 1736 986 1790 Si
1016 1752 1428 1792 commove-mur
1449 1742 1502 1792 et
1529 1739 1885 1792 convivemus
1913 1734 1984 1807 [II
2018 1736 2155 1789 Tim.
2189 1731 2272 1803 11.]
2302 1731 2320 1801 )
2352 1747 2478 1786 ossa
2508 1732 2663 1801 ejus;
2694 1732 3101 1802 promptissime
3123 1734 3398 1804 spondens
3414 1751 3548 1806 pro-

256 1833 380 1895 pter
417 1827 578 1881 verba
609 1828 877 1884 labiorum
907 1831 1121 1886 Domini
1166 1841 1410 1901 paratum
1442 1850 1500 1887 se
1531 1833 1804 1888 custodire
1851 1832 1967 1887 vias
1998 1832 2195 1897 duras;
2226 1840 2353 1885 tunc
2383 1829 2601 1884 demum
2633 1831 2889 1885 suadetur
2920 1831 2986 1896 ei,
3013 1832 3265 1887 omnibus
3316 1834 3405 1905 qui
3454 1835 3549 1889 ad-

242 1938 450 1985 versus
482 1940 605 1978 eum
634 1926 837 1996 aliquid
863 1928 1081 1998 habent,
1107 1930 1261 1997 juxta
1317 1931 1694 2001 Evangelium,
1729 1929 2083 1985 reconciliari.
2114 1929 2179 1983 Et
2210 1927 2254 1981 si
2285 1928 2412 1998 quid
2442 1928 2679 1999 aliquem
2708 1928 3064 1995 defraudavit,
3098 1938 3149 1985 ct
3179 1931 3225 1984 si
3255 1946 3363 1986 non
3406 1948 3547 2003 qua-

250 2020 521 2090 druplum,
557 2032 614 2077 ut
643 2026 919 2093 Zachzeus,
954 2028 1210 2098 simplum
1241 2028 1454 2095 saltem,
1489 2030 1531 2083 si
1562 2029 1723 2084 habet
1756 2029 1916 2095 unde,
1949 2026 2251 2083 restituere.
2305 2026 2371 2079 Et
2412 2025 2535 2095 quia
2564 2026 3004 2097 congregationis
3035 2027 3194 2095 hujus
3225 2036 3422 2098 quotus
3451 2045 3545 2084 cs-

252 2127 336 2173 set
366 2120 561 2176 debeat
590 2130 769 2178 certus
800 2133 882 2179 est
910 2142 1184 2191 numerus,
1218 2136 1399 2183 certus
1428 2128 1495 2194 ei,
1530 2144 1701 2199 usque
1732 2128 1803 2181 ad
1832 2140 1995 2198 quem
2028 2123 2213 2179 venire
2245 2122 2459 2187 debeat,
2493 2122 2651 2175 datur
2683 2130 2735 2176 et
2766 2122 3043 2177 terminus.

1657 2248 2227 2305 COMMENTARIUS.

252 2352 379 2398 sunt
400 2342 596 2399 fratres
625 2344 744 2399 laici
774 2353 903 2416 quot
950 2347 1217 2402 monachi.
1277 2346 1485 2403 Junctis
1515 2363 1647 2420 ergo
1684 2347 1845 2401 simul
1863 2353 1918 2412 Α
1949 2346 2233 2411 charitate,
2267 2352 2325 2398 ut
2374 2359 2557 2399 eorum
2588 2343 2641 2397 in
2673 2343 2854 2397 dando
2914 2342 2988 2396 illi
3042 2344 3407 2415 propensione
3435 2362 3543 2401 un-
3573 2344 3582 2353 ’

252 2433 536 2488 monachis
568 2434 889 2502 Carthusize,
925 2435 1192 2491 Curreria:
1231 2445 1281 2490 et
1336 2436 1550 2501 Calesii,
1588 2452 1847 2491 numerus

251 2536 443 2575 eorum
474 2522 541 2576 ad
589 2522 977 2594 quinquaginta
1034 2525 1269 2596 quinque
1321 2525 1536 2580 circiter
1581 2525 1842 2593 ascendit,

247 2610 477 2664 tratrum
510 2627 641 2666 vero
673 2612 893 2667 totidem
929 2629 941 2667 :
975 2620 1026 2667 et
1057 2614 1133 2668 sic
1181 2614 1360 2669 totalis
1415 2631 1675 2668 numerus
1714 2630 1844 2684 per-

249 2710 502 2749 sonarum
537 2697 759 2761 ordinis,
794 2697 989 2768 quibus
1020 2707 1316 2753 conventus
1350 2699 1652 2753 Carthusiae
1701 2699 1845 2753 intus

249 2793 299 2838 et
324 2793 472 2837 extra
494 2785 853 2855 componitur,
878 2787 945 2839 ad
966 2794 1179 2841 centum
1200 2795 1249 2841 et
1286 2788 1477 2843 decem
1520 2788 1841 2842 extenditur.

322 2872 430 2927 Sed
461 2882 667 2928 restant
696 2875 873 2930 adhuc
904 2883 1117 2931 centum
1150 2886 1202 2931 et
1250 2877 1615 2949 quadraginta
1674 2877 1845 2947 capita

248 2970 308 3015 ut
338 2978 592 3017 numerus
621 2964 902 3018 hominum
960 2980 1125 3035 supra
1168 2965 1477 3035 assignatus
1534 2965 1841 3035 impleatur.

246 3049 391 3117 Quid
436 3067 574 3121 opus
606 3060 687 3107 est
714 3053 869 3108 vobis
896 3061 968 3107 tot
1020 3055 1389 3109 mercenarios
1425 3062 1478 3108 et
1522 3062 1596 3109 tot
1655 3071 1844 3110 servos

245 3138 451 3193 habere
470 3139 497 3193 ‘P
530 3139 647 3195 0h!
677 3140 721 3194 si
752 3140 861 3212 qui,
896 3142 1041 3208 inde,
1073 3142 1142 3196 de
1172 3141 1541 3212 superﬂuitate
1564 3159 1842 3198 servorum

244 3227 446 3281 vellent
475 3244 574 3283 nos
605 3244 856 3302 arguere,
889 3246 1132 3284 eremum
1152 3231 1309 3284 istam
1340 3231 1411 3285 ad
1443 3239 1655 3302 tempus
1684 3232 1841 3287 inco-

244 3315 439 3383 lerent,
474 3318 565 3371 ubi
598 3327 823 3388 propter
849 3318 1058 3374 viarum
1112 3327 1165 3373 et
1206 3319 1451 3375 locorum
1520 3321 1841 3390 asperitates

242 3411 298 3459 et
326 3403 736 3477 inazqualitates,
769 3407 985 3461 nonnisi
1033 3424 1233 3480 magno
1264 3408 1449 3463 labore
1507 3425 1673 3478 opera
1704 3425 1839 3479 pos-

246 3502 372 3546 sunt
400 3493 607 3564 perfici,
642 3495 697 3549 in
729 3496 882 3550 brevi
913 3496 1184 3551 silentium
1211 3496 1314 3550 sibi
1353 3496 1713 3567 imponerent.
1756 3498 1840 3551 Ad

243 3596 409 3636 onera
463 3590 669 3637 tantum
700 3585 947 3644 vehenda
991 3585 1114 3656 plus
1157 3602 1315 3656 quam
1373 3585 1565 3656 viginti
1604 3586 1840 3657 quinque

244 3671 418 3724 servis
462 3671 797 3728 incessanter
853 3674 1337 3744 operantibus;ad
1402 3675 1553 3746 ligna
1612 3690 1913 3770 compo-B

244 3759 420 3812 nenda
452 3767 503 3814 et
533 3760 850 3827 scindenda,
899 3770 1007 3816 tum
1038 3763 1105 3817 ad
1136 3762 1338 3833 ignem,
1392 3770 1505 3817 tum
1533 3763 1600 3817 ad
1640 3764 1837 3818 dolan-

240 3848 391 3915 dum,
424 3855 536 3901 tum
584 3858 726 3905 tecta
773 3850 1123 3923 grangiarum
1190 3850 1506 3921 sarcienda,
1556 3859 1686 3920 etc.,
1720 3852 1840 3922 plus

240 3952 404 4007 quam
463 3938 820 4009 quadraginta
860 3938 1027 3992 fabris
1083 3938 1354 4011 lignariis,
1392 3941 1750 3995 cmmentariis
1787 3950 1841 3996 et

237 4026 590 4080 mercenariis
648 4028 901 4082 continue
950 4029 1229 4098 occupatis
1278 4045 1415 4099 opus
1474 4037 1592 4095 est;
1626 4030 1693 4083 ad
1723 4030 1839 4085 ani-

239 4113 402 4167 malia
423 4116 697 4184 pascenda
724 4124 775 4170 et
804 4116 1136 4186 providenda
1159 4133 1382 4171 numero
1405 4118 1645 4172 notabili.
1678 4119 1838 4173 Certe

241 4210 455 4272 tempus
512 4204 641 4257 mihi
670 4204 726 4258 in
783 4205 1053 4259 narrando
1108 4204 1383 4271 deficeret,
1415 4214 1468 4261 et
1498 4206 1619 4277 plus
1674 4222 1837 4277 quam

236 4291 431 4345 decem
459 4300 549 4345 aut
578 4293 887 4363 quindecim
934 4310 1097 4364 supra
1155 4310 1442 4349 numerum
1497 4295 1837 4365 designatum

237 4380 551 4450 reperirem,
613 4381 659 4436 si
714 4382 985 4452 capitatim
1043 4399 1333 4439 recensere
1390 4383 1513 4439 illos
1572 4383 1660 4439 hic
1717 4384 1835 4439 vel-

232 4468 347 4522 lem
358 4510 370 4522 .

268 4615 272 4618 ,
310 4556 366 4610 Si
395 4573 528 4612 vero
558 4558 643 4612 his
673 4559 925 4613 omnibus
958 4560 1183 4614 addatur
1207 4577 1462 4615 numerus
1511 4561 1835 4617 latomorum

238 4652 292 4699 et
320 4643 616 4712 fabrorum,
653 4648 741 4718 qui
774 4648 843 4701 ab
897 4664 1039 4703 anno
1100 4652 1234 4703 1676
1266 4665 1374 4721 quo
1435 4650 1630 4706 accidit
1675 4652 1834 4706 totale

236 4733 564 4802 incendium,
599 4737 685 4791 vel
716 4737 895 4807 potius
939 4737 1255 4792 iocineratio
1284 4739 1477 4793 domus
1534 4740 1833 4795 Carthusiae

234 4834 409 4889 usque
457 4820 525 4873 ad
556 4822 697 4876 hanc
726 4821 871 4876 diem
903 4822 1229 4892 stipendium
1260 4833 1589 4893 acceperunt
1616 4833 1667 4879 et
1698 4825 1833 4879 acci'

233 4907 408 4976 piunt,
442 4907 555 4961 fere
597 4908 984 4964 miraculosum
1024 4911 1327 4981 apparebit,
1390 4927 1621 4983 quonam
1672 4913 1832 4967 modo

233 5002 313 5049 tot
345 4997 597 5066 expensis
654 4998 930 5067 provideri
978 4999 1227 5069 potuerit.
1271 5003 1339 5054 At
1394 5017 1501 5056 non
1551 5009 1832 5071 tantOpere

233 5086 566 5154 stupebant,
601 5086 692 5157 qui
748 5087 1001 5141 sciverint
1060 5097 1259 5158 quanta
1334 5090 1594 5145 charitate
1644 5076 1899 5145 omnesC

233 5174 432 5228 domus
463 5175 672 5229 ordinis
701 5175 755 5228 in
786 5177 891 5231 hoc
940 5192 1070 5230 casu
1117 5178 1273 5231 matri
1304 5178 1602 5233 Carthusia:
1633 5179 1832 5233 subve-

230 5263 427 5327 nerint,
462 5263 531 5317 ita
570 5272 625 5317 ut
655 5264 931 5319 nonnullis
962 5264 1145 5320 dicere
1168 5266 1545 5333 debuerimus;
1570 5267 1684 5335 jam
1714 5266 1825 5319 suf-

220 5351 364 5417 ﬁcit,
394 5360 452 5405 ut
481 5352 559 5408 sic
591 5352 757 5407 veluti
797 5361 967 5408 staret
1013 5354 1190 5409 oleum
1249 5354 1529 5410 charitatis
1587 5355 1640 5407 in
1698 5370 1833 5408 vasa

229 5447 422 5495 nostra
453 5441 789 5496 decurrentis
819 5442 1058 5513 quandiu
1084 5460 1313 5500 vacuum
1343 5460 1440 5499 vas
1472 5442 1753 5497 habuimus
1784 5449 1840 5497 et

221 5530 583 5599 indiguimus.
619 5530 776 5585 Absit
806 5539 983 5587 autem
1008 5548 1043 5587 a
1073 5532 1261 5588 matris
1301 5541 1487 5588 tenera
1520 5548 1650 5603 erga
1700 5528 1842 5587 ﬁlios

380 5630 617 5683 PATROL.
661 5628 841 5683 CLIII.

1948 2450 2109 2508 quam
2177 2433 2325 2487 abuti
2387 2432 2685 2499 voluisset;
2718 2431 2974 2485 omnibus
3019 2433 3163 2487 enim
3220 2433 3543 2493 dicitzNon

1949 2523 2257 2594 quwrimus
2307 2538 2431 2593 quae
2486 2523 2673 2575 vestra
2701 2524 2855 2582 sunt,
2914 2520 3010 2575 sed
3048 2537 3140 2576 vos
3169 2520 3259 2590 (II.
3297 2522 3415 2578 Cor.
3440 2538 3541 2589 xu,

1950 2611 2058 2681 14).
2094 2609 2318 2680 Accepit
2350 2607 2721 2662 tantummodo
2752 2616 3012 2679 quantum
3071 2609 3221 2675 satis,
3252 2617 3311 2663 ut
3356 2619 3544 2680 posset

1947 2699 2015 2753 de
2045 2698 2278 2769 prOpriis
2310 2698 2515 2769 reliqua
2546 2694 2829 2767 perficere.
2864 2698 2968 2751 Ista
3000 2698 3069 2751 ad
3117 2698 3544 2754 consolationem

1947 2795 2287 2857 posterorum
2344 2794 2657 2840 nostrorum
2702 2785 2863 2856 paulo
2917 2784 3090 2839 fusius
3144 2785 3541 2856 explicuimus;

1946 2884 1997 2931 et
2030 2876 2075 2929 si
2106 2875 2390 2946 loquacius
2420 2873 2510 2929 hic
2538 2874 2738 2945 aliquid
2770 2874 2837 2928 de
2868 2874 2971 2929 hac
3001 2890 3063 2929 re
3091 2873 3343 2941 diximus,
3367 2874 3544 2930 indul-

1945 2964 2065 3037 geri
2095 2964 2258 3019 etiam
2290 2963 2448 3018 nobis
2479 2979 2603 3020 cum
2630 2964 2695 3017 R.
2731 2965 2788 3017 P.
2825 2963 3075 3035 Guigone
3122 2978 3504 3034 apprecamur.

2016 3053 2147 3107 CAP.
2175 3053 2326 3106 XXI.
2360 3084 2430 3092 —
2458 3054 2619 3106 Num.
2650 3054 2700 3106 1.
2724 3052 2980 3107 Mulieres
3017 3054 3287 3107 terminos
3311 3054 3535 3108 intrare

1944 3146 2163 3197 nostros
2193 3157 2566 3213 nequaquam,
2601 3147 2704 3195 etc.
2740 3140 2855 3194 Hac
2884 3139 2951 3194 de
2981 3156 3140 3194 causa
3163 3140 3322 3210 primi
3353 3141 3539 3196 Patres

1943 3230 2193 3286 obtinere
2226 3235 2556 3285 curaverunt
2587 3243 2618 3281 a
2650 3228 2706 3282 S.
2740 3227 2870 3282 sede
2903 3228 3202 3299 apostolica
3228 3228 3537 3301 privilegia,

1944 3320 2011 3375 de
2046 3318 2243 3390 quibus
2273 3333 2435 3387 supra
2466 3315 2668 3371 dictum
2700 3324 2782 3371 est
2810 3332 2932 3371 cum
2962 3317 3031 3371 de
3074 3317 3323 3371 terminis
3351 3332 3538 3389 agere-

1942 3416 2046 3462 tur.
2083 3406 2192 3462 Sed
2223 3407 2327 3460 ista
2374 3403 2655 3476 privilegia
2704 3404 2805 3458 soli
2833 3404 3016 3459 domui
3050 3405 3352 3461 Carthusiae
3381 3421 3539 3461 com-

1943 3503 2177 3567 petunt,
2266 3510 2369 3548 nec
2433 3492 2555 3547 aliis
2612 3492 2863 3547 domibus
2931 3492 3225 3547 convenire
3288 3502 3534 3564 possunt,

1943 3601 2065 3640 cum
2092 3584 2146 3637 in
2177 3597 2364 3637 eremo
2396 3580 2692 3636 Carthusiaa
2721 3582 2900 3635 omnia
2930 3580 3037 3634 sint
3088 3580 3238 3635 unita
3284 3581 3441 3635 simul
3486 3589 3542 3636 et

1943 3672 2218 3745 contigua,
2250 3686 2353 3726 nec
2385 3669 2584 3740 aliquis
2632 3669 2910 3724 saecularis
2966 3668 3040 3723 ibi
3094 3668 3297 3740 aliquid
3334 3669 3537 3724 habeat

1942 3761 2085 3833 quod
2117 3759 2569 3831 continguitatem
2613 3757 2760 3811 illam
2786 3756 3156 3829 interrumpat.
3180 3759 3240 3812 In
3269 3757 3386 3812 aliis
3406 3772 3537 3814 vero

1941 3849 2217 3917 domibus,
2256 3849 2399 3902 intra
2441 3846 2701 3902 ambitum
2740 3846 3091 3900 terminorum
3114 3846 3532 3918 assignatorum,

1939 3938 2122 4009 plures
2154 3937 2446 3993 saeculares
2476 3936 2676 3990 habent
2714 3950 2842 3989 suas
2877 3935 3276 4004 possessiones,
3310 3950 3343 3990 a
3394 3950 3537 4006 qua-

1939 4044 2059 4081 rum
2082 4042 2309 4082 accessu
2330 4041 2452 4081 cum
2480 4024 2738 4079 uxoribus
2768 4030 2819 4077 et
2848 4022 3030 4078 liberis
3051 4023 3345 4093 promiscui
3375 4039 3538 4079 sexus

1938 4131 2047 4170 non
2069 4123 2296 4185 possunt
2316 4112 2582 4183 impediri.
2617 4112 2675 4165 Id
2706 4119 2887 4166 tamen
2914 4110 3003 4165 hic
3034 4110 3253 4181 exponit
3280 4112 3343 4166 Β.
3372 4112 3536 4166 Pater

1938 4203 2137 4274 Guigo,
2196 4210 2254 4256 ut
2303 4216 2495 4255 omnes
2552 4199 2757 4255 scirent
2814 4205 3013 4269 quanta
3041 4198 3532 4270 circumspectione

1938 4292 2215 4345 studerent
2247 4289 2407 4360 primi
2442 4289 2630 4342 Patres
2660 4287 2834 4342 nostri
2864 4302 2897 4341 a
2926 4302 3025 4341 sua
3057 4302 3243 4343 eremo
3275 4287 3536 4345 mulieres

1936 4381 2176 4453 abigere.
2238 4379 2441 4433 Causas
2473 4376 2673 4431 diserte
2722 4375 2970 4447 assignat
2997 4375 3082 4431 vir
3138 4384 3376 4444 sanctus,
3410 4394 3532 4449 quae

1935 4469 2183 4523 omnibus
2214 4465 2521 4521 hominibus
2551 4464 2699 4519 Filiis
2741 4464 2915 4518 Adam
2946 4471 3088 4520 nota;
3118 4473 3278 4535 supt;
3312 4465 3404 4538 qui
3442 4482 3534 4522 cu-

1929 4559 2233 4628 juscunque
2266 4554 2478 4611 virtutis
2508 4553 2634 4619 sint,
2667 4569 2772 4624 quo
2803 4553 2986 4607 minus
3024 4554 3093 4608 de
3116 4554 3312 4624 seipsis
3340 4555 3396 4608 in
3424 4555 3531 4610 hac

1932 4655 2082 4718 parte
2160 4644 2449 4709 dissidunt,
2486 4658 2551 4698 eo
2594 4642 2769 4712 magis
2805 4642 2875 4696 ad
2948 4642 3178 4697 cadendi
3216 4642 3529 4699 facilitatem

1933 4736 2213 4791 accedunt.
2275 4734 2501 4803 Semper
2559 4746 2689 4801 ergo
2720 4730 2891 4784 verba
2937 4730 3036 4784 ista
3096 4731 3193 4786 SS.
3238 4732 3529 4802 Augustini

1933 4833 1983 4879 et
2005 4822 2259 4894 Gregorii
2291 4822 2360 4875 ob
2390 4822 2586 4893 mentis
2606 4818 2794 4874 oculos
2832 4817 3031 4873 habere
3054 4818 3317 4872 debemus
3350 4836 3363 4873 :
3396 4821 3531 4876 Filii

1934 4913 2231 4969 hominum
2262 4910 2516 4966 homines
2554 4911 2709 4964 sunt.
2746 4908 3051 4963 Reminisci
3106 4906 3365 4964 debemus
3395 4909 3529 4981 quia

1930 5017 2060 5056 στινο
2090 5015 2302 5056 sumus.

2003 5090 2136 5142 CAP.
2168 5089 2343 5143 XXII.
2370 5118 2437 5127 —
2472 5087 2634 5141 Num.
2671 5089 2721 5138 1.
2786 5084 3003 5139 Novitio
3058 5084 3524 5154 misericordiam,

1936 5185 2041 5232 etc.
2077 5177 2160 5231 Ab
2183 5177 2283 5231 hac
2312 5174 2682 5245 expressione,
2720 5187 2826 5243 qua
2870 5171 2953 5224 usi
3004 5178 3127 5225 sunt
3154 5173 3317 5243 primi
3344 5175 3532 5229 Patres

1930 5265 2101 5320 nostri
2132 5265 2203 5320 ad
2234 5262 2647 5335 signiﬁcandum
2680 5261 2732 5314 in
2762 5276 2964 5333 genere
3002 5260 3264 5332 quidquid
3297 5278 3528 5318 conven-

1932 5354 2144 5409 tualiter
2158 5353 2387 5426 petimus
2401 5352 2500 5407 sub
2520 5349 2922 5407 misericordiae
2934 5349 3150 5404 nomine
3170 5357 3437 5420 petamus.
3461 5352 3531 5405 Et

1939 5443 2061 5514 quia
2088 5443 2142 5497 in
2183 5442 2412 5515 singulis
2440 5438 2688 5510 capitulis
2715 5437 3067 5510 generalibus
3101 5437 3308 5507 priores
3336 5445 3527 5509 petunt

1944 5546 1973 5584 a
2002 5532 2114 5586 suis
2145 5530 2333 5586 oﬂiciis
2364 5528 2573 5585 absolvi
2610 5526 2710 5582 sub
2731 5525 2883 5581 titulo
2923 5525 3346 5593 misericordiae,
3397 5527 3526 5584 inde

3243 5629 3312 5683 22
