3978 6050
470 203 571 255 683

1315 196 1655 253 GUIGONIS
1695 197 1715 250 Ι
1755 193 2159 251 CARTHUSI/E
2199 191 2492 247 MAJORIS
2530 191 2805 248 PRIORIS
2850 192 2918 246 V.

3656 188 3764 242 εει

542 328 595 379 2.
632 325 712 377 Ad
745 324 929 377 datum
958 332 1135 379 autem
1166 324 1453 379 terminum
1484 322 1727 390 veniens,
1761 329 1885 391 post
1942 318 2243 389 supplicem
2297 318 2350 370 in
2406 325 2676 372 conventu
2708 315 3149 386 postulationem,
3179 314 3232 368 in
3262 312 3654 369 examinatione
3685 310 3760 365 ad

468 420 648 473 minus
678 437 857 475 annua
889 422 1125 491 ponitur,
1160 422 1270 475 suis
1300 422 1552 475 omnibus
1576 420 1790 491 integre
1819 433 1990 488 usque
2020 418 2085 471 ad
2117 418 2259 471 diem
2290 414 2645 485 professionis
2675 414 2893 469 omnino
2917 413 3226 467 reservatis.
3253 411 3411 479 Quod
3443 412 3491 465 ei
3520 426 3628 465 non
3648 409 3756 463 nisi

469 517 570 570 sub
601 518 695 572 tali
724 519 1015 588 sponsione
1045 519 1381 583 conceditur,
1418 526 1474 572 ut
1506 518 1551 571 si
1584 517 1719 571 forte
1751 525 1997 571 nostrum
2028 514 2334 585 nequiverit
2363 521 2455 567 aut
2486 512 2713 567 noluerit
2747 512 2974 565 tolerare
3004 510 3357 581 propositum,
3393 509 3464 563 ad
3493 508 3756 564 saeculum

467 632 804 687 nequaquam
837 618 1041 682 redeat,
1078 617 1173 671 sed
1205 616 1422 687 aliquod
1454 617 1632 686 potius
1660 614 1802 669 aliud
1860 612 2139 684 religionis
2170 628 2345 683 genus
2394 610 2538 682 quod
2594 609 2737 663 ferre
2768 609 2939 680 possit
2967 608 3215 678 accipiat.
3249 606 3409 675 Quod
3456 606 3502 661 si
3544 606 3598 660 in
3637 605 3759 676 ipsa

468 714 867 769 examinatione
906 714 1251 770 laudabiliter
1283 732 1340 769 se
1372 715 1581 769 habens
1610 721 1857 768 mortuus
1889 712 2066 779 fuerit,
2100 710 2361 783 quidquid
2408 725 2508 780 pro
2549 707 2799 779 professo
2836 714 2890 761 et
2947 722 3163 762 sacrum
3214 706 3457 761 habitum
3506 710 3758 777 gestante

466 807 715 875 facimus,
745 826 844 880 pro
874 827 939 865 eo
971 811 1214 865 similiter
1245 810 1522 865 faciemus.

537 910 588 959 3.
625 907 719 960 Cui
750 907 803 960 in
835 908 1029 962 cellam
1062 908 1363 963 introducto
1395 908 1669 962 seniorum
1701 907 1897 978 aliquis
1928 908 2232 977 deputatur,
2267 906 2357 977 qui
2413 921 2536 959 eum
2565 920 2665 975 per
2722 919 2902 969 unam,
2935 902 3022 958 vel
3051 901 3284 973 amplius
3313 900 3359 956 si
3388 916 3525 972 opus
3577 898 3762 968 fuerit,

467 1004 884 1071 hebdomadam,
917 1006 1066 1060 horis
1100 1006 1533 1076 competentibus
1563 1004 1809 1069 visitans,
1842 1004 1911 1059 de
1942 1004 2266 1060 necessariis
2294 1004 2540 1058 instruat.

537 1103 588 1156 4.
624 1101 725 1169 Qui
757 1110 931 1158 tamen
963 1103 1159 1158 blande
1190 1103 1493 1173 leniterque
1523 1101 1758 1156 maxime
1792 1108 2051 1156 tractatur
2081 1102 2133 1155 in
2164 1101 2370 1171 primis,
2404 1117 2507 1156 nec
2552 1100 2601 1155 ei
2634 1108 2799 1156 totam
2860 1101 3037 1156 subito
3085 1098 3430 1154 institutionis
3486 1095 3756 1167 asperita-

464 1207 573 1254 tem
600 1200 784 1255 subire
815 1201 1151 1270 conceditur,
1185 1201 1280 1255 sed
1312 1200 1591 1271 paulatim,
1627 1208 1674 1253 et
1708 1208 1762 1253 ut
1789 1199 1925 1253 ratio
1956 1200 2041 1255 vel
2071 1200 2367 1254 necessitas
2410 1198 2686 1269 postulare
2718 1199 2965 1265 videtur;
3000 1213 3126 1253 nam
3158 1204 3212 1253 et
3253 1211 3376 1252 cum
3435 1192 3756 1266 coquinaria

466 1300 788 1371 quandoque
819 1299 1077 1371 loquendi
1107 1299 1378 1354 licentiam
1409 1299 1589 1364 habet,
1625 1307 1677 1353 et
1706 1314 1734 1352 a
1762 1298 1939 1368 priore
1980 1297 2178 1368 saepius
2209 1296 2475 1353 visitatur.

1974 1498 2547 1555 COMMENTARIUS.

464 1650 532 1706 sit
560 1660 613 1706 ut
637 1650 688 1704 in
722 1650 921 1707 chartis
950 1651 1337 1722 capitularibus
1385 1652 1670 1706 domorum
1717 1650 1924 1705 ordinis
1954 1664 2057 1705 no-
2080 1653 2133 1712 Α
2163 1666 2273 1706 non
2304 1651 2464 1718 adsit,
2491 1660 2542 1706 et
2571 1652 2707 1705 alius
2728 1652 2959 1707 idoneus
2988 1668 3047 1707 se
3078 1658 3385 1723 praesentet,
3406 1649 3552 1704 illum
3584 1646 3765 1703 libere

463 1741 611 1793 mina
639 1739 833 1794 ordine
862 1740 1194 1811 antiquitatis
1226 1740 1500 1811 sigillatim
1557 1740 1883 1807 scribantur,
1924 1747 1976 1793 et
2004 1738 2060 1792 in

464 1828 692 1898 singulis
723 1829 930 1883 dicatur
976 1829 1141 1898 priori
1182 1829 1375 1882 domus
1417 1829 1485 1881 N.
1524 1843 1534 1880 ε
1569 1830 1687 1882 Non
1730 1829 1795 1896 ﬁt
1830 1828 2058 1882 miscri-

463 1917 673 1981 cordia,
724 1917 777 1971 id
810 1925 892 1971 est
924 1916 1111 1987 petitio
1142 1917 1237 1971 illa
1266 1933 1376 1971 non
1419 1925 1501 1969 est
1532 1916 1792 1983 admissa,
1816 1931 1923 1987 qua
1959 1915 2057 1969 sub

464 2005 683 2059 nomine
714 2005 1105 2059 misericordim
1135 2005 1281 2074 prior
1308 2023 1337 2058 a
1367 2006 1607 2075 prioratu
1645 2005 1851 2059 absolvi
1884 2004 2054 2075 petiit.

465 2094 572 2147 Sed
605 2093 823 2163 quando
856 2093 1072 2161 dicitur,
1109 2094 1197 2147 Fit
1245 2095 1660 2161 misericordia,
1697 2102 1817 2148 tunc
1848 2093 2057 2148 indica-

440 2222 441 2225 η
466 2190 550 2234 tur
579 2181 894 2250 petitionem
919 2198 1074 2235 suam
1096 2181 1262 2235 fuisse
1282 2182 1595 2245 admissam,
1631 2190 1682 2235 et
1712 2182 1861 2235 illum
1889 2182 2056 2236 abso-

464 2269 634 2321 lutum
667 2285 788 2323 esse
818 2285 847 2321 a
879 2270 1141 2339 prioratu.
1178 2271 1305 2325 Haec
1334 2278 1600 2333 notamus,
1636 2278 1691 2322 ut
1721 2270 1960 2323 extranei
1991 2269 2059 2323 is-

414 2358 417 2361 ’
466 2365 597 2425 tam,
649 2365 705 2411 ut
754 2366 966 2427 vocant,
1019 2359 1465 2414 misericordiam
1525 2358 2052 2428 Carthusiauorum,

466 2446 652 2499 mirari
685 2446 950 2500 desinant.

537 2534 636 2589 llic
665 2542 841 2588 autem
874 2534 1091 2589 tradere
1138 2534 1323 2605 incipit
1367 2536 1430 2591 Β.
1466 2535 1530 2589 Ρ.
1588 2534 1765 2606 Guigo
1825 2534 2055 2590 formam

466 2638 626 2692 quam
656 2622 809 2693 sequi
839 2622 1104 2677 debemus
1135 2624 1188 2677 in
1237 2623 1557 2693 probandis,
1618 2624 1745 2689 imo,
1778 2632 1836 2677 ut
1862 2623 1939 2677 ita
1968 2623 2057 2677 di-

464 2726 603 2775 cam,
636 2711 692 2763 in
721 2711 991 2765 tentandis
1032 2712 1323 2779 juvenibus
1355 2712 1445 2782 qui
1504 2713 1575 2766 ad
1633 2728 1733 2765 nos
1791 2712 2058 2766 accedunt

464 2797 723 2853 Ordinem
753 2799 991 2868 petituri,
1024 2800 1099 2853 ita
1127 2807 1185 2853 ut
1213 2808 1414 2854 terrere
1454 2815 1548 2853 eos
1581 2800 1757 2869 potius
1776 2815 2053 2866 conemur,

462 2902 627 2957 quam
676 2887 1061 2941 blandimentis
1100 2888 1323 2942 delinire
1352 2896 1408 2941 ut
1437 2887 1760 2942 alliciantur.
1802 2888 2057 2958 Alioquin

2158 1740 2479 1810 recipimus,
2515 1741 2639 1811 quia
2671 1757 2702 1794 a
2733 1741 3092 1810 promissione
3147 1749 3329 1794 nostra
3359 1739 3515 1793 liberi
3546 1752 3752 1791 sumus.

2228 1829 2389 1882 Num.
2424 1832 2477 1885 2.
2515 1830 2667 1896 Quod
2697 1832 2749 1883 ei
2781 1846 2893 1885 non
2916 1830 3031 1884 nisi
3052 1830 3152 1884 sub
3178 1831 3283 1883 tali
3305 1829 3618 1899 sponsione,
3644 1834 3750 1881 etc.

2159 1918 2274 1972 Hoc
2305 1926 2387 1971 est
2417 1918 2714 1988 singulare,
2749 1927 2800 1972 et
2829 1918 2934 1971 illis
2963 1926 3166 1971 tantum
3196 1917 3527 1987 temporibus
3549 1915 3753 1970 licitum

2158 2005 2323 2060 fuisse
2374 2007 2702 2061 credendum
2756 2015 2877 2072 est;
2911 2006 3217 2061 libertatem
3275 2005 3419 2059 enim
3453 2002 3755 2075 aliqualiter

2158 2094 2449 2162 adimebat,
2473 2104 2715 2149 nostrum
2739 2095 2985 2149 ordinem
3016 2095 3230 2167 ingredi
3254 2092 3577 2149 volentibus.
3597 2090 3755 2146 Unde

2156 2180 2273 2233 haec
2304 2179 2538 2233 conditio
2572 2195 2681 2233 non
2709 2178 2807 2233 fuit
2838 2179 2892 2232 in
2922 2179 3158 2251 antiquis
3188 2178 3402 2234 statutis
3424 2176 3624 2231 nostris
3655 2190 3751 2229 re-

2158 2267 2285 2332 lata,
2318 2268 2441 2338 quia
2480 2267 2655 2322 fuerat
2701 2276 2968 2322 correcta.

2226 2357 2388 2411 Num.
2422 2360 2474 2411 3.
2514 2358 2813 2413 Seniorum
2866 2358 3072 2428 aliquis
3115 2357 3443 2427 deputatur,
3478 2355 3575 2427 qui
3622 2368 3752 2409 eum

2154 2462 2257 2516 per
2278 2462 2471 2512 unam,
2496 2454 2623 2510 etc.,
2673 2445 3094 2500 hebdomadam.
3127 2446 3225 2500 Hic
3254 2444 3379 2499 oriri
3406 2443 3590 2513 incipit
3616 2457 3751 2496 usus

2158 2550 2373 2603 semper
2405 2533 2664 2604 deinceps
2693 2534 2748 2587 in
2779 2534 2971 2589 ordine
2992 2541 3257 2598 servatus,
3283 2541 3339 2587 ut
3360 2548 3498 2587 unus
3529 2548 3592 2586 ex
3626 2543 3751 2585 mo-

2158 2622 2348 2677 nachis
2386 2622 2673 2692 deputetur
2718 2622 2785 2675 ad
2840 2623 3004 2677 horas
3033 2621 3292 2677 dicendas
3350 2637 3473 2677 cum
3509 2618 3747 2684 novitiis,

2158 2718 2213 2765 ut
2243 2710 2525 2765 addiscant
2554 2710 2786 2780 qualiter
2816 2718 2870 2765 et
2897 2727 3019 2765 cum
3051 2710 3247 2781 quibus
3268 2708 3606 2765 cmremoniis
3626 2705 3750 2762 otii-

2158 2799 2298 2853 cium
2322 2798 2562 2853 divinum
2580 2799 2897 2869 persolvere
2917 2799 3169 2865 debeant,
3196 2798 3287 2869 qui
3306 2799 3430 2853 ideo
3451 2797 3752 2852 monachus

2159 2886 2454 2941 secundum
2486 2887 2748 2956 majorem
2770 2887 2854 2943 vel
2877 2888 3144 2943 minorem
3170 2887 3355 2943 novitii
3380 2888 3431 2939 in
3464 2887 3570 2941 hoc
3598 2884 3751 2938 addi-

462 2974 856 3045 imperterritus
904 2992 1013 3029 non
1069 2985 1313 3031 maneret
1369 2975 1668 3046 postulans,
1728 2976 1865 3031 sicut
1911 2984 2130 3071 optatB
2162 2975 2364 3030 scendo
2400 2975 2772 3047 sagacitatem,
2797 2975 2917 3046 plus
2940 2976 3025 3030 vel
3047 2975 3227 3030 minus
3256 2976 3328 3030 ad
3355 2991 3482 3029 eum
3510 2972 3707 3045 pergit.

464 3072 686 3118 sanctus
716 3064 818 3130 vir,
851 3064 897 3117 si
926 3064 1078 3117 illum
1108 3081 1171 3119 ex
1192 3064 1471 3119 charitatis
1500 3073 1553 3119 et
1582 3064 1886 3135 prudentia;
1906 3065 2062 3119 indu-

464 3153 599 3206 stria
628 3152 790 3208 veluti
822 3160 1030 3207 terrere
1062 3168 1169 3207 non
1192 3168 1531 3219 conaremur,
1562 3162 1615 3208 et
1662 3154 1854 3208 merito
1888 3171 1901 3206 :
1933 3169 2060 3207 nam

460 3241 761 3294 institutum
796 3249 1059 3308 nostrum,
1094 3256 1219 3296 cum
1251 3241 1319 3295 sit
1336 3242 1533 3296 durum
1564 3250 1615 3296 et
1645 3258 1921 3313 asperum,
1956 3258 2057 3296 ne—

462 3328 665 3383 minem
697 3329 859 3383 debet
889 3329 1173 3384 admittere
1222 3330 1311 3401 qui
1342 3346 1451 3385 non
1512 3338 1717 3385 tantum
1774 3330 2059 3387 vocatione

460 3417 669 3473 caelosti
698 3426 952 3488 appareat
985 3426 1323 3488 praeventus;
1358 3419 1454 3473 sed
1485 3419 1645 3473 etiam
1677 3419 1908 3473 naturali
1931 3434 2062 3490 qua-

461 3507 585 3561 dam
616 3506 781 3560 animi
812 3507 1143 3572 fortitudine,
1178 3522 1311 3561 sana
1343 3522 1473 3562 vero
1495 3515 1658 3577 atque
1675 3507 1829 3561 hilari
1861 3523 2056 3577 corpo-

459 3594 537 3649 ris
565 3595 944 3649 constitutione
977 3596 1045 3649 sit
1084 3595 1389 3665 praeditus;
1422 3595 1514 3666 qui
1541 3595 1683 3649 enim
1713 3596 2056 3650 constitutio-

459 3684 546 3738 nis
588 3684 947 3749 melancoliaa,
982 3684 1097 3738 sive
1148 3684 1405 3738 atrabiles
1458 3692 1599 3751 sunt,
1647 3684 1922 3738 solitudini
1951 3700 2055 3738 no-

459 3780 587 3826 stra;
612 3788 722 3826 non
750 3780 875 3826 sunt
902 3772 1035 3841 apti.
1077 3772 1177 3827 Hic
1207 3781 1383 3827 autem
1416 3772 1569 3842 rigor
1620 3772 1901 3842 probandi,
1945 3772 2055 3827 imo

458 3861 699 3915 terrendi
739 3860 1096 3930 postulantes,
1129 3877 1290 3931 quem
1334 3860 1581 3930 suggerit
1630 3860 1710 3915 vir
1736 3867 1976 3925 sanctus,
2009 3860 2055 3913 si

462 3948 632 4003 semel
660 3964 693 4001 a
722 3948 880 4002 nobis
910 3949 1013 4001 sub
1044 3948 1339 4003 indiscreto
1368 3956 1629 4018 prastextu
1658 3948 1930 4003 charitatis
1960 3965 2053 4003 re-

460 4035 693 4101 laxetur,
724 4034 955 4088 infirmis
985 4043 1037 4089 et
1065 4035 1335 4089 debilibus
1364 4036 1557 4090 domos
1606 4044 1820 4090 nostras
1877 4037 2056 4106 reple-

462 4124 659 4189 bimus,
692 4140 721 4177 a
752 4122 947 4193 quibus
976 4123 1245 4193 propositi
1274 4124 1671 4178 Carthusiensis
1702 4124 2054 4179 observantia

458 4228 569 4266 non
586 4212 785 4281 poterit
806 4211 1015 4266 servari
1041 4229 1053 4277 ;
1087 4219 1140 4265 et
1168 4212 1299 4282 quid
1320 4212 1445 4266 inde
1476 4212 1728 4267 eveniet?
1748 4214 1923 4267 Nemo
1944 4229 2051 4267 non

458 4300 633 4355 videt.
671 4301 751 4353 Ex
782 4299 1279 4369 dispensationibus
1336 4300 1479 4355 enim
1533 4300 1895 4370 multiplicatis
1925 4316 2053 4356 nas-

460 4396 655 4443 cuntur
701 4388 1166 4455 consuetudines;
1201 4404 1266 4443 ex
1331 4389 1815 4445 consuetudinibus
1864 4363 2124 4445 contraC

461 4476 700 4529 instituta
729 4476 1029 4543 monastica
1060 4476 1229 4531 semel
1266 4477 1584 4533 introductis
1616 4478 1857 4533 nascitur
1883 4494 2054 4548 prava

460 4564 701 4630 libertas,
727 4572 779 4619 et
807 4581 873 4619 ex
903 4566 1005 4620 hac
1035 4565 1285 4620 libertate
1318 4566 1469 4620 ruina
1499 4567 1853 4621 observantiw
1883 4582 2054 4639 regu-

461 4652 610 4708 laris.
644 4655 789 4709 Ecce
817 4670 925 4725 quo
948 4655 1167 4709 tandem
1205 4656 1517 4724 perveniret
1548 4654 1797 4725 quaadam
1827 4654 2053 4709 mollitia

461 4740 513 4794 in
554 4742 851 4812 probandis
882 4750 935 4797 et
966 4743 1265 4798 educandis
1304 4743 1543 4809 novitiis,
1577 4743 1621 4796 si
1648 4743 1791 4813 apud
1823 4758 1923 4797 nos
1952 4743 2053 4798 ad-

461 4830 782 4885 mitteretur.

534 4918 669 4973 Ibid.
697 4922 747 4971 l.
781 4920 850 4973 Et
879 4920 1009 4990 quia
1049 4919 1516 4989 congregationis,
1551 4924 1677 4984 etc.,
1714 4922 1902 4973 certus
1946 4937 2054 4975 nu-

459 5023 669 5071 merus,
730 5014 833 5060 etc.
877 5008 1147 5059 Nuirerus
1176 5007 1566 5059 monachorum
1624 5007 1768 5075 apud
1816 5023 1915 5061 nos
1944 5023 2053 5063 non

459 5103 633 5164 potest
664 5095 928 5148 excedere
961 5111 1244 5147 numerurm
1290 5094 1602 5147 cellularum
1640 5112 1759 5164 quae
1788 5096 1843 5148 in
1872 5096 2053 5166 quali-

459 5184 548 5237 bet
576 5182 738 5236 domo
770 5191 1095 5237 constructae
1128 5190 1269 5235 sunt.
1319 5182 1451 5235 Cum
1485 5182 1630 5235 enim
1658 5183 1758 5237 soli
1789 5184 2053 5254 degamus

458 5271 513 5325 in
542 5271 771 5341 singulis
803 5270 1031 5337 cellulis,
1064 5270 1129 5323 ad
1157 5269 1500 5323 solitudinem
1530 5272 1845 5326 servandam
1877 5273 2054 5341 dispo—

458 5359 598 5423 sitis,
630 5358 818 5412 novitii
851 5357 988 5411 sicut
1017 5365 1069 5411 et
1118 5358 1373 5411 monachi
1404 5358 1605 5413 debent
1636 5359 1736 5413 soli
1788 5360 2048 5414 habitare.

456 5450 524 5502 Et
545 5448 663 5502 lucc
684 5454 767 5501 est
797 5446 933 5500 ratio
957 5462 1056 5500 cur
1087 5445 1405 5514 terminum,
1424 5446 1477 5500 id
1498 5454 1582 5501 est
1602 5456 1807 5503 certum
1840 5456 2052 5519 tempus

456 5534 858 5607 postulantibus
879 5534 1244 5606 assignemus,
1277 5550 1385 5605 quo
1415 5534 1619 5606 elapso,
1682 5536 1727 5591 si
1773 5536 2053 5607 postulans

2230 3064 2393 3117 Num.
2428 3067 2480 3118 4.
2514 3064 2619 3131 Qui
2669 3068 2865 3120 tamen
2897 3064 3117 3130 blande,
3152 3072 3277 3129 etc.,
3338 3079 3441 3118 nec
3473 3064 3525 3118 ei
3574 3066 3751 3117 totam

2158 3153 2340 3207 subito
2379 3153 2771 3208 institutionis
2802 3155 3190 3224 asperitatem,
3217 3160 3321 3207 etc.
3344 3153 3490 3207 Ecce
3520 3149 3752 3222 qualiter

2159 3241 2364 3312 antiqui
2394 3242 2585 3296 Patres
2614 3242 2788 3297 nostri
2818 3240 3165 3296 discretionis
3194 3240 3417 3312 regulas
3454 3239 3510 3293 in
3567 3239 3749 3294 omni-

2160 3330 2261 3384 bus
2291 3330 2590 3385 servandas
2638 3329 2743 3383 sibi
2810 3336 3230 3400 proposuerunt.
3288 3329 3517 3383 Terrere
3565 3328 3752 3383 volunt

2157 3417 2521 3488 postulantem
2551 3418 2728 3488 prima
2775 3417 2970 3484 fronte,
3003 3424 3061 3471 ut
3115 3417 3241 3471 inde
3300 3416 3611 3473 discernant
3641 3430 3751 3487 quo

2159 3507 2351 3577 spiritu
2381 3508 2607 3563 ducatur
2634 3513 2687 3561 et
2717 3506 2924 3561 ordinis
2946 3506 3258 3577 ingressum
3289 3512 3457 3577 petat.
3492 3504 3597 3560 Sed
3628 3520 3750 3575 pos-

2158 3603 2245 3650 tea
2275 3595 2512 3650 scientes
2541 3594 2687 3666 quod
2727 3594 2908 3649 omnia
2965 3594 3199 3649 debeant
3240 3593 3480 3649 suaviter
3534 3592 3750 3663 disponi

2157 3684 2305 3739 circa
2361 3685 2649 3738 humanam
2706 3682 3090 3749 infirmitatem,
3125 3691 3181 3737 ut
3209 3683 3280 3737 ad
3333 3680 3497 3736 finem
3540 3680 3751 3735 fortiter

2156 3772 2468 3845 attingatur,
2502 3772 2709 3843 gradus
2738 3772 3033 3827 observant
3061 3772 3115 3825 in
3160 3770 3495 3842 probationis
3526 3769 3748 3825 exerci-

2159 3861 2282 3926 tiis;
2316 3861 2563 3917 visitatur
2615 3861 2810 3931 saapius
2831 3877 2861 3913 a
2890 3860 3069 3930 priore
3125 3859 3379 3925 novitius,
3412 3866 3469 3913 ut
3496 3858 3551 3912 in
3580 3856 3747 3928 spiri-

2157 3950 2388 4003 tualibus
2418 3949 2728 4016 instruatur,
2764 3957 2817 4004 et
2844 3948 2924 4005 sic
2942 3948 3306 4019 spiritualibus
3327 3934 3753 4003 alimentisenu-

2156 4038 2313 4091 tritus
2343 4037 2620 4093 adolescat
2647 4038 2701 4092 in
2742 4053 2840 4092 suo
2870 4037 3171 4108 proposito,
3205 4037 3380 4092 donec
3407 4036 3474 4090 ad
3530 4036 3749 4091 institu-

2155 4133 2266 4179 tum
2324 4126 2649 4180 servandum
2704 4142 2802 4197 per
2860 4125 3256 4196 professionem
3288 4133 3341 4179 et
3395 4132 3518 4179 vota
3549 4124 3749 4179 emissa

2154 4230 2213 4267 se
2239 4214 2463 4284 obliget.
2496 4214 2654 4269 Tales
2682 4222 2860 4269 autem
2891 4214 3123 4270 licentiae
3142 4213 3399 4284 loquendi
3416 4229 3537 4269 cum
3558 4212 3747 4283 coqui-

2153 4303 2304 4357 nario
2334 4302 2533 4357 nostris
2563 4302 2779 4357 novitiis
2809 4318 2918 4358 non
2946 4302 3175 4373 amplius
3206 4303 3422 4367 dantur,
3458 4310 3511 4356 et
3530 4302 3747 4372 integra

2154 4392 2502 4446 observantia
2532 4391 2602 4446 ab
2632 4390 2738 4445 illis
2769 4390 3024 4464 exigitur,
3055 4390 3184 4461 quia
3212 4390 3461 4445 sufficere
3482 4390 3740 4455 creditur,

2154 4479 2200 4533 si
2230 4480 2645 4550 spatiamentum
2674 4495 2798 4535 cum
2854 4478 3137 4535 monachis
3196 4478 3368 4534 semel
3415 4478 3471 4533 in
3525 4478 3741 4534 hebdo-

2152 4569 2314 4623 mada
2352 4568 2604 4622 habeant.

2223 4657 2351 4711 Haec
2380 4664 2621 4711 veterum
2650 4656 2867 4710 Patrum
2890 4663 3197 4710 nostrorum
3226 4654 3372 4711 circa
3390 4654 3623 4710 novitios
3652 4654 3741 4709 di-

2152 4745 2376 4815 sciplina
2407 4744 2564 4797 bonis
2608 4744 2675 4799 de
2704 4744 2882 4799 causis
2903 4752 2957 4798 et
3000 4760 3099 4813 per
3153 4743 3331 4798 varias
3378 4742 3743 4813 experientias

2151 4832 2502 4898 confirmatis,
2536 4832 2631 4886 luit
2659 4832 2834 4903 aliqua
2862 4839 3010 4903 parte
3043 4831 3097 4884 in
3126 4832 3321 4886 melius
3367 4839 3587 4897 mutata,
3644 4846 3746 4901 per

2150 4922 2454 4993 posteriora
2485 4928 2698 4989 statuta,
2750 4921 2887 4977 sicut
2944 4920 3190 4975 videmus
3237 4920 3439 4976 factum
3494 4936 3617 4975 esse
3647 4935 3745 4990 per

2153 5026 2304 5065 sacra
2334 5010 2564 5064 concilia
2585 5009 2905 5078 posteriora,
2940 5025 3061 5079 quae
3087 5016 3302 5078 tempus
3322 5008 3660 5078 probationis
3690 5015 3745 5063 et

2150 5106 2360 5151 mtatem
2382 5096 2737 5166 professionis
2758 5096 3353 5151 aliterdeterminarunt
3369 5112 3525 5167 quam
3542 5096 3739 5166 priora.

2152 5187 2411 5239 Poterunt
2440 5193 2565 5240 tunc
2594 5185 2664 5239 ab
2694 5185 2886 5239 ordine
2933 5184 3135 5254 expelli
3187 5184 3460 5252 monachi,
3494 5184 3539 5237 si
3586 5184 3745 5238 valde

2152 5273 2341 5327 discoli
2373 5281 2463 5327 aut
2492 5273 2671 5329 vitiosi
2708 5272 2935 5327 fuissent
2966 5270 3163 5337 effecti,
3196 5280 3251 5325 ut
3310 5272 3577 5327 videbitur
3606 5270 3743 5325 infra

2152 5377 2273 5431 cap.
2307 5363 2396 5426 ’77,
2430 5369 2481 5416 et.
2504 5362 2581 5416 sic
2627 5361 2786 5416 ovilia
2815 5359 3115 5425 monastica
3144 5360 3212 5413 ab
3249 5360 3441 5414 ovibus
3480 5360 3568 5414 lue
3596 5359 3743 5413 infe-

2151 5450 2251 5506 ctis
2281 5449 2522 5521 purgari.
2576 5449 2733 5504 Nunc
2762 5465 2889 5504 vero
2934 5449 3092 5505 aliter
3113 5447 3330 5518 juribus
3360 5447 3745 5504 ecclesiasticis

2151 5545 2203 5592 et
2233 5537 2481 5593 civilibus
2512 5536 2775 5593 sancitum
2803 5545 2904 5594 est.
