3978 6050
302 222 406 273 685
1141 223 1154 235 ’
1562 237 1565 240 ’
1665 227 2270 283 CONSUETUDINES.
3501 236 3604 287 686

376 345 428 396 5.
462 342 595 396 Cum
626 349 808 397 autem
840 350 1051 414 tempus
1082 362 1188 417 quo
1215 348 1465 406 benedici
1494 352 1689 408 debeat
1719 350 1988 415 institerit,
2029 349 2074 403 si
2118 350 2414 420 probabilis
2462 352 2781 421 apparuerit
2831 360 2883 408 et
2914 353 2967 407 in
3014 355 3247 423 petendo
3287 355 3605 412 misericor-

305 440 454 494 diam
486 439 707 494 sedulus
740 440 918 505 fuerit,
952 441 1069 497 dies
1100 444 1148 498 ei
1177 462 1305 517 quo,
1339 448 1385 501 si
1413 448 1863 519 perseveraverit,
1900 448 1953 501 in
1984 455 2154 501 totum
2186 448 2387 517 suscipi
2411 448 2607 503 debeat
2626 458 2809 504 certus
2848 452 3218 506 constituetur.
3253 454 3312 507 In
3345 470 3450 523 quo
3484 471 3606 508 cum

305 538 361 592 in
392 538 629 609 capitulo
663 537 847 593 itidem
881 540 1314 598 misericordiam
1347 547 1623 602 humiliter
1650 545 2028 618 postulaverit,
2060 546 2289 601 facultas
2321 548 2369 601 ei
2391 564 2484 601 seu
2507 548 2798 603 recedendi
2821 548 2865 602 si
2893 549 3137 615 voluerit,
3173 567 3268 605 seu
3299 568 3397 606 sua
3428 552 3608 607 omnia

309 634 583 704 quomodo
615 634 701 689 vel
734 635 929 706 quibus
958 637 1242 707 placuerit,
1276 642 1637 697 distribuendi
1666 642 1837 696 libera
1866 641 2147 698 tribuetur.
2181 643 2338 711 Quod
2369 644 2413 697 si
2444 645 2878 714 perseveraverit
2905 646 3147 716 pulsans,
3180 656 3393 718 Optatus
3424 648 3473 703 ei
3504 648 3607 702 tri-

310 730 506 785 buetur
538 746 818 803 assensus,
853 740 905 788 et
929 741 1055 790 tunc
1086 736 1169 791 vel
1196 737 1313 808 ipse
1344 739 1430 793 vel
1459 738 1615 804 alius,
1650 738 1695 793 si
1726 738 1967 795 scribere
2001 741 2191 805 nescit,
2225 742 2362 796 hanc
2390 742 2439 796 ei
2486 742 2883 813 professionem
2916 744 3136 799 scribet.

1504 863 2037 918 CAPITULUM
2084 864 2373 918 XXIII.

1679 961 1959 1030 Professio
1990 960 2217 1015 Novitii.

385 1054 435 1106 1.
474 1074 495 1098 ‹‹
530 1051 651 1122 Ego
681 1051 847 1107 frater
874 1055 974 1110 ille
1002 1056 1255 1125 promitto
1284 1056 1649 1126 stabilitatem,
1681 1064 1734 1112 et
1762 1056 2147 1124 obedientiam,
2182 1064 2236 1111 et
2263 1057 2674 1112 conversionem
2720 1073 2934 1113 morum
2972 1074 3237 1125 meorum,
3273 1074 3461 1115 coram
3488 1060 3605 1117 Deo

311 1157 365 1203 et
394 1149 596 1204 sanctis
627 1150 743 1218 ejus
769 1158 821 1205 et
851 1151 1092 1223 reliquiis
1122 1152 1279 1209 istius
1296 1155 1486 1223 eremi,
1519 1171 1639 1227 quae
1668 1163 1979 1210 constructa
2011 1161 2092 1207 est
2113 1154 2181 1208 ad
2202 1155 2465 1209 honorem
2486 1154 2585 1209 Dei
2616 1162 2669 1209 et
2693 1154 2864 1210 beatae
2887 1171 3102 1227 semper
3135 1155 3371 1226 Virginis
3401 1156 3601 1223 Marias,

310 1254 365 1302 et
395 1247 539 1302 beati
567 1247 791 1303 Joannis
821 1249 1095 1321 Baptista,
1128 1251 1182 1306 in
1210 1253 1501 1323 praesentia
1528 1252 1714 1308 domni
1743 1253 1904 1309 illius
1933 1252 2152 1323 prioris.
2193 1275 2215 1299 υ
2250 1259 2299 1311 ἰι

1755 1400 2325 1457 COMMENTARIUS.

377 1513 541 1567 Num.
567 1516 624 1566 5.
663 1514 749 1569 Vc!
771 1514 922 1568 alius
943 1515 1246 1571 siscriberc
1277 1516 1484 1571 nescit.
1517 1516 1575 1570 Id
1597 1515 1904 1587 intelligen-
1928 1503 1979 1560 Α
2011 1517 2224 1585 domus,
2269 1532 2392 1571 esse
2440 1523 2644 1570 tantum
2688 1517 2789 1570 sub
2824 1517 2925 1571 hac
2970 1516 3277 1573 conditione
3326 1518 3605 1589 emissum,

312 1601 442 1655 dum
475 1609 558 1654 est
587 1615 693 1655 non
724 1601 791 1655 de
824 1602 973 1656 totali
1017 1603 1291 1658 scribendi
1321 1603 1610 1674 imperitia,
1657 1621 1780 1658 nam
1825 1604 1914 1675 qui

316 1689 554 1743 scribere
582 1689 848 1745 nescisset
881 1691 1093 1760 ineptus
1123 1692 1192 1746 ad
1241 1691 1548 1747 clericatum
1596 1692 1804 1756 fuisset,
1847 1692 1914 1745 ad

313 1794 477 1848 quem
504 1777 612 1847 apti
642 1794 764 1832 esse
794 1777 1067 1833 debebant
1088 1796 1277 1834 omnes
1299 1781 1389 1851 qui
1414 1782 1481 1835 ad
1504 1788 1698 1835 statum
1722 1797 1914 1835 mona-

313 1866 543 1920 chorum
572 1866 1010 1935 admittebantur,
1034 1876 1195 1937 prout
1224 1868 1448 1922 inferius
1478 1885 1595 1939 cap.
1622 1872 1691 1923 75
1722 1869 1917 1939 proba-

317 1954 483 2019 bitur,
536 1955 631 2009 sed
670 1954 739 2009 de
802 1955 1074 2026 imperitia
1139 1956 1365 2026 pulchre
1414 1957 1708 2021 scribendi,
1756 1964 1917 2027 prout

315 2042 555 2097 scribere
583 2043 922 2098 docebantur
952 2043 1123 2098 nostri
1153 2045 1224 2098 ad
1252 2044 1421 2099 libros
1451 2045 1912 2111 transcribendos,

315 2130 457 2186 sicut
485 2131 719 2185 habetur
749 2147 869 2201 cap.
902 2136 991 2199 28,
1023 2149 1077 2186 n.
1112 2136 1165 2190 2.

394 2221 555 2273 Porro
584 2228 754 2274 totum
798 2221 1093 2290 capitulum
1139 2220 1301 2288 istud,
1350 2229 1576 2293 excepta
1606 2222 1916 2278 conditione

311 2303 406 2357 illa
438 2319 603 2373 supra
632 2312 835 2370 notata,
869 2304 1097 2359 relatum
1128 2304 1373 2359 invenies
1421 2322 1533 2361 sec.
1573 2314 1714 2377 part.
1748 2308 1913 2378 antiq.

317 2400 527 2459 statut.,
561 2407 682 2463 cap.
714 2396 803 2459 23,
838 2410 931 2447 nn.
966 2396 1016 2462 5,
1051 2396 1103 2459 9,
1137 2396 1271 2448 16et
1290 2396 1379 2460 20,
1412 2394 1648 2466 itemque
1677 2410 1800 2464 cap.
1823 2397 1917 2460 24,

318 2498 375 2534 n.
412 2484 460 2535 I.

393 2569 525 2623 CAP.
557 2569 758 2624 XXIII.
792 2600 861 2608 —-
898 2570 1063 2624 Num.
1103 2573 1153 2623 1.
1202 2570 1478 2624 Promitto
1514 2570 1913 2627 stabilitatem.

322 2657 540 2713 Omissa
570 2657 909 2713 discussione
948 2674 1137 2713 eorum
1168 2675 1289 2729 qua:
1308 2658 1511 2728 passim
1540 2675 1571 2711 a
1597 2659 1762 2713 variis
1785 2660 1919 2714 scri-

318 2746 569 2817 ptoribus
599 2747 743 2802 circa
773 2755 960 2802 votum
987 2746 1293 2801 stabilitatis
1341 2746 1483 2801 dicta
1514 2756 1652 2813 sunt,
1688 2764 1753 2802 ea
1792 2756 1916 2801 tan-

2015 1621 2209 1674 nempe
2237 1612 2296 1658 ut
2327 1620 2435 1659 non
2464 1602 2554 1658 tiat
2586 1605 2808 1659 mutatio
2837 1604 2942 1660 loci
2990 1605 3197 1676 absque
3228 1622 3413 1675 causa,
3448 1623 3612 1678 quam

2015 1694 2151 1747 ordo
2175 1693 2375 1761 justam
2402 1692 2751 1761 judicaverit.~
2782 1693 2913 1747 Inde
2942 1702 3147 1748 certum
3177 1702 3258 1747 est
3287 1697 3614 1750 monachum

2017 1781 2453 1846 Carthusianum,
2491 1780 2582 1852 qui
2611 1781 2819 1851 absque
2848 1781 3188 1849 necessitate,
3217 1790 3267 1835 et
3297 1776 3613 1853 ex'propria

2015 1870 2308 1934 voluntate,
2343 1870 2456 1923 sive
2501 1869 2600 1922 sub
2652 1867 2787 1923 fictis
2834 1869 3196 1938 praetextibus,
3231 1870 3344 1924 sive
3374 1872 3611 1941 subrep-

2016 1957 2144 2011 titiis
2175 1957 2353 2011 modis
2375 1957 2647 2011 licentiam
2696 1956 2922 2022 obtinet,
2972 1957 3060 2012 vel
3108 1958 3287 2027 potius
3330 1965 3614 2029 extorquet

2016 2047 2236 2101 domum
2262 2045 2523 2109 mutandi,
2558 2059 2787 2115 peccare
2818 2052 3009 2098 contra
3051 2053 3233 2098 votum
3282 2046 3609 2101 stabilitatis.

2087 2135 2215 2189 Haec
2244 2141 2422 2187 autem
2456 2132 2717 2186 stabilitas
2750 2132 2827 2187 sic
2856 2132 3131 2187 intellecta
3159 2141 3343 2187 nostro
3372 2133 3614 2188 instituto

2019 2221 2324 2276 essentialis
2353 2229 2453 2286 est,
2480 2220 2603 2291 quia
2634 2220 2702 2273 ad
2733 2220 2856 2275 vita
2888 2220 3143 2274 solitaria:
3172 2221 3435 2275 rationem
3466 2229 3517 2276 et
3545 2221 3616 2275 ad

2018 2309 2160 2363 illius
2191 2309 2403 2362 habitus
2434 2308 2791 2362 assumendos
2822 2324 3048 2363 necesse
3086 2316 3186 2362 est.

2091 2397 2292 2451 Primo.
2319 2396 2543 2467 Ingenio
2562 2397 2797 2449 humano
2818 2396 2883 2449 ad
2906 2396 3170 2451 novitates
3192 2396 3325 2452 mire
3344 2412 3616 2467 propenso

2019 2486 2223 2539 aditum
2251 2484 2561 2550 occludere,
2589 2492 2641 2538 et
2667 2483 2973 2537 stabilitatis
3014 2484 3168 2553 praxi
3197 2485 3617 2554 propensionem

2019 2574 2167 2627 illam
2197 2572 2525 2627 mortificare
2555 2580 2607 2626 et
2636 2571 2948 2641 subjugare,
2982 2580 3039 2624 ut
3068 2572 3146 2626 sic
3174 2572 3417 2627 addiscat
3446 2573 3620 2627 sensi-

2021 2662 2122 2715 bus
2154 2660 2221 2714 ab
2261 2660 2487 2728 objectis
2509 2659 2746 2713 externis
2760 2658 2871 2726 jam
2894 2659 3182 2714 abstractis
3200 2660 3437 2730 aliquam
3466 2660 3621 2715 habi-

2022 2749 2218 2803 tualem
2251 2748 2680 2802 dissuetudinem
2718 2762 3032 2816 procurare,
3083 2764 3202 2819 qua:
3247 2747 3469 2803 solitarii
3498 2749 3619 2803 ani-

316 2844 430 2889 tum
459 2833 799 2905 proferemus
829 2852 949 2905 quae
992 2835 1134 2906 apud
1176 2850 1275 2889 nos
1323 2834 1467 2889 circa
1520 2835 1655 2889 illud
1700 2846 1809 2889 tum
1855 2852 1918 2890 ex
1943 2852 1995 2910 Β
2023 2854 2172 2891 mum
2204 2836 2437 2908 quietius
2468 2851 2636 2908 agere
2677 2835 2838 2889 sinat.

322 2930 643 2977 statutorum
673 2931 882 2989 tenore,
917 2931 1029 2978 tum
1078 2940 1143 2978 ex
1186 2922 1545 2992 capitulorum
1594 2925 1929 2996 generalium

321 3010 775 3077 ordinationibus,
829 3019 940 3065 tum
1006 3012 1220 3066 demum
1266 3026 1331 3065 ex
1375 3011 1530 3080 praxi
1578 3013 1785 3066 ordinis
1828 3028 1928 3083 pro

320 3107 475 3155 certo
506 3100 753 3154 habenda
783 3108 925 3153 sunt.

397 3187 597 3243 Primo.
631 3189 735 3243 Per
765 3188 1112 3244 stabilitatem
1143 3189 1287 3244 illam
1312 3189 1727 3262 recognoscitur
1754 3189 1932 3243 adha-

322 3275 497 3330 rentia
528 3275 649 3344 fixa,
691 3283 743 3331 et
773 3277 1172 3347 quodammodo
1200 3278 1589 3333 indissolubilis
1619 3278 1781 3331 statui
1808 3293 1931 3331 mo-

323 3364 539 3419 nastico
570 3371 623 3418 et
653 3364 1001 3419 carthusiano
1032 3366 1233 3435 debita,
1270 3366 1357 3422 cui
1396 3366 1696 3420 monachus
1728 3365 1935 3435 profes-

328 3453 539 3507 sionem
608 3453 881 3519 emittens,
930 3454 1109 3509 sciens
1166 3463 1218 3509 et
1266 3454 1456 3509 volens
1505 3470 1564 3508 se
1605 3470 1707 3523 per
1752 3461 1935 3507 votum

326 3540 537 3611 alligat.
576 3541 642 3594 Et
668 3540 795 3595 inde
821 3542 1002 3596 dicere
1033 3559 1142 3596 non
1180 3543 1488 3597 dubitamus
1519 3543 1818 3597 monachos
1847 3540 1938 3612 qui

327 3629 399 3683 ad
432 3629 804 3699 episcOpatum
836 3638 1119 3696 vocantur,
1141 3646 1248 3685 non
1270 3647 1434 3697 posse
1456 3630 1566 3685 ullo
1583 3631 1745 3685 modo
1775 3629 1936 3684 eximi

328 3717 398 3770 ab
429 3718 495 3771 iis
527 3717 892 3772 observantiis
922 3718 1149 3773 instituti
1195 3720 1600 3784 carthusiensis,
1652 3734 1772 3789 quae
1812 3733 1936 3772 cum

326 3806 729 3875 episcopalibus
759 3806 957 3860 muniis
985 3816 1213 3876 possunt
1260 3807 1616 3872 concordare,
1670 3813 1828 3876 prout
1855 3813 1937 3859 est

326 3894 656 3948 abstinentia
685 3910 716 3947 a
747 3895 1020 3963 carnibus,
1058 3895 1181 3965 quia
1211 3912 1309 3965 per
1335 3904 1519 3951 votum
1549 3895 1807 3948 emissum
1838 3902 1938 3948 sta—

331 3981 555 4035 bilitatis
586 3983 871 4036 servandae
902 3982 956 4035 in
986 3984 1286 4053 propositio
1329 3982 1719 4039 carthusiensis
1766 3982 1835 4037 ad
1883 3982 1937 4035 id

331 4070 665 4139 obligantur,
700 4077 755 4124 et
783 4070 1045 4140 obligatio
1074 4072 1185 4127 voti
1212 4072 1465 4126 servandi
1497 4080 1576 4125 est
1607 4071 1673 4125 de
1698 4070 1818 4138 jure
1849 4070 1938 4124 di-

326 4158 478 4213 vino.
514 4157 724 4226 Quibus
755 4166 935 4213 autem
960 4159 1143 4213 causis
1165 4176 1301 4230 opus
1324 4159 1394 4213 sit
1423 4159 1491 4212 ad
1513 4159 1688 4214 valide
1709 4158 1934 4227 dispen-

327 4247 563 4301 sandum
595 4246 650 4299 in
680 4262 736 4301 re
767 4263 888 4317 qum
918 4246 1085 4301 divini
1109 4248 1248 4316 juris
1279 4256 1380 4314 est,
1426 4246 1687 4301 lectorem
1718 4246 1933 4300 remitto

325 4336 398 4389 ad
430 4336 496 4389 D.
527 4336 808 4405 Thomam,
841 4335 1088 4390 Toletum
1119 4344 1171 4391 et
1201 4335 1321 4390 illos
1350 4335 1765 4406 probatissimos
1796 4335 1933 4390 doc-

327 4431 501 4479 tOI‘CS.

404 4511 675 4567 Secundo.
710 4512 813 4567 Per
862 4512 1208 4567 stabilitatem
1254 4511 1576 4584 intelligitur
1603 4510 1935 4566 adhaerentia

326 4600 472 4667 loco,
507 4601 562 4654 id
594 4608 676 4654 est
706 4600 911 4669 domui,
945 4601 1058 4656 sive
1088 4601 1142 4655 in
1175 4616 1281 4671 qua
1312 4600 1706 4671 professionem
1739 4615 1933 4653 mona-

330 4689 470 4744 chus
501 4688 707 4754 emittit,
744 4689 858 4743 sive
888 4689 955 4742 ad
986 4704 1144 4760 quam
1178 4705 1276 4759 per
1323 4688 1688 4743 obedientiam
1729 4686 1935 4742 ordinis

329 4776 581 4831 mittitur.
640 4778 721 4831 Ad
770 4793 930 4848 quam
986 4777 1331 4831 stabilitatem
1382 4777 1496 4831 sive
1545 4775 1936 4831 adhaerentiam

328 4882 434 4936 per
464 4874 647 4919 votum
676 4866 835 4919 etiam
870 4882 929 4919 se
952 4865 1223 4936 astringit,
1248 4873 1305 4918 ut
1327 4865 1459 4918 satis
1482 4864 1533 4917 id
1555 4864 1791 4933 explicat
1820 4864 1936 4932 ipse

331 4961 555 5007 sanctus
589 4955 747 5007 Pater
776 4955 956 5007 Bruno
1004 4954 1123 5008 loco
1180 4953 1315 5006 infra
1354 4952 1590 5021 citando,
1621 4960 1673 5006 et
1722 4960 1833 5005 tum
1871 4966 1935 5004 ex

330 5042 570 5112 antiquis
600 5043 798 5096 chartis
829 5042 1230 5113 capitularibus,
1281 5049 1391 5095 tum
1441 5058 1507 5095 ex
1554 5039 1791 5110 antiquis
1821 5046 1935 5092 sta-

330 5130 462 5183 tutis
493 5130 739 5199 pervium
770 5139 871 5193 est,
904 5131 971 5183 ab
1000 5132 1101 5185 hac
1131 5130 1497 5195 instabilitate,
1530 5129 1585 5182 id
1615 5136 1695 5182 est
1724 5127 1936 5198 pruritu

333 5226 427 5272 aut
457 5218 761 5287 importuna
808 5218 1065 5288 petitione
1108 5218 1352 5272 mutandi
1401 5219 1642 5284 domum,
1677 5232 1709 5269 a
1735 5214 1936 5269 nostris

334 5322 462 5361 esse
485 5306 886 5370 abstinendum,
912 5306 1078 5361 veluti
1094 5323 1123 5359 a
1151 5322 1209 5359 re
1223 5314 1347 5361 voto
1369 5303 1934 5371 stabilitatisadversa,

330 5402 493 5465 prout
523 5395 635 5448 suis
664 5395 801 5450 locis
830 5394 1042 5465 plenius
1070 5393 1403 5464 probabitur.
1457 5392 1564 5447 Sed
1611 5398 1815 5445 certum
1857 5397 1940 5444 est

331 5500 404 5539 ex
434 5483 688 5539 continua
720 5483 871 5553 praxi
901 5482 1131 5548 ordinis,
1162 5499 1284 5553 qua:
1313 5481 1519 5553 optima
1561 5480 1747 5552 legum
1776 5479 1940 5532 inter-

2100 2925 2371 2980 Secundo.
2406 2925 2507 2979 Per
2534 2922 2745 2977 firmam
2775 2930 2827 2978 et
2857 2922 3103 2978 stabilem
3131 2923 3185 2977 in
3208 2923 3442 2979 claustro
3470 2939 3625 2980 man-

2030 3013 2237 3068 sionem
2267 3028 2479 3079 cavere,
2531 3028 2600 3066 ne
2643 3019 2717 3066 tot
2766 3011 3089 3080 importunis
3132 3012 3621 3082 phantasmatibus,

2031 3118 2096 3157 ex
2127 3118 2307 3156 rerum
2338 3100 2648 3155 relictarum
2676 3099 2904 3167 objectis
2934 3100 3003 3153 de
3031 3115 3172 3154 novo
3216 3109 3450 3155 mentem
3481 3101 3626 3156 illius

2032 3207 2096 3245 ex
2128 3189 2418 3260 praesentia
2448 3187 2782 3253 ferientibus,
2809 3196 2860 3241 et
2877 3204 2942 3241 ex
2963 3187 3043 3242 rei
3072 3188 3309 3243 novitate
3337 3188 3628 3243 violentius

2033 3294 2156 3333 sese
2185 3277 2635 3347 imprimentibus,
2670 3277 2865 3330 iterum
2888 3276 3100 3330 animus
3148 3277 3265 3345 ejus
3295 3277 3625 3333 vulneretur.

2035 3366 2150 3434 Qua
2179 3366 2247 3420 de
2277 3380 2440 3420 causa
2468 3379 2576 3419 non
2608 3364 2786 3433 debet,
2819 3379 2922 3419 nec
2950 3363 3003 3417 in
3025 3364 3143 3419 solo
3173 3365 3415 3432 transitu,
3451 3381 3628 3421 saecu-

2032 3456 2145 3510 lum
2171 3454 2358 3509 videre
2389 3453 2547 3507 velle.

2107 3542 2253 3597 Finis
2284 3557 2418 3610 ergo
2447 3540 2590 3594 illius
2619 3539 2927 3594 stabilitatis
2957 3539 3304 3607 subvertitur,
3346 3542 3476 3595 dum
3504 3557 3629 3597 mo-

2036 3631 2244 3685 nachus
2275 3628 2667 3684 Carthusianus
2716 3628 3063 3682 mutationem
3106 3628 3298 3682 domus
3345 3630 3548 3699 appetit
3579 3638 3633 3684 et

2037 3719 2263 3783 obtinet,
2297 3732 2422 3770 nam
2452 3724 2503 3770 et
2551 3716 2858 3786 appetendo
2905 3724 3084 3770 mente
3108 3717 3220 3785 jam
3250 3716 3305 3769 in
3333 3717 3632 3772 novitatum

2038 3806 2363 3862 tentationes
2391 3805 2576 3875 lapsus
2606 3812 2707 3870 est,
2739 3812 2793 3859 et
2821 3819 2918 3874 per
2953 3804 3211 3859 smculum
3232 3790 3517 3859 ambulare
3546 3805 3634 3859 in-

2039 3896 2242 3965 coepit;
2275 3903 2326 3949 et
2359 3893 2654 3949 obtinendo
2684 3893 2830 3962 quod
2874 3892 3170 3961 desiderat,
3206 3892 3531 3948 tentationes
3560 3893 3631 3946 il-

2038 3983 2121 4038 las
2149 3983 2217 4037 ad
2246 3990 2421 4038 actum
2453 3980 2689 4037 deducit.
2722 3980 2877 4037 Unde
2908 3989 3099 4035 natura
3120 3982 3190 4035 ad
3222 3981 3416 4036 cellam
3446 3990 3635 4051 postea

2039 4088 2283 4141 reversa,
2315 4078 2369 4125 et
2399 4070 2467 4124 ad
2481 4070 2717 4140 primum
2736 4069 3053 4139 privationis
3075 4076 3274 4123 statum
3291 4070 3535 4136 reducta,
3560 4069 3635 4123 ibi

2038 4159 2274 4232 litigare,
2324 4159 2434 4213 imo
2494 4174 2591 4227 per
2639 4156 3081 4227 imaginationum
3128 4157 3439 4213 collisiones
3480 4157 3634 4228 quasi

2035 4246 2216 4303 furere
2264 4246 2318 4300 in
2371 4247 2533 4300 istum
2577 4245 2969 4299 ambulatorem
3014 4245 3193 4299 denuo
3240 4245 3489 4311 inchoat,
3540 4245 3633 4315 qui

2034 4336 2159 4390 ideo
2186 4336 2389 4403 justam
2421 4333 2477 4386 in
2507 4348 2566 4386 se
2593 4332 2958 4386 instabilitatis
2989 4348 3102 4387 suae
3143 4333 3455 4388 mercedem
3484 4332 3632 4388 reci-

2034 4424 2131 4494 pit.
2162 4424 2285 4477 Non
2313 4422 2511 4474 mirum
2542 4435 2676 4490 ergo
2705 4427 2787 4473 est
2817 4421 2863 4473 si
2893 4420 2948 4473 in
2985 4421 3335 4490 proverbium
3364 4421 3510 4492 apud
3529 4436 3632 4476 nos

2038 4528 2193 4581 versa
2223 4511 2329 4565 sint
2375 4510 2544 4564 verba
2592 4508 2680 4561 illa
2725 4508 2963 4563 auctoris
2990 4508 3132 4563 libri.
3184 4511 3259 4565 De
3305 4512 3631 4565 imitatione

2040 4601 2278 4655 Christi:
2296 4601 2439 4653 Raro
2450 4597 2907 4666 sanctiﬁcantur,
2924 4598 3277 4669 quimuttum
3292 4601 3632 4670 pergrinan-

2038 4693 2152 4754 tur,
2186 4687 2309 4758 quia
2340 4687 2392 4739 id
2426 4702 2608 4742 verum
2640 4700 2762 4740 esse
2792 4685 3125 4755 experientia
3172 4687 3401 4741 docente
3430 4685 3628 4741 didici-

2036 4792 2176 4842 mus,
2208 4776 2262 4828 in
2292 4774 2376 4828 his
2407 4775 2497 4844 qui
2520 4772 2664 4843 apud
2707 4789 2807 4827 nos
2852 4774 3104 4841 (subaudi
3151 4789 3215 4828 ex
3263 4774 3480 4844 pr0pria
3527 4789 3630 4829 vo-

2035 4862 2263 4932 luntate)
2292 4863 2359 4915 de
2391 4862 2551 4915 domo
2582 4861 2636 4914 in
2684 4861 2903 4915 domum
2950 4877 3181 4932 pergere
3226 4861 3294 4915 ad
3340 4877 3491 4915 suam
3540 4861 3629 4916 in-

2037 4952 2287 5006 stantiam
2319 4957 2580 5021 quaerunt.

2108 5039 2163 5093 Si
2188 5040 2385 5091 instent
2415 5038 2577 5108 aliqui
2636 5046 2689 5092 et
2734 5038 2911 5092 dicant
2960 5053 3019 5091 se
3062 5036 3247 5091 mirari
3296 5038 3439 5108 quod
3487 5039 3631 5111 apud

2036 5143 2137 5182 nos
2164 5127 2319 5197 quasi
2350 5142 2451 5195 pro
2491 5126 2809 5180 criminibus
2851 5125 3152 5179 habeantur
3200 5128 3463 5196 quadam,
3512 5144 3633 5199 qua;

2038 5216 2091 5270 in
2123 5215 2240 5268 aliis
2270 5214 2553 5269 ordinibus
2600 5215 2764 5269 veluti
2805 5213 2950 5268 licita
2996 5223 3048 5267 et
3094 5214 3313 5269 innoxia
3354 5217 3630 5270 aestiman-

2039 5312 2140 5370 tur,
2190 5320 2253 5358 ac
2300 5302 2459 5357 facile
2511 5302 2925 5372 permittuntur;
2976 5302 3212 5358 breviter
3276 5303 3632 5373 respondebi-

2038 5408 2159 5447 mus
2188 5392 2288 5461 eis,
2320 5399 2553 5445 statuum
2583 5390 2950 5446 diversitatem
2977 5390 3031 5443 in
3068 5392 3169 5446 hoc
3198 5408 3318 5446 esse
3348 5391 3635 5445 attenden-

2038 5482 2181 5547 dam,
2217 5488 2268 5535 et
2299 5480 2436 5535 sicut
2463 5480 2514 5533 in
2546 5488 2685 5534 statu
2708 5478 2952 5534 saeculari
2984 5479 3139 5549 plura
3160 5479 3489 5550 quibusdam
3509 5496 3632 5549 per-

330 5587 466 5643 pres
496 5579 597 5639 est,
632 5579 817 5627 votum
846 5570 980 5626 illud
1009 5571 1185 5642 quoad
1213 5572 1355 5626 hanc
1391 5577 1601 5641 partem
1628 5566 1937 5623 mutationis
1959 5558 2009 5616 D
2038 5565 2187 5620 sonis
2217 5564 2412 5619 nociva
2438 5579 2548 5618 non
2575 5570 2909 5633 reputantur,
2943 5580 3063 5632 qua:
3110 5563 3231 5617 aliis
3278 5562 3435 5619 valde
3477 5563 3630 5633 peri-
