3978 6050
460 174 563 227 687

1303 170 1646 227 GUIGONIS
1686 171 1706 224 Ι
1747 168 2154 225 CARTHUSI/E
2193 169 2487 225 MAIORIS
2528 168 2803 226 PRIORIS
2842 172 2907 228 Vo

3650 174 3757 225 688

530 300 583 353 2.
618 296 677 350 In
707 294 826 365 ipsa
855 301 1035 350 autem
1064 293 1247 360 missa,
1285 311 1389 365 qua
1419 293 1795 364 suscipiendus
1827 301 1928 359 est,
1963 301 2087 363 post
2116 292 2468 350 Oﬂerendam
2497 297 2564 351 ad
2594 297 2824 367 gradum
2854 304 2979 352 ante
3026 296 3198 351 altare
3235 293 3401 360 venit,
3432 293 3755 350 inclinatus-

459 410 564 464 que
585 408 801 448 versum
824 392 966 447 hunc
996 392 1153 447 tertio
1176 392 1387 464 repetit,
1410 392 1577 447 choro
1600 391 1960 461 respondente
1982 390 2231 445 eumdem
2258 409 2270 445 :
2301 394 2529 465 Suscipe
2550 411 2657 461 me,
2682 397 2935 461 Domine,
2956 395 3265 451 secundum
3286 394 3568 465 eloquium
3586 397 3753 447 tuum

457 494 512 547 et
543 491 725 545 vivam
749 494 833 556 ;et
858 505 972 545 non
994 489 1313 559 confundas
1335 504 1420 543 me
1442 490 1506 543 ab
1528 489 1949 559 exspectatione
1970 505 2114 543 mea.
2138 491 2263 543 Post
2283 491 2434 560 cujus
2451 493 2667 547 tertiam
2690 493 3065 564 repetitionem
3093 491 3329 559 additur,
3356 491 3541 547 Gloria
3561 490 3743 572 Patri,

458 589 890 659 Kyrie-eleyson,
919 589 1089 641 Pater
1110 590 1319 641 noster.
1347 585 1565 639 Interim
1588 585 1821 640 novitius
1842 593 1965 640 ante
1988 585 2233 658 singulos
2252 589 2550 643 monachos
2563 606 2741 661 genua
2761 589 2985 646 ﬂectens
3003 589 3151 655 dicit,
3184 589 3290 644 Ora
3299 603 3402 659 pro
3422 603 3530 653 me,
3555 589 3746 642 Pater.

456 686 584 739 Post
612 685 729 740 haec
759 684 996 749 rediens,
1030 683 1085 736 in
1117 683 1309 738 eodem
1342 698 1448 753 quo
1476 683 1647 753 prius,
1682 690 1785 736 stat
1814 681 2100 737 inclinatus
2121 683 2263 741 loco.
2283 686 2431 742 Tunc
2450 689 2706 742 sacerdos
2732 689 2801 742 ad
2830 688 2980 743 illum
3002 703 3302 744 conversus
3330 685 3511 740 subdit
3544 702 3555 739 :
3581 687 3649 740 Et
3678 700 3753 739 ne

451 801 553 839 nos
582 784 836 850 inducas,
867 784 1092 839 Salvum
1116 785 1208 853 fac
1231 798 1455 837 servum
1475 786 1655 849 tuum,
1684 781 1839 836 Mitte
1861 780 1931 848 ei,
1955 780 2082 837 Esto
2104 782 2177 847 ei,
2201 782 2471 838 Dominus
2494 784 2770 841 vobiscum
2793 804 2811 839 :
2833 785 3019 857 sicque
3040 784 3309 841 cucullam
3330 798 3495 855 super
3513 781 3750 855 gradum

450 890 575 938 ante
604 880 866 937 novitium
897 879 1129 952 positam
1161 879 1451 945 benedicit,
1485 879 1673 934 dicens
1707 893 1718 932 :

1816 1056 2389 1115 COMMENTARIUS.

446 1210 633 1268 eulosa
662 1219 754 1265 aut
783 1209 1039 1267 indecora
1068 1227 1191 1265 esse
1239 1217 1547 1277 censentur,
1599 1223 1664 1264 ac
1694 1209 1817 1263 ideo
1861 1208 2042 1279 prohi-
2062 1212 2117 1270 Α
2147 1225 2176 1263 e
2206 1211 2472 1267 contrario
2505 1212 2572 1267 sit
2602 1213 2900 1268 remedium
2938 1212 3245 1284 oppositum
3267 1255 3283 1279 ,
3316 1227 3385 1267 ne
3432 1210 3559 1283 quid
3608 1226 3741 1265 sen-

447 1301 660 1367 bentur,
696 1300 774 1355 sic
804 1299 960 1370 plura
990 1299 1114 1354 vita:
1145 1299 1399 1353 solitaria:
1448 1296 1853 1367 professoribus
1884 1297 2046 1351 noxia

446 1397 587 1455 sunt,
622 1396 675 1443 et
700 1388 823 1443 ideo
859 1387 1215 1458 prohibenda,
1250 1403 1371 1457 qua:
1400 1386 1519 1439 aliis
1558 1385 1905 1457 regularibus
1935 1401 2044 1439 non

444 1484 652 1549 tantum
679 1476 840 1531 noxia
870 1490 977 1530 non
1010 1483 1152 1541 sunt,
1186 1475 1285 1529 sed
1315 1475 1475 1528 etiam
1497 1490 1605 1529 non
1631 1490 1757 1528 raro
1786 1474 1955 1538 utilia,
1990 1481 2044 1527 et

442 1564 568 1621 ideo
599 1564 731 1635 ipsis
761 1581 789 1618 a
822 1564 933 1618 suis
964 1564 1339 1634 superioribus
1378 1563 1733 1635 injungenda,
1767 1562 1912 1633 quod
1943 1578 2042 1616 ex-

444 1653 636 1724 emplis
665 1653 899 1723 probare
930 1652 984 1705 in
1032 1660 1284 1722 promptu
1316 1647 1493 1720 esset,
1529 1652 1626 1706 sed
1674 1652 1745 1706 ad
1784 1651 2041 1722 proposi-

440 1750 553 1796 tum
584 1750 829 1797 nostrum
861 1757 967 1796 non
1008 1741 1259 1811 pertinet.

512 1830 787 1885 Stabilitas
818 1846 949 1900 ergo
979 1829 1078 1883 ista
1105 1828 1159 1882 in
1196 1828 1384 1883 ordine
1432 1827 1801 1883 Carthusiensi
1823 1868 1837 1895 ,
1893 1826 2041 1882 velut

440 1935 641 1975 nervus
670 1935 700 1972 a
732 1934 838 1989 quo
867 1918 1066 1989 pendet
1095 1917 1235 1971 illius
1282 1917 1689 1987 perseverantia
1737 1915 1791 1969 in
1824 1932 1921 1970 suo
1952 1916 2039 1968 in-

439 2008 640 2073 stituto,
675 2006 1087 2070 consideratur;
1128 2022 1191 2059 ex
1233 2005 1373 2058 illius
1404 2005 1549 2059 enim
1592 2004 1702 2059 voti
1748 2004 2038 2058 emissione

438 2106 490 2151 et
516 2094 880 2159 observantia,
916 2096 1029 2147 Deo
1070 2093 1402 2163 singularem
1451 2094 1679 2165 gratiam
1711 2093 1811 2161 ipsi
1841 2092 2036 2160 adjun-

440 2189 622 2252 gente,
658 2178 945 2233 laudabilis
975 2178 1067 2231 illa
1097 2177 1355 2232 tenacitas
1403 2176 1718 2231 adhaerendi
1751 2176 1863 2229 suis
1893 2176 2036 2229 anti-

441 2269 563 2340 quis
592 2268 800 2333 usibus,
834 2274 886 2321 et
917 2266 1047 2320 nihil
1077 2266 1368 2321 innovandi
1400 2265 1455 2318 in
1490 2265 1593 2331 his,
1626 2282 1746 2336 quas
1775 2266 1842 2318 ad
1873 2272 2032 2318 natu-

440 2373 559 2412 ram
591 2365 643 2412 et
674 2355 1024 2411 substantiam
1055 2354 1138 2409 sui
1159 2354 1385 2408 instituti
1407 2361 1652 2424 spectant
1680 2361 1808 2408 nata
1836 2360 1936 2418 est,
1970 2369 2035 2407 ex

436 2462 542 2517 qua
572 2444 799 2500 firmitas
844 2444 933 2497 illa
980 2442 1181 2498 veteris
1229 2441 1587 2497 observantia
1635 2441 1918 2497 servandae
1964 2441 2035 2496 ad

434 2535 550 2590 hac
580 2550 751 2605 usque
782 2540 1030 2603 tempora
1058 2531 1325 2602 pervenit.

504 2623 560 2678 Si
588 2622 718 2693 quid
747 2622 891 2677 enim
917 2628 1180 2675 mutatum
1211 2620 1422 2676 videtur
1451 2620 1507 2673 in
1546 2634 1772 2674 numero
1803 2626 1855 2673 et
1885 2633 2025 2689 qua-

432 2710 581 2766 litate
610 2710 1063 2765 abstinentiarum
1087 2709 1141 2763 in
1172 2724 1312 2779 pane
1343 2716 1393 2763 et
1410 2724 1571 2779 aqua,
1605 2708 1675 2763 de
1704 2706 1899 2779 quibus
1928 2722 2027 2762 suo

429 2799 549 2855 loco
580 2798 799 2870 agitur;
832 2814 1020 2853 revera
1050 2797 1205 2869 quasi
1246 2813 1354 2853 non
1384 2804 1643 2851 mutatum
1691 2796 2026 2852 censendum

427 2896 531 2954 est,
562 2888 689 2960 quia
718 2887 787 2942 ab
818 2886 969 2942 initio
999 2887 1067 2941 ad
1108 2893 1295 2940 nutum
1344 2884 1639 2956 superioris
1669 2892 1876 2939 tantum
1907 2901 2026 2939 ser-

426 2976 617 3032 vanda
646 2984 830 3031 erant:
863 2982 916 3030 et
946 2974 992 3029 si
1021 2990 1164 3029 nunc
1187 2990 1294 3029 non
1327 2974 1484 3044 plene
1524 2980 1810 3029 servantur
1837 2980 1893 3027 ut
1923 2987 2027 3027 an-

427 3065 674 3136 tiquitus,
706 3064 761 3119 id
791 3080 856 3119 ex
886 3063 1207 3119 necessitate
1238 3062 1592 3117 subveniendi
1637 3060 1952 3133 indigentiis
1975 3070 2027 3117 et

423 3152 822 3209 conservationi
852 3168 1142 3223 corporum
1188 3151 1477 3222 processit,
1529 3158 1582 3205 et
1627 3150 1878 3223 exigente
1926 3167 2024 3205 ex-

421 3240 724 3313 perientia,
782 3256 815 3295 a
863 3240 1232 3311 superioribus
1285 3240 1338 3293 in
1385 3239 1633 3310 capitulis
1682 3239 2026 3311 generalibus

426 3329 668 3401 legitime
698 3328 1046 3402 congregatis
1076 3328 1172 3383 fuit
1218 3328 1548 3395 ordinatum,
1598 3335 1658 3383 ut
1699 3328 1813 3397 jam
1840 3343 1958 3398 cap.
1993 3329 2026 3382 ’7

427 3418 681 3473 diximus.

495 3507 641 3563 Nihil
678 3522 902 3577 prorsus
951 3513 1213 3560 mutatum
1259 3512 1340 3561 est
1386 3504 1442 3559 in
1488 3504 1675 3559 ordine
1700 3548 1712 3570 ,
1746 3504 1849 3559 nisi
1880 3504 2025 3575 quod

424 3595 755 3668 experientia
784 3595 1078 3649 multorum
1108 3610 1375 3650 annorum
1404 3594 1558 3664 prius
1597 3593 1798 3661 docuit,
1834 3593 1890 3646 in
1917 3609 2024 3647 me-

424 3686 529 3741 lius
558 3700 683 3741 esse
730 3683 1179 3750 convertendum,
1232 3682 1396 3753 idque
1434 3697 1543 3736 non
1575 3681 1849 3735 voluntate
1880 3680 2023 3735 infe-

422 3774 646 3840 riorum,
727 3770 821 3827 sed
870 3771 1203 3842 generalium
1280 3770 1638 3840 capitulorum
1688 3768 1894 3836 judicio
1948 3768 2026 3822 fa-

422 3870 568 3918 ctum
600 3868 701 3915 est.
733 3861 840 3915 Pro
870 3859 1122 3929 exemplo
1153 3858 1220 3913 sit
1249 3858 1426 3913 forma
1447 3856 1727 3912 electionis
1759 3856 2020 3927 priorum,

422 3957 584 4021 prout
614 3948 669 4003 in
720 3964 864 4004 nova
912 3920 1233 4003 collectione
1284 3952 1604 4001 statutorum
1647 3920 1775 4001 ante
1810 3920 2095 4001 centumC

423 4053 596 4092 annos
626 4036 769 4092 facta
798 4035 1050 4090 statuitur
1078 4050 1197 4104 cap.
1248 4039 1302 4100 2,
1336 4050 1394 4100 ιι,
1445 4040 1608 4103 part.,
1644 4050 1697 4087 n.
1732 4037 1821 4089 33.
1856 4035 2027 4090 Datur

422 4125 498 4180 ibi
527 4124 773 4191 facultas,
806 4140 927 4195 quae
955 4123 1010 4177 in
1041 4122 1277 4194 antiquis
1324 4122 1537 4176 statutis
1584 4138 1694 4177 non
1742 4130 1855 4177 erat
1887 4137 2020 4178 con-

423 4229 601 4280 cessa,
628 4228 824 4283 nempe
855 4220 1043 4283 quater
1069 4210 1351 4281 repetendi
1397 4209 1711 4265 scrutinium
1745 4210 1798 4265 in
1830 4212 2022 4266 eadem

421 4303 510 4358 die
535 4345 547 4367 ,
582 4302 680 4357 sed
710 4298 953 4355 aufertur
982 4299 1057 4354 ibi
1089 4299 1310 4354 libertas
1355 4300 1661 4355 remittendi
1707 4308 1886 4355 actum
1934 4300 2026 4355 eli-

422 4390 589 4463 gendi
617 4389 673 4443 in
701 4389 843 4443 diem
898 4388 1214 4454 crastinum,
1268 4387 1391 4459 quia
1440 4388 1776 4459 experientia
1829 4389 2022 4443 docue-

423 4486 506 4533 rat
535 4478 661 4533 inde
690 4478 947 4533 notabilia
976 4477 1224 4533 evenisse
1256 4477 1468 4542 damna,
1522 4494 1586 4532 ex
1616 4478 1788 4548 pactis
1818 4485 1869 4531 et
1900 4476 2020 4531 aliis

424 4566 695 4622 similibus
726 4565 1022 4635 industriis,
1052 4582 1171 4637 quae
1220 4565 1477 4635 Spiritum
1529 4573 1773 4620 sanctum
1801 4564 1870 4619 ab
1900 4552 2019 4634 ipsa

424 4656 687 4713 electione
737 4655 1018 4725 arcebant,
1068 4662 1125 4709 ut
1173 4653 1415 4724 ipsorum
1466 4661 1784 4708 statutorum
1834 4652 2017 4707 verbis

420 4753 657 4800 utamur.

490 4835 623 4899 Imo,
656 4832 700 4886 si
732 4832 857 4903 quid
886 4831 1124 4885 additum
1160 4846 1282 4885 esse
1331 4830 1540 4885 videtur
1587 4845 1684 4899 per
1711 4828 2014 4883 ordinatio-

412 4939 510 4978 nes
540 4921 898 4991 capitulorum
930 4919 1284 4991 generalium,
1322 4918 1375 4972 id
1430 4925 1639 4973 tantum
1686 4917 1886 4972 factum
1934 4925 2017 4973 est

416 5010 705 5066 occasione
753 5008 1103 5079 irrepentium
1151 5008 1435 5071 abusuum,
1485 5006 1554 5060 ad
1599 5022 1829 5076 quorum
1878 5005 2014 5061 effe-

415 5106 553 5165 ctus,
588 5097 673 5151 vel
715 5096 1129 5167 prteveniendos
1177 5094 1261 5150 vel
1298 5094 1672 5164 corrigendos,
1722 5102 1810 5149 aut
1857 5110 2013 5149 erro-

414 5203 548 5241 neas
613 5184 1090 5254 interpretationes
1154 5184 1512 5238 destruendas
1575 5184 1872 5238 remedium
1918 5200 2017 5255 per

2058 2564 2112 2625 B

2148 1298 2247 1352 sim
2278 1308 2511 1355 mutetur
2553 1318 2618 1356 ex
2667 1303 2907 1357 humana
2957 1300 3283 1367 inﬁrmitate,
3333 1300 3477 1371 quod
3521 1299 3745 1370 antiquo

2145 1388 2426 1457 proposito
2458 1391 2826 1445 Carthusiensi
2855 1391 3195 1446 adversetur.

2216 1476 2329 1530 Hoc
2384 1477 2687 1533 stabilitatis
2738 1486 2925 1534 votum
2991 1478 3254 1545 multum,
3297 1477 3555 1548 inquam,
3603 1491 3740 1533 con-

2143 1563 2247 1619 fert
2309 1565 2376 1619 ad
2418 1566 2696 1638 antiquum
2733 1567 2938 1622 ordinis
2976 1566 3312 1638 pr0positum
3360 1566 3565 1620 illibata
3614 1582 3739 1621 ser-

2142 1653 2378 1707 vandum
2408 1672 2421 1707 :
2456 1664 2507 1708 et
2537 1655 2614 1711 sic
2643 1656 2711 1709 ad
2741 1657 2845 1711 hoc
2882 1656 3156 1727 pertinere
3203 1662 3415 1710 constat
3444 1663 3502 1708 ut
3530 1654 3645 1724 ipse
3679 1653 3735 1708 S.

2140 1742 2294 1796 Pater
2324 1743 2503 1798 Bruno
2533 1744 2587 1797 in
2617 1744 2841 1799 homilia
2869 1744 2937 1799 de
2974 1743 3373 1809 Puriﬁeatione,
3426 1744 3495 1797 de
3542 1757 3739 1797 mona-

2141 1829 2258 1885 chis
2290 1831 2539 1901 loquens,
2573 1832 2627 1887 id
2655 1833 2856 1887 diserte
2901 1833 3202 1902 exprimat,
3237 1831 3472 1886 dicendo
3507 1846 3519 1884 :
3557 1834 3739 1886 Fran-

2138 1924 2354 1990 guntur
2374 1922 2601 1987 amellos,
2627 1922 2758 1992 quia
2780 1921 3023 1991 vagandi
3040 1923 3276 1976 licentia
3293 1921 3537 1984 tollitur,
3561 1924 3615 1974 et
3632 1920 3741 1975 loci

2137 2010 2518 2080 propositique
2536 2010 2818 2064 stabilitas
2834 2010 3170 2080 imperatur.
3187 2008 3395 2076 Quibus
3407 2008 3587 2063 verbis
3611 2024 3742 2077 pro-

2139 2097 2333 2165 posito,
2366 2097 2546 2151 locum
2598 2098 2755 2151 etiam
2801 2098 3064 2169 adjungit,
3100 2106 3157 2152 ut
3198 2097 3397 2152 indicet
3442 2097 3742 2152 secundum

2137 2193 2377 2240 mentem
2406 2202 2576 2250 suam,
2612 2186 2963 2240 stabilitatem
2990 2187 3045 2239 in
3090 2194 3321 2257 utroque
3350 2201 3471 2240 esse
3508 2201 3740 2239 servan-

2137 2273 2280 2327 dam.
2344 2274 2405 2327 Id
2444 2274 2676 2344 amplius
2724 2291 2789 2328 ex
2854 2290 2995 2330 nova
3048 2274 3368 2330 collectione
3416 2282 3738 2329 statutorum

2136 2361 2341 2416 ordinis
2366 2363 2641 2432 probatur,
2687 2362 2780 2416 ubi
2825 2362 3025 2417 dicitur
3073 2378 3197 2433 cap.
3253 2366 3342 2428 22,
3393 2378 3448 2418 n.
3481 2366 3541 2416 61
3583 2380 3596 2416 :
3632 2362 3739 2429 Qui

2135 2468 2260 2507 vero
2289 2453 2763 2522 prwsumpserint
2778 2468 2878 2522 per
2899 2452 3121 2506 litteras
3159 2452 3467 2523 suppressis
3488 2451 3738 2506 nomini-

2136 2538 2235 2595 bus
2256 2542 2542 2610 infamare
2575 2539 2831 2595 ordinem
2860 2544 3139 2606 nostrum,
3172 2544 3275 2594 aut
3293 2540 3559 2611 praelatos
3588 2541 3731 2611 ejus,

2133 2625 2217 2679 vel
2240 2625 2485 2695 aliquem
2506 2640 2580 2679 ea:
2601 2626 2760 2695 ipsis,
2777 2627 2881 2678 aut
2903 2626 3256 2679 tentaverint
3275 2625 3537 2679 instituti
3551 2625 3735 2679 nostri

2130 2716 2404 2767 naturam
2419 2715 2669 2768 evertere
2681 2716 2736 2768 et
2750 2713 3078 2777 immutare,
3093 2713 3211 2784 ipso
3223 2715 3376 2783 facta
3389 2713 3546 2767 omni
3557 2712 3734 2782 ofﬁcio

2129 2806 2185 2856 et
2207 2816 2333 2858 voce
2354 2802 2670 2872 priventur,
2686 2805 2741 2856 et
2758 2803 3372 2857 excommunicationis
3385 2802 3733 2857 sententiam

2129 2891 2453 2957 incurrant,
2470 2906 2504 2943 a
2520 2906 2628 2961 qua
2642 2905 2756 2944 non
2768 2892 2989 2960 possint
3000 2890 3225 2955 absolvi,
3241 2891 3355 2945 nisi
3368 2906 3472 2961 per
3482 2905 3735 2945 reveren-

2128 2976 2261 3031 dum
2284 2979 2529 3042 Patrem,
2556 2981 2659 3032 aut
2673 2978 2915 3050 aliquem
2930 2994 3004 3033 ea:
3017 2979 3426 3034 visitatoribus.
3440 2978 3586 3032 Talis
3596 2992 3731 3050 ergo

2127 3072 2420 3119 attentatus
2437 3065 2953 3135 reputaturmateria
2967 3066 3194 3137 peccati,
3218 3074 3271 3121 et
3294 3066 3513 3137 quidem
3537 3074 3731 3121 morta-

2127 3152 2212 3219 lis,
2239 3169 2361 3209 cum
2384 3153 2954 3210 excommunicationis
2975 3170 3152 3225 pmnae
3165 3155 3444 3223 subjaceat
3471 3173 3485 3221 ;
3505 3162 3557 3209 et
3573 3154 3733 3209 meri-

2127 3250 2198 3306 to,
2234 3242 2360 3312 quia
2373 3242 2535 3315 igitur
2551 3243 2617 3298 de
2634 3244 2745 3299 voti
2766 3244 3204 3316 transgressione
3234 3243 3289 3298 in
3310 3244 3535 3298 materia
3555 3243 3731 3315 gravi,

2128 3330 2301 3401 qualis
2333 3338 2415 3386 est
2459 3339 2748 3387 attentatus
2797 3332 2886 3387 ille
2928 3332 3258 3403 procurandi
3288 3333 3629 3388 eversionem
3676 3338 3730 3387 et

2127 3418 2503 3475 infractionem
2566 3420 2870 3475 stabilitatis
2933 3421 3135 3475 veteris
3178 3428 3231 3476 ct
3278 3421 3451 3477 sancti
3500 3420 3727 3474 instituti

2128 3508 2272 3577 quod
2302 3525 2333 3561 a
2363 3516 2441 3563 tot
2470 3508 2628 3562 annis
2656 3525 2754 3579 per
2794 3508 3135 3564 stabilitatem
3165 3509 3221 3563 in
3250 3509 3441 3582 vigore
3470 3526 3716 3580 perseve-

2126 3604 2226 3650 rat.
2260 3596 2315 3650 Si
2347 3596 2490 3651 enim
2520 3597 2612 3668 qui
2640 3597 3014 3653 machinantur
3053 3597 3257 3667 aliquid
3304 3606 3489 3653 contra
3534 3613 3723 3669 pacem

2123 3692 2179 3738 et
2220 3685 2499 3739 utilitatem
2548 3685 2751 3741 civium
2796 3686 2956 3740 unius
3004 3685 3254 3751 civitatis,
3302 3686 3543 3758 graviter
3586 3701 3722 3756 pec-

2125 3780 2275 3839 cant;
2330 3773 2459 3845 quid
2506 3773 2575 3829 de
2621 3774 2903 3829 monachis
2935 3774 3268 3829 censendum
3312 3782 3415 3841 est,
3466 3774 3556 3844 qui
3603 3782 3727 3844 post

2125 3866 2308 3912 votum
2351 3858 2611 3913 emissum
2659 3857 2925 3913 stabiliter
2966 3859 3266 3913 inhmrendi
3311 3859 3591 3931 proposito
3639 3859 3724 3914 sui

2126 3946 2375 4012 instituti,
2408 3946 2537 4001 illud
2566 3955 2810 4003 evertere
2842 3954 2895 4002 et
2924 3946 3209 4002 immutare
3239 3948 3543 4004 conantur?

2199 4036 2421 4105 Aliquas
2452 4034 2848 4090 immutationes
2878 4042 2931 4090 et
2978 4034 3331 4091 alterationes
3375 4052 3621 4107 quaerere
3668 4036 3724 4091 in

2126 4123 2347 4194 antiquo
2378 4139 2480 4177 usu
2508 4131 2560 4178 et
2602 4124 2847 4179 instituto
2894 4124 3285 4193 Carthusiensi,
3319 4132 3372 4180 et
3400 4124 3530 4180 illud
3559 4141 3720 4181 ever-

2124 4220 2257 4278 tere,
2307 4211 2452 4267 idem
2499 4220 2619 4279 est;
2669 4212 2794 4267 inde
2865 4212 3009 4267 enim
3063 4213 3272 4268 ordinis
3318 4213 3720 4268 Carthusiensis

2122 4300 2410 4355 laudabilis
2440 4300 2528 4354 illa
2554 4301 2835 4371 tenacitas,
2886 4309 2939 4356 et
2982 4301 3037 4355 in
3084 4302 3197 4356 suis
3243 4302 3477 4373 antiquis
3529 4302 3719 4356 usibus

2123 4388 2388 4443 stabilitas
2419 4388 2627 4443 destrui
2658 4388 2862 4458 incipit.
2894 4390 3029 4444 Nam
3048 4388 3094 4443 si
3114 4389 3205 4461 qui
3231 4389 3479 4445 monachi
3500 4390 3720 4445 solitarii

2122 4476 2291 4532 semel
2323 4477 2375 4530 in
2406 4477 2508 4533 hac
2534 4484 2691 4547 parte
2720 4477 2786 4531 ad
2811 4493 2964 4532 suam
2994 4478 3305 4532 instantiam
3351 4478 3553 4549 aliquid
3582 4478 3721 4534 obti-

2120 4582 2248 4620 nere
2280 4565 2598 4632 niterentur,
2631 4565 2718 4620 vel
2757 4566 2918 4621 etiam
2962 4582 3060 4637 per
3088 4567 3280 4621 modos
3310 4568 3658 4639 subreptitios
3685 4582 3719 4623 a

2121 4654 2176 4708 S.
2210 4653 2340 4708 sede
2370 4653 2671 4723 apostolica
2718 4653 3042 4721 obtinerent,
3099 4655 3223 4710 inde
3245 4656 3414 4724 janua
3443 4656 3549 4710 illis
3579 4672 3717 4727 ape-

2119 4740 2319 4795 riretur
2334 4742 2404 4795 ad
2425 4741 2696 4812 quaslibet
2726 4742 2991 4797 novitates
3019 4744 3425 4814 excogitandas,
3459 4752 3721 4815 appeten-

2117 4829 2217 4883 das
2246 4838 2298 4885 et
2329 4830 2665 4899 quaerendas.
2702 4831 2908 4886 Mentes
2937 4827 3153 4886 illorum
3178 4832 3320 4886 intra
3352 4831 3504 4888 cellae
3532 4832 3713 4903 parie-

2117 4926 2199 4972 tes
2227 4918 2603 4989 cogitabundte
2651 4910 2796 4974 mille
2844 4919 3104 4993 ﬁgmenta
3132 4928 3535 4990 componerent,
3569 4936 3710 4992 quae,

2118 5006 2409 5077 instigante
2454 5006 2668 5061 diabolo
2713 5015 2765 5061 et
2823 5023 3011 5064 amore
3067 5008 3276 5079 privato
3328 5009 3711 5076 lenocinante,

2117 5096 2265 5151 velut
2289 5094 2587 5162 justissima
2618 5104 2671 5151 et
2701 5097 3213 5153 convenientissima
3244 5106 3577 5169 reputarent,
3612 5113 3716 5154 nec

2118 5183 2480 5254 quiescerent,
2522 5185 2697 5240 donec
2746 5186 2925 5241 media
2957 5186 3256 5257 reperirent
3304 5187 3373 5240 ad
3421 5203 3576 5241 suum
3625 5187 3716 5240 in-

409 5276 541 5330 istas
571 5273 942 5329 ordinationes
972 5272 1275 5342 appositum
1306 5280 1407 5336 est,
1440 5280 1497 5325 ut
1544 5272 1715 5326 videri
1746 5280 1923 5342 potest
1954 5271 2010 5326 in
2030 5271 2082 5329 D
2113 5280 2320 5327 tentum
2396 5272 2748 5327 obtinendum
2770 5317 2783 5339 ,
2852 5282 2904 5327 et
2967 5274 3143 5329 donec
3208 5275 3421 5328 tandem
3482 5274 3719 5329 totaliter

408 5379 548 5419 nova
576 5362 812 5417 editione
858 5368 1192 5426 statutorum,
1238 5361 1293 5413 in
1336 5376 1441 5431 qua
1482 5360 1666 5431 plures
1711 5360 2009 5416 ordinatio-

404 5468 504 5507 nes
550 5451 771 5506 insertze
812 5448 1101 5504 habentur.
1152 5448 1211 5503 Id
1261 5464 1391 5520 ergo
1440 5464 1549 5505 non
1595 5448 1761 5504 veluti
1809 5464 2011 5506 novum

402 5539 551 5610 quid,
586 5547 677 5594 aut
706 5536 985 5594 stabilitati
1009 5538 1299 5595 adversum
1343 5538 1705 5609 reputandum
1734 5544 1816 5595 est
1841 5580 1854 5606 ,
1887 5554 2009 5595 cum

2111 5376 2298 5416 amore
2328 5360 2541 5430 privato
2585 5362 2874 5417 obcaecatae
2916 5362 3310 5417 arbitrarentur
3357 5363 3516 5417 etiam
3546 5362 3718 5418 obse-

2112 5450 2295 5521 quium
2326 5465 2387 5505 se
2414 5456 2675 5521 praestare
2704 5450 2840 5519 Deo,
2874 5450 2921 5505 si
2951 5450 3250 5506 institutum
3280 5458 3433 5508 vetus
3466 5458 3715 5509 evertere

2111 5538 2429 5594 niterentur.
