3978 6050
304 273 408 324 689
1655 273 2264 332 CONSUETUDINES.
3503 250 3619 342 690‘

1655 273 2155 331 CONSUETUDIN
2160 278 2264 332 ES.

1529 396 2065 454 CAPITULUM
2125 401 2386 457 XXIV.

1596 494 1786 550 Oratio
1816 511 1985 566 super
2014 498 2318 555 cucullum.

381 594 615 649 Domine
646 595 774 649 Jesu
798 590 1036 656 Christe,
1085 590 1179 662 qui
1213 591 1457 661 tegimen
1514 596 1723 647 nostra:
1775 595 2151 650 mortalitatis
2192 596 2427 653 induere
2472 597 2736 669 dignatus
2766 618 2841 667 es,
2885 602 3238 659 obsecramus
3271 606 3611 662 immensam

310 694 424 744 tua?
448 689 736 761 largitatis
778 686 1211 750 abundantiam,
1255 689 1320 740 ut
1358 686 1457 741 hoc
1499 704 1674 757 genus
1718 690 2061 758 vestimenti,
2101 695 2242 765 quod
2280 698 2469 752 sancti
2499 700 2715 768 Patres,
2755 699 2827 754 ad
2861 699 3207 756 innocentia:
3242 704 3326 757 vel
3369 703 3608 759 humili-

309 789 450 842 tatis
472 787 770 850 indicium,
805 784 1009 840 sreculo
1032 784 1506 838 abrenuntiantes
1542 787 1693 854 ferre
1733 793 2075 853 sanxerunt,
2122 791 2205 845 ita
2240 791 2563 849 benedicere
2594 795 2872 865 digneris,
2912 804 2975 853 ut
3018 800 3105 855 hic
3160 803 3415 871 famulus
3452 807 3609 871 tuus,

305 885 403 957 qui
424 886 523 940 hoc
546 901 679 939 usus
699 883 898 954 fuerit,
928 885 980 936 te
1007 881 1242 936 induere
1282 887 1590 937 mereatur.
1644 883 1747 949 Qui
1784 884 1918 938 vivis
1940 888 1995 938 et
2026 902 2225 955 regnas
2258 905 2386 943 cum
2429 892 2533 945 Deo
2571 893 2759 946 Patre.
2796 893 3002 949 Dehinc
3031 910 3207 967 cappa
3234 898 3477 954 detracta
3507 896 3604 971 [αἱ.

302 980 495 1053 tracta]
528 979 740 1036 cuculla
770 977 1032 1033 novitium
1087 977 1273 1042 induit,
1306 977 1493 1049 sicque
1522 979 1591 1033 ad
1624 994 1793 1033 cornu
1850 980 2120 1035 accedens
2176 984 2383 1054 altaris,
2418 986 2811 1055 professionem
2858 1006 3014 1045 suam
3043 1002 3224 1063 aperte
3255 1002 3306 1049 et
3337 995 3606 1053 distincte.

301 1078 643 1133 audientibus
674 1076 945 1141 omnibus,
998 1074 1147 1145 legit,
1203 1074 1506 1146 lectamque
1538 1092 1702 1146 super
1731 1078 2094 1133 exosculatum
2127 1082 2282 1138 oﬂert
2313 1084 2499 1139 altare.
2540 1087 2940 1153 Inclinatusque
2970 1089 3038 1145 ad
3068 1091 3371 1147 sacerdotis
3412 1092 3605 1165 pedes,

299 1176 394 1232 tali
422 1175 809 1248 deprecatione
840 1172 1064 1243 suscipit
1094 1172 1552 1228 benedictionem.

1678 1270 2249 1332 COMMENTARIUS.

374 1371 511 1425 lbid.
546 1373 616 1425 Et
642 1370 1035 1426 obedientiam.
1070 1368 1193 1422 Non
1222 1366 1439 1422 additur
1468 1368 1781 1424 secundum
1812 1386 1905 1425 re-
1934 1369 1989 1429 A
2010 1373 2215 1442 gradus
2272 1374 2595 1432 obedientiae
2651 1394 2683 1433 a
2732 1381 2935 1437 sanctis
2998 1382 3245 1438 Patribus
3303 1384 3608 1456 descriptos

302 1462 521 1531 gulam,
548 1459 675 1530 quia
718 1474 977 1512 vovemus
1009 1472 1129 1511 eam
1175 1456 1423 1511 absolute
1454 1464 1504 1511 et
1536 1458 1746 1527 absque
1796 1457 1907 1511 ulla
2006 1476 2221 1532 semper
2249 1465 2566 1531 ascendere,
2602 1466 2832 1539 illosque
2864 1470 2917 1523 in
2954 1471 3120 1525 corde
3151 1487 3247 1526 suo
3275 1472 3362 1542 pie
3413 1473 3605 1543 dispo-

300 1548 635 1616 conditione,
661 1554 743 1601 est
765 1546 908 1601 enim
939 1545 1084 1616 apud
1105 1560 1205 1599 nos
1233 1560 1407 1616 supra
1432 1546 1709 1616 regulam,
1742 1552 1795 1600 et
1825 1553 1905 1599 est
2003 1566 2151 1605 nere.
2189 1551 2245 1606 Si
2275 1568 2402 1607 vero
2452 1570 2480 1608 e
2514 1557 2780 1611 contrario
2834 1559 3036 1631 gradus
3092 1559 3466 1616 descensionis
3497 1560 3600 1618 sibi

294 1637 445 1693 velut
475 1635 776 1691 substantia
806 1634 1031 1702 regulae,
1062 1641 1117 1687 ut
1148 1631 1292 1687 infra
1323 1632 1690 1687 manifestabit
1749 1634 1814 1687 Β.
1841 1634 1899 1687 Ρ.
2004 1638 2271 1709 disponat,
2307 1643 2596 1713 quaerendo
2628 1645 2807 1699 media
2838 1646 2907 1700 ad
2937 1647 3210 1718 propriam
3266 1648 3597 1704 voluntatem

302 1725 483 1796 Guigo
514 1741 641 1795 cap.
682 1727 771 1789 35,
806 1732 857 1777 et
886 1722 959 1776 ibi
980 1722 1048 1776 de
1080 1722 1181 1776 hac
1205 1738 1267 1777 re
1312 1720 1484 1775 fusius
1533 1737 1787 1793 agemus.
2003 1726 2226 1781 liberius
2257 1732 2676 1801 exsequendam,
2711 1733 2818 1787 imo
2851 1735 2919 1788 ad
2951 1736 3247 1805 rumpenda
3277 1736 3489 1791 vincula
3518 1737 3603 1793 sui

372 1814 509 1868 Ibid.
543 1814 610 1867 Et
640 1813 1060 1869 conversionem
1087 1826 1312 1865 morum
1337 1825 1615 1866 meorum.
1655 1811 1754 1865 Per
1772 1810 1903 1863 illud

294 1910 485 1958 votum
530 1900 850 1971 exprimitur
906 1898 1199 1969 promissio
1257 1914 1474 1968 semper
1530 1898 1806 1968 aspirandi
1835 1898 1902 1951 ad

296 1990 546 2055 meliora,
580 1998 633 2044 et.
652 2004 928 2059 nunquam
957 1986 1248 2042 recedendi
1270 1986 1599 2056 apr0posito
1630 2003 1687 2040 se
1718 2002 1903 2040 emen-

292 2079 675 2134 dandizunde
733 2076 1167 2131 concludendum
1226 2083 1308 2128 est
1373 2074 1520 2127 illum
1574 2075 1901 2129 monachum

292 2168 442 2239 apud
473 2182 592 2231 nos,
629 2165 718 2236 qui
750 2165 865 2219 sola
912 2164 1208 2229 voluntate,
1242 2163 1326 2217 vel
1357 2162 1565 2216 actibus
1619 2163 1901 2217 desereret

292 2256 636 2327 propositum
666 2252 985 2324 proficiendi
1015 2260 1107 2305 aut
1152 2267 1210 2305 se
1274 2250 1640 2315 emendandi;
1673 2266 1898 2321 peccare

290 2352 479 2401 contra
534 2345 639 2398 hoc
697 2350 878 2397 votum
909 2340 1159 2413 graviter
1206 2348 1296 2393 aut
1350 2339 1542 2395 leviter
1598 2340 1897 2395 secundum

289 2434 551 2487 rationem
584 2430 826 2485 materiae
874 2430 941 2484 de
972 2445 1076 2500 qua
1106 2436 1384 2499 ageretur.
1444 2427 1499 2481 Si
1547 2427 1615 2481 de
1666 2427 1897 2497 simplici

289 2520 722 2592 imperfectione,
756 2519 809 2572 in
854 2533 961 2589 qua
1015 2518 1224 2571 haerere
1276 2516 1459 2584 vellet,
1493 2515 1721 2569 similem
1781 2515 1896 2571 cul-

285 2626 413 2681 pam
444 2610 744 2664 incurreret
793 2616 979 2662 contra
1014 2604 1427 2660 conversionem
1466 2620 1716 2669 morum;
1752 2603 1796 2657 si
1826 2603 1895 2657 de

284 2706 512 2769 peccato
563 2696 758 2752 veniali
812 2693 1157 2761 infirmitatis,
1193 2693 1336 2747 idem
1392 2700 1714 2763 peccatum;
1749 2692 1793 2745 si
1823 2691 1890 2747 de
1920 2718 1974 2779 Β

284 2794 515 2858 peccato
570 2784 768 2839 veniali
829 2781 1151 2847 voluntario,
1206 2781 1473 2849 similiter,
1535 2781 1578 2835 si
1639 2796 1767 2835 vero
1824 2781 1893 2835 de

286 2875 473 2947 aliquo
522 2880 748 2944 peccato
804 2870 1036 2940 mortali,
1099 2869 1372 2924 lcthaliter
1436 2870 1595 2924 etiam
1642 2877 1892 2940 peccaret

288 2972 477 3020 contra
509 2969 694 3017 votum
726 2958 1099 3015 conversionis
1129 2973 1362 3012 morum.
1412 2957 1728 3028 Duplicatur
1756 2974 1890 3029 ergo

286 3053 446 3122 culpa
477 3050 681 3105 ratione
712 3049 843 3112 voti,
875 3048 1012 3102 sicut
1056 3047 1363 3117 duplicatur
1412 3046 1666 3100 meritum
1727 3062 1792 3100 ex
1822 3045 1888 3099 fi-

279 3140 391 3196 deli
423 3138 807 3209 adimpletionc
838 3136 948 3191 voti
979 3134 1183 3190 emissi.
1216 3135 1331 3189 Hac
1379 3134 1587 3189 ratione
1646 3134 1884 3202 videant,

282 3229 561 3301 quomodo
590 3243 649 3281 se
680 3232 904 3295 possent
950 3224 1215 3279 extricare
1251 3230 1344 3276 aut
1401 3238 1663 3277 excusare
1692 3238 1719 3275 a
1751 3238 1881 3293 pec-

279 3325 421 3383 cato,
456 3316 548 3387 qui
578 3314 779 3370 vellent
808 3313 1016 3384 aliquas
1045 3310 1421 3366 observantias
1443 3317 1761 3365 statutorum
1790 3325 1885 3364 or-

281 3406 427 3463 dinis
484 3403 788 3476 negligere,
840 3410 891 3457 et
932 3402 985 3455 in
1031 3401 1135 3454 ista
1190 3399 1521 3471 negligentia
1580 3399 1880 3470 quiescere,

281 3495 385 3550 sub
413 3495 520 3549 hoc
538 3498 824 3563 praetextu,
856 3488 981 3560 quia
1011 3488 1237 3559 simplex
1271 3495 1526 3542 statutum
1555 3503 1656 3559 per
1685 3504 1744 3543 se
1774 3502 1883 3541 non

277 3582 487 3655 obligat
545 3581 614 3634 ad
643 3586 925 3651 peccatum
939 3619 952 3631 .

354 3672 549 3727 Votum
581 3684 715 3741 ergo
746 3667 877 3722 illud
907 3665 1072 3738 exigit
1102 3680 1135 3720 a
1157 3663 1550 3731 Carthusianis,
1580 3670 1633 3718 ut
1662 3663 1729 3717 ad
1748 3680 1880 3734 per-

279 3759 570 3815 fectionem
601 3772 710 3811 suae
741 3753 1099 3827 professionis
1139 3761 1192 3808 et
1238 3753 1494 3808 virtutum
1535 3752 1793 3823 aspirent,
1828 3759 1881 3806 et

277 3846 551 3903 continuis
608 3844 798 3899 studiis
883 3851 934 3898 et
1000 3841 1283 3897 conatibus
1332 3842 1573 3907 tendant,
1620 3841 1731 3896 vim
1778 3840 1878 3893 sibi

276 3946 333 3993 et
364 3944 565 3990 natura:
614 3941 881 4005 corruptae
910 3931 1212 3996 inferendo,
1276 3946 1394 4001 quae
1424 3930 1507 3984 vis
1553 3929 1726 4000 qualis
1755 3945 1877 3984 esse

274 4025 491 4093 debeat,
523 4023 749 4094 pulchre
780 4037 917 4077 nova
966 4028 1281 4075 statutorum
1311 4018 1560 4074 collectio
1600 4017 1870 4088 exprimit,

276 4129 406 4184 cap.
448 4116 544 4178 l9,
579 4128 632 4165 n.
668 4114 719 4177 5,
770 4110 861 4164 ubi
910 4108 1108 4165 dicitur
1143 4126 1156 4162 :
1188 4108 1397 4163 Debent
1429 4108 1581 4162 enim
1634 4106 1874 4179 professi

277 4218 491 4269 omnes,
534 4203 648 4257 imo
699 4203 973 4255 tenentur
1002 4214 1075 4253 ex
1099 4198 1437 4252 necessitate
1474 4196 1588 4250 voti
1618 4212 1735 4250 sua:
1750 4210 1875 4266 pro—

276 4291 561 4364 fessionis,
603 4288 805 4344 habere
834 4288 1094 4342 animum
1119 4289 1392 4356 paratum
1449 4284 1778 4354 resignandi
1808 4284 1872 4337 in

275 4379 539 4434 manibus
590 4376 949 4449 praesidentis
989 4378 1187 4447 sponte
1243 4377 1300 4428 et
1355 4372 1523 4427 libere
1570 4388 1635 4427 ea
1678 4373 1872 4426 omnia

276 4484 401 4540 qua:
432 4466 536 4521 sibi
564 4480 827 4521 concessa
856 4467 1011 4532 sunt,
1044 4464 1157 4517 sive
1192 4461 1321 4517 libri
1350 4460 1591 4531 fuerint,
1626 4463 1729 4514 aut
1757 4460 1870 4514 ali-

277 4556 413 4629 quid
442 4554 600 4610 aliud
648 4568 846 4609 carum
876 4552 963 4607 vel
988 4552 1113 4615 vite,
1149 4550 1363 4621 quoties
1402 4548 1659 4620 superior
1678 4549 1870 4605 volue-

276 4646 379 4709 rit,
411 4647 465 4699 et
524 4643 649 4711 ﬁeri
684 4640 1062 4695 mandaverit.
1096 4639 1204 4693 Nec
1244 4638 1293 4693 si
1350 4638 1449 4693 hoc
1490 4638 1709 4706 fecerit,
1771 4636 1870 4691 de-

277 4734 411 4788 bent
440 4745 801 4786 murmurare
832 4732 933 4782 aut
965 4727 1250 4799 conqueri,
1312 4725 1564 4796 alioquin
1618 4724 1870 4780 nondum

274 4836 335 4876 se
384 4823 441 4874 et
494 4835 597 4874 sua
663 4818 1041 4889 reliquerunt,
1088 4818 1145 4869 et
1218 4817 1519 4884 pr0pterea
1564 4828 1870 4883 pauperem

282 4908 569 4963 Christum
597 4906 773 4977 sequi,
834 4907 892 4959 et
937 4905 1059 4975 ejus
1113 4903 1453 4963 imitatores,
1487 4904 1543 4954 et
1600 4901 1871 4972 discipuli

273 4998 401 5065 ﬁeri
442 5012 557 5051 non
582 4996 845 5066 possunt,
876 5007 979 5047 nec
1013 4992 1134 5060 eius
1179 4992 1517 5061 paupertate
1565 4988 1758 5043 ditari.

345 5085 428 5139 De
456 5088 777 5153 paupertate
806 5080 880 5133 ibi
928 5078 1128 5151 agitur,
1180 5084 1232 5131 at
1286 5077 1446 5131 etiam
1502 5076 1629 5131 inde
1656 5077 1867 5131 videtur

272 5188 438 5246 quam
470 5179 691 5226 strenue
721 5168 890 5225 nostri
921 5168 1151 5223 debeant
1170 5166 1239 5221 ad
1254 5165 1642 5238 perfectionem
1672 5166 1727 5220 in
1756 5182 1871 5221 om-

272 5263 435 5317 nibus
463 5260 706 5315 tendere.

344 5350 401 5404 Si
433 5365 587 5421 ergo,
647 5354 704 5401 ut
758 5344 1104 5417 perspicuum
1135 5351 1236 5409 est,
1300 5350 1412 5397 tota
1449 5341 1622 5397 meriti
1654 5349 1868 5397 actuum

2002 1814 2241 1885 instituti,
2277 1818 2329 1870 in
2354 1834 2461 1889 quo
2491 1827 2541 1874 et
2572 1822 2872 1876 secundum
2917 1824 3061 1894 quod
3091 1825 3206 1879 Deo
3237 1825 3445 1880 servire
3474 1840 3605 1896 pro—

2002 1904 2168 1971 misit,
2195 1906 2539 1976 perspicuum
2586 1917 2667 1963 est
2696 1910 2846 1963 illum
2876 1927 3107 1981 peccare
3138 1920 3250 1967 tum
3283 1921 3470 1968 contra
3499 1930 3601 1969 vo-

2003 1999 2116 2046 tum
2172 1994 2513 2062 obedientia),
2568 2005 2679 2051 tum
2740 2006 2933 2053 contra
2985 2008 3168 2054 votum
3218 2002 3597 2056 conversionis

1999 2096 2232 2146 morum,
2268 2083 2462 2153 quibus
2492 2084 2691 2155 ligatus
2723 2094 2824 2151 est,
2859 2095 2911 2140 et
2942 2087 3020 2142 sic
3064 2088 3267 2160 ligatus
3299 2104 3363 2143 ex
3406 2090 3461 2144 vi
3490 2090 3601 2145 voti

2001 2169 2204 2236 emissi,
2232 2178 2305 2233 ut,
2335 2172 2486 2239 juxta
2517 2172 2743 2227 instituti
2764 2175 3166 2230 Carthusiensis
3187 2192 3456 2243 normam,
3480 2194 3598 2248 pro-

1998 2258 2170 2327 priam
2203 2259 2537 2315 voluntatem
2582 2261 2854 2332 integram
2884 2264 3087 2335 absque
3114 2264 3225 2319 ulla
3256 2264 3597 2323 restrictione

1997 2353 2087 2399 aut
2118 2347 2451 2417 exceptione,
2506 2349 2688 2403 virtuti
2746 2366 2919 2407 sacra:
2960 2352 3302 2421 obedientia,
3334 2369 3365 2407 a
3394 2353 3595 2409 sanctis

1999 2433 2247 2489 Patribus
2276 2435 2538 2506 assignati
2566 2437 2701 2492 tales
2741 2447 2885 2494 sunt.

2069 2540 2282 2595 Primus
2329 2549 2427 2607 est,
2465 2550 2520 2596 ut
2566 2559 2653 2597 res
2728 2559 2762 2599 a
2831 2544 3112 2616 superiore
3173 2546 3339 2615 jussaa
3402 2546 3594 2603 sedule

1996 2629 2371 2699 compleantur
2400 2630 2658 2686 exterius.

2067 2735 2350 2790 Secundus
2379 2745 2566 2807 gratus
2596 2746 2696 2806 est,
2730 2747 2788 2792 ut
2838 2737 2983 2793 intus
3040 2740 3287 2795 voluntas
3318 2739 3593 2797 inferioris

1995 2823 2297 2878 conformet
2326 2841 2385 2879 se
2414 2825 2575 2895 plene
2624 2826 2885 2882 voluntati
2914 2828 3234 2898 superioris,
3270 2829 3340 2883 ita
3381 2837 3436 2884 ut
3456 2845 3590 2900 pro-

1992 2911 2170 2980 priam
2201 2912 2595 2968 reclamantem
2624 2915 2880 2987 abneget.
2924 2916 3003 2970 De
3030 2916 3134 2971 hoc
3164 2916 3404 2987 loquitur
3432 2917 3590 2973 divus

1990 3000 2226 3055 Joannes
2276 3000 2545 3057 Climacus
2574 3004 2732 3073 grad.
2765 3019 2841 3070 IV,
2873 3011 2970 3058 art.
3014 3008 3043 3059 3
3077 3005 3204 3059 dum
3235 3004 3365 3060 dicit
3397 3020 3409 3058 :
3447 3005 3587 3061 Obe-

1990 3089 2209 3144 dientia
2238 3094 2322 3145 est
2352 3092 2675 3161 sepulcrum
2704 3093 2947 3165 propria:
2996 3094 3305 3149 voluntatis
3337 3100 3393 3149 et
3421 3096 3584 3149 exci-

1994 3179 2134 3231 tatio
2166 3178 2536 3233 humilitatis.

2059 3282 2272 3337 Tertius
2302 3283 2509 3355 gradus
2540 3292 2645 3349 est,
2677 3293 2735 3339 ut
2773 3285 3080 3341 intellectus
3111 3287 3416 3342 obedientis
3446 3301 3583 3343 con-

1988 3369 2252 3424 formetur
2282 3370 2577 3427 intellectui
2614 3373 2996 3442 praecipientis,
3022 3383 3077 3429 ut
3118 3375 3250 3443 jam,
3283 3376 3584 3433 secundum

1985 3459 2052 3513 D.
2088 3459 2445 3525 Bcrnardum,
2489 3460 2680 3516 similis
2736 3461 2805 3516 sit
2853 3462 3100 3531 apostolo
3150 3464 3337 3529 Paulo,
3379 3464 3447 3519 de
3474 3480 3583 3535 quo

1984 3546 2182 3602 dicitur
2235 3547 2290 3601 in
2341 3548 2565 3604 Actibus
2621 3549 2992 3619 apostolorum
3039 3551 3183 3621 (cap.
3251 3566 3349 3616 Ix,
3408 3552 3501 3622 28)
3563 3569 3577 3607 :

1984 3636 2205 3707 Apertis
2233 3637 2410 3692 oculis
2458 3636 2607 3693 nihil
2636 3639 2874 3705 videbat,
2914 3639 2986 3694 ad
3010 3654 3249 3696 manum
3286 3643 3479 3696 autem
3500 3640 3578 3695 il-

1986 3721 2106 3775 lum
2140 3721 2451 3787 trahentes,
2496 3725 2606 3777 etc.

2052 3827 2194 3881 Ecce
2224 3826 2315 3897 qui
2345 3834 2398 3881 et
2429 3826 2619 3897 quales
2652 3835 2777 3882 sunt
2831 3828 3038 3901 gradus
3095 3844 3231 3900 quos
3285 3828 3388 3883 sibi
3416 3829 3579 3886 debet

1981 3913 2273 3983 disponere
2307 3916 2605 3970 monachus
2662 3915 3066 3982 Carthusianus,
3125 3932 3191 3971 ex
3249 3916 3579 3987 obligatione

1981 4009 2031 4056 et
2061 4002 2383 4058 necessitate
2424 4011 2674 4057 votorum
2726 4004 3049 4059 obedientia;
3096 4012 3149 4059 et
3204 4005 3578 4061 conversionis

1906 4072 1952 4132 Ο
1972 4106 2202 4157 morum,
2238 4108 2359 4161 quae
2388 4091 2565 4146 emisit
2588 4092 2739 4159 juxta
2771 4100 3091 4147 statutorum
3122 4092 3377 4163 formam,
3412 4110 3572 4165 quam

1973 4194 2083 4233 non
2113 4179 2413 4249 ignoravit,
2447 4179 2555 4233 imo
2586 4181 2766 4235 sciens
2825 4188 2879 4235 et
2922 4180 3112 4235 volens
3154 4181 3381 4236 relative
3410 4182 3483 4235 ad
3513 4182 3575 4237 il-

1972 4267 2101 4332 lam,
2134 4266 2533 4337 professionem
2564 4268 2740 4322 emisit
2770 4268 2824 4322 in
2856 4268 3049 4323 ordine
3078 4268 3460 4325 Carthusiensi.

2044 4373 2237 4427 Totum
2267 4373 2370 4427 hoc
2402 4373 2691 4444 capitulum
2722 4373 2952 4427 relatum
3007 4374 3174 4429 habes
3230 4374 3286 4429 in
3334 4375 3569 4447 antiquis

1974 4460 2207 4525 statutis,
2254 4476 2375 4530 cap.
2410 4463 2511 4527 24,
2563 4477 2603 4514 ιι
2649 4468 2806 4531 part,
2842 4477 2936 4515 nn.
2986 4464 3017 4517 4
3065 4469 3118 4518 et
3163 4466 3214 4519 5.
3277 4470 3330 4519 et
3378 4463 3568 4520 eadem

1973 4566 2203 4621 prorsus
2231 4550 2376 4620 apud
2405 4566 2505 4603 nos
2537 4549 2696 4604 etiam
2726 4565 2867 4605 nunc
2898 4550 3279 4607 observantur.

2045 4725 2177 4780 CAP.
2209 4726 2408 4780 XXIV.
2442 4757 2509 4766 —
2539 4726 2689 4781 Idem
2719 4725 2953 4781 refertur
2989 4727 3043 4781 in
3088 4728 3324 4799 antiquis
3353 4728 3568 4783 statutis

1973 4830 2010 4868 ιι
2042 4822 2201 4885 part.,
2236 4830 2356 4885 cap.
2390 4816 2478 4880 24,
2508 4831 2660 4869 num.
2707 4818 2757 4879 5,
2792 4824 2845 4869 et
2875 4816 3068 4869 eadem
3129 4815 3304 4871 forma
3332 4832 3360 4869 a
3408 4816 3567 4870 nobis

1972 4911 2234 4957 servatur.
2279 4902 2517 4957 Cucullze
2578 4910 2757 4957 autem
2816 4902 3053 4969 nomine,
3087 4904 3441 4975 intelligimus
3468 4920 3567 4958 ve-

1973 4997 2110 5044 stem
2139 4990 2286 5044 illam
2344 4990 2679 5061 superiorem
2711 4998 2763 5044 et
2804 4991 3049 5057 talarem,
3080 4991 3167 5046 cui
3197 4992 3437 5046 adharet
3469 5006 3567 5047 ca-

1970 5079 2197 5149 putium,
2232 5087 2285 5133 et
2314 5080 2463 5147 cujus
2496 5086 2725 5150 utraque
2753 5095 2881 5149 pars
2910 5095 3011 5149 per
3056 5079 3242 5133 vittam
3276 5080 3437 5135 latam
3465 5098 3566 5137 co-

1970 5167 2208 5237 pulatur,
2241 5175 2292 5222 et
2340 5168 2417 5222 sic
2446 5166 2523 5235 fit,
2559 5175 2616 5221 ut
2663 5167 2957 5238 quamdam
2988 5167 3164 5223 crucis
3194 5167 3423 5224 formam
3444 5179 3567 5227 ante

1972 5263 2024 5310 et
2073 5262 2221 5309 retro
2252 5254 2508 5325 feramus,
2544 5255 2761 5326 quando
2797 5255 2851 5309 in
2880 5255 3153 5325 publicum
3202 5274 3563 5329 apparemus;

1972 5359 2099 5398 nam
2129 5344 2254 5397 dum
2286 5344 2386 5398 soli
2417 5344 2472 5397 in
2528 5344 2669 5399 cella
2728 5343 3001 5410 sedemus,
3036 5352 3089 5399 et
3119 5345 3424 5401 divinorum
3452 5346 3568 5401 offi-

268 5437 612 5495 Cartbusiani
646 5434 892 5490 monachi
943 5433 1101 5499 ratio,
1130 5431 1186 5485 in
1232 5430 1539 5486 obedientia
1595 5431 1870 5498 consistat,
1895 5424 1947 5483 D
1976 5433 2184 5488 ciorum
2233 5432 2537 5487 recitationi
2564 5447 2674 5487 non
2703 5447 2979 5495 vacamus,
3014 5433 3260 5505 deposita
3290 5434 3378 5488 illa
3408 5433 3567 5488 talari

270 5537 325 5584 et
356 5527 425 5581 ad
465 5527 582 5596 ejus
638 5523 1029 5596 perfectionem
1077 5520 1481 5591 adipiscendam
1530 5535 1595 5573 ex
1650 5518 1704 5574 vi
1759 5520 1869 5575 voti
1970 5522 2202 5589 cuculla,
2235 5536 2455 5591 parvam
2489 5536 2609 5591 quae
2641 5520 2893 5577 funiculis
2941 5522 3193 5594 alligatur
3239 5522 3567 5579 assumimus

271 5614 647 5675 conversionis
676 5628 891 5669 morum
932 5610 1176 5682 aspirare
1232 5616 1501 5678 teneatur,
1560 5608 1723 5664 debet
1769 5625 1870 5681 per
1968 5617 2025 5664 ut
2070 5609 2293 5665 liberius
2330 5608 2547 5681 operari
2596 5609 2888 5681 possimus.
