3978 6050
1256 149 1598 208 GUIGONIS
1636 151 1659 205 Ι
1697 148 2107 206 CARTHUSUE
2141 147 2436 206 MAIORIS
2475 149 2753 207 PRIORIS
2790 153 2856 207 V.

1742 273 2138 329 CAPITULUM
2165 272 2340 327 XXV.

1642 362 1832 419 Oratio
1895 377 2066 433 super
2121 362 2424 417 nouitium.

479 464 529 513 1.
564 460 798 515 Domine
827 460 960 514 Jesu
992 458 1230 524 Christe,
1256 459 1351 531 qui
1381 475 1438 514 es
1469 458 1558 513 via
1578 458 1701 513 sine
1732 474 1840 529 qua
1879 474 2043 513 nemo
2074 459 2318 513 venitad
2348 461 2599 528 Patrem,
2633 476 2953 532 quaesumus
2975 460 3437 532 benignissimum
3458 463 3703 517 clemen-

406 557 549 612 tiam
572 560 732 612 tuam
761 561 828 611 ut
856 555 1005 612 hunc
1035 557 1321 627 famulum
1345 560 1527 621 tuum,
1562 573 1596 610 a
1625 555 1953 611 carnalibus
1981 555 2275 613 desideriis
2304 557 2675 624 abstractum,
2704 575 2809 630 per
2836 558 2951 613 iter
2971 557 3287 631 disciplinae
3305 560 3583 631 regularis
3603 559 3699 614 de-

403 654 615 721 ducas;
645 659 703 711 et
724 656 855 727 quia
882 658 1204 726 peccatores
1236 669 1431 710 vocare
1461 653 1727 724 dignatus
1754 669 1811 708 es
1842 652 2034 708 dicens
2066 671 2085 707 :
2133 676 2155 701 ‹‹
2197 655 2390 709 Venite
2429 654 2501 709 ad
2555 671 2663 721 me,
2716 671 2909 711 omnes
2955 656 3049 728 qui
3080 657 3303 711 onerati
3333 658 3491 724 estis,
3516 662 3572 712 ct
3602 674 3699 729 ego

402 764 495 808 vos
524 753 815 821 reﬁciam;
843 771 863 803 ι
896 754 1112 824 praesta
1141 755 1206 806 ut
1226 751 1341 806 haec
1373 750 1731 805 invitationis
1754 753 1869 805 tum
1888 766 1994 805 vox
2012 750 2098 805 ita
2125 750 2189 804 in
2212 766 2272 805 eo
2301 752 2678 820 convalescat,
2711 755 2990 824 quatenus
3012 756 3373 823 peccatorum
3406 769 3579 809 onera
3598 754 3695 809 de-

404 864 638 921 ponens,
666 853 722 905 et
751 865 918 921 quam
948 848 1130 903 dulcis
1161 864 1217 902 es
1245 852 1499 919 gustans,
1535 851 1635 901 tua
1664 847 1974 918 refectione
2021 848 2337 902 sustentari
2360 852 2672 914 mereatur,
2708 852 2764 904 et
2791 850 2941 904 sicut
2966 850 3236 905 attestari
3264 850 3330 905 de
3371 852 3488 906 tuis
3511 850 3700 906 ovibus

405 946 669 1017 dignatus
698 962 774 1009 es,
805 961 1041 1017 agnosce
1071 961 1201 1000 eum
1225 946 1383 1000 inter
1412 960 1535 999 oves
1561 948 1707 1009 tuas,
1734 946 1795 998 ut
1812 943 1930 1015 ipse
1954 947 2008 1000 te
2026 946 2108 1000 sic
2130 953 2425 1017 cognoscat
2452 944 2543 1018 [aL
2577 945 2866 1018 agnoscat]
2890 950 2957 1002 ut
2982 946 3238 1003 alienum
3267 964 3382 1003 non
3404 951 3693 1020 sequatur,

405 1043 502 1098 sed
524 1059 701 1115 neque
723 1042 922 1099 audiat
952 1058 1138 1098 vocem
1162 1041 1502 1109 alienorum,
1528 1040 1622 1096 sed
1665 1044 1847 1109 tuam,
1900 1058 2011 1113 qua
2031 1041 2172 1097 dicis
2192 1061 2210 1097 :
2238 1065 2259 1089 α
2290 1042 2398 1109 Qui
2423 1042 2569 1098 mihi
2607 1044 2908 1099 ministrat
2936 1060 3025 1100 me
3054 1048 3345 1118 sequatur.
3373 1065 3396 1094 ι
3424 1044 3528 1112 Qui
3558 1045 3695 1101 vivis

407 1143 467 1195 et
492 1155 711 1211 regnas,
746 1146 851 1195 etc.

475 1240 531 1294 2.
563 1236 645 1290 Ex
672 1237 777 1292 hoc
806 1243 1048 1307 tempore
1076 1234 1168 1306 qui
1197 1240 1483 1305 susceptus
1511 1241 1612 1301 est,
1645 1233 1717 1289 ita
1746 1250 1805 1289 se
1833 1235 1900 1289 ab
1931 1234 2182 1290 omnibus
2233 1252 2354 1307 quas
2403 1237 2588 1292 mundi
2644 1245 2771 1293 sunt
2814 1237 3067 1310 intelligit
3095 1238 3353 1308 alienum,
3396 1247 3454 1295 ut
3501 1240 3701 1296 nullius

403 1346 628 1403 prorsus
658 1329 758 1399 rei,
782 1346 884 1387 nec
905 1330 989 1385 sui
1018 1329 1238 1402 quidem
1282 1328 1473 1400 ipsius,
1507 1328 1624 1385 sine
1676 1328 1874 1400 prioris
1905 1330 2121 1385 licentia
2138 1331 2334 1387 habeat
2364 1339 2710 1402 potestatem.
2744 1332 2878 1388 Cum
2908 1333 3054 1388 enim
3083 1334 3152 1389 ab
3180 1335 3433 1390 omnibus
3463 1335 3555 1407 qui
3606 1353 3701 1392 re—

404 1427 667 1497 gulariter
713 1427 894 1482 vivere
919 1426 1297 1492 decreverunt,
1331 1425 1636 1480 obedientia
1662 1440 1865 1499 magno
1895 1426 2072 1482 studio
2103 1427 2172 1482 sit
2199 1429 2491 1495 servanda,
2527 1429 2594 1483 ab
2626 1429 2710 1484 his
2739 1437 2920 1485 tamen
2975 1437 3126 1485 tanto
3156 1431 3403 1487 devotius
3453 1447 3516 1488 ac
3544 1433 3701 1489 solli-

403 1523 580 1590 citius,
612 1524 830 1596 quando
858 1522 1157 1579 districtius
1183 1521 1539 1594 asperiusque
1597 1521 1815 1578 subiere
1845 1523 2200 1594 propositum,
2234 1541 2305 1580 ne
2334 1525 2400 1591 si,
2463 1527 2609 1598 quod
2637 1526 2811 1594 absit,
2853 1526 2958 1583 ista
2992 1526 3244 1596 defuerit,
3294 1528 3430 1583 tanti
3458 1529 3701 1604 labores,

406 1636 518 1675 non
544 1621 718 1676 solum
749 1628 968 1677 careant
992 1618 1236 1691 praemio,
1270 1619 1369 1674 sed
1408 1625 1462 1674 et
1488 1618 1812 1690 supplicium
1857 1620 2216 1676 damnationis
2270 1622 2567 1678 incurrant.

479 1722 538 1773 3.
576 1717 715 1774 Hinc
742 1717 887 1773 enim
919 1716 1139 1772 Samuel
1169 1731 1183 1771 :
1215 1716 1404 1771 Melior
1435 1718 1521 1771 est
1544 1716 1698 1771 enim
1726 1714 1820 1788 [al.
1851 1716 2060 1790 inquit]
2082 1719 2398 1776 obedientia
2418 1737 2586 1793 quam
2614 1722 2879 1788 victimae,
2911 1726 2969 1778 et
2996 1723 3326 1780 auscultare
3344 1727 3705 1799 magisquam

407 1814 607 1885 offerre
626 1814 847 1886 adipem
867 1815 1136 1882 arietum,
1159 1812 1427 1885 quoniam
1446 1813 1607 1885 quasi
1622 1816 1919 1885 peccatum
1944 1815 2227 1871 ariolandi
2244 1820 2333 1872 est
2357 1833 2695 1889 repugnare,
2718 1822 2775 1875 et
2791 1820 2952 1891 quasi
2969 1820 3154 1875 scelus
3182 1820 3523 1877 idololatrias
3550 1826 3706 1880 nolle

408 1912 759 1983 acquiescere
776 1911 840 1983 (Ι.
872 1913 1006 1981 Reg.
1072 1924 1163 1977 xv,
1194 1908 1308 1981 22).
1342 1908 1500 1978 Quod
1537 1924 1703 1964 unum
1736 1909 2102 1966 testimonium
2131 1919 2184 1967 et
2214 1913 2539 1971 obedientia;
2566 1915 2781 1972 laudem
2812 1924 2871 1972 et
2910 1916 3291 1973 inobedientiaz
3344 1917 3704 1977 sufﬁcientem

407 2008 568 2065 habet
588 2008 1063 2081 vituperationem.

413 155 513 208 691
1256 155 1598 208 GUIGONIS
1636 155 1659 205 Ι
1697 155 2056 206 CARTHUSL

2141 155 2436 206 MAJORIS
2475 155 2753 207 PRIORIS
2790 155 2856 207 V.
3593 157 3700 212 692

1742 2077 2136 2135 CAPITULUM
2189 2080 2392 2137 XXVI.

1655 2167 1732 2222 De
1788 2167 1985 2223 ordine
2031 2172 2502 2241 congregationis.

486 2263 748 2319 Ordinem
778 2269 979 2332 autem,
1003 2262 1118 2318 sive
1148 2260 1206 2315 in
1235 2259 1541 2328 refectorio,
1575 2260 1695 2317 sive
1724 2261 2053 2335 ubicunque,
2080 2281 2205 2320 eum
2226 2268 2405 2323 cuncti
2432 2275 2700 2336 tenemus,
2740 2286 2897 2342 quem
2929 2269 3160 2344 singulis
3189 2288 3320 2328 suus
3340 2273 3488 2329 dedit
3506 2274 3710 2330 adven-

414 2366 518 2426 tus,
551 2358 655 2414 nisi
685 2375 847 2432 quem
873 2358 1012 2416 forte
1039 2358 1189 2431 prior
1207 2358 1439 2431 aliquam
1469 2358 1558 2415 vel
1585 2361 1948 2432 supposuerit,
1979 2362 2068 2417 vel
2097 2366 2453 2435 praeposuerit
2484 2368 2555 2422 ob
2586 2383 2831 2424 causam.

1745 2483 2140 2541 CAPITULUM
2168 2487 2394 2543 XXVII.

1625 2574 1703 2628 De
1730 2576 1898 2628 aetate
1946 2574 2455 2644 suscipiendorum.

486 2670 691 2725 Pueros
721 2669 836 2724 sive
862 2668 1295 2726 adolescentulos
1326 2684 1434 2724 non
1463 2669 1778 2740 recipimus,
1802 2668 1926 2740 quia
1955 2667 2054 2740 [αἱ.
2090 2670 2231 2743 quae]
2260 2687 2360 2741 per
2388 2688 2484 2728 eos
2531 2675 2871 2731 monasteriis
2919 2676 3086 2735 multa
3135 2679 3431 2754 contigisse
3460 2682 3708 2738 dolemus

416 2774 468 2821 et
496 2780 716 2837 magna,
758 2766 1054 2838 spiritualia
1082 2767 1245 2822 simul
1275 2774 1327 2821 et
1357 2765 1660 2836 corporalia
1688 2765 1930 2836 pericula
1959 2764 2346 2837 formidantes;
2379 2771 2476 2825 sed
2500 2772 2645 2828 viros
2675 2775 2785 2846 qui,
2813 2776 2971 2844 juxta
3013 2789 3343 2852 praeceptum
3373 2780 3588 2835 Domini
3608 2797 3711 2852 per

416 2880 635 2919 manum
668 2863 861 2936 Moysi.
894 2864 1086 2937 viginti
1117 2865 1187 2920 ad
1215 2864 1392 2920 minus
1420 2879 1686 2920 annorum
1716 2878 1869 2919 sacra
1901 2864 2111 2935 possint
2156 2867 2227 2922 ad
2257 2867 2398 2923 bella
2450 2872 2765 2942 procedere.
2819 2875 2915 2931 His
2955 2878 3202 2950 expletis,
3265 2880 3412 2952 quod
3449 2880 3520 2935 de
3567 2878 3710 2936 cella

415 2961 768 3034 promisimus
797 2977 1173 3036 exsequamur.

1799 3029 2367 3093 COMMENTARIUS.

496 3148 627 3203 cAp,
661 3146 836 3204 xxv,
859 3177 929 3187 -
953 3147 1124 3202 Num,
1162 3150 1213 3202 ι,
1244 3147 1446 3202 Eadem
1462 3146 1637 3202 forma
1656 3145 2016 3203 benedicendi
2046 3132 2097 3191 A
2118 3135 2471 3203 proverbium
2516 3137 2675 3194 nobis
2728 3141 3034 3199 conveniat.
3069 3144 3261 3200 Adhuc
3318 3145 3509 3214 majori
3537 3146 3715 3216 pretio

425 3250 628 3291 novum
684 3234 995 3306 professum
1053 3235 1283 3291 refertur
1335 3234 1389 3289 in
1447 3233 1679 3307 antiquis
1709 3234 1943 3302 statutis,
1978 3249 2019 3289 ιι

443 3332 588 3395 part.
624 3338 745 3394 cap.
776 3326 866 3390 24,
898 3339 1049 3378 num.
1082 3325 1134 3378 5.

494 3412 653 3467 Num.
681 3415 735 3469 2.
768 3413 840 3468 Et
873 3411 971 3467 hoc
1005 3416 1271 3484 tempore,
1305 3418 1409 3467 etc.
1460 3410 1560 3467 Hic
1588 3409 1808 3466 disertis
1838 3409 2019 3465 verbis

424 3499 675 3571 exprimit
704 3507 924 3556 sanctus
953 3499 1055 3564 vir,
1091 3499 1238 3571 quod
1257 3498 1568 3554 obedientia
1595 3498 1661 3552 sit
1690 3498 1858 3553 veluti
1885 3514 2020 3553 cen-

428 3594 568 3642 trum
598 3587 825 3643 instituti
858 3586 1221 3656 Carthusiani,
1263 3588 1330 3642 de
1363 3602 1471 3658 qua
1510 3602 1571 3641 re
1604 3586 1752 3657 loqui
1788 3584 2021 3640 remitti-

426 3690 549 3730 mus
576 3674 735 3745 inira,
771 3676 873 3730 sub
903 3691 1023 3745 cap.
1054 3677 1142 3729 35.
1176 3675 1384 3729 Eadem
1414 3690 1546 3730 vero
1576 3674 1749 3729 relata
1778 3673 2021 3743 reperies

428 3763 498 3819 de
530 3763 702 3818 verbo
730 3763 798 3818 ad
826 3763 1057 3819 verbum
1100 3762 1156 3817 in
1211 3762 1445 3833 antiquis
1477 3769 1529 3817 et
1575 3761 1731 3816 novis
1787 3761 2021 3816 statutis.

500 3850 632 3905 CAP.
666 3850 867 3905 XXVI.
888 3880 958 3890 —
987 3849 1201 3905 Gradus
1232 3858 1284 3904 et
1310 3850 1481 3915 locus,
1500 3849 1607 3918 juri
1625 3848 2023 3919 quodammodo

428 3937 657 3993 naturali
684 3953 949 4005 annexus,
985 3936 1074 3993 hic
1112 3937 1439 4008 assignatur,
1465 3944 1517 3990 at
1546 3943 1713 3991 totum
1757 3936 2024 3992 obedien-

429 4026 519 4081 tiae
548 4025 811 4097 obsequio
870 4024 1140 4091 subditur,
1173 4025 1299 4080 dum
1337 4024 1533 4096 prioris
1581 4024 1805 4080 arbitrio
1844 4025 2024 4095 subja-

428 4128 557 4171 cere
604 4113 818 4184 dicitur,
875 4112 947 4168 ob
995 4126 1239 4181 causam,
1298 4113 1367 4169 de
1423 4113 1591 4182 cujus
1630 4112 1905 4168 validitate
1935 4121 2026 4168 aut

431 4200 749 4257 sufﬁcientia
806 4200 1069 4270 judicium
1114 4200 1191 4254 illi
1215 4243 1228 4266 ,
1286 4201 1493 4273 absque
1549 4200 1660 4256 ulla
1717 4200 2026 4257 conditione

428 4289 772 4361 relinquitur.
803 4289 1011 4344 Eadem
1039 4303 1263 4359 prorsus
1307 4290 1478 4345 relata
1534 4289 1802 4344 habentur
1829 4296 1939 4345 tum
1971 4288 2029 4343 in

429 4376 685 4449 antiquis,
718 4384 832 4431 tum
869 4377 926 4431 in
954 4376 1110 4432 novis
1139 4376 1371 4432 statutis.

2118 3238 2220 3277 nos
2250 3240 2451 3292 emere,
2486 3228 2631 3297 quod
2655 3228 2766 3297 jam
2823 3229 2931 3285 illis
2977 3247 3180 3305 magno
3233 3233 3410 3304 pretio
3456 3234 3712 3290 constitit.

2120 3311 2230 3366 Cur
2256 3312 2441 3368 divina
2468 3316 2813 3385 providentia
2841 3319 2921 3375 sic
2975 3320 3179 3375 sensim
3220 3322 3288 3376 ad
3347 3322 3713 3394 cognitionem

2120 3400 2571 3459 inconvenientia
2614 3406 2972 3476 quarumdam
3001 3425 3205 3475 rerum,
3251 3426 3373 3481 quae
3426 3410 3715 3483 aliquando

2122 3489 2282 3544 valde
2310 3492 2698 3547 convenientes
2725 3493 2856 3550 visae
2882 3504 3024 3563 sunt,
3049 3513 3152 3551 nos
3189 3497 3446 3553 devenire
3494 3499 3715 3569 permit-

2122 3577 2243 3631 tat?
2272 3579 2332 3633 Id
2361 3580 2433 3633 ita
2460 3578 2579 3635 ﬁeri
2625 3583 2958 3638 censendum
3017 3593 3117 3653 est,
3160 3593 3217 3641 ut
3248 3587 3530 3642 evidenter
3557 3588 3715 3643 nobis

2122 3674 2382 3736 appareat
2438 3684 2600 3739 quam
2657 3669 2881 3726 incertae
2936 3673 3043 3728 sint
3097 3674 3454 3744 providentiae
3495 3683 3713 3739 nostrae.

2124 3762 2384 3825 quantum
2440 3772 2471 3810 a
2525 3757 2731 3828 proprii
2782 3759 2973 3828 judicii
3027 3760 3282 3832 opinione
3314 3805 3328 3829 ,
3391 3771 3445 3817 et
3488 3763 3545 3818 in
3590 3780 3720 3820 nos-

2123 3850 2209 3898 tro
2237 3859 2399 3898 sensu
2428 3845 2726 3915 pertinacia
2755 3862 2952 3903 cavere
2991 3849 3310 3916 debeamus,
3351 3860 3721 3924 quantumque

2124 3931 2325 3986 duritia
2354 3932 2535 3987 cordis
2566 3934 2736 3989 nostri
2766 3935 2822 3989 in
2848 3936 3119 4008 plerisque
3148 3938 3311 3993 rebus
3350 3938 3592 4013 indigeat
3620 3957 3721 3997 ex-

2125 4019 2412 4090 perientia,
2449 4037 2554 4092 qua
2586 4021 2750 4077 veluti
2788 4023 2989 4079 malleo
3047 4026 3302 4081 tundatur
3328 4035 3490 4099 atque
3544 4029 3723 4084 emol-

2124 4108 2305 4175 liatur,
2338 4117 2526 4165 utnon
2552 4109 2708 4167 facile
2754 4111 2858 4166 sibi
2888 4111 3035 4181 ﬁdat,
3067 4114 3281 4185 pr0pria
3307 4115 3582 4173 desideria
3609 4135 3721 4175 non

2126 4206 2399 4269 sequatur,
2430 4206 2484 4254 et
2510 4200 2728 4270 preprio
2783 4201 3151 4271 experimento
3206 4211 3351 4259 emat
3392 4204 3717 4279 ﬁrmitatem,

2127 4302 2231 4357 qua
2260 4287 2474 4342 veritati
2502 4287 2735 4358 propriis
2756 4287 3056 4359 laboribus,
3075 4299 3148 4361 et,
3181 4299 3239 4346 ut
3258 4292 3331 4347 ita
3359 4293 3559 4362 dicam,
3592 4312 3723 4367 pro-

2126 4372 2261 4442 priis
2317 4374 2570 4445 expensis
2611 4375 2811 4447 agnita:
2866 4377 3140 4434 adhaereat
3169 4419 3185 4447 ,
3255 4395 3358 4436 nec
3398 4382 3468 4435 ab
3509 4398 3568 4437 ea
3610 4392 3721 4438 tam

501 4465 632 4519 CAP.
652 4464 1070 4520 XXVII.—Per
1084 4464 1469 4535 experientiam
1489 4472 1795 4536 temporum
1824 4464 2027 4520 sensim
2054 4479 2108 4538 Β
2128 4459 2287 4517 facile
2316 4479 2414 4532 per
2441 4463 2682 4517 innatam
2713 4462 2987 4519 levitatem
3015 4474 3068 4521 et
3098 4466 3453 4523 mobilitatem
3477 4471 3715 4527 recedat.

430 4552 673 4618 discitur,
734 4567 963 4623 quarum
994 4568 1176 4607 rerum
1205 4569 1374 4623 capax
1404 4553 1471 4607 sit
1525 4553 1762 4607 humana
1791 4552 2022 4607 inﬁrmi-

430 4649 535 4707 tas,
565 4640 764 4712 quidve
810 4639 985 4711 magis
1012 4639 1089 4694 illi
1117 4641 1425 4697 conveniat.
1457 4641 1606 4696 Unde
1648 4648 1871 4695 nonest
1915 4640 2024 4695 mi-

433 4729 660 4785 randum
706 4728 770 4797 si,
826 4728 980 4797 juxta
1027 4728 1388 4784 diversitatem
1437 4736 1744 4796 temporum
1773 4736 1826 4782 et
1853 4744 2024 4799 expe-

432 4816 772 4884 rientiarum,
815 4817 1084 4888 quaedam,
1144 4833 1265 4887 quae
1301 4816 1454 4886 prius
1508 4815 1668 4871 valde
1698 4816 1841 4870 bona
1869 4816 2026 4872 vide-

432 4905 648 4969 bantur,
680 4919 777 4974 per
805 4911 1096 4959 eventuum
1138 4902 1522 4973 experientiam
1571 4918 1681 4958 non
1719 4911 1827 4958 tam
1882 4904 2028 4960 bona

433 5008 557 5048 esse
570 4998 869 5062 appareant
897 5007 1062 5063 quam
1091 4990 1554 5056 existimabantur,
1588 4991 1699 5046 imo
1729 4990 1894 5046 etiam
1923 4992 2026 5047 ali-

432 5080 651 5152 quando
672 5078 867 5135 nociva
882 5095 1004 5134 esse
1032 5086 1226 5149 postea
1253 5085 1500 5149 reputata
1520 5078 1646 5146 sint,
1671 5086 1725 5135 et
1753 5079 1877 5135 ideo
1909 5097 2028 5135 mu-

430 5175 541 5224 tata
568 5174 662 5223 aut
689 5167 967 5240 abrogata.
1011 5167 1166 5223 Unde
1214 5181 1555 5238 summopere
1603 5167 1907 5223 cavendum
1946 5177 2030 5224 est

430 5257 486 5312 in
506 5256 698 5313 ordine
715 5272 784 5311 ne
804 5254 1066 5326 quasdam
1088 5254 1432 5321 mutationes,
1456 5271 1576 5309 cum
1596 5264 1806 5311 maturo
1825 5264 1878 5310 et
1894 5272 2029 5311 con-

430 5345 558 5400 silio
576 5351 631 5401 et
645 5350 856 5398 matura
876 5341 1260 5397 deliberatione
1276 5341 1464 5404 factas.
1480 5342 1566 5397 vel
1586 5342 1802 5399 incaute
1822 5358 2029 5415 argua-

432 5448 575 5497 mus,
591 5430 677 5488 vel
701 5429 978 5501 corrigere
1027 5436 1370 5495 attentemus,
1405 5446 1473 5485 ne
1524 5431 1750 5502 proprio
1805 5431 2026 5502 experi-

430 5526 632 5587 mento,
656 5525 706 5573 et
727 5533 848 5574 cum
862 5516 1087 5589 proprio
1105 5516 1307 5573 damno
1322 5518 1500 5573 denuo
1520 5519 1868 5574 addiscamus
1879 5519 2027 5590 quod

433 5605 618 5660 Patres
648 5604 820 5663 nostri
848 5605 988 5663 forte
1016 5621 1141 5665 cum
1161 5620 1261 5662 suo
1280 5605 1605 5675 didicerunt,
1630 5614 1684 5662 et
1703 5607 1783 5664 sic
1802 5607 2026 5679 Vulgare

2127 4549 2311 4604 Discat
2340 4549 2502 4604 etiam
2533 4566 2643 4605 non
2685 4558 2888 4608 temere
2944 4569 3179 4626 arguere
3208 4557 3554 4625 mutationes,
3586 4576 3722 4630 quas

2124 4636 2414 4708 aliquando
2435 4635 2553 4693 ﬁeri
2582 4653 2808 4695 necesse
2836 4656 2961 4695 esse
2988 4642 3212 4712 proprio
3241 4644 3613 4713 experimento
3635 4647 3722 4702 vi-

2126 4724 2234 4791 det,
2268 4731 2320 4779 et
2372 4725 2451 4781 sic
2521 4736 2781 4798 agnoscat
2836 4727 3208 4798 imprudenter
3243 4731 3400 4787 valde
3445 4748 3641 4804 sapere
3668 4743 3724 4790 et

2128 4828 2295 4885 agere
2318 4829 2432 4877 eos,
2466 4813 2558 4885 qui
2590 4815 2752 4869 nimis
2781 4816 3043 4871 tenaciter
3078 4817 3279 4873 vellent
3305 4820 3588 4877 adhaerere
3617 4839 3723 4878 an-

2128 4900 2382 4972 tiquitati,
2433 4909 2484 4957 et
2514 4902 2719 4957 nullam
2752 4919 2988 4977 unquam
3036 4903 3093 4957 in
3147 4905 3382 4978 antiquis
3411 4912 3724 4970 monasticm

2129 4989 2253 5046 vitae
2282 4990 2470 5045 usibus
2500 4991 2849 5046 mutationem
2873 4991 3184 5047 admittere.

2202 5078 2589 5149 Experimento
2636 5094 2770 5150 ergo
2818 5079 2994 5136 alieno
3052 5080 3232 5136 cdocti
3288 5083 3477 5140 Patres
3530 5090 3719 5155 nostri,

2132 5182 2328 5237 pueros
2374 5182 2407 5221 a
2433 5183 2493 5222 se
2543 5166 2817 5235 rejiciunt,
2851 5184 2955 5223 nec
3002 5169 3147 5239 apud
3177 5185 3257 5237 se,
3314 5171 3475 5227 etiam
3504 5176 3603 5231 sub
3632 5178 3725 5248 pio

2132 5262 2396 5323 prmtextu
2437 5253 2558 5309 illos
2601 5255 2865 5310 educandi
2895 5272 2925 5309 a
2955 5255 3159 5311 teneris
3186 5256 3240 5311 in
3299 5260 3584 5333 disciplina
3612 5266 3724 5321 Do-

2129 5342 2280 5408 mini,
2331 5342 2516 5398 volunt
2544 5343 2847 5409 admittere,
2872 5345 2969 5399 sed
2999 5352 3209 5400 tantum
3238 5346 3386 5403 viros
3417 5359 3505 5405 aut
3534 5352 3724 5409 saltem

2122 5431 2374 5500 juvenes,
2404 5431 2599 5503 quibus
2628 5432 2908 5486 maturitas
2945 5431 3353 5490 deliberationis
3379 5439 3446 5491 ad
3477 5450 3724 5498 nostrum

2128 5519 2463 5589 propositum
2517 5519 2904 5576 assumendum
2951 5522 3259 5577 necessaria
3296 5525 3494 5583 adesse
3523 5531 3725 5586 creda-

2125 5614 2229 5661 tur.
2261 5606 2418 5677 Quod
2449 5622 2516 5664 eo
2545 5607 2782 5664 strictius
2840 5623 2873 5662 a
2900 5608 3058 5666 nobis
3095 5624 3239 5667 nunc
3267 5616 3593 5673 servandum
3624 5630 3726 5691 est,
