3978 6050
1638 208 2244 267 CONSUETUDINES.
3487 201 3590 259 694

1465 334 1988 393 CAPITULUM
2041 334 2402 391 XXVIII.

1601 435 1678 490 De
1709 431 2047 488 utensilibus
2076 434 2252 488 cellae.

361 538 571 610 Accipit
598 538 781 609 itaque
797 538 948 593 cellae
975 536 1149 591 incola
1178 535 1247 589 ad
1282 534 1480 590 lectum
1510 532 1745 604 paleam,
1788 529 2011 593 ﬁltrum,
2067 528 2337 600 pulvinar,
2375 535 2554 584 cotum
2586 528 2671 583 vel
2702 526 3105 598 c00pertorium
3128 526 3196 580 de
3226 524 3589 596 grossissimis

291 635 473 691 ovinm
506 635 759 707 pellibus,
794 642 845 689 et
875 649 1058 705 panno
1088 632 1294 688 rustico
1326 638 1662 701 coopertum.
1695 628 1778 683 Ad
1810 626 2061 682 vestitum
2081 634 2278 695 autem,
2314 628 2421 682 duo
2443 627 2635 693 cilicia,
2670 627 2807 681 duas
2866 625 3093 691 tunicas,
3143 625 3280 679 duas
3325 623 3588 695 pellicias,

290 749 458 790 unam
488 733 839 798 deteriorem,
874 731 1101 786 alteram
1131 728 1432 794 meliorem,
1466 727 1711 797 duasque
1737 724 1980 778 similiter
2010 724 2272 790 cucullas,
2307 725 2406 778 tria
2426 725 2573 795 paria
2594 725 2915 796 caligarum,
2948 722 3098 793 paria
3126 722 3404 792 pedulium
3451 736 3591 793 qua-

292 839 434 897 tuor,
466 830 659 902 pelles,
693 844 940 900 cappam,
976 827 1245 882 sotulares
1274 832 1571 880 nocturnos
1600 830 1653 877 et
1681 822 1919 886 diurnos,
1954 820 2202 892 sagimen
2232 838 2447 893 quoque
2477 822 2547 876 ad
2576 822 2911 893 ungendum,
2936 820 3202 874 lumbaria
3231 819 3360 887 duo,
3403 819 3594 889 cingu-

293 928 427 995 lum,
462 926 646 982 omnia
677 926 937 981 canabina
976 933 1025 979 et
1053 937 1268 996 grossa,
1304 930 1357 977 et
1384 920 1645 993 quidquid
1664 934 1888 990 prorsus
1906 917 1976 971 ad
1996 916 2195 972 lectum
2215 920 2536 974 vestitumve
2554 919 2651 991 [aL
2672 915 3405 988 vestimentumve]pertinet,
3439 916 3594 984 cujus

289 1024 672 1097 grossitudinis
703 1023 972 1079 colorisve
1001 1022 1071 1076 sit
1096 1037 1206 1076 non
1239 1019 1464 1075 curabit.
1489 1018 1623 1073 Cum
1654 1016 1799 1072 enim
1828 1016 1897 1069 ad
1949 1030 2141 1069 omnes
2198 1017 2508 1083 monachos,
2543 1024 2653 1070 tum
2701 1014 2935 1070 maxime
2974 1014 3045 1069 ad
3064 1030 3183 1083 nos,
3240 1012 3595 1068 humilitatem

287 1124 730 1195 attritionemque
750 1137 1071 1194 pannorum,
1122 1127 1176 1175 et
1221 1118 1603 1173 universorum
1652 1114 1847 1185 quibus
1875 1113 2089 1179 utimur,
2147 1113 2426 1180 vilitatem,
2457 1122 2829 1186 paupertatem
2878 1122 2930 1169 et
2986 1113 3344 1181 abjectionem
3392 1120 3600 1167 certum

292 1230 376 1278 est
404 1221 697 1293 pertinere.
724 1220 896 1275 Habet
924 1218 1086 1275 etiam
1112 1232 1244 1273 acus
1270 1215 1426 1281 duas,
1451 1213 1621 1279 filum,
1660 1210 1901 1279 forﬁces,
1940 1210 2234 1282 pectinem,
2268 1210 2589 1267 novaculam
2621 1210 2690 1265 ad
2720 1219 2896 1282 caput,
2956 1217 3130 1266 cotem
3162 1209 3249 1264 vel
3304 1208 3592 1276 calculum,

291 1330 345 1375 et
375 1319 669 1391 corrigiam
691 1318 761 1373 ad
789 1318 1113 1373 acuendum.

362 1421 415 1473 2.
442 1416 525 1471 Ad
543 1414 890 1470 scribendum
913 1428 1065 1479 vero,
1101 1410 1460 1481 scriptorium,
1484 1425 1714 1480 pennas,
1748 1413 1976 1469 cretam,
2009 1404 2254 1475 pumices
2308 1405 2465 1474 duos,
2526 1420 2732 1460 cornua
2788 1405 2916 1471 duo,
2976 1402 3291 1473 scalpellum
3332 1418 3499 1456 unum
3528 1403 3598 1457 ad

292 1507 532 1561 radenda
560 1519 888 1575 pergamena
916 1502 1210 1558 novaculas
1231 1500 1345 1556 sive
1387 1499 1598 1554 rasoria
1627 1499 1753 1564 duo,
1801 1500 2140 1571 punctorium
2186 1515 2371 1565 unum,
2412 1499 2664 1553 subulam
2707 1515 2890 1566 unam,
2948 1497 3267 1567 plumbum,
3327 1498 3593 1568 regulam,

291 1611 504 1674 postem
534 1602 601 1656 ad
630 1601 1005 1671 regulandum,
1040 1598 1270 1664 tabulas,
1305 1596 1609 1669 graphium.
1645 1595 1804 1663 Quod
1836 1596 1881 1650 si
1911 1596 2077 1651 frater
2115 1594 2332 1649 alterius
2361 1595 2493 1649 artis
2539 1594 2701 1649 fuerit
2729 1594 2898 1665 (quod
2952 1593 3092 1663 apud
3132 1608 3232 1647 nos
3282 1608 3405 1646 raro
3437 1592 3597 1647 valde

289 1700 573 1772 contingit,
609 1714 799 1753 omnes
830 1697 973 1753 enim
1001 1711 1144 1767 pene
1165 1711 1299 1767 quos
1330 1694 1674 1765 suscipimus,
1709 1693 1755 1748 si
1786 1693 1901 1749 fieri
1932 1700 2129 1765 potest,
2180 1693 2421 1749 scribere
2452 1692 2754 1761 docemus),
2812 1690 3035 1745 habebit
3064 1689 3197 1744 artis
3255 1704 3365 1744 suae
3394 1689 3599 1743 instru-

290 1806 470 1853 menta
500 1796 900 1852 convenientia.

361 1899 413 1949 3.
440 1895 631 1950 Adhuc
660 1894 824 1949 etiam
854 1893 1024 1948 libros
1052 1893 1122 1947 ad
1150 1892 1444 1963 legendum
1466 1892 1533 1945 de
1572 1890 1810 1945 armario
1838 1889 2032 1961 accipit
2061 1891 2218 1953 duos,
2272 1886 2467 1956 quibus
2498 1899 2713 1939 omnem
2760 1882 3098 1955 diligentiam
3129 1898 3426 1954 curamque
3455 1898 3600 1953 prae-

292 1991 425 2045 bere
447 1991 681 2059 jubetur,
717 2006 785 2045 ne
816 1989 983 2057 fumo,
1015 2005 1083 2044 ne
1112 1988 1356 2059 pulvere,
1390 1987 1475 2043 vel
1505 1987 1611 2041 alia
1633 1986 1875 2058 qualibet
1905 1986 2068 2041 sorde
2097 1984 2454 2039 maculentur.
2507 1983 2698 2036 Libros
2751 1983 2949 2052 quippe
3004 1988 3262 2052 tanquam
3309 1979 3601 2051 sempiter-

287 2101 417 2139 num
445 2085 744 2140 animarum
802 2092 1108 2139 nostrarum
1157 2083 1339 2139 cibum
1394 2082 1708 2138 cautissime
1743 2081 2024 2151 custodiri,
2059 2091 2110 2137 et
2159 2082 2556 2137 studiosissime
2615 2081 2863 2137 volumus
2893 2079 3031 2149 fieri,
3064 2088 3141 2149 ut,
3198 2079 3322 2152 quia
3351 2095 3447 2134 ore
3491 2094 3602 2133 non

285 2198 596 2255 possumus,
630 2182 729 2237 Dei
760 2182 988 2238 verbum
1017 2180 1270 2235 manibus
1301 2180 1679 2251 prmdicemus.

1627 2293 2200 2350 COMMENTARIUS.

286 2407 394 2469 quo
417 2396 529 2465 jam
558 2394 778 2451 exclusa
808 2402 890 2449 est
912 2395 1079 2463 janua
1128 2393 1434 2464 expellendi
1473 2400 1524 2448 et
1545 2392 1828 2461 rejiciendi
1861 2409 1893 2446 a
1921 2398 1975 2454 Α
1996 2400 2047 2447 et
2077 2392 2327 2447 subtilius
2342 2392 2610 2460 judicare,
2646 2398 2699 2445 et
2734 2390 2945 2446 facilius
2966 2403 3193 2459 carpere
3223 2388 3325 2444 visi
3354 2397 3499 2457 sunt,
3533 2407 3602 2446 ne

284 223 388 276 693

288 2484 447 2540 nobis
499 2482 754 2547 discolos,
804 2498 925 2554 quae
954 2498 1062 2537 non
1112 2489 1320 2535 tantum
1351 2481 1686 2552 temporibus
1734 2481 1801 2535 Β.
1836 2482 1894 2534 Ρ.

292 2572 559 2643 Guigonis
585 2571 821 2641 patebat,
853 2578 1015 2641 prout
1037 2586 1102 2624 ex
1132 2586 1251 2640 cap.
1274 2572 1362 2635 77,
1409 2570 1633 2623 istarum
1662 2568 1900 2624 Consue-

288 2661 539 2715 tudinum
568 2660 874 2725 innotescit,
911 2659 1005 2713 sed
1038 2658 1280 2729 pluribus
1311 2658 1489 2713 adhuc
1517 2657 1730 2713 saeculis
1750 2665 1898 2728 post-

290 2765 353 2804 ea
384 2748 440 2802 in
471 2748 659 2803 ordine
688 2755 875 2817 aperta
922 2746 1038 2812 fuit,
1071 2754 1127 2800 ut
1154 2762 1221 2801 ex
1265 2745 1405 2799 infra
1464 2745 1710 2801 dicendis
1740 2745 1898 2799 vide-

291 2837 490 2891 bimus.
539 2838 652 2891 Hac
698 2851 833 2908 ergo
882 2835 1223 2900 necessitate,
1274 2850 1392 2905 qua:
1434 2834 1737 2888 introducta
1793 2841 1895 2898 est,

289 2926 589 2996 supposita,
614 2925 787 2979 bonos
818 2931 871 2979 et
910 2923 1083 2978 malos
1120 2922 1175 2977 in
1215 2922 1496 2977 ordinibus
1554 2921 1897 2993 regularibus

286 3012 561 3079 servandi,
616 3012 963 3082 pronuntiare
1020 3026 1128 3066 non
1182 3010 1371 3065 dubito
1419 3011 1586 3065 satius
1642 3026 1763 3065 esse
1799 3025 1897 3079 pro

289 3102 435 3156 bono
490 3100 651 3156 totius
702 3099 910 3155 ordinis
966 3098 1387 3165 Carthusiensis,
1441 3098 1534 3152 uni
1564 3114 1629 3152 ex
1686 3097 1898 3153 cellulis

289 3185 652 3242 claustrorum
683 3192 995 3239 nostrorum
1023 3183 1210 3256 ignem
1238 3183 1555 3247 admovere,
1580 3189 1637 3235 ut
1658 3181 1891 3236 ﬂammis

288 3274 595 3337 devoretur,
656 3287 817 3344 quam
877 3272 931 3326 in
975 3271 1063 3325 illa
1090 3270 1378 3326 admittere
1417 3270 1764 3334 monachum,
1799 3270 1897 3339 qui

294 3361 637 3417 vocationem
666 3361 866 3415 bonam
897 3367 949 3414 et
980 3360 1119 3414 bene
1150 3359 1460 3430 probatam,
1496 3365 1757 3429 quantum
1778 3356 1897 3411 fieri

293 3457 493 3520 potest,
526 3464 636 3505 non
662 3448 881 3515 habeat,
922 3457 975 3503 et
1030 3447 1285 3520 congruis
1314 3446 1513 3502 mentis
1539 3454 1593 3500 et
1649 3444 1897 3516 corporis

293 3538 530 3603 dotibus,
562 3554 625 3592 ac
653 3538 852 3593 devota
890 3537 1164 3592 voluntate
1196 3538 1331 3605 Deo,
1402 3543 1460 3590 ut
1489 3551 1588 3605 par
1617 3541 1718 3600 est,
1776 3550 1896 3588 ser-

290 3626 473 3681 viendi
505 3626 560 3679 in
587 3625 777 3681 ordine
807 3624 1094 3680 destitutus
1126 3623 1214 3679 sit.
1247 3625 1389 3681 Dum
1424 3623 1480 3678 id
1510 3630 1691 3678 mente
1738 3621 1897 3694 cogi-

291 3722 367 3781 to,
418 3714 581 3769 veluti
616 3713 829 3769 fervore
874 3713 1109 3784 repleor,
1142 3728 1255 3767 non
1311 3712 1567 3766 dubitans
1622 3709 1896 3765 afﬁrmare

287 3803 500 3871 majora
581 3802 832 3857 ordinum
891 3801 1221 3872 regularium
1284 3800 1481 3854 damna
1537 3800 1664 3854 inde
1718 3806 1897 3853 ortum

292 3891 573 3962 accepisse
605 3898 658 3945 et
704 3889 979 3960 accipere.
1028 3889 1137 3944 Sed
1183 3888 1454 3945 calamum
1496 3886 1585 3942 hic
1627 3886 1897 3958 reprima-

286 3996 430 4046 mus,
467 3995 535 4034 ne
565 3978 696 4050 quid
729 3977 982 4033 diffusius
1006 3977 1074 4033 de
1090 3978 1195 4032 hac
1225 3993 1287 4032 re
1316 3976 1644 4032 scribamus.

358 4068 496 4123 CAP.
537 4067 859 4122 XXVIII.—
886 4067 1056 4121 Num.
1086 4069 1137 4120 1.
1161 4065 1242 4121 Ad
1265 4065 1765 4135 lectum:paleam,
1790 4070 1895 4119 etc.

286 4156 436 4210 Inter
463 4154 853 4225 supellectilem
883 4154 1029 4208 illam
1058 4170 1180 4225 quae
1209 4153 1281 4208 ad
1324 4153 1529 4209 lectum
1559 4168 1896 4223 componen-

286 4243 417 4298 dum
445 4251 498 4299 et
526 4244 596 4299 ad
642 4242 1021 4298 indumentum
1064 4240 1294 4298 concedi
1344 4242 1501 4296 solita
1557 4248 1895 4307 recensetur,

286 4340 508 4388 nostros
553 4347 831 4402 nunquam
877 4330 1220 4385 renuntiasse
1276 4330 1498 4400 pellium
1533 4328 1672 4393 usui,
1734 4335 1786 4383 et
1829 4328 1897 4382 ab

289 4420 444 4476 initio
475 4435 570 4476 eas
596 4419 701 4474 sibi
730 4419 1045 4474 adhibuisse
1092 4417 1436 4473 manifestum
1469 4424 1570 4473 est.
1628 4418 1741 4471 Imo
1773 4424 1898 4471 tunc

281 4509 407 4565 dum
434 4507 661 4580 pellicia;
678 4508 733 4562 in
748 4509 852 4563 hac
868 4508 1062 4576 Majori
1084 4506 1375 4562 Carthusia
1399 4504 1630 4577 singulis
1650 4504 1895 4577 assigna-

286 4597 497 4664 bantur,
530 4612 759 4669 quarum
788 4596 963 4651 altera
994 4596 1234 4667 quotidie
1264 4594 1643 4660 induebantur,
1668 4602 1896 4664 eratque

282 4685 393 4739 illis
422 4701 519 4755 pro
552 4686 731 4740 tunica
760 4684 920 4739 talari
949 4696 1003 4739 et
1034 4682 1319 4755 superiori,
1350 4683 1515 4736 altera
1546 4698 1674 4737 vero
1704 4682 1895 4736 diebus

286 4773 625 4829 solemnibus
655 4773 945 4829 utebantur
974 4791 990 4839 ;
1021 4772 1209 4843 sicque
1242 4779 1430 4827 contra
1478 4769 1647 4841 frigus
1694 4770 1748 4823 in
1778 4770 1896 4824 istis

286 4861 503 4932 frigidis
533 4861 668 4917 locis
700 4869 854 4917 erant
903 4861 1043 4915 bene
1072 4859 1283 4914 muniti.
1341 4860 1498 4914 Nunc
1527 4874 1655 4913 vero
1712 4865 1894 4913 vestes

285 4958 486 5005 nostrae
512 4950 580 5004 ab
610 4949 717 5004 illis
750 4947 1024 5018 differunt,
1076 4963 1205 5002 nam
1260 4946 1487 5018 pellicea
1518 4946 1695 5001 tunica
1725 4962 1893 5016 supe-

282 5037 419 5094 riori
447 5038 627 5093 hieme
656 5045 710 5093 et
738 5046 898 5093 nocte
930 5044 1133 5091 tantum
1181 5035 1398 5102 utimur,
1432 5043 1486 5091 et
1518 5034 1754 5090 interdiu
1785 5034 1893 5089 alia

1997 2481 2123 2535 inde
2154 2480 2672 2535 scandalizarentur.
2707 2478 2901 2534 Ovium
2926 2477 3157 2548 pellibus
3188 2478 3258 2531 ad
3284 2477 3482 2534 lectum
3513 2496 3604 2535 ea-

1997 2569 2122 2623 dem
2155 2568 2360 2623 ratione
2389 2567 2620 2639 amplius
2651 2583 2760 2622 non
2802 2566 3020 2621 utimur.

2068 2656 2211 2711 Ibid.
2238 2658 2407 2727 Cujus
2422 2656 2822 2727 grossitudinis
2835 2657 3101 2712 colorisve
3128 2658 3203 2711 sit
3218 2672 3333 2711 non
3354 2657 3597 2712 curabit.

1995 2746 2119 2800 Non
2148 2744 2273 2799 inde
2302 2745 2633 2800 credendum
2655 2753 2737 2799 est
2767 2745 2910 2815 quod
2941 2745 3009 2798 de
3043 2745 3356 2799 diversitate
3403 2744 3603 2799 coloris

1996 2834 2085 2889 hic
2116 2841 2326 2905 agatur,
2358 2841 2415 2886 ut
2444 2833 2535 2887 alii
2564 2832 2685 2886 rufa
2728 2834 2912 2898 vestis,
2965 2832 3054 2886 alii
3108 2833 3285 2905 nigra,
3320 2832 3410 2886 alii
3464 2848 3600 2888 can-

1998 2922 2125 2975 dida
2154 2922 2448 2975 ministrari
2478 2928 2684 2991 posset.
2719 2921 3019 2975 Ridiculum
3073 2921 3217 2975 enim
3263 2937 3384 2974 esse
3427 2920 3602 2975 simile

1998 3010 2128 3081 quid
2151 3010 2236 3064 vel
2267 3010 2523 3080 cogitare,
2557 3009 2655 3063 sed
2677 3009 2746 3064 de
2776 3009 3094 3079 coloreplus
3125 3016 3217 3063 aut
3245 3008 3425 3062 minus
3455 3009 3598 3076 albo,

1998 3098 2135 3153 intra
2167 3099 2413 3152 eamdem
2444 3106 2627 3152 tamen
2656 3097 2895 3166 speciem
2934 3095 2989 3150 id
3020 3096 3179 3150 debet
3207 3095 3456 3167 intelligi.

2070 3185 2214 3240 lbid.
2239 3187 2632 3241 Humilitatem
2648 3186 3138 3255 attritionemque,
3165 3191 3291 3252 etc.,
3309 3188 3368 3240 et
3382 3184 3603 3241 univer-

1998 3289 2192 3329 sorum
2244 3275 2441 3346 quibus
2493 3275 2736 3328 uti-mur.
2792 3272 2890 3327 Hic
2926 3272 3193 3341 judicium
3237 3273 3604 3343 conscriptum

1998 3362 2264 3416 habemus
2292 3368 2475 3416 contra
2496 3376 2615 3425 nos,
2652 3360 2697 3413 si
2715 3376 2800 3414 res
2832 3359 3075 3415 curiosas
3097 3368 3149 3414 et
3168 3361 3435 3430 pretiosas
3465 3361 3606 3417 ultra

1998 3450 2282 3505 honestam
2312 3449 2621 3505 decentiam
2651 3449 2721 3502 ad
2740 3464 2896 3502 usum
2918 3456 3161 3502 nostrum
3192 3449 3565 3504 adhibeamus.

2068 3540 2229 3593 Num.
2263 3542 2315 3594 3.
2348 3537 2539 3593 Libros
2574 3541 2842 3608 tanquam
2871 3537 3300 3607 sempiternum,
3335 3544 3438 3591 etc.
3490 3539 3607 3594 Hoc

1996 3627 2167 3682 verbo
2189 3627 2302 3683 vult
2330 3625 2636 3696 exprimere
2662 3625 2830 3679 libros
2852 3640 2975 3679 esse
3004 3624 3241 3694 Speciem
3260 3624 3367 3679 cibi
3397 3625 3488 3695 qui
3504 3641 3607 3695 per

1997 3730 2155 3767 usum
2185 3730 2294 3767 non
2324 3712 2661 3768 consumitur
2690 3732 2707 3780 ;
2742 3720 2795 3767 et
2826 3729 2892 3767 ex
2908 3712 3150 3767 hocloco
3180 3720 3325 3782 patet
3344 3721 3603 3784 quantum

1998 3802 2161 3873 primi
2183 3803 2371 3856 Patres
2402 3802 2602 3858 vellent
2630 3808 2847 3856 nostros
2885 3801 3033 3857 circa
3062 3800 3323 3855 librorum
3353 3800 3604 3871 scriptio-

1998 3907 2123 3946 nem
2153 3890 2407 3960 occupari
2437 3907 2451 3955 ;
2476 3907 2597 3961 qua:
2625 3889 2750 3944 ideo
2780 3889 2996 3945 illorum
3030 3898 3154 3944 tunc
3208 3897 3326 3944 erat
3354 3904 3605 3945 commu-

2000 3980 2121 4034 nior
2152 3979 2454 4049 occupatio,
2490 3986 2547 4033 ut
2576 3994 2641 4034 ex
2661 3979 2766 4033 hoc
2793 3977 3027 4048 capitulo
3045 3978 3324 4034 evidenter
3351 3987 3599 4049 apparet.

2074 4068 2169 4121 lbi.
2209 4070 2295 4133 Ut,
2326 4068 2456 4138 quia
2487 4083 2578 4122 ore
2609 4083 2725 4121 non
2742 4083 3059 4138 possumus,
3092 4068 3191 4122 Dei
3219 4066 3447 4123 verbum
3474 4083 3604 4123 ma-

1999 4156 2164 4211 nibus
2192 4155 2579 4227 praedicamus.
2619 4156 2758 4223 Quot
2811 4156 2966 4210 enim
2996 4156 3181 4219 libros,
3229 4162 3333 4210 etc.
3370 4155 3605 4211 Publica:

2000 4260 2134 4315 ergo
2165 4242 2380 4297 utilitati
2410 4242 2575 4297 etiam
2618 4242 2879 4297 vacabant
2908 4243 3093 4296 Patres
3142 4243 3333 4312 nostri,
3366 4242 3603 4300 maxime

2001 4348 2123 4387 cum
2146 4340 2273 4385 tunc
2305 4329 2564 4400 temporis
2596 4330 2838 4384 nondum
2891 4329 3111 4384 inventa
3142 4338 3288 4386 esset
3325 4346 3417 4385 ars
3448 4340 3605 4402 typo-

1999 4419 2279 4490 graphica,
2300 4426 2351 4472 et
2369 4417 2518 4471 nulla
2546 4424 2760 4487 pateret
2789 4416 3007 4473 lectioni
3041 4425 3092 4472 et
3141 4418 3332 4473 studiis
3361 4420 3468 4486 via,
3500 4420 3604 4475 nisi

1998 4506 2350 4576 manuscripti
2386 4505 2606 4561 codices
2655 4505 3005 4560 haberentur.
3039 4506 3094 4560 Si
3142 4506 3221 4561 sic
3250 4507 3606 4578 Opinarentur

2000 4595 2206 4667 antiqui
2248 4596 2437 4649 Patres
2469 4602 2521 4649 et
2565 4594 2766 4648 vellent
2794 4610 2895 4649 nos
2924 4602 3112 4649 nostro
3144 4596 3303 4650 modo
3334 4596 3604 4665 pra‘dica-

1998 4684 2130 4739 tioni
2163 4699 2383 4752 vacare,
2446 4682 2862 4737 transcribendo
2901 4682 3069 4737 libros
3099 4683 3168 4737 ab
3225 4684 3344 4737 aliis
3374 4699 3602 4754 compo-

1998 4773 2149 4839 sitos,
2184 4787 2293 4826 non
2313 4771 2630 4827 recusabant
2660 4787 2755 4825 eos
2786 4771 2877 4842 qui
2915 4786 2945 4824 a
2975 4772 3174 4825 nostris
3204 4787 3603 4841 componeren-

1998 4869 2102 4926 tur,
2136 4861 2299 4915 etiam
2328 4875 2492 4930 posse
2524 4860 2836 4915 transcribi.
2877 4859 3030 4914 Uude
3070 4860 3259 4913 durius
3281 4875 3443 4930 quam
3465 4875 3601 4916 con-

1997 4948 2143 5004 venit
2173 4964 2269 5003 eos
2297 4948 2443 5018 loqui
2487 4947 2821 5003 censendum
2850 4954 2951 5013 est,
3001 4947 3091 5017 qui
3121 4963 3153 5001 a
3210 4948 3603 5018 componendis

1996 5036 2150 5090 libris
2181 5036 2382 5091 vellent
2410 5044 2626 5090 nostros
2650 5035 2871 5090 omnino
2903 5035 3187 5104 repellere,
3242 5043 3295 5091 et
3324 5037 3424 5090 sub
3456 5054 3604 5108 prae-

285 5144 353 5182 ex
382 5141 579 5197 grosso
607 5141 787 5197 panno
816 5126 1009 5198 patriae
1045 5124 1362 5196 composita.
1398 5124 1503 5193 Qui
1547 5131 1729 5178 tamen
1758 5140 1891 5178 usus
1916 5118 1961 5177 Ο
1992 5132 2136 5179 textu
2155 5124 2274 5178 vitze
2303 5123 2529 5179 occultae
2565 5132 2616 5178 ct
2645 5124 2903 5179 solitariae
2923 5166 2935 5189 ,
2969 5123 3090 5178 illos
3122 5131 3326 5178 tantum
3358 5126 3473 5181 Deo
3503 5141 3604 5197 pro

283 5214 623 5287 pelliciarum
678 5214 842 5269 etiam
889 5213 1119 5269 interdiu
1149 5213 1556 5286 gestandarum,
1616 5212 1762 5266 haud
1817 5211 1893 5265 ita
1992 5213 2322 5278 hominibus,
2354 5228 2465 5267 non
2493 5228 2621 5267 vero
2670 5213 2740 5267 de
2783 5213 2899 5267 Deo
2929 5211 3259 5279 hominibus,
3313 5229 3415 5269 nec
3444 5214 3603 5269 etiam

289 5303 506 5373 pridem
533 5302 712 5358 adhuc
740 5302 1032 5374 vigebatin
1064 5302 1165 5357 hac
1195 5302 1378 5367 domo,
1418 5308 1581 5372 prout
1612 5298 1892 5354 atestibus
1992 5318 2091 5372 per
2146 5301 2433 5367 calamum,
2471 5300 2621 5372 loqui
2674 5301 2878 5355 debere
2934 5301 3323 5357 existimarent.
3375 5302 3479 5370 Qui
3527 5303 3605 5357 sic

283 5392 512 5446 oculatis
555 5391 877 5458 audivimus,
921 5398 974 5445 et
1012 5390 1188 5445 adhuc
1226 5390 1455 5461 legimus
1503 5389 1558 5443 in
1601 5387 1756 5443 libris
1810 5403 1893 5442 ra-
1996 5390 2344 5460 opinarentur
2372 5392 2404 5444 ἁ
2436 5406 2601 5444 sensu
2632 5390 2699 5445 R.
2756 5390 2929 5443 Patris
2959 5389 3227 5461 Guigonis
3274 5406 3375 5461 per
3405 5406 3602 5445 exces-

286 5480 496 5534 tionum
525 5480 721 5535 domus
770 5478 1084 5534 Carthusiza.
1133 5477 1291 5547 Quod
1322 5486 1501 5533 tamen
1548 5493 1651 5549 pro
1679 5478 1893 5547 tempo-
1998 5495 2115 5532 sum
2147 5478 2477 5544 aberrarent,
2502 5485 2553 5533 et
2585 5478 2746 5533 tacite
2766 5478 3190 5534 condemnarent
3213 5486 3289 5532 tot
3319 5478 3600 5551 egregios,

294 5584 416 5625 rum
445 5567 652 5625 ratione
679 5575 939 5624 mutatum
982 5574 1083 5633 est,
1141 5581 1269 5623 cum
1308 5567 1558 5622 homines
1614 5565 1898 5622 delicatius
1999 5573 2055 5622 et
2084 5566 2204 5637 pios
2234 5566 2551 5639 scriptores,
2575 5566 2667 5638 qui
2695 5566 2749 5621 in
2785 5567 2979 5622 ordine
3008 5574 3386 5624 numerantur.
3426 5570 3495 5623 At
3517 5566 3604 5625 fa-
