3978 6050
432 241 535 294 695
1252 239 1594 297 GUIGONIS
1642 243 1663 296 Ι
1707 240 2115 297 CARTHUSUE
2163 235 2457 294 MAJORIS
2501 236 2778 294 PRIORIS
2829 238 2893 292 V.
3614 240 3721 292 696

503 361 552 412 4.
590 357 733 427 Quot
763 358 905 415 enim
932 358 1102 414 libros
1134 360 1437 430 scribimus,
1473 370 1548 417 tot
1568 362 1724 417 nobis
1756 363 2000 418 veritatis
2020 380 2304 435 praecones
2333 364 2511 420 facere
2542 364 2807 430 videmur,
2850 368 3129 433 sperantes
3158 377 3188 415 a
3216 360 3447 415 Domino
3494 377 3713 419 merce-

431 456 555 510 dem
581 472 678 525 pro
707 456 976 522 omnibus,
1013 457 1102 527 qui
1133 474 1230 528 per
1260 475 1375 525 eos,
1409 460 1495 515 vel
1524 460 1590 513 ab
1622 476 1811 515 errore
1842 462 2072 517 correcti
2128 462 2344 528 fuerint,
2396 462 2482 517 vel
2529 462 2580 515 in
2636 460 2902 517 catholica
2932 459 3158 515 veritate
3213 458 3577 530 profecerint,
3611 475 3712 530 pro

433 554 640 608 cunctis
670 554 826 608 etiam
860 555 951 625 qui
972 556 1141 610 velde
1174 557 1286 610 suis
1315 558 1555 627 peccatis
1574 566 1625 612 et
1653 559 1795 614 vitiis
1826 560 2155 629 compuncti,
2188 560 2273 615 vel
2302 561 2370 614 ad
2399 560 2731 614 desiderium
2763 557 2961 612 fuerint
2989 556 3177 628 patriae
3207 556 3444 611 cwlestis
3476 557 3708 612 accensi.

501 654 552 704 5.
589 652 655 704 Et
672 650 799 721 quia
829 651 969 705 sicut
998 661 1222 707 czeteras
1254 654 1609 709 necessitates
1639 672 1759 726 qua)
1785 657 1854 710 ad
1888 657 2146 712 vilitatem
2201 665 2253 711 et
2295 656 2647 711 humilitatem
2701 656 2992 727 pertinent,
3053 654 3337 725 coquinam
3394 654 3580 708 etiam'
3608 655 3714 725 ipsi

427 747 583 802 nobis
614 746 860 813 facimus,
893 749 1088 803 dantur
1116 758 1167 804 et
1197 750 1317 804 ollae
1342 752 1482 819 duae,
1519 754 1759 808 scutellaa
1790 754 1930 821 duae,
1964 754 2121 809 tertia
2152 756 2220 808 ad
2248 770 2462 824 panem,
2496 754 2581 809 vel
2610 769 2711 823 pro
2742 770 2806 808 ea
2834 753 3075 818 mantile,
3110 759 3300 823 quarta
3330 752 3713 823 grandiuscula

428 852 511 898 est
540 844 611 898 ad
640 843 919 899 faciendas
951 846 1257 916 munditias,
1293 848 1595 903 cochlearia
1628 851 1753 914 duo,
1787 851 2037 906 cultellus
2088 853 2156 906 ad
2211 868 2428 921 panem,
2492 852 2658 920 justa,
2702 853 2971 922 scyphus,
3031 866 3129 905 vas
3158 850 3461 921 aquarium,
3511 850 3713 904 salaria

433 939 651 1009 patella,
678 940 787 994 duo
809 940 875 994 ad
907 942 1182 1013 legumina
1204 933 1425 1010 saeculi,
1457 947 1876 1018 manutergium.
1910 948 1990 1001 Ad
2014 948 2193 1020 ignem
2226 947 2404 1014 foeile,
2429 963 2576 1014 esca,
2602 947 2738 1018 lapis
2769 947 2866 1019 [αι.
2927 946 3062 1018 lapis
3091 945 3332 1016 ignitus],
3365 945 3531 1015 ligna,
3563 962 3715 1001 secu-

428 1032 520 1087 ris.
554 1034 638 1087 Ad
668 1050 831 1105 opera
854 1051 983 1091 vero
1026 1037 1335 1093 dolabrum.
1371 1041 1497 1095 Haec
1529 1041 1619 1111 qui
1678 1042 1866 1112 legerit
1888 1061 1988 1099 nec
2043 1044 2289 1111 irrideat,
2339 1062 2647 1116 quaesumus
2704 1044 2802 1116 [al.
2828 1043 2987 1116 quis],
3022 1059 3121 1098 nec
3177 1044 3556 1113 reprehendat,
3609 1044 3716 1098 nisi

427 1129 567 1185 forte
599 1132 750 1200 prius
772 1131 826 1185 in
848 1133 1005 1199 cella,
1049 1134 1188 1189 inter
1210 1143 1380 1190 tantas
1412 1139 1565 1193 nives
1588 1146 1638 1193 et
1661 1147 1765 1192 tam
1793 1141 2008 1195 horrida
2041 1140 2263 1212 frigora,
2297 1142 2542 1214 longiore
2574 1141 2731 1196 fuerit
2759 1149 3000 1212 tempore
3044 1150 3427 1196 commoratus.

491 1231 542 1282 6.
579 1228 785 1285 Idcirco
813 1230 954 1285 enim
976 1231 1067 1285 uni
1097 1240 1245 1287 tanta
1276 1235 1646 1303 concedimus,
1679 1253 1767 1303 ne,
1802 1239 1947 1310 quod
1974 1239 2221 1294 illicitum
2240 1238 2505 1307 ducimus,
2541 1239 2685 1294 exire
2716 1239 2784 1294 de
2830 1239 2965 1295 cella
3002 1238 3376 1309 compellatur.
3426 1238 3541 1293 Hoc
3570 1239 3715 1294 enim

420 1340 763 1400 nequaquam
792 1329 1127 1395 conceditur,
1162 1330 1265 1385 nisi
1287 1346 1407 1385 eum
1437 1332 1505 1386 ad
1536 1333 1827 1389 claustrum
1849 1345 1941 1391 aut
1969 1338 2259 1393 ecclesiam
2282 1338 2638 1404 convenitur;
2671 1338 2816 1412 quod
2836 1339 2940 1393 hoc
2969 1337 3156 1392 ordine
3186 1335 3303 1391 fieri
3340 1336 3638 1392 consuevit.

1360 1520 1363 1527 ἰ
1779 1451 2170 1510 CAPITULUM
2198 1455 2404 1511 XXIX.

964 1540 1076 1608 Quo
1092 1544 1340 1615 tempore
1370 1547 1434 1601 de
1464 1549 1610 1603 cella
1641 1554 1900 1617 excatur,
1934 1556 1989 1607 et
2028 1554 2093 1607 dc
2123 1553 2329 1623 vigiliis
2359 1556 2414 1607 et
2446 1551 2808 1608 distinctione
2842 1553 3129 1609 horarum.

488 1656 538 1709 1.
575 1651 735 1709 Omni
757 1660 1019 1726 tempore,
1055 1658 1295 1730 exceptis
1326 1660 1613 1719 duodecim
1644 1664 1933 1721 lectionum
1963 1666 2136 1734 festis,
2170 1674 2221 1723 et
2242 1667 2450 1723 Natalis
2478 1667 2715 1735 Domini,
2740 1667 2962 1723 Pascha
2993 1684 3208 1741 quoque
3256 1678 3308 1727 et
3366 1672 3713 1729 Pentecostes

1781 1782 2353 1839 COMMENTARIUS.

418 1865 643 1921 tendum
664 1873 745 1922 est
774 1884 1026 1940 magnam
1065 1871 1330 1928 cautelam
1362 1875 1504 1947 apud
1534 1892 1633 1933 nos
1663 1878 1718 1932 in
1748 1880 1849 1937 hac
1874 1888 2021 1951 parte
2050 1884 2106 1943 Α
2129 1880 2424 1950 fastidiunt,
2458 1891 2708 1953 putantes
2738 1884 2838 1939 ista
2896 1886 3074 1941 minus
3132 1888 3334 1943 seriosa
3388 1891 3714 1945 monachum

420 1954 784 2010 adhibendam
816 1973 957 2026 esse,
995 1976 1061 2015 ne
1093 1976 1157 2016 ex
1204 1963 1410 2033 pruritu
1451 1966 1724 2021 scribendi
1762 1976 1813 2023 et
1857 1968 2023 2024 libros

429 2042 648 2110 edendi,
674 2060 830 2100 vana:
860 2046 941 2101 sui
969 2046 1139 2117 ipsius
1175 2050 1414 2120 opinioni
1444 2055 1599 2109 detur
1631 2057 1799 2125 locus,
1834 2066 1925 2112 aut
1957 2075 2022 2113 ex

431 2131 629 2187 minori
658 2134 851 2202 peritia
882 2135 1253 2207 scientiarum,
1288 2157 1410 2211 quae
1441 2142 1495 2196 in
1526 2143 1655 2198 viris
1686 2146 1940 2200 solitariis
1957 2147 2024 2200 ab

426 2220 753 2275 academicis
782 2223 1257 2280 exercitationibus
1288 2229 1506 2285 remotis
1537 2247 1658 2287 raro
1689 2234 2022 2303 superabun-

426 2307 539 2373 dat,
572 2308 820 2377 quadam
854 2309 907 2363 in
937 2312 1213 2381 publicum
1253 2331 1362 2371 non
1404 2319 1536 2373 satis
1564 2321 1827 2390 castigate
1868 2337 2022 2379 com-

426 2394 599 2464 posita
631 2396 916 2465 prodeant.
951 2399 1057 2455 Sed
1109 2402 1257 2458 circa
1314 2406 1448 2472 hsce,
1508 2409 1769 2464 moderna
1828 2418 2024 2467 statuta

429 2483 882 2553 prudentissimos
957 2489 1149 2545 modos
1213 2503 1514 2562 posuerunt
1569 2504 1620 2551 et
1679 2509 2018 2569 sanxerunt,

435 2570 630 2640 quibus
660 2572 990 2631 adhaerendo
1022 2579 1204 2633 omnia
1234 2582 1513 2637 moderate
1543 2592 1593 2639 et
1621 2586 1855 2641 discretae
1889 2605 2022 2659 per—

432 2656 704 2713 ficientur.
738 2661 953 2733 Scripta
984 2681 1117 2738 ergo
1168 2668 1641 2727 Carthusianorum
1672 2690 1782 2729 non
1836 2656 1960 2731 sunt
1991 2679 2024 2732 ὁ,

428 2746 598 2816 praelo
625 2748 842 2816 penitus
872 2752 1229 2823 excludenda,
1258 2757 1550 2815 dummodo
1572 2762 1638 2815 ab
1660 2762 1727 2817 iis
1744 2763 1876 2819 nihil
1899 2766 2027 2820 scri-

428 2832 587 2888 batur
616 2836 760 2905 quod
791 2852 913 2892 cum
933 2838 1229 2900 intentione
1260 2846 1329 2900 It.
1368 2848 1427 2901 P.
1463 2848 1731 2920 Guigonis
1754 2868 1861 2906 non
1894 2868 2025 2908 con-

427 2921 638 2989 cordet,
674 2931 835 2996 atque
867 2927 989 2983 ideo
1020 2930 1088 2985 de
1110 2931 1174 2985 iis
1222 2940 1427 2989 tantum
1456 2939 1696 2993 materiis
1724 2942 1757 2995 a
1785 2940 2020 2996 Carthu-

429 3009 584 3066 siano
615 3019 893 3083 tractetur,
928 3033 1047 3088 quae
1077 3019 1144 3074 ad
1174 3022 1453 3080 catholicae
1497 3026 1741 3082 veritatis
1770 3031 2024 3087 assertio-

428 3113 571 3165 nem,
606 3100 862 3157 vitiorum
893 3105 1363 3177 exstirpandorum
1386 3118 1436 3166 et
1466 3113 1714 3169 virtutem
1745 3119 2028 3188 acquiren-

428 3186 626 3242 darum
658 3190 913 3257 studium,
944 3197 1373 3263 promovendum
1405 3203 1729 3258 conducunt.

501 3277 664 3331 Num.
699 3281 750 3333 5.
788 3282 1017 3354 Hcecqui
1063 3286 1261 3354 legerit
1296 3304 1398 3343 nec
1441 3291 1698 3357 irrideat,
1740 3301 1868 3361 etc.,
1907 3299 2024 3352 nisi

430 3367 580 3435 forte
605 3367 768 3437 prius
803 3370 865 3422 in
914 3372 1077 3437 cella,
1140 3382 1243 3428 etc.
1287 3376 1596 3433 Praevenire
1634 3390 1855 3437 conatur
1908 3384 2021 3439 vir-

431 3460 652 3508 sanctus
681 3455 973 3512 humanam
996 3458 1377 3530 infirmitatem,
1414 3482 1510 3520 seu
1550 3469 1729 3537 potius
1758 3471 2021 3542 insipien-

429 3540 578 3608 tiam,
612 3558 754 3614 qute,
787 3544 914 3598 dum
946 3563 1164 3603 sensum
1194 3553 1476 3623 proprium
1519 3556 1630 3609 vult
1659 3559 1832 3628 sequi,
1862 3540 2022 3616 icirca

431 3644 498 3684 ea
518 3646 750 3701 quorum
794 3635 1271 3703 experimentalem
1292 3642 1660 3711 cognitionem
1690 3662 1794 3701 non
1838 3650 2017 3716 habet,

428 3717 487 3770 in
518 3718 632 3771 suis
662 3719 1082 3792 cogitationibus
1132 3733 1184 3779 et
1227 3727 1571 3797 opinionibus
1615 3749 1759 3803 smpe
1809 3736 2018 3792 delirat.

428 3805 731 3861 Prudenter
759 3823 894 3880 ergo
920 3810 1005 3865 vir
1034 3820 1254 3868 sanctus
1285 3827 1546 3885 provocat
1568 3821 1704 3875 tales
1710 3823 1922 3891 judices
1953 3826 2022 3879 ad

431 3893 883 3961 experimentum,
919 3898 1029 3968 qui,
1062 3900 1108 3953 si
1130 3902 1214 3955 vel
1245 3919 1351 3957 una
1381 3906 1719 3962 hebdomada
1751 3911 1891 3965 intra
1920 3914 2024 3968 cel-

426 3978 555 4034 lulae
572 3981 806 4049 parietes
856 3985 1280 4055 continerentur,
1309 3999 1436 4047 tunc
1497 3996 1840 4065 aperirentur
1878 4002 2021 4056 oculi

431 4081 701 4123 caecorum
721 4077 774 4125 et
804 4087 967 4127 aures
988 4076 1279 4132 surdorum
1302 4088 1569 4150 paterent,
1591 4093 1642 4138 et
1669 4088 1814 4157 quod
1838 4106 2022 4161 super-

426 4156 592 4211 fluum
626 4158 776 4228 prius
798 4160 1202 4219 arbitrabantur
1223 4183 1346 4223 esse
1361 4169 1415 4223 in
1437 4172 1630 4227 cellula
1649 4156 2019 4248 carthusiana,

422 4243 481 4297 in
501 4244 737 4314 hortulo,
758 4249 812 4302 in
843 4249 1214 4309 instrumentis
1235 4258 1299 4310 ad
1328 4257 1570 4315 laborem
1590 4278 1844 4319 manuum
1859 4268 2018 4337 aptis,

414 4332 531 4401 jam
572 4338 942 4393 necessarium
1002 4342 1223 4398 omnino
1267 4362 1390 4401 esse
1430 4358 1878 4418 protestarentur.
1914 4356 2023 4410 Cur

421 4427 602 4475 autem
643 4423 898 4480 solitariis
927 4431 1125 4484 nostris
1156 4432 1233 4487 sic
1262 4436 1616 4505 provideatur
1654 4442 1722 4496 de
1754 4444 1917 4497 rebus
1952 4446 2022 4499 ad

420 4509 805 4579 occupationes
836 4522 1087 4571 externas
1125 4524 1479 4594 necessariis,
1516 4528 1779 4583 rationem
1812 4532 2011 4596 subdit,

421 4612 513 4663 ne,
534 4596 723 4668 inquit,
744 4603 884 4672 quod
896 4604 1165 4663 illicitum
1187 4593 1470 4679 ducimus,
1483 4614 1548 4668 de
1565 4618 1708 4671 cella
1722 4622 1880 4675 exire
1896 4593 2017 4678 com
2041 4593 2086 4652 Ο

420 4685 697 4755 pellatur.
728 4688 852 4743 Non
885 4692 1028 4746 enim
1060 4697 1395 4753 credendum
1417 4710 1496 4755 est
1532 4706 1677 4773 quod
1697 4707 2015 4765 homointra

422 4772 633 4829 cellulae
673 4776 909 4845 parietes
958 4782 1130 4850 possit
1177 4784 1376 4841 diutius
1418 4772 1766 4864 commorari,
1801 4797 1901 4850 nisi
1942 4798 2014 4853 ibi

423 4858 620 4916 habeat
651 4866 917 4933 quasdam
948 4869 1086 4924 bene
1127 4873 1404 4931 ordinatas
1434 4894 1493 4933 se
1524 4885 1821 4953 occupandi
1843 4894 2013 4942 mate-

418 4946 552 5002 rias.
577 4950 709 5005 Cum
746 4961 927 5009 autem
958 4973 1067 5011 non
1115 4963 1286 5031 possit
1316 4982 1531 5038 semper
1558 4969 1719 5025 rebus
1762 4974 2014 5043 spiritua-

416 5033 561 5090 libus
592 5040 875 5131 applicari,
917 5062 1017 5102 nec
1046 5047 1101 5101 id
1131 5052 1301 5119 possit
1344 5033 1574 5127 aggredi
1614 5033 1880 5131 fragilitas
1906 5063 2009 5117 hu-

416 5137 579 5179 mana
650 5129 855 5201 absque
914 5136 1154 5203 periculo
1216 5141 1522 5199 amittenda
1578 5129 1840 5217 sanitatis,
1898 5159 2008 5206 tum

418 5213 633 5281 mentis,
663 5224 771 5272 tum
805 5224 1070 5293 corporis,
1134 5243 1357 5285 necesse
1388 5239 1469 5285 est
1520 5234 1679 5290 etiam
1728 5246 1784 5291 ut
1812 5240 2008 5295 habeat

417 5301 560 5356 unde
592 5305 829 5361 animum
880 5327 980 5379 per
1028 5314 1262 5386 aliquam
1294 5322 1704 5390 occupationem
1737 5335 2013 5383 externam

418 5389 661 5448 relaxare
678 5397 849 5466 possit
882 5407 933 5453 et
976 5417 1246 5458 recreare.
1307 5389 1685 5478 Imprudenter
1716 5430 1866 5485 ergo,
1903 5417 2011 5472 imo

416 5491 467 5537 et
492 5483 813 5555 insipienter
841 5488 1100 5559 cogitant,
1130 5492 1218 5562 qui
1238 5491 1484 5549 videntes
1514 5483 1840 5556 monachum
1871 5504 1999 5560 Car-

416 5572 722 5627 thusianum
751 5573 1042 5646 aliquando
1072 5580 1347 5651 opusculis
1389 5583 1672 5644 fabrilibus
1703 5607 1910 5659 vacare,
1955 5595 2005 5649 id

2041 3241 2093 3300 B

2121 1971 2420 2039 dedecere,
2472 1973 2565 2043 qui
2594 1981 2735 2028 totus
2774 1974 3068 2044 spiritualis
3125 1993 3247 2033 esse
3272 1978 3493 2045 deberet
3528 1995 3540 2032 :
3575 1988 3627 2034 et
3659 1981 3714 2035 hi

2123 2067 2266 2125 sunt,
2303 2076 2440 2131 quos
2456 2060 2527 2117 It.
2555 2063 2714 2117 Pater
2734 2063 2915 2135 Guigo
2936 2063 3003 2118 ad
3031 2065 3419 2136 experientiam
3432 2078 3709 2139 provocat.

2198 2150 2275 2202 Ex
2307 2149 2409 2205 hoc
2439 2150 2674 2221 capitulo
2705 2160 2927 2222 apparet
2960 2169 3119 2223 quam
3143 2154 3372 2211 discreta
3403 2173 3634 2227 semper,
3660 2165 3719 2215 et

2122 2236 2176 2289 in
2198 2237 2447 2292 omnibus
2459 2241 2729 2311 agendum
2746 2257 2887 2307 csse,
2904 2258 3006 2297 nos
3019 2242 3301 2298 docuerint
3328 2246 3490 2315 primi
3504 2248 3713 2312 Patres,

2123 2333 2175 2380 et
2205 2335 2464 2397 quantum
2497 2328 2563 2381 ab
2593 2329 2848 2384 extremis
2871 2339 3016 2385 esset
3044 2332 3365 2400 cavendum,
3392 2350 3459 2388 ne
3481 2343 3534 2388 et
3556 2336 3712 2390 nobis

2123 2416 2438 2470 conveniret
2467 2417 2679 2471 axioma
2704 2418 2837 2471 illud
2884 2419 3322 2490 philosophicum
3356 2440 3368 2475 :
3402 2438 3562 2478 omne
3593 2425 3717 2479 vio-

2125 2502 2329 2557 lentum
2358 2521 2467 2559 non
2498 2514 2581 2561 est
2615 2506 2879 2561 durabile.
2915 2507 3300 2579 Corporalibus
3349 2511 3492 2565 enim
3524 2513 3715 2567 solita-

2124 2592 2319 2646 riorum
2368 2593 2820 2660 necessitatibus,
2885 2612 3007 2651 cum
3052 2598 3279 2653 honesta
3322 2600 3711 2672 mediocritate,

2128 2680 2215 2735 hic
2244 2682 2554 2750 providisse
2577 2684 2845 2748 videmus,
2876 2684 3107 2740 maxime
3128 2703 3195 2741 ne
3227 2687 3430 2760 frigore
3451 2706 3716 2748 vexaren-

2123 2776 2231 2837 tur,
2269 2769 2495 2824 delicias
2527 2786 2557 2825 a
2587 2771 2745 2826 nobis
2777 2772 2831 2826 in
2851 2773 2953 2828 hoc
3001 2789 3191 2830 arcere
3223 2784 3424 2831 tantum
3456 2782 3713 2848 contenti,

2125 2866 2177 2911 et
2206 2874 2273 2912 ne
2302 2859 2459 2913 otiosi
2490 2875 2731 2931 unquam
2766 2878 3187 2930 remaneremus,
3224 2872 3298 2920 tot
3356 2866 3714 2924 instrumenta

2125 2947 2357 3019 singulis
2401 2950 2680 3004 monachis
2719 2950 2808 3005 hic
2863 2952 3219 3007 determinate
3253 2955 3556 3028 assignant,
3612 2959 3714 3013 alia

2125 3035 2284 3089 etiam
2314 3036 2727 3093 indeterminate
2758 3040 3107 3095 concedenda
3156 3058 3278 3097 esse
3335 3046 3709 3114 praescribunt,

2123 3125 2251 3179 dum
2287 3125 2498 3191 dicitur,
2535 3126 2582 3180 ei
2606 3127 2696 3198 qui
2736 3127 2990 3183 inhabilis
3016 3139 3161 3185 esset
3194 3132 3260 3185 ad
3292 3133 3610 3190 scribendos
3641 3137 3711 3190 li-

2124 3213 2273 3283 bros,
2310 3222 2360 3268 et
2382 3214 2599 3269 alterius
2624 3216 2755 3269 artis
2786 3224 2947 3282 esset,
2980 3218 3337 3275 ministranda
3360 3238 3481 3278 esse
3510 3225 3711 3279 instru-

2126 3309 2306 3357 menta
2327 3303 2425 3357 arti
2471 3319 2583 3357 sum
2606 3305 2999 3361 convenientia.

2195 3390 2363 3445 Num.
2406 3394 2457 3445 6.
2489 3393 2597 3446 Hoc
2620 3394 2775 3447 enim
2820 3410 3172 3467 nequaquam
3211 3400 3557 3469 conceditur,
3598 3405 3711 3457 nisi

2124 3494 2254 3532 cum
2278 3480 2349 3534 ad
2379 3481 2716 3547 claustrum,
2752 3488 2855 3536 etc.
2890 3482 2946 3535 Id
2978 3485 3258 3539 moraliter
3304 3487 3709 3560 intelligendum

2124 3575 2224 3631 est,
2250 3584 2374 3621 nam
2406 3576 2611 3623 certum
2636 3579 2717 3624 est
2739 3577 2863 3626 tunc
2893 3581 3111 3627 nostros
3128 3574 3366 3643 potuisse
3397 3577 3517 3631 aliis
3549 3580 3709 3634 etiam

2123 3655 2191 3709 de
2222 3656 2400 3711 causis
2428 3672 2457 3711 e
2489 3658 2627 3712 cella
2655 3660 2863 3729 egredi,
2896 3670 3053 3731 prout
3089 3663 3373 3719 manifeste
3399 3676 3624 3737 apparet
3646 3686 3707 3723 ex

2122 3759 2241 3813 cap.
2270 3747 2333 3797 17
2364 3752 2415 3798 et
2437 3748 2522 3810 32,
2549 3754 2599 3799 et
2622 3762 2684 3800 ex
2707 3747 2827 3801 aliis
2841 3748 3004 3802 variis
3023 3749 3177 3817 locis,
3212 3754 3506 3826 suadetque
3538 3757 3700 3813 ratio.

2124 3832 2375 3886 Poterant
2409 3833 2554 3886 enim
2585 3835 2652 3888 ad
2684 3836 2928 3905 priorem
2960 3839 3219 3894 accedere
3244 3842 3310 3894 ad
3330 3845 3707 3913 exponendum

2123 3918 2199 3973 illi
2223 3935 2348 3974 suas
2378 3923 2733 3977 necessitates
2764 3932 2815 3978 et
2846 3927 3112 3995 petendas
3142 3929 3406 3995 licentias,
3442 3934 3713 4005 Egressus

2124 4023 2259 4078 ergo
2283 4008 2372 4063 ille
2415 4010 2606 4065 ecella
2654 4028 2762 4066 non
2812 4029 3128 4083 concessus,
3181 4017 3323 4071 idem
3382 4029 3495 4074 erat
3549 4040 3708 4094 quem

2124 4096 2418 4151 etiamnum
2450 4114 2734 4169 egressum
2760 4117 2788 4155 e
2821 4102 2955 4156 cella
2988 4103 3375 4175 inordinatum,
3411 4109 3462 4162 id
3507 4118 3588 4164 est
3618 4128 3713 4165 su-

2122 4185 2412 4255 perfluum,
2447 4195 2498 4241 et
2518 4188 2722 4259 absque
2745 4190 2940 4245 morali
2970 4194 3291 4249 necessitate
3325 4196 3521 4252 factum
3554 4215 3715 4255 voca-

2124 4290 2268 4343 mus,
2296 4275 2363 4329 de
2410 4292 2518 4347 quo
2566 4277 2777 4347 culpam
2834 4289 3073 4334 nostram
3131 4283 3394 4339 debemus
3448 4288 3631 4343 dicere
3660 4290 3712 4343 in

2124 4362 2379 4433 capitulo.
2410 4365 2523 4419 Imo
2575 4382 2897 4435 persuasum
2928 4368 3103 4423 habeo
3133 4373 3275 4442 quod
3323 4390 3711 4447 nonnunquam

2122 4450 2344 4505 daretur
2372 4452 2451 4507 eis
2486 4453 2705 4508 licentia
2737 4455 3116 4513 deambulandi
3148 4460 3290 4515 intra
3347 4480 3587 4519 eremum
3621 4484 3712 4521 re-

2125 4539 2418 4594 creationis
2470 4542 2665 4613 gratia,
2699 4551 2857 4613 prout
2878 4560 2941 4598 ex
2974 4548 3335 4605 vetustissimo
3366 4569 3468 4607 ms.
3527 4557 3715 4614 codice

2120 4627 2212 4698 qui
2250 4627 2302 4681 in
2334 4635 2612 4699 postremo
2649 4631 2842 4687 domus
2872 4633 3125 4689 incendio
3157 4637 3389 4693 flammis
3436 4642 3724 4701 infeliciter

2118 4715 2408 4786 absorptus
2436 4724 2535 4771 est.
2571 4718 2649 4771 lbi
2673 4720 2815 4773 enim
2838 4720 2947 4793 legi
2982 4724 3212 4794 qualiter
3234 4743 3322 4782 res
3352 4729 3716 4800 disrioneren-

2117 4810 2217 4869 tur,
2295 4805 2508 4875 quando
2565 4806 2928 4863 deambulatio
2984 4811 3116 4865 intra
3200 4832 3360 4886 rupes
3418 4820 3713 4879 Carthusia‘.

2116 4893 2526 4960 concederetur,
2577 4896 2811 4951 maxime
2854 4898 2982 4952 dum
3014 4912 3305 4973 pergerent
3350 4906 3417 4960 ad
3477 4920 3713 4966 montem

2115 4981 2206 5051 qui
2255 4981 2464 5047 dicitur,
2519 4984 2568 5038 le
2604 4985 2791 5039 Grand
2859 4988 2987 5053 Son,
3054 4991 3199 5060 quod
3275 4994 3458 5049 Latine
3530 5010 3719 5077 sonat,

2112 5086 2379 5140 magnam
2448 5074 2843 5128 summitatem
2900 5083 2951 5129 et
3011 5076 3253 5134 imminet
3294 5082 3609 5153 Carthusiae,
3644 5074 3712 5144 ad

2115 5173 2278 5227 quem
2345 5159 2716 5214 scandendum
2792 5163 3042 5234 ampliori
3106 5171 3359 5239 temporis
3445 5176 3619 5245 spatio
3662 5186 3716 5233 et

2113 5245 2300 5300 lahore
2329 5262 2465 5317 opus
2497 5256 2596 5303 est.

2184 5335 2352 5389 Porro
2384 5344 2549 5391 totum
2579 5340 2683 5394 hoc
2742 5340 3031 5411 capitulum
3062 5345 3287 5400 relatum
3326 5348 3493 5405 habes
3524 5352 3575 5405 in
3608 5369 3712 5407 an-

2115 5422 2275 5494 tiquis
2308 5426 2535 5493 statutis,
2570 5436 2718 5498 parte
2752 5446 2810 5500 ιι,
2856 5446 2978 5501 cap.
3023 5435 3113 5487 16.

2182 5512 2313 5567 CAP.
2329 5514 2515 5569 XXIX
2530 5558 2541 5569 .
2556 5517 2788 5572 —Num.
2809 5523 2856 5574 1.
2871 5522 3032 5575 Omni
3052 5526 3295 5594 tempore
3314 5530 3583 5599 exceptis,
3605 5538 3710 5585 etc.

2109 5599 2191 5652 Ex
2220 5599 2318 5654 ista
2349 5605 2666 5674 exceptione
2697 5608 2914 5663 errandi
2961 5609 3181 5666 daretur
3211 5614 3449 5683 occasio,
3511 5625 3563 5672 et
3584 5628 3711 5675 cre-
