3978 6050
302 270 407 325 697

1648 248 2252 310 CONSUETUDINES.

3506 250 3607 302 698

291 386 728 445 hebdomadibus
752 426 766 451 ,
818 383 977 455 signo
1024 380 1239 453 pulsato
1268 384 1590 434 nocturnum
1622 373 1871 431 ecclesiae
1898 372 2135 427 ofﬁcium
2164 371 2421 444 congruis
2450 371 2650 445 vigiliis
2693 372 2745 426 in
2793 371 2932 427 cella
2960 370 3343 443 przeveuimus.
3379 370 3511 440 Quae
3540 370 3606 424 ab
3662 454 3683 463 ἔ

292 486 481 567 Idibus
511 480 845 555 Septembris
877 478 1079 535 sensim
1101 474 1470 547 paulatimque
1500 472 1802 527 crescendo
1828 473 1881 526 in
1905 470 2159 525 Kalendis
2188 471 2512 525 Novembris
2541 471 2814 542 perfectaa,
2836 472 3225 543 quinquaginta
3254 470 3480 541 psalmis
3502 484 3611 523 non

291 583 456 639 nimis
502 580 696 635 festiue
743 576 1029 633 cantandis
1079 572 1366 649 sufficiunt.
1419 575 1463 624 A
1512 584 1620 641 quo
1652 576 1895 639 tempore
1924 585 2097 640 usque
2127 569 2193 622 ad
2224 570 2504 624 Februarii
2536 570 2811 625 Kalendas
2857 569 3036 624 taliter
3071 575 3446 639 perseverant.
3482 568 3613 622 Inde

294 696 469 752 usque
500 678 565 733 ad
601 677 807 731 Pascha
836 671 1208 729 decrescendo
1238 668 1496 741 paulatim
1519 710 1533 730 ,
1587 667 1654 720 ad
1702 674 1906 720 tantum
1932 666 2196 735 spatium,
2250 667 2395 738 quod
2426 668 2699 721 matutinis
2734 675 2933 722 sanctae
2964 666 3148 722 Mariae
3180 666 3426 730 sufficiat,
3458 664 3610 720 redi-

297 784 515 849 guntur.
547 777 626 830 Ex
654 789 761 845 quo
792 787 965 843 usque
997 770 1063 824 ad
1092 768 1383 839 praedictas
1416 764 1751 836 Septembris
1783 763 1908 817 Idus
1939 762 1993 815 in
2025 764 2213 819 eadem
2247 766 2539 835 quantitate
2570 765 2887 836 perdurant.

370 879 425 931 2.
460 872 711 929 Secundo
743 879 925 925 autem
954 869 1113 941 signo
1141 866 1355 937 pulsato
1380 907 1392 927 ,
1427 863 1495 917 ad
1529 861 1815 917 ecclesiam
1848 860 2163 915 festinantes
2190 904 2201 926 ,
2237 862 2382 915 tertii
2412 862 2554 933 signi
2585 860 2747 917 finem
2778 861 3083 932 praevenire
3130 862 3425 935 satagimus
3452 906 3464 927 ,
3518 862 3610 916 ubi

298 987 466 1042 super
495 969 696 1025 formas
716 1009 729 1033 ,
762 964 1115 1037 prevenieute
1144 962 1328 1033 priore
1358 959 1442 1015 vel
1472 958 1555 1012 cui
1587 959 1689 1012 hoc
1720 954 2009 1024 injunxerit
2028 998 2041 1019 ,
2078 959 2517 1027 procumbentes,
2553 968 2603 1014 et
2634 967 2711 1013 ter
2744 962 2913 1015 Pater
2952 964 3164 1025 noster,
3198 960 3409 1015 cmleris
3439 958 3611 1014 semel

298 1067 481 1135 horis,
514 1066 753 1139 graviter
782 1064 1084 1133 devoteque
1116 1058 1493 1131 persolvimus,
1530 1062 1928 1126 surgentesque
1954 1053 2188 1123 psallere
2217 1055 2401 1111 divino
2431 1073 2553 1111 cum
2586 1058 2775 1112 timore
2806 1056 3111 1128 incipimus.

373 1170 427 1221 3.
461 1163 694 1219 Cantatis
726 1168 903 1216 autem
936 1157 1213 1214 nocturnis
1246 1156 1413 1210 breve
1441 1154 1670 1208 facimus
1700 1150 2047 1207 intervallum
2072 1192 2087 1217 ,
2137 1154 2282 1223 quod
2312 1154 2380 1207 ad
2411 1154 2531 1224 plus
2559 1163 2769 1225 septem
2800 1155 3039 1225 psalmos
3082 1154 3481 1225 plenitentiales
3512 1169 3610 1209 ca-

304 1279 435 1336 pere
461 1262 656 1319 valeat.
690 1260 997 1332 Sequuntur
1025 1255 1225 1311 deinde
1256 1252 1528 1308 matutinae
1575 1250 1785 1316 laudes,
1839 1264 1973 1319 quas
2004 1263 2036 1302 a
2068 1249 2323 1306 Kalendis
2353 1251 2607 1306 Octobris
2638 1269 2807 1324 usque
2855 1254 2924 1307 ad
2974 1254 3180 1309 Pascha
3222 1253 3312 1307 lux
3341 1251 3607 1320 terminat,

1664 1400 2235 1457 COMMENTARIUS.

310 1536 477 1594 deudi
507 1535 653 1607 quod
684 1534 877 1589 diebus
908 1530 1026 1587 istis
1057 1530 1149 1603 qui
1180 1528 1546 1599 excipiuntur,
1584 1525 1763 1580 statim
1791 1530 1914 1593 post
1941 1527 1997 1585 Α
2018 1541 2133 1578 rum
2166 1525 2503 1580 deveniatur.
2538 1525 2748 1581 Exinde
2778 1525 3058 1580 ferialibus
3087 1525 3282 1580 diebus
3313 1524 3368 1579 iu
3418 1525 3610 1581 eodem

308 1627 546 1698 primum
597 1624 813 1695 signum
874 1620 1217 1693 pergendum
1268 1617 1456 1671 fuisset
1503 1614 1570 1668 ad
1602 1612 1912 1677 ecclesiam,

314 1715 421 1770 nisi
467 1712 832 1783 explicaretur
877 1708 1007 1781 quid
1054 1707 1340 1778 vigilarum
1371 1704 1590 1759 nomine
1639 1702 1742 1756 sibi
1789 1700 1918 1756 velit

310 1804 376 1859 R.
411 1804 468 1857 P.
499 1800 701 1872 Guigo.

386 1890 705 1961 Vigiliarum
755 1902 891 1960 ergo
943 1883 1161 1940 nomine
1193 1880 1606 1955 intelligendum
1654 1886 1737 1934 est
1783 1893 1915 1949 spa-

320 1981 450 2037 tium
481 1978 613 2033 illud
643 1975 902 2047 temporis
932 1973 1077 2045 quod
1111 1972 1253 2025 ultra
1282 1968 1659 2025 necessarium
1689 1968 1758 2022 ad
1786 1984 1915 2038 per-

319 2068 611 2124 solvendas
660 2063 946 2119 matutinas
997 2062 1065 2115 de
1095 2061 1153 2113 B.
1187 2060 1352 2113 Maria
1384 2056 1727 2129 protenditur
1748 2099 1760 2122 ,
1796 2071 1916 2126 qua)

318 2156 559 2229 quotidie
609 2170 641 2207 a
686 2152 845 2207 nobis
896 2151 950 2204 in
991 2148 1199 2205 cellulis
1229 2148 1482 2203 dicuntur
1512 2146 1652 2199 inter
1679 2144 1916 2215 primum

315 2246 587 2317 psalmum
639 2241 1032 2296 matutinarum
1075 2246 1127 2291 et
1171 2236 1488 2299 secundum,
1539 2234 1608 2287 ita
1653 2241 1739 2297 ut,
1787 2233 1914 2285 dum

318 2334 549 2406 spatium
580 2339 787 2385 tantum
820 2327 1090 2382 suflicieus
1122 2326 1190 2379 ad
1223 2325 1355 2379 istas
1386 2322 1675 2377 matutinas
1723 2322 1916 2375 devote

318 2420 712 2493 persolvendas
761 2419 953 2482 datur,
1007 2415 1208 2487 vigilia:
1254 2414 1370 2468 istae
1420 2427 1737 2467 communes
1768 2410 1911 2463 sint:

320 2527 447 2566 cum
477 2525 605 2565 vero
636 2508 772 2562 ultra
804 2505 1166 2577 protenditur,
1198 2503 1252 2558 id
1285 2502 1497 2572 vigilias
1529 2508 1717 2555 auctas
1748 2514 1915 2553 voce-

320 2616 467 2652 mus.
511 2598 716 2652 Sensus
748 2612 883 2667 ergo
912 2596 975 2649 R.
1010 2593 1181 2646 Patris
1214 2591 1481 2661 Guigonis
1512 2598 1592 2643 est
1625 2596 1698 2654 ut,
1724 2587 1915 2642 diebus

323 2687 413 2742 hic
448 2685 707 2756 exceptis,
743 2684 855 2738 sive
888 2689 1071 2738 testate
1102 2680 1215 2735 sive
1246 2680 1424 2733 hieme
1455 2677 1722 2742 venerint,
1757 2675 1915 2730 nullae

322 2790 563 2848 unquam
593 2780 881 2827 serventur
911 2770 1110 2841 vigiliae
1140 2769 1280 2823 ultra
1311 2777 1522 2838 tempus
1544 2764 1916 2821 necessarium

324 2864 395 2921 ad
457 2861 851 2935 persolvendas
907 2858 1194 2913 matutinas
1252 2865 1304 2911 et
1361 2856 1548 2910 laudes
1623 2855 1691 2909 de
1763 2854 1918 2908 beata
1953 2882 2004 2942 B

322 2952 512 3007 Maria.

396 3041 533 3095 Ibid.
567 3041 696 3108 Qua:
717 3038 781 3093 ab
804 3037 985 3092 Idibus
1018 3034 1353 3106 Septembris
1374 3032 1585 3087 sensim
1613 3032 1927 3103 paulatim-

329 3146 433 3203 que
485 3126 811 3195 crescendo,
855 3132 957 3179 etc.
997 3124 1117 3177 Jam
1152 3122 1517 3192 explicaturus
1564 3127 1646 3174 est
1697 3118 1924 3190 qualiter

331 3216 535 3289 vigilia:
562 3216 678 3269 istze
714 3213 1118 3269 ordinarentur.
1151 3211 1233 3265 Ad
1267 3226 1492 3282 quarum
1520 3206 1819 3263 faciliorem
1842 3207 1929 3260 in-

330 3304 687 3377 telligentiam
708 3303 775 3356 ad
797 3300 1114 3355 memoriam
1138 3298 1505 3383 revocandum
1544 3304 1625 3351 est
1657 3296 1801 3366 quod
1817 3296 1929 3363 jam

328 3410 491 3465 supra
514 3407 635 3462 cap.
662 3394 725 3457 7,
758 3408 905 3444 num.
932 3395 992 3454 8,
1028 3388 1229 3444 dictum
1262 3395 1344 3441 est
1373 3387 1441 3440 de
1476 3384 1810 3455 longioribus
1841 3391 1931 3437 aut

327 3482 672 3538 brevioribus
704 3479 981 3543 noctibus,
1018 3494 1152 3549 quas
1183 3476 1385 3530 sensim
1416 3490 1664 3531 crescere
1696 3473 1841 3542 apud
1872 3488 1929 3527 se

329 3571 653 3642 reputabant
702 3569 768 3622 ab
818 3568 998 3622 Idibus
1049 3564 1419 3635 Septembris,
1468 3563 1521 3617 id
1569 3569 1649 3617 est
1682 3577 1713 3615 a
1744 3560 1931 3633 vigilia

326 3658 685 3716 Exaltatiouis
734 3664 937 3711 sanctae
968 3654 1141 3710 crucis
1172 3668 1345 3724 usque
1377 3652 1445 3706 ad
1495 3650 1771 3705 Kalendas
1821 3650 1932 3704 No—

334 3747 611 3815 vembris,
665 3745 778 3799 sive
829 3743 1021 3799 festum
1055 3742 1307 3797 Omnium
1344 3742 1691 3796 Sanctorum.
1749 3741 1793 3793 A
1824 3754 1931 3810 qua

336 3838 427 3891 die
458 3851 631 3906 usque
678 3834 745 3888 ad
796 3832 991 3887 festum
1024 3830 1418 3885 Purificationis
1464 3829 1634 3883 beatae
1662 3828 1844 3882 Mariae
1874 3844 1932 3883 se

330 3925 684 3988 ordinabaut,
719 3938 781 3977 ac
815 3922 859 3974 si
889 3921 944 3974 in
975 3920 1166 3975 eodem
1190 3917 1545 3991 longitudinis
1578 3925 1717 3971 statu
1746 3924 1933 3971 noctes

330 4018 741 4086 permanerent.
792 4010 1003 4063 Exinde
1037 4024 1207 4080 usque
1239 4008 1308 4061 ad
1358 4008 1563 4062 Pascha
1612 4013 1799 4061 noctes
1830 4006 1932 4060 de-

333 4118 584 4158 crescere
618 4099 964 4171 reputabant,
1000 4098 1097 4151 sed
1128 4112 1159 4149 a
1190 4097 1395 4151 Pascha
1427 4111 1599 4165 usque
1630 4095 1693 4148 ad
1725 4094 1933 4147 Exalta-

330 4192 535 4245 tionem
569 4196 769 4244 sanctae
798 4186 994 4252 crucis,
1030 4193 1217 4241 noctes
1250 4185 1302 4238 in
1335 4185 1527 4238 eodem
1556 4191 1695 4237 statu
1746 4199 1933 4253 perse-

330 4295 540 4343 verare,
575 4277 756 4349 quoad
787 4284 944 4331 nocte
980 4274 1239 4346 surgendi
1272 4275 1478 4337 horam,
1513 4271 1825 4327 censebant.

404 4367 542 4421 Ibid.
564 4370 613 4420 1.
634 4366 1049 4437 Quinquaginta
1074 4364 1331 4435 psalmis.
1352 4361 1433 4415 Ad
1454 4361 1555 4415 hoc
1578 4361 1713 4414 hora
1728 4359 1937 4430 integra

333 4464 387 4512 et
417 4456 555 4510 ultra
582 4470 717 4525 opus
749 4460 866 4519 est;
900 4452 954 4506 id
985 4468 1115 4523 ergo
1149 4449 1420 4521 significat
1437 4450 1579 4520 quod
1602 4448 1801 4520 vigilia)
1824 4448 1939 4503 istae

337 4551 649 4601 crescerent
694 4542 897 4597 sensim
952 4541 1020 4595 ab
1072 4539 1413 4594 Exaltatione
1481 4545 1681 4593 sanctae
1739 4537 1935 4603 crucis,

333 4649 511 4704 usque
541 4632 669 4686 dum
699 4630 1045 4701 pervenirent
1077 4629 1143 4682 ad
1178 4628 1408 4699 spatium
1440 4628 1589 4682 liora)
1630 4627 1855 4698 integrae
1884 4627 1939 4680 in

335 4722 471 4792 ipsis
494 4720 753 4775 Kalendis
786 4718 1132 4773 Novembris.
1180 4719 1239 4770 In
1291 4733 1397 4787 quo
1428 4716 1598 4786 spatio
1630 4717 1775 4771 hora:
1805 4716 1940 4769 inte-

333 4826 453 4881 grae
479 4808 899 4880 perseverabant
932 4822 1104 4878 usque
1159 4806 1227 4859 ad
1285 4804 1483 4859 festum
1526 4803 1935 4859 Purilicationis.

336 4902 383 4953 A
414 4914 523 4969 qua
552 4896 638 4951 die
670 4896 867 4966 vigilite
897 4894 1016 4948 istze
1046 4894 1111 4948 ad
1142 4893 1310 4947 instar
1339 4893 1579 4948 noctium
1611 4892 1812 4947 sensim
1845 4893 1940 4947 de-

338 4993 650 5042 crescentes
700 4985 769 5038 ad
818 4982 1051 5054 primum
1085 4982 1301 5036 tandem
1348 4988 1545 5036 statum
1594 4980 1837 5035 redibant
1886 4980 1937 5033 iu

341 5075 635 5139 Paschate,
670 5073 723 5126 id
756 5080 836 5127 est
868 5071 1014 5126 circa
1044 5079 1253 5140 tempus
1288 5071 1546 5133 Pasclun;
1579 5084 1703 5123 nam
1735 5069 1788 5123 in
1824 5069 1940 5140 ipsa

338 5163 429 5218 die
462 5163 642 5217 Coma?
672 5160 889 5217 Domini
919 5167 1133 5216 cessant
1164 5159 1281 5211 ista:
1328 5156 1541 5227 vigiliae.

414 5252 563 5305 Idem
584 5266 809 5320 prorsus
838 5265 979 5302 nunc
1002 5248 1359 5302 observamus
1382 5248 1528 5301 circa
1551 5246 1681 5299 istas
1704 5245 1936 5318 vigilias,

341 5349 394 5396 et
424 5339 726 5410 vigiliarum
759 5337 922 5393 etiam
954 5352 1174 5391 cursum
1207 5336 1449 5406 sequitur
1480 5335 1665 5405 pulsus
1695 5334 1939 5403 comple-

347 5430 505 5495 torii,
557 5444 680 5481 nam
733 5426 935 5480 sensim
979 5425 1167 5495 pulsus
1213 5424 1301 5479 ille
1348 5424 1670 5493 anticipatur
1714 5440 1745 5477 a
1803 5422 1940 5477 festo

344 5515 703 5571 Exaltationis
753 5522 953 5568 sancta:
997 5512 1170 5567 crucis
1197 5522 1355 5583 prout
1398 5513 1465 5566 ab
1497 5512 1730 5583 antiquis
1771 5511 1940 5565 Patri-

2020 1620 2162 1667 statu
2194 1622 2478 1684 permanet
2508 1631 2680 1685 usque
2711 1615 2779 1669 ad
2812 1614 3006 1669 festum
3036 1613 3429 1670 Puriﬁcationis
3459 1614 3517 1668 B.
3552 1614 3617 1671 V.

2020 1702 2225 1767 Mariae,
2260 1718 2292 1755 a
2316 1718 2418 1773 qua
2442 1703 2529 1757 die
2553 1703 2756 1757 sensim
2778 1704 3086 1758 retardatur
3104 1718 3276 1773 usque
3298 1703 3363 1756 ad
3386 1702 3611 1767 Pascha,

2022 1806 2128 1861 quo
2160 1798 2406 1860 tempore
2438 1792 2504 1845 ad
2534 1791 2819 1861 pristinum
2850 1800 3043 1845 statum
3076 1791 3235 1845 redit.
3269 1790 3400 1859 Quae
3430 1790 3613 1845 omnia

2020 1879 2181 1948 paulo
2214 1879 2386 1934 fusius
2417 1880 2770 1950 explicamus,
2804 1888 2861 1935 ut
2888 1880 3114 1935 inferius
3144 1879 3376 1935 dicenda
3406 1878 3613 1935 facilius

2021 1968 2409 2039 intelligantur.

2093 2058 2253 2112 Num.
2286 2061 2337 2111 3.
2375 2057 2634 2113 Cantatis
2674 2060 2973 2114 nocturnis
3013 2058 3189 2121 breve,
3235 2065 3338 2112 etc.
3371 2054 3614 2127 Spatium

2024 2146 2327 2200 durationis
2399 2147 2553 2201 istius
2622 2147 2888 2201 intervalli
2948 2146 3223 2217 exprimit.
3306 2145 3413 2200 Sed
3486 2144 3615 2215 quid

2025 2234 2253 2288 durante
2299 2234 2579 2289 intervallo
2624 2235 2714 2290 illo
2761 2234 2915 2290 fieret
2958 2252 3067 2290 non
3112 2234 3381 2305 exprimit.
3437 2232 3615 2287 Animi

2025 2323 2371 2378 attentionem
2404 2324 2481 2378 sic
2511 2324 2759 2379 relaxare
2792 2324 3028 2379 voluisse
3059 2322 3359 2389 credimus,
3411 2329 3463 2376 et
3492 2321 3614 2377 ideo

2026 2411 2093 2465 ad
2123 2411 2315 2466 cellam
2362 2411 2578 2466 interim
2613 2413 2812 2467 reverti
2861 2420 3141 2484 poterant,
3190 2419 3351 2482 prout
3380 2426 3445 2466 ex
3474 2411 3615 2465 auti-

2028 2500 2149 2570 quis
2179 2500 2392 2554 statutis
2432 2501 2715 2555 constabit.

2100 2588 2235 2641 Ibid.
2272 2591 2598 2661 Sequuntur
2617 2590 2815 2645 deinde
2836 2592 3140 2646 matutinae
3172 2591 3381 2655 laudes,
3415 2606 3551 2661 quas
3582 2606 3617 2643 a

2029 2678 2291 2732 Kalendis
2314 2676 2562 2732 Octobris
2584 2694 2756 2749 usque
2780 2677 2851 2732 ad
2874 2678 3090 2733 Pascha
3119 2681 3221 2734 tua:
3241 2680 3533 2734 terminat.
3558 2676 3618 2731 Id

2030 2773 2110 2819 est
2158 2780 2223 2819 ea
2272 2766 2403 2820 hora
2436 2772 2558 2820 tunc
2590 2765 2874 2829 finiuntur,
2923 2783 3023 2837 qua
3048 2768 3160 2835 jam
3191 2767 3310 2821 dies
3339 2766 3487 2822 clara
3515 2773 3613 2831 est,

2030 2854 2116 2908 vel
2147 2853 2335 2908 saltem
2368 2854 2640 2909 clarescit.
2682 2854 2903 2909 Exinde
2925 2854 3171 2911 inchoat.
3194 2856 3251 2909 Id
3278 2863 3359 2910 est
3390 2871 3457 2910 ea
3484 2855 3619 2909 hora

2029 2942 2136 2997 diei
2167 2942 2429 3013 incipiunt
2474 2960 2577 3013 qua
2626 2942 2742 2997 dies
2772 2942 3048 2997 illucessit.
3101 2945 3180 2999 Ex
3221 2946 3324 3000 hoc
3353 2944 3473 2999 loco
3502 2943 3620 2998 evi-

2029 3032 2166 3087 dens
2203 3039 2284 3085 est
2334 3032 2478 3101 quod
2528 3040 2808 3087 nocturna!
2846 3032 3045 3102 vigiliae
3101 3040 3227 3088 tunc
3281 3033 3350 3086 ab
3398 3032 3477 3086 eis
3514 3032 3621 3087 alio

2029 3120 2192 3175 modo
2214 3135 2374 3191 quam
2396 3136 2538 3176 nunc
2560 3136 2591 3174 a
2613 3121 2769 3176 nobis
2800 3130 3171 3191 servarentur,
3213 3121 3623 3191 dormireutque

2030 3211 2235 3279 absque
2278 3209 2674 3279 interruptione
2722 3218 2981 3281 quantum
3011 3210 3173 3275 satis,
3223 3218 3335 3265 toto
3382 3218 3623 3281 tempore

2032 3296 2177 3368 quod
2208 3296 2345 3351 inter
2375 3297 2646 3351 Kalendas
2679 3297 2930 3352 Octobris
2959 3307 3009 3353 et
3056 3300 3265 3355 Pascha
3296 3298 3545 3354 occurrit.
3578 3300 3623 3353 Α

2031 3385 2291 3439 Paschate
2339 3394 2515 3439 autem
2563 3402 2734 3457 usque
2784 3386 2852 3439 ad
2895 3386 3180 3455 przedictas
3206 3387 3504 3451 Kalendas,
3565 3386 3621 3441 in

2032 3474 2172 3529 lecto
2196 3472 2472 3542 jacebant,
2502 3473 2649 3541 juxta
2682 3473 2917 3528 noctium
2948 3476 3206 3543 majorem
3239 3484 3329 3529 aut
3358 3475 3623 3529 minorem

2034 3562 2394 3627 brevitatem,
2456 3578 2613 3633 quam
2665 3563 2995 3633 sequebatur
3043 3563 3204 3618 etiam
3243 3564 3623 3619 matutinarum

2035 3650 2275 3705 brevitas
2311 3652 2457 3721 (nam
2490 3658 2614 3705 tunc
2646 3650 2966 3706 lectionibus
2996 3660 3207 3718 carent,
3242 3652 3344 3706 nisi
3373 3660 3622 3707 occurrat

2034 3739 2272 3810 festum),
2316 3740 2413 3794 sed
2444 3739 2589 3810 quod
2622 3740 2799 3793 minus
2831 3740 3131 3796 dormirent
3167 3749 3354 3806 nocte,
3404 3741 3624 3811 supple-

2034 3829 2160 3882 bant
2208 3845 2308 3899 per
2339 3828 2719 3882 dormitionem
2749 3829 3031 3895 diurnam,
3083 3846 3201 3900 qua:
3244 3829 3350 3883 illis
3378 3829 3627 3900 assigna-

2036 3918 2193 3971 batur
2240 3917 2378 3971 inter
2425 3925 2627 3971 sextam
2678 3925 2727 3971 et
2778 3933 2975 3971 nonam
3012 3933 3023 3971 :
3057 3918 3197 3972 unde
3242 3917 3439 3972 mirum
3467 3926 3548 3974 est
3578 3918 3625 3973 si

2034 4022 2308 4078 nunquam
2338 4014 2461 4077 post
2491 4006 2781 4060 matutinas
2809 4006 2876 4060 ad
2907 4007 3105 4061 lectum
3151 4006 3410 4062 redirent.

2108 4095 2225 4163 Qua
2253 4096 2390 4149 hora
2420 4103 2546 4150 tunc
2566 4096 2869 4165 pulsaretur
2898 4096 2967 4149 ad
2982 4096 3275 4150 matutinas
3305 4096 3629 4165 conjecturis

2036 4191 2240 4238 tantum
2272 4192 2513 4238 astruere
2544 4200 2855 4253 possumus,
2908 4192 2960 4238 et
3009 4200 3072 4238 ex
3103 4184 3181 4237 eis
3204 4184 3447 4251 judicare
3482 4185 3628 4255 quod

2039 4280 2164 4328 tunc
2195 4272 2394 4344 vigilite
2422 4279 2620 4327 nostrae
2641 4280 2934 4337 nocturnae,
2960 4273 3029 4326 ab
3060 4272 3166 4326 illis
3189 4289 3308 4343 quae
3337 4273 3393 4325 in
3420 4273 3628 4344 Regula

2042 4362 2097 4415 S.
2132 4360 2407 4415 Benedicti
2440 4361 2893 4430 prazscribuntur,
2946 4376 3054 4415 non
3099 4361 3324 4416 multum
3354 4360 3624 4417 different.

2040 4452 2107 4506 Ut
2151 4458 2330 4504 autem
2381 4465 2471 4503 res
2518 4448 2819 4504 evidentius
2862 4456 3067 4519 pateat,
3120 4450 3207 4506 hic
3250 4450 3628 4506 adnotabimus

2040 4539 2186 4611 quod
2216 4554 2326 4593 non
2359 4545 2558 4592 tantum
2592 4536 2948 4605 conjecturis,
3000 4538 3097 4593 sed
3143 4539 3434 4610 assumptis
3470 4539 3628 4595 etiam

2042 4626 2391 4698 experientiis
2423 4627 2633 4682 discere
2665 4626 2839 4681 conati
2887 4643 3091 4681 sumus.

2112 4716 2411 4771 Constituta
2451 4731 2584 4787 ergo
2624 4715 2861 4786 quadam
2888 4715 3054 4769 veluti
3096 4717 3303 4785 epocha
3350 4716 3629 4771 Kalenda-

2041 4822 2159 4859 rum
2188 4804 2512 4859 Novembris
2537 4845 2551 4868 ,
2602 4820 2708 4874 quo
2737 4812 2982 4874 tempore
3014 4804 3148 4858 sicut
3176 4812 3228 4859 et
3257 4812 3444 4859 aestate
3475 4820 3630 4860 com-

2040 4892 2250 4964 pletorii
2280 4893 2470 4962 pulsus
2501 4891 2619 4947 fieri
2644 4892 2805 4947 debet
2836 4908 2959 4948 cum
2988 4892 3159 4947 adhuc
3190 4893 3300 4964 legi
3328 4901 3525 4963 potest,
3577 4892 3631 4947 id

2042 4990 2122 5038 est
2143 4983 2270 5035 dum
2289 4981 2407 5035 dies
2431 4980 2510 5036 sic
2540 4981 2592 5034 in
2616 4989 2830 5037 noctem
2853 4981 3097 5047 vertitur,
3131 4989 3184 5035 ut
3215 4982 3392 5037 adhuc
3413 4982 3467 5035 in
3490 4982 3630 5036 libro

2041 5070 2231 5124 titterzr
2262 5069 2371 5139 legi
2401 5069 2642 5139 possint,
2693 5070 3092 5140 exploravimus
3133 5086 3197 5125 ex
3228 5070 3493 5140 professo,
3528 5088 3633 5143 qua

2042 5160 2174 5213 hora
2205 5158 2258 5211 id
2291 5158 2658 5230 contingeret,
2712 5167 2762 5213 et
2806 5158 3110 5230 reperimus
3150 5175 3347 5214 serena
3378 5159 3465 5215 die
3496 5160 3635 5215 inter

2043 5254 2254 5301 montes
2283 5246 2599 5312 Carthusize,
2629 5256 2679 5301 et
2710 5247 2765 5301 iu
2795 5249 2988 5303 eodem
3017 5248 3138 5304 loco
3166 5248 3257 5303 ubi
3306 5256 3409 5303 stat
3457 5250 3633 5305 sacel-

2045 5335 2152 5389 lum
2175 5335 2345 5390 saucti
2368 5336 2628 5390 Brunonis
2651 5336 2703 5389 id
2725 5338 3042 5409 contingere
3065 5338 3230 5408 paulo
3261 5347 3382 5408 post
3402 5346 3629 5393 sextam.

2046 5424 2139 5479 Illo
2171 5440 2299 5479 vero
2329 5433 2601 5495 tempore,
2652 5425 2759 5479 imo
2792 5442 2822 5481 a
2854 5427 3110 5481 Kalendis
3142 5426 3395 5483 Octobris
3415 5468 3429 5494 ,
3476 5434 3636 5496 prout

2044 5528 2211 5583 supra
2243 5512 2438 5568 dicitur
2458 5554 2470 5578 ,
2504 5514 2797 5568 matutinas
2838 5514 3023 5569 laudes
3054 5515 3150 5569 lux
3182 5514 3525 5581 terminabat,
3572 5530 3637 5571 ac

350 5608 453 5661 bus
483 5605 831 5673 servabatur,
884 5602 1058 5657 donec
1087 5603 1154 5658 ad
1186 5601 1379 5658 festum
1413 5600 1666 5655 Omnium
1715 5592 2017 5659 Sancto-D
2046 5601 2271 5674 proinde
2321 5602 2439 5659 illas
2486 5608 2613 5658 tunc
2656 5602 2973 5659 terminatas
3020 5602 3187 5659 fuisse
3236 5602 3382 5662 circa
3427 5612 3635 5661 sextam
