3978 6050
397 192 501 245 699
1237 186 1582 244 GUIGONIS
1622 187 1643 240 Ι
1682 184 2092 242 CARTHUSLE
2130 185 2426 244 MAIORIS
2463 186 2740 243 PRIORIS
2780 188 2849 243 V.
3588 191 3698 242 700

393 313 589 369 exinde
617 314 856 370 inchoat.
888 312 971 369 Ad
992 312 1164 368 lectos
1193 319 1371 367 autem
1393 318 1516 382 post
1541 308 1855 376 matutinas,
1881 307 2027 363 nullo
2057 309 2264 364 reditur
2284 317 2545 381 tempore.
2576 313 2622 367 Α
2650 310 2924 382 ρι-ωάἰοῐίε
2955 310 3215 367 Kalendis
3243 310 3493 367 similiter
3521 327 3697 383 usque

395 410 463 465 ad
493 412 703 466 Pascha
730 411 959 481 primam
990 410 1081 464 lux
1109 409 1364 474 inchoat,
1416 407 1611 463 exinde
1640 406 1770 461 solis
1800 413 1949 461 ortus
1980 414 2275 478 exspectat,
2309 408 2551 478 exceptis
2581 415 2783 463 tantum
2814 408 3007 463 diebus
3037 408 3390 477 solemnibus,
3424 424 3597 480 usque
3625 407 3700 462 ad

395 508 667 563 Kalendas
696 508 1040 572 Novembris,
1075 508 1130 562 in
1159 506 1354 578 quibus
1384 505 1625 576 reliquos
1679 504 1797 558 dies
1843 503 2083 559 imitatur
2110 505 2331 560 aestatis.
2366 505 2473 559 Sed
2522 512 2575 560 et
2616 506 2670 559 in
2701 505 3134 579 Quadragesima
3164 506 3356 561 diebus
3386 505 3568 561 itidem
3601 522 3698 560 so—

390 605 683 673 lemnibus,
713 616 770 661 ut
802 607 1003 662 diutius
1034 606 1263 661 orationi
1294 605 1477 660 vacari
1507 604 1699 675 possit,
1725 620 1864 674 pene
1893 619 2066 672 usque
2095 602 2165 656 ad
2195 610 2371 656 ortum
2402 601 2651 657 differtur
2680 603 2828 658 solis.
2851 604 3069 659 Cateris
3092 620 3222 659 vero
3251 603 3463 671 diebus,
3498 603 3698 674 quibus

394 712 609 759 tenetur
638 704 929 776 capitulum
959 720 991 759 a
1020 703 1275 759 Kalendis
1304 702 1618 758 novembris
1646 718 1818 773 usque
1866 701 1936 755 ad
1984 699 2494 771 Quadragesimam,
2546 701 2719 756 donec
2750 701 2921 771 possit
2949 702 3004 755 in
3032 701 3172 755 libro
3202 700 3334 773 legi,
3366 700 3688 772 proteletur.

394 802 515 871 Qua
543 811 722 859 autem
752 803 887 857 hora
917 819 949 857 a
975 803 1180 873 pascha
1207 817 1377 873 usque
1407 801 1477 854 ad
1507 800 1783 855 Kalendas
1816 797 2071 854 Octobris
2105 797 2294 867 prima,
2347 797 2540 852 eadem
2587 813 2620 852 a
2650 798 2911 853 Kalendis
2939 798 3193 854 Octobris
3224 814 3398 870 usque
3443 798 3510 851 ad
3558 797 3701 866 Qua-

393 900 703 973 dragesima
726 899 880 955 tertia
900 899 1165 971 pulsatur,
1201 899 1315 953 sole
1356 897 1564 954 scilicet
1593 897 1692 969 [aL
1725 895 1997 967 videlicet]
2046 910 2288 949 summos
2309 894 2605 950 irradiante
2634 903 2865 951 montes.
2892 896 3137 966 Spatium
3160 903 3339 950 autem
3360 894 3499 949 vela
3518 894 3697 965 prima

392 1014 563 1068 usque
593 998 663 1052 ad
692 997 907 1051 tertiam
957 996 1151 1052 hiemis
1181 1003 1431 1067 tempore
1456 1039 1468 1060 ,
1517 995 1603 1049 vel
1633 1010 1666 1048 a
1697 992 1973 1047 matutinis
2003 1008 2176 1064 usque
2208 993 2277 1047 ad
2307 993 2538 1064 primam
2567 1001 2755 1049 aestate
2778 1038 2793 1060 ,
2836 994 3104 1049 exercitiis
3135 993 3503 1064 spiritualibus
3532 1009 3675 1047 man-

394 1093 621 1164 cipatur.
666 1096 709 1147 Α
752 1092 910 1147 tertia
961 1108 1091 1147 vero
1138 1108 1315 1164 usque
1346 1092 1416 1146 ad
1447 1098 1655 1147 sextam
1684 1091 1881 1156 hieme,
1935 1097 1986 1144 et
2034 1105 2064 1143 a
2109 1089 2278 1160 prima
2310 1108 2482 1162 usque
2526 1093 2595 1147 ad
2634 1093 2848 1148 tertiam
2878 1100 3080 1161 astate,
3110 1109 3369 1147 manuum
3398 1093 3658 1163 deputatu

394 1190 669 1261 operibus,
704 1206 823 1262 quae
856 1198 1038 1245 tamen
1068 1206 1231 1261 opera
1260 1189 1515 1245 brevibus
1544 1188 1793 1243 volumus
1821 1187 2157 1243 orationibus
2187 1187 2526 1259 interrumpi,
2574 1197 2629 1244 et
2674 1205 2781 1261 qua
2813 1189 2917 1244 sibi
2946 1189 3214 1245 vicinitate
3243 1190 3297 1244 in
3327 1190 3505 1245 hieme
3534 1198 3693 1245 sexta

394 1292 448 1339 et
475 1301 619 1340 nona
642 1326 656 1353 ,
690 1286 877 1341 eadem
911 1285 966 1339 in
997 1293 1185 1340 aestate
1215 1284 1371 1339 tertia
1400 1292 1658 1356 sextaque
1690 1284 2036 1340 conveniunt.
2069 1284 2185 1340 Tali
2211 1292 2389 1339 autem
2419 1286 2556 1341 inter
2600 1303 2660 1341 se
2691 1288 2862 1357 spatio
2893 1296 3251 1359 separantur,
3285 1303 3392 1358 quo
3421 1287 3691 1361 regularis

394 1381 649 1453 longius,
697 1382 864 1453 quieti
894 1383 1180 1453 deputatur
1210 1389 1416 1436 aestate.
1467 1383 1534 1436 Et
1579 1381 1720 1453 quod
1750 1396 1949 1435 nonam
1996 1398 2370 1455 vesperasque
2418 1380 2761 1440 disterrninat
2807 1386 2906 1458 [αι.
2955 1386 3321 1457 determinat],
3356 1386 3695 1439 manualibus

394 1486 689 1549 occupatur
719 1478 996 1549 Operibus,
1031 1495 1356 1550 semperque
1386 1479 1439 1533 in
1469 1478 1742 1549 operando
1772 1478 1841 1532 ad
1860 1479 2057 1534 breves
2085 1486 2137 1534 et
2168 1480 2321 1551 quasi
2344 1481 2614 1549 jaculatas
2636 1482 2763 1539 licet
2791 1483 3066 1539 orationes
3098 1499 3397 1539 recurrere.
3430 1485 3475 1537 A
3505 1498 3697 1555 vespe-

395 1575 470 1630 ris
500 1592 671 1649 usque
700 1577 769 1632 ad
798 1577 1213 1651 completorium
1245 1577 1573 1650 spiritalibus
1603 1592 1770 1647 Opera
1817 1577 1995 1631 datur.

1764 1715 2315 1773 COMMENTARIUS
2328 1760 2341 1773 .

405 1833 725 1888 matutinam
791 1829 1120 1887 credendum
1173 1836 1275 1884 est.
1336 1828 1393 1883 Si
1450 1845 1583 1901 ergo
1641 1835 2072 1901 supputenturA
2105 1832 2321 1888 citiores
2366 1831 2436 1887 ad
2482 1830 2712 1902 primam
2741 1830 3021 1902 pulsatur,
3055 1832 3199 1904 quod
3230 1832 3309 1889 sic
3338 1834 3704 1890 observabant

403 1923 551 1978 horae
595 1922 792 1994 quibus
839 1919 1068 1974 durabat
1114 1918 1354 1972 divinum
1384 1916 1617 1972 ofﬁcium
1657 1926 2002 1988 nocturnum,

408 2011 680 2081 adjunctis
732 2008 931 2077 vigiliis
964 2007 1068 2061 illis
1095 2007 1164 2061 de
1192 2006 1388 2077 quibus
1418 2022 1580 2076 supra
1609 2006 1844 2062 diximus
1865 2051 1877 2075 ,
1910 2025 2005 2063 re-

404 2099 680 2170 periemus
729 2114 829 2168 per
859 2094 1269 2167 experientiam,
1302 2109 1466 2165 quam
1497 2094 1661 2148 etiam
1689 2111 1835 2151 nunc
1864 2095 2004 2151 faci-

404 2203 546 2251 mus,
581 2192 811 2257 quatuor
840 2184 1007 2237 horas
1036 2182 1283 2254 integras
1312 2181 1674 2237 communiter
1705 2183 2001 2250 numerari,

404 2290 525 2346 qua:
574 2273 618 2327 si
662 2274 951 2327 demantur
997 2270 1064 2325 ab
1112 2270 1364 2324 undecim
1413 2269 1629 2324 circiter
1658 2270 1833 2336 horis,
1885 2288 2006 2342 quae

403 2368 699 2417 excurrunt
746 2360 888 2414 inter
934 2358 1171 2413 mediam
1219 2357 1435 2413 circiter
1474 2364 1599 2427 post
1638 2367 1847 2413 sextam
1877 2375 2006 2413 ves-

404 2450 678 2521 pertinam
711 2456 763 2503 et
793 2456 998 2503 sextam
1037 2446 1377 2511 matutinum,
1413 2447 1692 2500 restabant
1714 2455 1921 2517 septem
1954 2456 2007 2502 et

403 2538 547 2593 ultra
592 2539 771 2602 hora},
829 2553 950 2608 qua:
997 2535 1310 2590 dormitioni
1362 2535 1567 2605 absque
1612 2535 2005 2607 interruptione

402 2635 555 2681 erant
600 2627 891 2696 deputatae.
928 2624 1036 2679 Sed
1074 2624 1125 2677 in
1160 2623 1529 2678 vetustissimo
1573 2624 1760 2679 codice
1791 2624 2004 2693 reperi-

401 2732 525 2770 mus
551 2714 811 2785 scriptum
833 2757 847 2779 ,
904 2713 1047 2783 quod
1079 2712 1226 2767 circa
1258 2710 1453 2765 festum
1485 2711 1739 2766 Omnium
1773 2713 2004 2767 Sancto-

404 2820 522 2858 rum
572 2810 692 2858 octo
742 2802 890 2856 hora
920 2816 1030 2855 non
1078 2800 1391 2870 interruptae
1421 2800 1732 2854 dormitioni
1769 2801 2003 2871 deputa-

405 2894 622 2947 bantur.

476 2980 598 3049 Quo
646 2988 893 3050 tempore
941 2977 1164 3032 mutatio
1208 2976 1295 3031 illa
1341 2976 1477 3032 facta
1525 2977 1593 3031 sit
1640 2986 1846 3032 certum
1895 2994 2006 3033 non

402 3070 687 3135 habemus,
718 3085 880 3139 quam
911 3075 1089 3121 tamen
1119 3066 1385 3121 ducentos
1415 3081 1585 3120 annos
1615 3066 1701 3120 vix
1742 3082 2004 3136 superare

2106 1929 2160 1975 ut
2191 1929 2415 1991 possent
2437 1936 2565 1975 vere
2599 1928 2651 1974 et
2681 1920 2748 1974 ad
2786 1920 3015 1989 litteram
3048 1920 3247 1986 dicere,
3269 1924 3393 1977 Iam
3418 1925 3560 1979 lucis
3581 1928 3703 1980 orto

2106 2009 2307 2074 sidere,
2347 2009 2403 2062 in
2432 2010 2634 2080 hymno
2665 2008 2756 2079 qui
2786 2008 3027 2079 quotidie
3057 2010 3124 2063 ad
3154 2010 3383 2080 primam
3416 2012 3628 2067 dicitur.

2178 2097 2313 2151 Ibid.
2346 2099 2612 2168 Exceptis
2637 2101 2865 2151 tantum
2896 2097 3085 2153 diebus
3108 2100 3465 2154 solemnibus.
3500 2100 3705 2154 Sensus

2106 2192 2189 2239 est
2237 2185 2383 2255 quod
2416 2184 2531 2240 dies
2562 2185 2835 2240 solemnes
2866 2185 3009 2239 inter
3061 2186 3337 2240 Kalendas
3374 2186 3625 2242 Octobris
3654 2189 3707 2241 et

2105 2273 2433 2329 Novembris
2481 2282 2868 2343 occurrentes,
2920 2273 3082 2327 ritum
3125 2274 3338 2329 dierum
3383 2275 3703 2345 aastivalium

2106 2370 2486 2432 sequerentur.

2178 2450 2315 2503 Ibid.
2347 2449 2452 2505 Sed
2475 2455 2531 2505 et
2554 2452 2614 2505 in
2643 2450 3083 2520 Quadragesima
3103 2454 3169 2506 ut
3189 2451 3410 2507 diutius
3429 2453 3699 2517 orationi,

2106 2546 2209 2593 etc.
2242 2538 2324 2591 Ex
2357 2539 2460 2593 hoc
2490 2538 2611 2594 loco
2643 2539 3002 2593 obstruuntur
3039 2555 3130 2593 ora
3166 2555 3355 2594 eorum
3394 2540 3484 2611 qui
3518 2540 3703 2594 dicunt

2106 2626 2311 2679 nullum
2330 2641 2594 2697 apparere
2617 2635 2830 2696 tempus
2850 2625 3127 2697 praeﬁxum
3147 2628 3286 2697 apud
3310 2628 3696 2683 Carthusianos

2104 2730 2200 2784 pro
2232 2714 2474 2769 oratione
2507 2715 2765 2781 mentali;
2800 2715 2994 2786 quibus
3014 2715 3255 2770 breviter
3283 2717 3698 2788 respondemus,

2106 2803 2265 2856 istam
2328 2803 2590 2873 temporis
2638 2819 2954 2873 expressam
3022 2804 3532 2859 determinationem
3592 2804 3705 2861 fere

2106 2889 2438 2961 superﬂuam
2485 2890 2658 2945 visam
2708 2890 2873 2945 fuisse
2903 2893 2965 2946 R.
2999 2892 3147 2945 Patri
3180 2892 3417 2964 Guigoni
3455 2900 3508 2947 et
3553 2893 3693 2958 aliis,

2105 2978 2231 3051 quia
2276 2979 2384 3034 vita
2432 2979 2558 3033 boni
2606 2979 2944 3034 Carthusiani
2973 2988 3057 3035 est
3104 2980 3278 3035 oratio
3309 2981 3555 3036 mentalis
3585 2980 3696 3036 fere

2104 3067 2341 3136 assidua,
2374 3068 2623 3139 quamvis
2652 3084 2718 3122 ex
2748 3068 2850 3123 hoc
2882 3067 3005 3123 loco
3036 3069 3383 3139 perspicuum
3415 3068 3519 3134 sit,
3550 3085 3700 3123 sem-

405 3158 708 3223 credimus,
744 3172 867 3211 cum
897 3156 964 3210 ad
994 3171 1213 3209 manum
1244 3155 1542 3208 habeamus
1572 3155 1999 3225 manuscriptum
2033 3188 2085 3249 B
2106 3172 2203 3226 per
2232 3156 2285 3209 in
2315 3156 2509 3211 ordine
2540 3164 2752 3227 tempus
2780 3156 2849 3210 ad
2880 3156 2984 3211 hoc
3013 3156 3158 3227 pium
3188 3157 3502 3213 exercitium
3531 3156 3698 3213 fuisse

405 3246 672 3312 codicem,
699 3244 791 3316 qui
821 3260 931 3299 non
960 3244 1095 3298 adeo
1119 3251 1362 3297 vetustus
1392 3251 1637 3313 apparet,
1661 3244 1752 3297 ubi
1780 3244 1847 3298 de
1877 3244 2006 3299 dor-

403 3334 626 3389 mitione
674 3333 869 3388 diurna
897 3333 1289 3387 monachorum
1330 3347 1438 3386 non
1469 3330 1874 3386 interturbanda
1904 3349 2005 3403 per

403 3424 709 3479 discursum
759 3422 872 3477 sive
921 3420 1387 3475 deambulationes
1431 3419 1486 3473 in
1534 3420 1773 3475 claustro
1814 3435 2004 3475 omnes

403 3518 645 3566 astantes
680 3511 735 3565 in
784 3510 1021 3581 capitulo
1054 3508 1298 3581 generali
1338 3508 1478 3562 inter
1523 3507 1624 3561 alia
1654 3524 1878 3563 monere
1908 3525 2004 3563 so-

403 3601 597 3656 lemus.
630 3600 838 3654 Eodem
870 3606 1051 3652 autem
1081 3605 1325 3667 tempore
1358 3611 1465 3667 quo
1508 3595 1753 3650 ordinem
1786 3596 2005 3668 vigilia-

404 3705 521 3743 rum
549 3704 647 3759 per
663 3686 839 3742 somni
862 3684 1264 3740 intercisionem
1283 3692 1543 3738 mutatum
1569 3700 1690 3738 esse
1711 3684 2001 3750 credimus,

404 3776 744 3831 dormitionis
792 3775 1001 3828 diurnae
1050 3770 1504 3827 consuetudinem
1542 3771 1707 3827 etiam
1755 3787 2005 3828 cessasse

404 3872 677 3936 putamus.

473 3952 590 4020 Qua
634 3949 841 4005 ratione
890 3947 1115 4003 mutatio
1160 3948 1253 4001 illa
1300 3947 1643 4019 antiquarum
1691 3947 2005 4019 vigiliarum

402 4041 458 4096 in
488 4038 822 4095 austeriores
851 4054 917 4092 ex
947 4036 1297 4092 intercisione
1325 4036 1502 4090 somni
1533 4036 1673 4091 facta
1703 4036 1791 4099 sit,
1815 4036 2003 4090 nullibi

403 4128 663 4199 scriptum
686 4126 1007 4197 reperimus,
1035 4125 1132 4179 sed
1155 4124 1475 4194 conjicimus
1503 4124 1557 4178 id
1581 4123 1781 4179 factum
1813 4123 1999 4190 fuisse,

404 4226 481 4284 ut,
514 4217 640 4273 licet
671 4232 737 4271 ex
762 4215 865 4270 isto
895 4213 1178 4269 dimidiato
1210 4229 1400 4268 somno
1430 4220 1625 4267 natura
1654 4213 1856 4284 aliquid
1886 4230 2004 4267 ma-

399 4306 534 4375 joris
585 4304 729 4359 taedii
772 4311 1080 4374 pateretur,
1130 4302 1271 4356 vires
1317 4308 1495 4355 tamen
1544 4300 1710 4355 animi
1763 4318 1827 4355 ex
1895 4310 2004 4355 tam

403 4395 571 4467 longa
615 4391 975 4463 applicatione
1014 4391 1080 4444 ad
1128 4390 1382 4443 diurnum
1412 4389 1661 4455 ofﬁcium,
1714 4389 1858 4460 quod
1889 4388 2003 4444 fere

405 4491 530 4537 tunc
577 4489 843 4536 nocturno
872 4485 1221 4546 conjunctum
1251 4486 1398 4544 erat,
1450 4494 1560 4533 non
1610 4478 1770 4531 nimis
1802 4477 2002 4549 fatiga-

2108 3244 2418 3315 specialiter
2446 3245 2803 3317 assignatum.

2176 3333 2311 3387 Ibid.
2331 3332 2556 3389 Cmteris
2571 3350 2693 3389 vero
2708 3332 2896 3389 diebus
2910 3334 3107 3406 quibus
3123 3337 3351 3389 tenetur
3360 3334 3703 3407 capitulum.

2104 3421 2161 3475 Id
2194 3429 2276 3477 est
2305 3422 2456 3477 festis
2487 3438 2608 3492 qua}
2636 3421 2760 3476 ideo
2781 3423 3027 3493 capituli
3056 3438 3344 3488 vocamus,
3382 3423 3507 3493 quia
3537 3422 3591 3475 in
3619 3422 3699 3477 eis

2105 3526 2323 3581 semper
2345 3510 2637 3579 capitulum
2659 3517 2894 3575 tenetur,
2918 3512 3103 3565 Donec
3122 3513 3298 3582 possit
3321 3512 3383 3565 in
3408 3511 3545 3566 libro
3570 3512 3696 3582 legi,

2104 3598 2160 3652 id
2206 3606 2288 3653 cst
2337 3598 2482 3653 circa
2542 3611 2749 3652 sextam
2801 3599 2995 3653 horam
3030 3613 3041 3651 :
3076 3599 3221 3669 quod
3271 3599 3449 3653 adhuc
3507 3599 3698 3653 eodem

2104 3686 2269 3741 modo
2296 3702 2328 3741 a
2376 3686 2534 3741 nobis
2565 3687 2916 3752 observatur,
2969 3694 3195 3757 excepto
3227 3686 3357 3741 solis
3387 3694 3509 3742 ortu
3540 3702 3703 3759 quem

2105 3782 2291 3828 testate
2313 3775 2426 3843 jam
2473 3775 2626 3846 sequi
2657 3790 2765 3829 non
2796 3791 3089 3845 possumus
3135 3783 3361 3845 propter
3410 3776 3585 3829 somni
3618 3776 3706 3828 in-

2104 3864 2409 3919 troductam
2448 3863 2924 3934 interruptionem.
2982 3864 3191 3918 Eadem
3239 3863 3385 3919 enim
3430 3863 3541 3918 fere
3574 3863 3709 3918 hora

2105 3966 2214 4022 qua
2264 3952 2559 4023 surgebant
2605 3958 2789 4005 aestate
2837 3951 3043 4023 antiqui
3093 3953 3298 4017 Patres,
3350 3967 3449 4007 nos
3480 3958 3705 4006 stratum

2104 4047 2227 4111 post
2259 4039 2562 4110 persolutas
2594 4040 2886 4095 matutinas
2916 4056 3059 4095 nunc
3100 4040 3419 4110 repetimus.

2176 4128 2313 4182 Ibid.
2346 4129 2462 4196 Qua
2483 4132 2676 4182 autem
2694 4128 2832 4182 hora
2852 4146 2887 4182 a
2911 4128 3125 4183 Pascha
3148 4145 3320 4201 usque
3338 4128 3409 4182 ad
3423 4128 3703 4183 Kalendas

2107 4216 2373 4281 Octobris,
2395 4224 2498 4271 etc.
2524 4217 2646 4272 Sole
2669 4216 2927 4271 videlicet
2946 4233 3193 4271 summos
3218 4217 3537 4271 irradiante
3554 4233 3709 4271 mon-

2105 4309 2205 4359 tes.
2240 4304 2361 4358 Non
2393 4304 2461 4358 de
2490 4320 2597 4358 uno
2627 4311 2827 4358 tantum
2859 4312 3042 4358 monte
3073 4304 3331 4375 loquitur,
3369 4305 3466 4358 sed
3498 4305 3567 4359 de
3588 4304 3711 4374 plu-

2106 4392 2276 4445 ribus.
2315 4393 2409 4445 Est
2440 4400 2623 4446 autem
2654 4408 2817 4462 rupes
2849 4391 3115 4446 altissima
3144 4400 3367 4455 vocata,
3413 4393 3469 4447 la
3516 4394 3710 4464 pointe

2109 4481 2184 4535 du
2204 4480 2352 4543 Midi,
2378 4494 2443 4534 ac
2485 4480 2528 4532 si
2552 4480 2851 4545 diceretur,
2885 4497 3020 4535 acus
3041 4480 3474 4536 meridionalem
3498 4483 3710 4535 lineam

408 4578 593 4625 rentur
616 4611 630 4636 ,
685 4577 737 4624 et
786 4584 882 4639 per
924 4567 1100 4622 somni
1146 4566 1614 4636 interpositionem
1663 4566 1895 4620 discrete
1925 4564 2004 4619 sic
2035 4540 2080 4600 Ο
2104 4567 2438 4637 designans,
2491 4568 2577 4621 cui
2625 4568 2806 4623 radios
2835 4567 3010 4639 inﬁgit
3040 4568 3121 4622 sol
3154 4569 3331 4622 statim
3364 4576 3527 4639 atque
3556 4576 3711 4622 ortus

411 4667 676 4729 reparatae
705 4664 1154 4713 conservarentur
1180 4675 1194 4722 ;
1228 4655 1460 4709 maxime
1489 4670 1611 4709 cum
1642 4662 1831 4708 cantus
1861 4653 2001 4709 Gre-

407 4748 664 4818 gorianus
705 4746 848 4816 apud
896 4761 997 4799 nos
1039 4744 1093 4798 in
1140 4762 1242 4798 usu
1273 4751 1421 4799 esset
1449 4743 1631 4813 (quem
1665 4742 2003 4812 temporibus

403 4836 700 4907 primorum
748 4838 963 4889 Patrum
1014 4833 1311 4887 admissum
1356 4831 1521 4885 fuisse
1570 4831 1623 4884 in
1673 4830 1864 4884 ordine
1893 4845 2003 4884 non

406 4924 724 4993 credimus),
759 4930 810 4977 et
838 4938 903 4977 eo
934 4929 1095 4977 cantu
1125 4919 1286 4975 ofﬁcii
1340 4918 1509 4974 divini
1564 4918 1848 4989 prolixitas
1893 4933 2003 4973 non

404 5011 756 5066 mediocriter
786 5018 940 5064 aucta
969 5008 1180 5063 fuisset.
1955 5071 1961 5079 ι

476 5101 639 5154 Num.
657 5103 707 5153 3.
726 5099 762 5153 Α
780 5098 1069 5169 ρνίεᾰὶοιὶδ
1087 5096 1352 5151 Kalendis
1362 5097 1609 5166 primum
1630 5096 1733 5150 lux
1756 5094 2005 5151 inchoat.

409 5188 540 5243 Inde
571 5187 849 5259 colligitur
878 5186 1022 5256 quod
1050 5184 1197 5239 brevi
1231 5183 1520 5238 intervallo
1550 5191 1672 5252 post
1721 5183 2010 5237 matutinas

407 5277 564 5342 facto,
592 5277 679 5331 die
710 5275 870 5346 paulo
902 5273 1134 5343 amplius
1174 5272 1371 5337 lucida,
1393 5272 1494 5326 hac
1535 5272 1662 5325 anni
1694 5281 1864 5343 parte,
1891 5272 2010 5341 pul-

407 5375 619 5421 saretur
646 5365 714 5419 ad
743 5364 996 5434 primam.
1022 5362 1242 5417 Exinde
1264 5363 1397 5417 solis
1420 5364 1578 5417 ortus
1600 5364 1922 5432 exspectat.
1950 5360 2010 5415 Id

410 5461 493 5509 est
520 5454 695 5508 altera
722 5452 850 5506 anni
891 5459 1042 5522 parte
1085 5468 1115 5505 a
1164 5451 1370 5505 Pascha
1413 5466 1588 5521 usque
1633 5450 1702 5504 ad
1734 5450 2010 5504 Kalendas

414 5540 696 5609 Octobris,
729 5540 1030 5599 secundum
1062 5539 1245 5601 varios
1276 5539 1405 5596 solis
1434 5546 1582 5595 ortus
1627 5539 1894 5599 tardiores
1923 5547 2012 5593 aut

2103 4663 2185 4710 est
2215 4654 2269 4708 in
2299 4656 2487 4710 aestivo
2518 4655 2779 4725 solstitio,
2812 4657 2974 4726 paulo
3004 4668 3125 4727 post
3156 4663 3401 4727 quartam
3422 4699 3434 4721 ,
3476 4656 3575 4710 sed
3608 4672 3708 4710 an-

2104 4752 2317 4816 tequam
2367 4752 2580 4799 montes
2630 4745 2708 4800 sic
2760 4745 2868 4798 sint
2914 4744 3158 4799 irradiati
3204 4745 3343 4798 hora
3388 4744 3575 4815 quinta
3605 4751 3707 4809 est,

2102 4833 2245 4888 unde
2266 4832 2575 4904 colligimus
2592 4833 2735 4904 quod
2756 4840 2945 4887 aestate
2967 4832 3108 4887 inter
3129 4830 3293 4887 finem
3319 4833 3712 4887 matutinarum

2103 4928 2155 4976 et
2186 4920 2420 4991 primam
2450 4922 2538 4976 vix
2572 4937 2717 4991 saepe
2748 4921 2882 4975 hora
2912 4920 3311 4987 intercederet,
3345 4920 3432 4975 vel
3460 4920 3526 4974 ad
3556 4936 3711 4975 sum-

2108 5024 2257 5062 mum
2287 5008 2420 5062 hora
2451 5016 2503 5062 et
2543 5008 2744 5062 media.

2182 5096 2317 5150 Ibid.
2342 5097 2649 5152 Exercitiis
2670 5097 3085 5169 spiritualibus.
3108 5096 3252 5151 Ecce
3272 5112 3535 5167 expresse
3558 5104 3713 5152 nota-

2111 5191 2220 5238 tum
2253 5192 2464 5255 tempus
2513 5185 2581 5239 ad
2631 5185 2929 5240 orationem
2960 5185 3248 5240 mentalem
3281 5194 3334 5239 et
3364 5185 3591 5239 devotas
3624 5185 3708 5239 le-

2112 5274 2318 5329 ctiones
2360 5274 2503 5344 apud
2553 5290 2652 5328 nos
2702 5290 2919 5345 semper
2948 5274 3225 5347 assignari
3272 5274 3511 5328 solitum.
3566 5273 3706 5328 Etsi

2112 5362 2298 5434 plures
2330 5363 2474 5418 horae
2505 5362 2734 5418 orationi
2766 5363 2989 5417 mentali
3020 5362 3401 5434 impendenda:
3429 5363 3572 5432 apud
3612 5378 3712 5417 nos

2111 5468 2219 5506 non
2250 5450 2596 5522 assignentur
2619 5494 2632 5517 ,
2664 5452 2976 5507 meminerit
3006 5451 3179 5507 lector
3203 5494 3215 5517 ,
3249 5450 3411 5505 vitam
3431 5450 3559 5505 boni
3582 5450 3711 5505 Car-

2111 5538 2343 5595 thusiani
2399 5540 2601 5597 dictam
2652 5556 2681 5594 a
2736 5539 2893 5595 nobis
2946 5556 3110 5612 supra
3147 5539 3354 5607 fuisse,
3405 5538 3707 5596 orationem
