3978 6050
306 228 406 279 701

1653 220 2255 277 CONSUETUDINES.

3506 220 3613 277 702

378 355 431 407 4.
467 351 529 405 In
558 347 919 419 completorio
948 354 1129 402 autem
1160 346 1427 417 pulsando
1456 345 1589 400 illud
1620 345 1931 411 attenditur,
1960 354 2017 400 ut
2066 344 2285 416 quando
2315 343 2437 415 plus
2468 341 2713 399 differtur
2752 356 2877 399 cum
2922 343 3100 400 adhuc
3144 344 3255 416 legi
3285 350 3462 415 potest
3490 343 3611 415 pul-

311 456 479 503 setur.
516 449 643 501 Post
673 447 824 514 cujus
852 445 1013 499 finem
1046 445 1290 499 oratione
1331 443 1618 499 Dominica
1664 452 1745 498 ter
1786 451 1995 497 tantum
2035 458 2158 498 cum
2209 442 2496 497 devotione
2542 440 2710 508 finita,
2760 457 3101 514 nequaquam
3134 441 3276 496 ultra
3303 439 3607 496 differimus

307 547 596 602 accubare.

382 646 434 697 5.
469 644 591 697 Non
620 642 765 697 enim
801 657 1089 696 monemur
1117 639 1310 709 solum,
1344 639 1441 694 sed
1472 646 1522 694 et
1547 639 1821 708 jubemur,
1857 638 2004 693 horis
2034 639 2105 693 ad
2126 638 2361 709 quietem
2378 638 2648 708 deputatis
2681 636 3267 709 dormitionimagnum
3288 635 3607 707 impendere

307 740 567 805 studium,
600 755 708 810 quo
739 738 1074 808 temporibus
1104 737 1316 792 caeteris
1346 736 1601 792 alacriter
1629 736 1858 806 vigilare
1885 736 2177 807 possimus.

381 840 432 890 6.
486 835 820 890 Generaliter
864 843 1045 888 autem
1088 833 1141 887 in
1189 832 1421 889 ecclesia
1466 832 1759 886 matutinas
1800 839 1853 887 et
1897 847 2174 901 vesperas,
2225 830 2279 884 in
2310 831 2463 886 cellis
2495 847 2626 886 vero
2659 848 2875 903 semper
2908 831 3318 903 completorium
3351 830 3604 887 dicimus.

307 934 455 988 Alias
488 933 652 997 enim,
680 930 782 985 nisi
816 930 1021 986 festivis
1052 930 1260 996 diebus,
1296 937 1389 984 aut
1418 929 1637 1002 vigiliis,
1664 936 1755 983 aut
1783 928 2168 983 anniversariis
2196 927 2264 981 ad
2295 927 2582 982 ecclesiam
2612 945 2720 983 non
2752 928 3016 985 venimus.

1638 1106 2033 1161 CAPITULUM
2063 1106 2250 1161 XXX.

818 1236 893 1289 De
925 1233 1012 1289 his
1030 1233 1127 1306 qui
1154 1234 1217 1288 in
1239 1233 1385 1289 cella
1413 1231 1776 1287 manentibus
1806 1230 2129 1301 importune
2156 1245 2212 1285 se
2229 1231 2521 1301 ingerunt,
2556 1234 2610 1286 et
2633 1230 2700 1286 de
2729 1231 3075 1303 coquinaria.

378 1364 429 1413 1.
464 1359 519 1414 Si
550 1357 747 1429 aliquis
778 1357 1114 1429 importunus
1145 1358 1215 1413 ad
1245 1356 1437 1413 cellam
1468 1355 1694 1422 venerit,
1729 1353 1815 1410 vel
1846 1353 2083 1419 nutibus,
2117 1353 2223 1419 vel,
2254 1353 2300 1408 si
2327 1369 2435 1408 non
2464 1354 2736 1427 intelligit,
2770 1354 2954 1409 verbis
2984 1355 3053 1409 ad
3072 1354 3445 1427 coquinarium
3475 1370 3601 1411 eum

307 1455 566 1510 mittimus
592 1474 605 1520 ;
638 1455 869 1525 amplius
897 1471 1021 1511 cum
1051 1455 1144 1510 illo
1172 1454 1271 1528 [al.
1295 1453 1402 1526 eo],
1440 1453 1544 1508 nisi
1565 1451 1725 1521 jussi,
1758 1466 1867 1506 non
1892 1450 2182 1522 loquimur,
2218 1467 2320 1507 nec
2352 1451 2398 1505 si
2427 1451 2495 1505 sit
2525 1469 2841 1524 germanus.

375 1558 430 1608 2.
463 1552 823 1624 Coquinarius
867 1560 1046 1607 autem
1086 1560 1297 1623 portam
1346 1559 1546 1617 servat,
1597 1548 2012 1604 advenientibus
2057 1548 2372 1620 respondet,
2424 1548 2829 1620 eleemosynam
2868 1556 3117 1620 petentes
3171 1549 3240 1604 ad
3291 1548 3607 1605 inferiorem

304 1650 617 1704 transmittit
644 1651 884 1705 domum.
919 1651 1124 1705 Domos
1153 1657 1207 1704 et
1237 1649 1494 1704 universa
1524 1664 1646 1719 quae
1673 1647 1741 1701 ad
1761 1661 2079 1702 communes
2109 1663 2239 1699 usus
2269 1646 2542 1717 pertinent
2572 1647 2825 1703 custodit.
2847 1648 3016 1703 Porro
3047 1646 3297 1720 coquinae
3323 1646 3605 1714 terminos,

306 1747 505 1803 ostium
536 1746 786 1802 videlicet
818 1746 1110 1813 refectorii,
1146 1762 1254 1817 quo
1283 1746 1354 1800 ad
1381 1761 1503 1801 eam
1534 1744 1792 1811 tenditur,
1826 1758 1987 1798 nemo
2016 1743 2121 1797 nisi
2145 1744 2333 1812 jussus
2364 1743 2785 1815 transgreditur.

1690 1894 2265 1951 COMMENTARIUS.

305 2022 601 2079 mentalem
649 2022 977 2089 continuam,
1030 2027 1191 2092 prout
1221 2020 1399 2074 statim
1430 2020 1665 2091 amplius
1696 2019 1975 2090 proba-A
2008 2019 2227 2074 circiter
2257 2019 2483 2090 septima
2536 2019 2714 2075 adhuc
2760 2027 2938 2091 potest
2980 2020 3036 2074 in
3078 2019 3215 2075 libro
3257 2020 3386 2093 legi,
3421 2028 3474 2075 et
3502 2021 3608 2077 hoc

307 2113 473 2166 bitur.

379 2201 515 2254 Ibid.
548 2201 585 2254 A
625 2200 794 2254 tertia
824 2213 949 2254 vero
979 2214 1152 2270 usque
1182 2198 1256 2253 ad
1286 2201 1514 2253 sextam
1545 2197 1745 2263 hieme,
1787 2205 1899 2252 etc.

308 2290 390 2343 Ibi
416 2289 587 2342 habes
626 2295 840 2358 tempus
871 2287 1132 2357 operibus
1180 2286 1527 2341 manualibus
1570 2301 1732 2339 mane
1770 2285 1909 2339 assi-

305 2384 549 2449 gnatum,
583 2393 703 2447 quae
732 2391 1006 2446 nunquam
1030 2375 1099 2428 ab
1130 2374 1397 2429 orationis
1423 2373 1599 2428 studio
1630 2374 1777 2443 apud
1807 2389 1910 2428 nos

310 2464 553 2535 separari
592 2465 811 2529 debent,
860 2471 913 2516 et
952 2463 1031 2518 sic
1078 2462 1238 2517 nobis
1288 2462 1506 2516 exhibet
1535 2462 1599 2516 R.
1635 2463 1693 2515 Ρ.
1727 2461 1907 2531 Guigo

306 2553 541 2626 qualiter
554 2553 719 2608 verba
737 2552 829 2605 illa
846 2551 1043 2607 Christi
1056 2551 1328 2621 possimus
1343 2558 1394 2605 et
1406 2550 1701 2605 debeamus
1717 2549 1909 2620 imple-

308 2659 370 2696 re
392 2660 404 2695 :
434 2642 660 2713 Oportet
682 2657 900 2713 semper
917 2655 1079 2695 orare
1097 2643 1154 2694 ct
1174 2656 1289 2694 non
1311 2638 1546 2707 deﬁcere
1570 2638 1724 2708 (Luc.
1747 2638 1905 2707 xvm)

391 2730 526 2785 Ibid.
550 2732 617 2784 Et
638 2746 745 2801 qua
762 2730 865 2784 sibi
886 2729 1181 2784 vicinitate
1194 2730 1256 2783 in
1277 2727 1457 2782 hieme
1470 2731 1634 2782 sexta
1655 2731 1710 2781 et
1731 2744 1904 2794 nona,

308 2826 437 2883 etc.,
465 2819 690 2873 valeant
712 2818 1012 2886 explicari.
1038 2817 1142 2870 Per
1163 2816 1472 2887 regularem
1492 2815 1684 2869 horam
1704 2815 1907 2870 intelli-

307 2908 385 2979 git
403 2906 632 2961 oﬂicium
653 2906 777 2971 diei,
804 2914 856 2959 et
876 2921 975 2975 per
995 2905 1130 2958 duas
1153 2904 1220 2957 de
1243 2905 1300 2959 S.
1324 2904 1487 2957 Maria
1505 2903 1757 2976 intelligit
1780 2920 1907 2959 sex-

305 3005 414 3051 tam
436 3004 488 3049 et
507 3011 703 3049 nonam
722 2994 788 3048 de
802 2995 858 3047 B.
885 2993 1086 3059 Maria;
1106 2993 1250 3047 unde
1268 2993 1609 3048 concluditur
1625 2992 1772 3063 quod
1789 3007 1910 3063 spa-

308 3086 442 3140 tium
470 3085 611 3138 inter
634 3090 843 3139 sextam
880 3089 1068 3136 aestate
1089 3089 1206 3135 erat
1235 3089 1439 3135 tantum
1470 3080 1665 3135 mediae
1690 3081 1908 3136 circiter

308 3172 460 3227 hora:
501 3190 514 3226 :
548 3187 672 3225 nam
705 3171 774 3225 ad
803 3170 892 3224 illa
924 3185 1087 3239 parva
1111 3169 1287 3223 oﬁicia
1316 3169 1512 3225 devote
1541 3169 1909 3239 persolvenda

307 3262 501 3316 media:
526 3261 675 3315 hora:
706 3265 910 3312 tantum
946 3258 1121 3328 spatio
1151 3274 1289 3327 opus
1320 3266 1427 3312 est.

2009 2108 2149 2162 bene
2182 2109 2481 2163 concordat
2522 2124 2646 2164 cum
2692 2108 2898 2181 vigilia,
2951 2124 3072 2181 quae
3117 2125 3217 2180 per
3245 2109 3513 2181 Regulam
3543 2110 3601 2166 S.

2008 2196 2283 2251 Benedicti
2312 2197 2643 2269 assignatur.

2080 2286 2244 2338 Num.
2281 2288 2334 2339 5.
2370 2286 2491 2340 Non
2520 2287 2674 2341 enim
2704 2301 3007 2341 monemur
3036 2287 3236 2354 solum,
3260 2285 3357 2341 sed
3379 2290 3434 2341 et
3452 2286 3609 2357 jube-

2007 2389 2157 2441 mur,
2195 2380 2301 2428 etc.
2336 2374 2475 2428 Hinc
2503 2373 2794 2443 probatum
2824 2375 3093 2429 habemus
3126 2374 3373 2444 spiritum
3398 2375 3609 2431 ordinis

2008 2477 2041 2514 a
2070 2448 2228 2516 nobis
2264 2463 2481 2534 exigere
2512 2470 2570 2517 ut
2601 2462 2733 2516 nihil
2765 2479 2831 2517 ex
2861 2463 3082 2534 propria
3110 2463 3386 2518 voluntate
3414 2463 3605 2518 detra-

2006 2551 2139 2604 here
2188 2558 2514 2605 attentemus
2566 2551 2666 2604 sub
2713 2551 2954 2622 quolibet
3014 2559 3298 2622 praetextu,
3346 2551 3606 2607 subsidiis

2007 2638 2385 2707 corporalibus
2435 2655 2557 2709 quae
2603 2638 2739 2694 ordo
2777 2638 3022 2704 instituit,
3069 2640 3213 2710 quod
3244 2648 3326 2695 est
3354 2640 3606 2696 maximae

2008 2726 2349 2781 discretionis
2399 2726 2676 2792 indicium,
2723 2742 2889 2799 quam
2936 2728 3016 2783 sic
3041 2728 3344 2783 necessario
3372 2743 3605 2784 servan-

2008 2815 2133 2869 dam
2166 2832 2308 2881 esse,
2352 2816 2498 2871 circa
2518 2816 2642 2871 vitae
2673 2815 2930 2871 solitariae
2950 2816 3290 2887 professores
3309 2816 3449 2872 bene
3473 2817 3605 2872 diri-

2008 2904 2239 2974 gendos,
2264 2904 2488 2974 proprio
2510 2905 2881 2975 experimento
2902 2905 3146 2960 sciebant
3166 2905 3372 2977 antiqui
3389 2906 3601 2973 Patres,

2008 3000 2062 3047 ut
2094 2993 2147 3045 in
2182 2993 2282 3047 hac
2321 3000 2492 3063 parte,
2536 3008 2639 3047 nec
2667 2993 2836 3047 ullum
2868 2993 3265 3048 exercitationis
3292 3001 3380 3048 aut
3408 2993 3603 3048 morti-

2007 3079 2273 3135 ﬁcationis
2298 3081 2470 3135 zelum
2520 3081 2807 3136 admittere
2838 3081 3055 3137 vellent.
3091 3081 3248 3151 Quod
3276 3082 3507 3153 amplius
3537 3098 3603 3138 ex

2008 3184 2125 3239 cap.
2160 3173 2228 3223 35
2257 3169 2592 3238 probabitur.

2078 3259 2240 3312 Num.
2266 3261 2317 3311 6.
2345 3258 2700 3313 Generaliter
2720 3263 2913 3315 autem
2928 3260 2993 3314 in
3010 3260 3258 3315 Ecclesia
3282 3262 3603 3316 matutinas

378 3350 515 3404 Ibid.
542 3349 804 3420 Spatium
826 3362 952 3402 vero
975 3346 1118 3419 quod
1151 3350 1331 3401 sextw
1347 3361 1619 3418 uenaeque
1639 3348 1900 3414 interest,
1931 3371 1984 3432 Β
2008 3349 2065 3400 et
2087 3361 2361 3416 vesperas,
2387 3353 2490 3400 etc.
2515 3346 2595 3400 De
2617 3346 2784 3400 missa
2804 3347 2937 3401 nihil
2957 3348 3190 3402 habetur
3205 3348 3258 3402 in
3280 3349 3468 3405 codice
3494 3349 3603 3404 im-

307 3446 435 3498 etc..
460 3437 639 3509 quieti
653 3436 979 3507 deputatur.
1002 3436 1144 3489 Ecce
1162 3434 1416 3489 dormitio
1436 3434 1627 3488 diurna
1638 3450 1740 3505 pro
1751 3443 1905 3489 aesta-

304 3527 373 3579 tis
397 3534 638 3595 tempore
659 3524 951 3594 assignate,
968 3523 1035 3577 de
1057 3539 1161 3594 qua
1176 3523 1283 3590 jam
1302 3523 1534 3576 diximus
1555 3538 1677 3593 cap.
1696 3525 1749 3591 7,
1772 3540 1827 3577 n.
1851 3528 1901 3579 8.

380 3614 517 3668 Ibid.
543 3615 611 3667 Et
634 3613 776 3685 quod
816 3629 1027 3668 nonam
1053 3628 1431 3683 vesperasque,
1457 3620 1584 3679 etc.,
1606 3613 1903 3667 manuali-

306 3705 428 3759 [ηις.
454 3703 589 3756 Hinc
610 3708 757 3772 patet
789 3700 932 3771 quod
955 3700 1037 3753 bis
1059 3700 1111 3753 in
1129 3699 1217 3754 die
1240 3700 1481 3771 quolibet
1503 3708 1746 3771 tempore
1768 3716 1904 3772 ope-

304 3792 460 3847 ribus
486 3789 828 3844 manualibus
860 3788 1113 3843 monachi
1145 3788 1283 3859 apud
1306 3804 1406 3843 nos
1423 3797 1697 3853 vacarent,
1734 3789 1905 3845 semel

304 3896 465 3934 mane
488 3888 543 3933 ut
566 3894 729 3949 supra
750 3877 964 3945 dicitur,
989 3884 1041 3931 et
1061 3877 1230 3932 semel
1252 3893 1497 3948 vespere,
1522 3877 1663 3934 inter
1699 3895 1897 3934 nonam

306 3976 359 4023 et
390 3982 668 4038 vesperas.

378 4056 513 4110 Ibid.
532 4057 568 4109 A
593 4056 835 4126 vesperis
857 4070 1029 4126 usque
1051 4054 1123 4109 ad
1146 4056 1574 4126 completorium
1591 4056 1906 4125 spirituali-

304 4146 421 4209 bus,
453 4152 556 4199 etc.
584 4143 724 4199 Ecce
741 4143 916 4198 adhuc
940 4150 1153 4213 tempus
1170 4142 1488 4214 designatur
1510 4143 1579 4197 ad
1599 4144 1901 4199 orationem

304 4242 357 4289 et
388 4232 646 4287 exercitia
672 4231 1000 4302 spiritualia.

374 4322 539 4375 Num.
574 4323 624 4374 4.
660 4321 721 4374 In
768 4320 1129 4391 completorio
1165 4323 1378 4383 autem,
1426 4326 1556 4385 etc.,
1588 4324 1651 4375 ut
1681 4320 1900 4392 quando

302 4410 436 4483 plus
463 4409 744 4480 differtur.
790 4408 939 4462 Nihil
976 4416 1184 4463 certum
1230 4424 1293 4461 ex
1328 4410 1429 4463 hoc
1460 4408 1581 4463 loco
1611 4424 1901 4479 possumus

304 4497 571 4569 colligere
600 4497 747 4553 circa
776 4496 968 4551 horam
999 4512 1107 4567 qua
1127 4496 1195 4551 ad
1217 4496 1627 4566 completorium
1650 4496 1902 4567 pulsaba-

303 4594 394 4641 tur
423 4586 623 4640 aestatis
655 4593 941 4655 tempore;
976 4600 1098 4638 nam
1140 4585 1210 4639 de
1250 4585 1427 4639 hieme
1456 4585 1510 4639 id
1538 4593 1715 4656 potest
1746 4585 1900 4640 facile

300 4674 667 4737 determinari,
704 4682 863 4743 prout
893 4689 1059 4742 supra
1089 4674 1341 4739 diximus,
1367 4690 1562 4744 nempe
1583 4674 1746 4744 paulo
1776 4681 1901 4743 post

302 4770 529 4817 sextam.
564 4763 671 4817 Sed
708 4762 834 4816 inde
874 4762 1176 4816 evidentius
1206 4763 1468 4831 probatur
1498 4778 1563 4817 ex
1593 4778 1793 4835 magna
1821 4762 1905 4816 di-

300 4850 560 4906 versitate
583 4850 829 4920 pulsandi
859 4850 925 4904 ad
956 4850 1390 4919 completorium,
1429 4851 1571 4921 quod
1595 4851 1900 4923 vigiliarum

300 4946 688 4995 nocturnarum
738 4938 869 4993 ordo
913 4938 1078 5009 longe
1110 4939 1358 4993 diversus
1399 4947 1514 4992 erat
1543 4939 1611 4992 ab
1641 4954 1707 4993 eo
1739 4956 1901 5010 quem

301 5043 447 5082 nunc
475 5042 778 5093 servamus,
813 5026 941 5097 quia
972 5026 1188 5081 lucente
1215 5026 1388 5081 adhuc
1420 5028 1534 5082 sole
1565 5028 1633 5081 ad
1663 5028 1905 5098 comple-

301 5116 497 5170 torium
529 5115 808 5185 pulsamus
855 5123 1058 5179 aestate,
1108 5115 1196 5170 hic
1244 5132 1371 5169 vero
1403 5116 1596 5171 dicitur
1626 5116 1746 5171 illos
1777 5124 1901 5171 tan-

297 5212 410 5258 tum
439 5204 657 5274 pulsare
708 5203 896 5257 solitos
946 5220 1086 5268 esse,
1138 5220 1259 5258 cum
1303 5204 1480 5259 adhuc
1529 5204 1582 5258 in
1624 5204 1761 5260 libro
1789 5205 1899 5278 legi

298 5300 507 5363 posset,
543 5292 687 5363 quod
737 5291 950 5345 nonnisi
1002 5299 1123 5361 post
1174 5291 1303 5346 solis
1346 5292 1647 5347 occubitum
1679 5293 1895 5363 accipit.

298 5382 536 5450 Tempus
568 5397 698 5434 vero
730 5397 837 5451 quo
872 5380 992 5449 plus
1022 5379 1269 5434 differtur
1300 5381 1439 5435 circa
1472 5382 1680 5435 Pascha
1710 5382 1897 5436 incidit

299 5478 351 5523 et
403 5469 594 5523 eodem
662 5469 824 5523 modo
878 5468 1219 5523 continuatur
1280 5485 1451 5539 usque
1509 5469 1579 5523 ad
1622 5470 1897 5525 Kalendas

300 5557 574 5613 Octobris.
611 5556 730 5626 Quo
778 5565 1045 5629 tempore,
1080 5557 1284 5613 scilicet
1331 5558 1474 5614 circa
1502 5559 1731 5627 Pascha,
1767 5560 1897 5614 hora

2006 3449 2199 3504 presso
2224 3451 2238 3499 ;
2272 3442 2327 3487 at
2357 3433 2411 3486 in
2432 3433 2801 3489 vetustissimo
2834 3435 3022 3490 codice
3054 3436 3426 3507 manuscripto
3456 3436 3601 3510 legi-

2005 3539 2141 3587 mus,
2170 3523 2511 3585 matutinas,
2541 3524 2777 3577 missam
2814 3527 2868 3577 et
2914 3540 3192 3595 vesperas,
3228 3525 3371 3579 unde
3407 3526 3600 3581 merito

2004 3610 2277 3665 credimus
2301 3610 2553 3664 mendum
2576 3626 2699 3665 esse
2715 3612 3188 3683 typographicum.
3214 3611 3321 3667 Sed
3338 3613 3601 3684 quidquid

2005 3698 2092 3767 sit,
2128 3698 2259 3752 satis
2284 3699 2395 3767 jam
2427 3699 2494 3753 de
2524 3699 2688 3753 missa
2719 3700 2773 3753 in
2802 3700 2990 3770 primis
3006 3700 3253 3771 capitulis
3274 3701 3502 3756 dixerat.
3534 3702 3603 3757 Et

2004 3787 2050 3841 si
2078 3788 2303 3842 missam
2335 3788 2420 3843 hic
2468 3788 2727 3854 omiserit,
2779 3796 2959 3859 potest
3004 3789 3111 3844 dici
3159 3789 3309 3844 illum
3357 3790 3425 3845 de
3455 3791 3603 3846 horis

2004 3884 2207 3931 tantum
2236 3875 2515 3933 canonicis
2545 3876 2631 3931 hic
2658 3876 2809 3948 loqui
2836 3877 3094 3943 voluisse,
3129 3885 3182 3933 et
3210 3895 3427 3934 sensum
3453 3879 3599 3935 illius

2004 3982 2147 4033 esse,
2191 3974 2247 4020 ut
2290 3966 2620 4038 generaliter
2680 3966 2930 4021 omnibus
2976 3967 3168 4022 diebus
3224 3968 3501 4024 matutina)
3548 3976 3603 4024 et

2001 4071 2244 4125 vesperae
2275 4056 2526 4110 dicantur
2555 4055 2609 4108 in
2640 4055 2892 4124 ecclesia,
2924 4063 2976 4111 et
3004 4056 3419 4127 completorium
3450 4074 3592 4112 sem-

2001 4160 2100 4213 per
2128 4143 2182 4197 in
2213 4144 2386 4210 cellis,
2420 4144 2565 4216 quod
2610 4143 2772 4199 hodie
2816 4145 3009 4200 eodem
3050 4160 3276 4216 prorsus
3304 4146 3468 4200 modo
3496 4145 3601 4200 ob-

2004 4239 2269 4287 servatur.

2075 4321 2245 4374 Porro
2282 4320 2388 4376 hoc
2431 4320 2729 4392 capitulum
2769 4320 2982 4391 integre
3014 4319 3251 4376 refertur
3284 4326 3305 4376 1
3341 4339 3395 4394 p.
3428 4322 3597 4395 antiq.

2005 4416 2186 4462 statut.
2223 4424 2341 4479 cap.
2366 4410 2453 4476 41,
2490 4424 2544 4463 n.
2580 4412 2633 4475 4,
2666 4413 2718 4473 9,
2754 4413 2838 4477 10,
2874 4413 2939 4465 12
2971 4416 3024 4464 et
3056 4413 3141 4465 13.

2075 4497 2207 4552 CAP.
2243 4498 2425 4551 XXX.
2445 4528 2515 4537 —
2529 4498 2692 4553 Num.
2718 4501 2767 4551 1.
2788 4499 2847 4553 Si
2867 4498 3075 4568 aliquis
3092 4500 3475 4571 importunus.
3497 4501 3595 4557 Hic

2003 4586 2241 4657 loquitur
2289 4586 2357 4641 de
2425 4586 2717 4652 extraneis,
2770 4586 2862 4657 qui
2903 4587 2973 4641 ad
3033 4586 3255 4642 domum
3302 4588 3598 4646 Carthusiaa

2004 4675 2305 4741 venientes,
2338 4682 2390 4729 et
2420 4675 2719 4731 claustrum
2751 4674 2989 4747 ingressi
3010 4691 3116 4730 non
3138 4675 3414 4745 reperiunt
3436 4694 3598 4748 quem

2004 4763 2366 4834 alloquantur,
2419 4772 2656 4836 pergunt
2697 4764 2764 4817 ad
2814 4763 3024 4818 cellulae
3063 4764 3289 4831 januam
3332 4780 3440 4834 qua
3470 4765 3598 4834 pul-

2004 4860 2120 4905 sata
2147 4852 2295 4907 venit
2343 4853 2663 4919 monachus,
2698 4852 2788 4923 qui
2816 4851 2994 4906 audita
3023 4852 3286 4922 pulsantis
3316 4852 3596 4923 petitione,

2003 4939 2164 4994 habet
2197 4940 2285 4994 hic
2316 4940 2547 5011 qualiter
2578 4957 2637 4996 se
2668 4956 2863 5013 gerere
2888 4938 3102 5005 debeat,
3137 4939 3296 4994 etiam
3325 4955 3449 4995 cum
3470 4957 3600 5013 ger-

2009 5044 2169 5083 mano
2202 5028 2370 5083 fratre
2384 5070 2396 5082 .

2078 5116 2213 5171 Ibid.
2246 5118 2363 5171 Nisi
2378 5118 2547 5187 jussi.
2576 5118 2693 5172 Hoc
2721 5124 2822 5183 est,
2856 5116 2959 5170 nisi
2989 5132 3113 5172 cum
3137 5117 3363 5187 speciali
3382 5117 3601 5174 licentia

2000 5205 2068 5258 ab
2100 5221 2164 5260 eo
2194 5205 2375 5276 petita,
2413 5206 2504 5277 qui
2535 5206 2644 5260 vult
2675 5222 2775 5261 nos
2816 5205 3038 5278 alloqui,
3068 5207 3216 5275 juxta
3245 5222 3312 5263 ea
3339 5224 3459 5279 quae
3483 5209 3600 5277 jam

2003 5310 2169 5364 supra
2209 5309 2327 5365 cap.
2366 5296 2450 5359 1’7,
2484 5312 2537 5348 n.
2572 5299 2623 5358 2,
2657 5294 2911 5349 diximus.

2070 5384 2231 5438 Num.
2264 5388 2317 5439 ‘2.
2363 5385 2752 5455 Coquinarius,
2802 5391 2906 5439 etc.
2938 5383 3296 5455 Coquinarius
3326 5392 3441 5439 erat
3470 5391 3599 5440 tunc

2001 5488 2314 5527 (economus
2363 5472 2704 5539 universalis,
2735 5480 2789 5527 et
2835 5472 2983 5528 vices
3024 5472 3396 5544 procuratoris
3424 5488 3597 5547 agens

2001 5560 2055 5614 in
2086 5561 2250 5615 domo
2282 5560 2567 5635 superiori.
3032 5550 3037 5555 ’
3476 5558 3479 5559 ⁷
