3978 6050
380 236 482 291 703
1242 234 1583 291 GUIGONIS
1622 236 1643 289 Ι
1682 233 1994 290 CARTHUS

2125 230 2418 287 MAIORIS
2458 230 2731 287 PRIORIS
2769 232 2831 285 V.
3576 234 3684 288 ’704

450 363 504 413 3.
538 358 695 427 Quod
727 357 774 411 si
803 374 867 412 ex
898 357 1100 412 nostris
1130 358 1197 412 ad
1228 360 1423 415 cellam
1456 359 1660 414 venerit
1707 356 1899 428 aliquis
1946 355 2137 410 volens
2180 355 2327 428 loqui
2350 356 2527 423 nobis,
2561 356 2925 426 interrogatur
2950 354 3133 425 prius,
3167 356 3213 410 si
3242 355 3394 427 prior
3419 356 3641 425 jusserit
3667 376 3683 425 ;

388 455 548 511 aliter
580 455 649 509 ad
680 455 1007 526 colloquium
1037 472 1147 511 non
1177 457 1460 527 recipitur.

462 555 512 609 4.
545 552 653 624 Ipsi
682 569 895 626 quoque
926 554 1242 625 coquinario
1266 555 1319 609 in
1350 554 1501 610 cellis
1529 554 1772 609 residere
1807 560 1858 607 et
1891 550 2125 606 tabulari
2155 566 2264 605 non
2293 550 2436 615 licet,
2469 551 2575 607 nisi
2605 568 2765 623 quem
2798 551 2936 606 forte
2965 557 3234 622 aegrotare
3264 550 3571 623 contigerit.

1671 686 2067 741 CAPITULUM
2092 686 2312 752 ,XXXI.

1812 785 1953 838 Item
1985 783 2050 838 de
2072 784 2236 838 cella.

461 886 508 936 1.
545 881 640 936 His
672 882 746 936 ita
776 882 1091 952 prmlibatis,
1125 884 1194 937 ad
1225 883 1412 938 cellam
1454 883 1758 945 redeamus,
1806 882 1960 949 cujus
2006 880 2360 935 habitatorem
2402 881 2692 954 diligenter
2722 897 2783 935 ac
2814 880 3040 936 sollicite
3072 880 3227 935 decet
3278 880 3579 953 invigilare,
3613 898 3681 935 ne

388 994 525 1050 quas
554 979 869 1034 occasiones
896 979 1214 1052 egrediendi
1246 980 1413 1046 foras,
1446 980 1532 1036 vel
1565 980 1904 1035 machinetur
1933 978 2020 1033 vel
2054 978 2299 1049 recipiat,
2332 980 2573 1049 exceptis
2605 979 2686 1033 his
2720 995 2842 1050 quae
2874 980 3205 1049 generaliter
3234 980 3487 1035 instituta:
3520 988 3681 1047 sunt;

386 1077 483 1131 sed
513 1077 689 1147 potius
719 1078 857 1131 sicut
903 1094 1071 1149 aquas
1116 1078 1379 1148 piscibus,
1432 1087 1483 1133 et
1513 1077 1701 1133 caulas
1748 1077 1959 1143 ovibus,
2007 1076 2082 1129 ita
2126 1094 2237 1131 sua:
2284 1076 2440 1130 saluti
2470 1086 2521 1130 et
2552 1077 2673 1131 vita:
2721 1076 2915 1130 cellam
2947 1079 3167 1148 deputet
3198 1078 3587 1133 necessariam.
3623 1078 3681 1131 In

388 1190 497 1246 qua
527 1182 724 1246 quanto
773 1175 993 1241 diutius,
1046 1184 1193 1231 tanto
1241 1175 1494 1229 libentius
1542 1173 1827 1240 habitabit,
1860 1182 1911 1227 et
1951 1189 2112 1243 quam
2142 1173 2187 1226 si
2218 1174 2535 1244 frequenter
2566 1181 2617 1228 et
2646 1174 2854 1229 levibus
2884 1174 2952 1229 de
2981 1175 3160 1230 causis
3192 1174 3340 1229 exire
3371 1174 3682 1229 insueverit’

391 1272 499 1328 cito
520 1272 738 1327 habebit
760 1288 1006 1328 exosam.
1034 1275 1098 1327 Et
1122 1273 1244 1327 ideo
1267 1272 1478 1326 statutis
1496 1271 1566 1326 ad
1588 1273 1689 1326 hoc
1709 1270 1859 1325 horis
1889 1270 2119 1340 petenda
2135 1271 2352 1339 jubetur
2373 1278 2580 1341 petere,
2616 1278 2669 1325 et
2698 1278 2923 1341 accepta
2955 1277 3061 1325 tota
3091 1269 3371 1341 diligentia
3392 1270 3685 1325 custodire.

457 1374 513 1426 2.
550 1370 708 1440 Quod
736 1372 782 1425 si
830 1372 1071 1442 qualibet
1123 1371 1209 1425 vel
1260 1386 1353 1425 sua
1397 1370 1481 1424 vel
1528 1370 1750 1424 alterius
1790 1368 2150 1440 negligentia,
2200 1382 2359 1437 pane,
2413 1368 2555 1437 vino,
2598 1383 2757 1439 aqua,
2788 1368 2985 1439 igneve
3014 1368 3259 1433 caruerit,
3291 1366 3378 1422 vel
3408 1366 3684 1422 insolitum

391 1468 670 1538 strepitum
704 1476 796 1522 aut
826 1468 1118 1523 clamorem
1150 1468 1399 1534 audierit,
1452 1467 1537 1522 vel
1577 1466 1876 1537 periculum
1922 1465 2067 1535 ignis
2113 1464 2372 1519 exstiterit
2404 1464 2502 1535 [αἰ.
2554 1464 2845 1536 institerit],
2886 1464 3070 1520 licebit
3098 1464 3265 1533 exire,
3299 1472 3352 1519 et
3383 1463 3684 1519 subsidium

388 1571 654 1635 prmstare
687 1563 775 1619 vel
803 1572 1007 1634 petere,
1045 1574 1094 1619 et
1124 1564 1170 1618 si
1202 1563 1429 1635 periculi
1460 1563 1773 1634 magnitudo
1804 1562 2131 1633 poposcerit,
2166 1561 2436 1615 silentium
2462 1562 2622 1617 etiam
2652 1562 2889 1616 solvere.

460 1666 511 1715 3.
545 1662 655 1716 Soli
706 1663 849 1716 enim
899 1663 1162 1735 degentes
1208 1664 1367 1734 signa
1416 1662 1809 1727 coenobiorum,
1862 1668 1951 1715 aut
1999 1660 2148 1714 nulla
2195 1668 2285 1714 aut
2332 1675 2505 1731 pauca
2554 1661 2820 1725 novimus,
2873 1657 3119 1713 suﬂicere
3165 1666 3415 1728 putantes
3444 1658 3681 1731 linguam

389 1757 583 1825 solam,
617 1776 728 1813 non
758 1760 919 1815 etiam
952 1768 1179 1816 caeteros
1225 1769 1376 1815 artus
1418 1759 1661 1815 reatibus
1705 1758 1983 1829 implicare
2030 1757 2307 1828 loquendi.
2359 1758 2426 1811 Et
2474 1757 2594 1811 ideo
2645 1758 2688 1812 si
2729 1764 2873 1811 tanta
2920 1755 3221 1812 necessitas
3254 1764 3429 1828 urget,
3462 1772 3570 1812 uno
3599 1756 3685 1811 vel

389 1856 619 1918 duobus,
654 1864 744 1911 aut
772 1864 919 1914 certe
948 1858 1293 1928 paucissimis
1322 1858 1504 1915 verbis
1534 1857 1678 1929 quod
1710 1874 1796 1911 res
1816 1854 2049 1926 postulat
2077 1853 2366 1908 maluimus
2397 1853 2493 1925 [αι.
2530 1854 2814 1925 malumus]
2843 1852 3086 1908 indicari.

1700 1988 2095 2043 CAPITULUM
2134 1986 2367 2040 XXXII.

1328 2090 1404 2142 De
1431 2088 1711 2158 fratribus
1738 2088 1833 2158 qui
1865 2087 1923 2140 in
1956 2085 2143 2153 aliquo
2176 2099 2337 2154 opere
2369 2088 2739 2156 occupantur.

461 2182 595 2237 Cum
629 2183 795 2256 aliqui
827 2200 891 2238 ex
936 2184 1238 2249 monachis,
1289 2184 1643 2238 emendandis
1693 2183 1777 2239 vel
1817 2180 2054 2253 ligandis
2084 2179 2259 2246 libris,
2291 2179 2376 2235 vel
2405 2181 2564 2235 alicui
2597 2181 2686 2234 tali
2708 2181 2861 2250 operi
2900 2182 3291 2253 mancipantur,
3326 2182 3429 2253 ipsi
3460 2182 3679 2254 quidem

392 2276 688 2349 loquuntur
715 2278 782 2332 ad
812 2278 1065 2344 invicem,
1099 2293 1223 2333 cum
1251 2278 1759 2349 supervenientibus
1789 2292 1921 2331 vero
1952 2291 2314 2347 nequaquam,
2349 2278 2451 2333 nisi
2482 2279 2663 2349 priore
2692 2288 2963 2350 praesente
2993 2288 3083 2336 aut
3101 2281 3346 2350 jubente.

1742 2402 2314 2459 COMMENTARIUS.

468 2503 629 2558 Num.
656 2505 707 2556 3.
736 2502 888 2569 Quod
909 2502 957 2556 si
976 2517 1048 2556 ex
1076 2502 1305 2564 nostris,
1345 2507 1472 2567 etc.,
1510 2502 1916 2569 interrogatur,
1942 2501 1992 2553 si
2023 2501 2075 2557 A
2098 2508 2242 2570 patet
2292 2502 2434 2573 quod
2478 2518 2587 2556 non
2636 2510 2840 2556 tantum
2890 2502 3038 2558 festis
3087 2502 3276 2558 diebus
3327 2504 3380 2557 in
3408 2504 3681 2576 colloquio

394 2593 553 2663 prior
567 2592 825 2661 jusserit,
855 2599 958 2645 etc.
994 2590 1123 2643 Inde
1154 2589 1379 2644 evidens
1397 2590 1637 2660 estquod
1660 2589 1907 2643 monachi
1932 2604 1989 2641 se
2088 2599 2311 2658 possent
2343 2591 2654 2645 necessaria
2699 2600 2889 2662 petere
2921 2608 2950 2645 a
2991 2592 3330 2663 coquinario,
3379 2594 3475 2647 sed
3524 2593 3681 2647 etiam

396 2680 559 2734 etiam
591 2679 884 2749 aliquando
928 2678 1210 2733 visitarent
1256 2694 1378 2731 cum
1418 2678 1617 2748 prioris
1660 2677 1895 2732 licentia.
1933 2676 1990 2729 Id

399 2783 615 2837 semper
663 2766 1074 2837 intelligendum
1123 2774 1225 2831 est,
1277 2767 1487 2837 quoties
1529 2766 1592 2820 R.
1626 2767 1781 2819 Pater
1812 2764 1990 2836 Guigo

398 2855 570 2910 verbo
600 2857 870 2924 iussioni:
900 2857 1085 2909 utitur.

468 2961 631 3015 Num.
654 2963 706 3015 4.
734 2961 989 3017 Residere
1013 2966 1066 3017 et
1083 2962 1352 3033 fabulari,
1377 2970 1504 3030 etc.,
1528 2961 1643 3016 nisi
1665 2975 1825 3033 quem
1846 2962 1993 3029 forte

397 3053 691 3121 aegrotare,
722 3058 824 3105 etc.
863 3051 1221 3120 Coquinarius
1252 3068 1386 3123 ergo
1406 3052 1514 3120 ille,
1540 3050 1628 3122 qui
1653 3057 1775 3103 tunc
1796 3063 1993 3119 procu-

395 3138 593 3193 ratoris
642 3138 790 3193 vices
841 3140 1065 3210 gerebat
1113 3140 1165 3193 in
1216 3140 1379 3195 domo
1428 3138 1714 3210 superiori,
1760 3138 1995 3192 habebat

397 3227 694 3294 licentiam,
728 3227 867 3283 sicut
898 3235 949 3281 et
980 3244 1123 3283 nunc
1155 3229 1314 3285 habet
1345 3236 1679 3300 procurator,
1707 3228 1775 3282 ad
1797 3228 1994 3281 ostium

398 3315 549 3371 cellae
578 3331 755 3387 pauca
799 3316 964 3370 verba
1008 3317 1287 3388 loquendi,
1330 3326 1380 3373 et
1410 3317 1631 3372 forsitan
1678 3324 1803 3371 tunc
1834 3316 1993 3370 etiam

397 3404 634 3458 intrandi
699 3403 912 3474 cellam,
983 3406 1189 3462 ratione
1254 3406 1605 3477 supellectilis
1665 3404 1995 3475 coquinariae

400 3494 737 3561 ordinandas,
810 3495 937 3566 quia
989 3503 1113 3551 tunc
1162 3495 1417 3551 monachi
1465 3494 1663 3567 singuli
1710 3494 1995 3564 coquinam

402 3582 506 3637 sibi
535 3583 809 3638 faciebant
852 3600 916 3638 eo
947 3585 1111 3639 modo
1160 3585 1248 3656 qui
1299 3599 1485 3654 supra,
1537 3598 1657 3652 cap.
1690 3586 1779 3648 28,
1812 3582 1994 3652 expri-

398 3672 577 3739 mitur,
634 3673 732 3727 sed
789 3688 898 3727 non
945 3672 1018 3726 ibi
1069 3672 1341 3727 residendi
1385 3679 1476 3725 aut
1525 3670 1847 3725 fabulandi:
1889 3685 1995 3740 quo

405 3760 754 3816 fabulationis
795 3762 964 3816 verbo
994 3761 1297 3816 indicantur
1326 3761 1493 3815 verba
1522 3760 1660 3814 ultra
1689 3758 1995 3813 necessita-

404 3857 511 3904 tem
550 3849 781 3920 prolata.
834 3850 1098 3920 Tempore
1146 3865 1278 3904 vero
1337 3864 1442 3919 quo
1486 3848 1826 3919 aegrotabant
1869 3855 2066 3916 mo-B

398 3938 575 4003 nachi,
617 3938 967 4008 coquinarius
1011 3946 1226 4009 poterat
1264 3937 1432 3992 libere
1461 3937 1654 3993 cellam
1685 3936 1872 4009 regroti
1901 3937 1989 3991 in-

400 4033 565 4092 trare,
600 4033 653 4080 et
680 4026 755 4079 illi
788 4026 1118 4081 conveniens
1148 4026 1405 4081 auxilium
1435 4034 1715 4096 praestare.

470 4115 663 4170 Totum
707 4116 811 4171 hoc
868 4115 1159 4186 capitulum
1204 4115 1436 4170 relatum
1483 4114 1712 4169 habetur
1757 4114 1811 4169 in
1850 4115 1991 4170 anti-

409 4203 531 4275 quis
579 4204 792 4259 statutis
857 4220 895 4259 ιι
944 4212 1104 4275 part.,
1147 4220 1269 4274 cap.
1324 4205 1409 4273 17,
1454 4220 1507 4257 n.
1558 4206 1610 4269 5,
1661 4212 1712 4258 et
1755 4204 1882 4258 item
1935 4220 1994 4258 tu

399 4299 563 4362 part.,
598 4308 720 4364 cap.
770 4297 855 4359 10,
909 4310 962 4348 n.
1020 4297 1067 4347 1.
1118 4293 1323 4347 Eadem
1363 4308 1591 4363 prorsus
1630 4310 1772 4347 nunc
1801 4293 1993 4347 obser-

403 4388 601 4436 vantur
664 4380 828 4436 etiam
882 4381 1131 4453 rigidiori
1179 4380 1365 4447 modo,
1424 4382 1551 4454 quia
1600 4390 1753 4437 extra
1811 4398 1994 4436 casum

397 4468 723 4523 inﬁrmitatis
769 4470 1118 4542 coquinarius
1164 4486 1436 4541 nunquam
1479 4471 1785 4541 ingreditur
1832 4470 1995 4525 cellas

399 4558 812 4625 monachorum,
847 4560 1051 4631 absque
1083 4559 1304 4630 speciali
1334 4559 1569 4615 licentia.

478 4700 609 4754 CAP.
642 4700 848 4754 XXXI.
883 4731 951 4740 —
982 4700 1127 4755 Nihil
1170 4699 1329 4755 nobis
1358 4699 1670 4755 addendum
1704 4708 1786 4753 est
1814 4699 1997 4753 verbis

402 4789 466 4843 R.
499 4790 558 4843 Ρ.
592 4788 876 4861 Guigonis,
913 4789 1004 4861 qui
1034 4790 1234 4843 diserte
1265 4797 1316 4843 et
1345 4788 1531 4859 paucis
1552 4788 1731 4843 verbis
1748 4788 1999 4857 exprimit

400 4876 530 4948 quid
569 4877 691 4932 vitae
744 4878 992 4932 solitaria:
1035 4876 1317 4947 professor
1366 4877 1657 4931 observare
1705 4877 1916 4941 debeat,
1952 4876 1997 4929 si

400 4966 531 5021 velit
569 4966 741 5021 bonos
802 4967 1018 5021 habitus
1083 4966 1185 5019 sibi
1241 4965 1501 5031 formare,
1568 4974 1623 5019 ut
1670 4963 1896 5036 pacifica
1946 4973 1998 5020 et

402 5054 581 5125 quiete
610 5054 777 5108 vitam
808 5054 1070 5125 transigat
1100 5053 1154 5106 in
1185 5060 1329 5106 statu
1360 5069 1481 5108 suo.

472 5160 634 5214 Num.
673 5164 719 5213 1.
756 5161 1022 5231 Exceptis
1054 5161 1139 5214 his
1177 5176 1298 5230 qua:
1326 5161 1675 5229 generaliter
1708 5161 1989 5216 instituta:

402 5253 559 5305 sunt.
584 5248 813 5319 Semper
834 5248 1036 5303 inducit
1068 5247 1345 5317 piissimus
1368 5256 1419 5301 et
1442 5249 1851 5318 expertissimus
1873 5250 1996 5304 vitae

401 5336 658 5392 solitariae
674 5336 972 5407 professor,
997 5336 1139 5389 unde
1154 5351 1184 5387 a
1208 5343 1387 5389 mente
1409 5336 1771 5391 solitariorum
1814 5338 1997 5410 abigat

402 5426 722 5481 indiscretas
753 5424 1177 5495 singularitates,
1205 5431 1257 5477 et
1288 5440 1545 5479 excessus
1572 5425 1831 5494 eliminet,
1864 5442 1995 5497 pro-

404 5522 522 5584 pter
550 5528 747 5569 causas
777 5514 844 5567 de
872 5512 1067 5584 quibus
1098 5529 1321 5584 agemus
1352 5512 1492 5568 infra
1520 5530 1637 5585 cap.
1674 5518 1760 5569 35.

477 5601 612 5657 Ibid.
664 5603 910 5657 Statutis
958 5603 1030 5655 ad
1081 5602 1179 5657 hoc
1230 5602 1381 5657 horis
1429 5602 1692 5676 petenda,
1729 5612 1831 5660 etc.
1866 5604 1998 5659 llinc

2092 2680 2305 2748 quando
2336 2679 2389 2732 id
2420 2681 2719 2734 necessitas
2750 2680 3077 2749 postulabat,
3110 2682 3273 2735 certis
3302 2690 3483 2736 tamen
3514 2682 3681 2736 horis.

2163 2768 2324 2820 Num.
2356 2770 2408 2821 2.
2452 2768 2605 2835 Quod
2636 2769 2683 2822 si
2718 2770 2983 2840 qualibet,
3033 2778 3160 2835 etc.,
3188 2786 3354 2841 pane,
3377 2772 3525 2836 vino,
3575 2777 3677 2824 etc.

2092 2854 2190 2909 Hic
2222 2854 2409 2908 adimit
2439 2870 2653 2909 omnem
2684 2857 3307 2926 scrupulioccasionem,
3332 2857 3685 2927 exprimendo

2092 2944 2235 3014 quod
2270 2960 2369 3013 per
2415 2944 2568 2999 cella:
2598 2952 2647 2998 et
2696 2945 2893 3000 silentii
2942 2946 3199 3001 indictam
3245 2945 3546 3000 custodiam
3576 2962 3684 3001 non

2094 3032 2216 3087 ideo
2246 3032 2486 3105 privatur
2530 3034 2912 3091 Carthusianus
2960 3035 3203 3089 libertate
3249 3034 3583 3107 egrediendi,
3632 3044 3684 3089 et

2095 3122 2259 3175 etiam
2305 3122 2584 3192 loquendi,
2636 3124 2854 3193 quando
2916 3123 2971 3177 id
3021 3123 3188 3196 exigit
3223 3125 3365 3191 justa
3410 3124 3546 3177 ratio
3593 3133 3685 3179 aut

2094 3210 2413 3278 necessitas,
2462 3210 2636 3281 qualis
2684 3212 2769 3265 hic
2820 3211 3152 3282 exprimitur.
3210 3214 3289 3265 Ex
3327 3228 3468 3283 pane
3507 3221 3685 3267 autem

2094 3299 2182 3353 hic
2212 3307 2416 3365 notato,
2467 3309 2519 3353 et
2548 3299 2799 3354 libertate
2842 3301 3066 3372 petendi
3096 3316 3295 3372 panem
3329 3317 3453 3357 cum
3484 3300 3683 3367 deficit,

2094 3387 2332 3442 innuitur
2378 3396 2565 3442 tortam
2635 3389 2783 3443 illam
2840 3390 3016 3460 panis,
3077 3406 3199 3460 qua:
3247 3406 3411 3460 supra
3458 3406 3579 3461 cap.
3630 3392 3683 3455 7,

2095 3492 2148 3529 n.
2186 3480 2270 3540 10,
2305 3476 2423 3530 dari
2452 3486 2783 3532 memoratur
2820 3477 3051 3550 singulis
3100 3478 3399 3543 monachis,
3432 3487 3686 3549 tanquam

2097 3565 2297 3620 Christi
2325 3566 2607 3633 mendicis,
2643 3574 2766 3635 post
2804 3566 3170 3633 refectorium,
3192 3567 3369 3621 datam
3392 3583 3501 3621 non
3522 3566 3688 3623 fuisse

2096 3670 2193 3725 pro
2242 3662 2354 3708 tota
2407 3655 2771 3717 hebdomade,
2822 3655 2919 3709 sed
2959 3656 3131 3711 donec
3178 3664 3497 3727 consumpto
3547 3671 3686 3726 pane

2098 3742 2207 3809 illo,
2242 3742 2380 3797 alius
2422 3743 2845 3810 ministraretur,
2879 3744 3073 3799 diebus
3123 3743 3257 3798 infra
3292 3744 3686 3799 hebdomadam

2097 3832 2331 3886 statutis.

2166 3922 2328 3975 Num.
2381 3924 2431 3974 3.
2466 3922 2579 3977 Soli
2611 3922 2868 3993 degentes
2916 3923 3080 3994 signa
3119 3923 3515 3978 cwnobiorum.
3559 3923 3689 3977 Inde

2093 4010 2381 4065 innotescit
2413 4018 2673 4081 quantum
2723 4011 2883 4081 primi
2929 4012 3117 4065 Patres
3154 4018 3394 4067 amarent
3425 4011 3687 4082 simplici-

2093 4106 2255 4153 tatem
2287 4107 2338 4153 et
2387 4099 2774 4163 sinceritatem,
2819 4107 3187 4171 quantumque
3237 4108 3494 4171 utrasque
3533 4098 3690 4154 nobis

2094 4186 2388 4241 transferre
2433 4188 2651 4253 vellent,
2699 4188 2933 4242 nolendo
2978 4188 3051 4242 uti
3099 4188 3201 4241 alia
3248 4204 3307 4243 re
3354 4189 3423 4242 ad
3466 4204 3688 4244 sensum

2096 4292 2255 4331 suum
2286 4274 2727 4345 exprimendum,
2760 4277 2975 4347 quando
3006 4276 3301 4331 necessitas
3333 4276 3385 4330 id
3417 4277 3686 4348 exigebat,

2097 4382 2256 4437 quam
2298 4382 2362 4420 co
2393 4366 2659 4432 membro,
2694 4366 2838 4436 quod
2867 4366 2936 4419 ad
2967 4366 3021 4419 id
3051 4382 3082 4419 a
3113 4367 3227 4420 Deo
3256 4366 3577 4421 destinatum
3610 4374 3690 4420 est

2096 4463 2149 4509 et
2170 4454 2487 4524 repellendo
2519 4470 2584 4507 ea
2613 4454 2815 4519 omnia,
2851 4454 3045 4525 quibus
3076 4453 3292 4509 fallendi
3323 4456 3474 4509 nasci
3502 4462 3688 4524 posset

2096 4542 2335 4604 occasio,
2370 4551 2421 4597 et
2451 4559 2481 4595 a
2513 4542 2682 4596 nostri
2712 4543 2939 4596 Instituti
2971 4543 3257 4613 Pr0posito
3288 4544 3488 4597 sensim
3522 4544 3687 4597 aber-

2098 4632 2271 4685 randi.
2304 4632 2444 4685 Nam
2476 4631 2614 4684 sicut
2644 4630 2889 4685 videmus
2927 4639 3104 4685 mutos
3134 4648 3233 4701 per
3266 4640 3425 4684 nutus
3456 4631 3689 4685 miscere

2097 4720 2383 4791 colloquia,
2417 4719 2489 4773 ita
2532 4720 2694 4773 etiam
2740 4719 2952 4773 silentio
2982 4720 3182 4774 addicti
3211 4720 3352 4773 idem
3384 4719 3685 4783 addiscere,

2099 4815 2152 4862 et
2200 4807 2423 4879 exsequi
2463 4816 2708 4877 possent,
2744 4808 2789 4862 si
2819 4807 2996 4861 ablata
3026 4808 3283 4879 loquendi
3310 4807 3574 4871 libertate,
3608 4808 3686 4860 si-

2098 4911 2325 4969 gnorum
2386 4913 2515 4951 usus
2555 4896 2744 4951 fuisset
2789 4896 3149 4963 introductus,
3203 4905 3254 4951 et
3302 4897 3505 4968 passim
3556 4914 3689 4969 per-

2098 4986 2318 5040 missus.

2170 5075 2362 5129 Totum
2404 5075 2508 5129 hoc
2540 5074 2832 5145 capitulum
2871 5073 3101 5129 relatum
3161 5075 3328 5130 habes
3372 5075 3428 5129 in
3460 5074 3692 5147 antiquis

2102 5162 2310 5217 statutis
2340 5178 2378 5217 ιι
2408 5171 2573 5233 part.,
2606 5179 2724 5233 cap.
2760 5164 2845 5227 17,
2877 5178 2931 5217 n.
2968 5166 2990 5217 1
3027 5171 3077 5217 et
3109 5164 3476 5235 sequentibus.

2169 5253 2299 5305 Cxp.
2333 5251 2564 5306 XXXII.
2596 5283 2664 5291 —
2682 5252 2764 5305 Ex
2785 5253 2889 5307 hoc
2911 5252 3147 5323 capitulo
3164 5252 3445 5307 evidenter
3466 5259 3692 5323 apparet

2097 5340 2243 5412 quod
2272 5356 2378 5395 non
2427 5348 2631 5395 tantum
2679 5340 2871 5411 primis
2908 5341 3285 5395 Carthusianis
3313 5342 3517 5396 licitum
3549 5348 3696 5396 esset

2098 5445 2484 5500 nonnunquam
2535 5445 2594 5484 se
2642 5429 2874 5485 invicem
2924 5429 3164 5494 visitare,
3207 5430 3423 5501 quando
3452 5430 3602 5500 prior
3632 5446 3694 5483 ex

2099 5516 2401 5571 rationabili
2432 5532 2599 5571 causa
2628 5516 2682 5571 id
2732 5516 3094 5587 permittebat,
3130 5517 3226 5572 sed
3259 5518 3403 5589 quod
3432 5534 3541 5572 non
3576 5532 3695 5571 raro

2100 5604 2282 5676 plures
2320 5605 2570 5660 monachi
2619 5605 2779 5661 simul
2813 5605 3165 5661 convenirent
3195 5606 3265 5660 ad
3299 5605 3521 5679 aliquod
3551 5620 3691 5677 opus
