  <div class='ocr_page' id='page_1' title='image "/cluster/home/n/w/nwhite01/storage/ocr_20150623/153/hvd.32044054760111/358.png"; bbox 0 0 3978 6050; ppageno 0'>
   <div class='ocr_carea' id='block_1_1' title="bbox 259 186 366 239">
    <p class='ocr_par' dir='ltr' id='par_1_1' title="bbox 259 186 366 239">
     <span class='ocr_line' id='line_1_1' title="bbox 259 186 366 239; baseline 0 0"><span class='ocrx_word' id='word_1_1' title='bbox 259 186 366 239; x_wconf 78' lang='lat'>705</span> 
     </span>
    </p>
   </div>
   <div class='ocr_carea' id='block_1_2' title="bbox 1630 188 2235 250">
    <p class='ocr_par' dir='ltr' id='par_1_2' title="bbox 1630 188 2235 250">
     <span class='ocr_line' id='line_1_2' title="bbox 1630 188 2235 250; baseline -0.003 -6"><span class='ocrx_word' id='word_1_2' title='bbox 1630 188 2235 250; x_wconf 88' lang='lat' dir='ltr'>CONSUETUDINES.</span> 
     </span>
    </p>
   </div>
   <div class='ocr_carea' id='block_1_3' title="bbox 3465 182 3572 237">
    <p class='ocr_par' dir='ltr' id='par_1_3' title="bbox 3465 182 3572 237">
     <span class='ocr_line' id='line_1_3' title="bbox 3465 182 3572 237; baseline 0.019 -2"><span class='ocrx_word' id='word_1_3' title='bbox 3465 182 3572 237; x_wconf 84' lang='lat'>706</span> 
     </span>
    </p>
   </div>
   <div class='ocr_carea' id='block_1_4' title="bbox 1455 312 2385 371">
    <p class='ocr_par' dir='ltr' id='par_1_4' title="bbox 1455 312 2385 371">
     <span class='ocr_line' id='line_1_4' title="bbox 1455 312 2385 371; baseline -0.004 -2"><span class='ocrx_word' id='word_1_4' title='bbox 1455 315 1976 371; x_wconf 83' lang='lat' dir='ltr'>CAPITULUM</span> <span class='ocrx_word' id='word_1_5' title='bbox 2023 312 2385 368; x_wconf 83' lang='lat' dir='ltr'>XXXIII.</span> 
     </span>
    </p>
   </div>
   <div class='ocr_carea' id='block_1_5' title="bbox 1511 403 2303 476">
    <p class='ocr_par' dir='ltr' id='par_1_5' title="bbox 1511 403 2303 476">
     <span class='ocr_line' id='line_1_5' title="bbox 1511 403 2303 476; baseline -0.006 -16"><span class='ocrx_word' id='word_1_6' title='bbox 1511 406 1583 460; x_wconf 85' lang='lat' dir='ltr'>De</span> <span class='ocrx_word' id='word_1_7' title='bbox 1630 406 1872 476; x_wconf 85' lang='lat' dir='ltr'>jejuniis</span> <span class='ocrx_word' id='word_1_8' title='bbox 1925 407 2091 474; x_wconf 86' lang='lat' dir='ltr'>atque</span> <span class='ocrx_word' id='word_1_9' title='bbox 2141 403 2303 458; x_wconf 81' lang='lat' dir='ltr'>cibis.</span> 
     </span>
    </p>
   </div>
   <div class='ocr_carea' id='block_1_6' title="bbox 339 488 3574 572">
    <p class='ocr_par' dir='ltr' id='par_1_6' title="bbox 339 488 3574 572">
     <span class='ocr_line' id='line_1_6' title="bbox 339 488 3574 572; baseline -0.001 -26"><span class='ocrx_word' id='word_1_10' title='bbox 339 496 396 547; x_wconf 79' lang='grc'>1.</span> <span class='ocrx_word' id='word_1_11' title='bbox 436 494 586 550; x_wconf 89' lang='lat' dir='ltr'>Nunc</span> <span class='ocrx_word' id='word_1_12' title='bbox 615 494 683 549; x_wconf 90' lang='lat' dir='ltr'>de</span> <span class='ocrx_word' id='word_1_13' title='bbox 707 495 929 564; x_wconf 88' lang='lat' dir='ltr'>jejuuiis</span> <span class='ocrx_word' id='word_1_14' title='bbox 960 498 1204 571; x_wconf 88' lang='lat' dir='ltr'>cibisque</span> <span class='ocrx_word' id='word_1_15' title='bbox 1235 499 1524 557; x_wconf 87' lang='lat' dir='ltr'>dicendum</span> <span class='ocrx_word' id='word_1_16' title='bbox 1558 511 1656 557; x_wconf 89' lang='lat' dir='ltr'>est.</span> <span class='ocrx_word' id='word_1_17' title='bbox 1693 502 1959 569; x_wconf 89' lang='lat' dir='ltr'>Secunda,</span> <span class='ocrx_word' id='word_1_18' title='bbox 1994 507 2213 572; x_wconf 89' lang='lat' dir='ltr'>quarta,</span> <span class='ocrx_word' id='word_1_19' title='bbox 2251 505 2509 569; x_wconf 85' lang='lat' dir='ltr'>sextaque</span> <span class='ocrx_word' id='word_1_20' title='bbox 2564 494 2718 560; x_wconf 83' lang='lat' dir='ltr'>feria,</span> <span class='ocrx_word' id='word_1_21' title='bbox 2749 509 2909 565; x_wconf 90' lang='lat' dir='ltr'>pane,</span> <span class='ocrx_word' id='word_1_22' title='bbox 2964 500 3016 548; x_wconf 92' lang='lat' dir='ltr'>et</span> <span class='ocrx_word' id='word_1_23' title='bbox 3054 506 3216 564; x_wconf 88' lang='lat' dir='ltr'>aqua,</span> <span class='ocrx_word' id='word_1_24' title='bbox 3260 497 3313 545; x_wconf 89' lang='lat' dir='ltr'>et</span> <span class='ocrx_word' id='word_1_25' title='bbox 3355 489 3488 555; x_wconf 88' lang='lat' dir='ltr'>sale,</span> <span class='ocrx_word' id='word_1_26' title='bbox 3527 488 3574 543; x_wconf 91' lang='lat' dir='ltr'>si</span> 
     </span>
    </p>
   </div>
   <div class='ocr_carea' id='block_1_7' title="bbox 272 588 1094 659">
    <p class='ocr_par' dir='ltr' id='par_1_7' title="bbox 272 588 1094 659">
     <span class='ocr_line' id='line_1_7' title="bbox 272 588 1094 659; baseline 0.009 -18"><span class='ocrx_word' id='word_1_27' title='bbox 272 588 358 642; x_wconf 92' lang='lat' dir='ltr'>cui</span> <span class='ocrx_word' id='word_1_28' title='bbox 388 588 582 659; x_wconf 84' lang='lat' dir='ltr'>placet,</span> <span class='ocrx_word' id='word_1_29' title='bbox 617 593 857 646; x_wconf 91' lang='lat' dir='ltr'>contenti</span> <span class='ocrx_word' id='word_1_30' title='bbox 890 611 1094 648; x_wconf 89' lang='lat' dir='ltr'>sumus.</span> 
     </span>
    </p>
   </div>
   <div class='ocr_carea' id='block_1_8' title="bbox 340 681 3563 766">
    <p class='ocr_par' dir='ltr' id='par_1_8' title="bbox 340 681 3563 766">
     <span class='ocr_line' id='line_1_8' title="bbox 340 681 3563 766; baseline -0.001 -26"><span class='ocrx_word' id='word_1_31' title='bbox 340 690 393 741; x_wconf 74' lang='lat'>2.</span> <span class='ocrx_word' id='word_1_32' title='bbox 428 687 628 753; x_wconf 87' lang='lat' dir='ltr'>Tertia,</span> <span class='ocrx_word' id='word_1_33' title='bbox 665 689 853 759; x_wconf 88' lang='lat' dir='ltr'>quinta</span> <span class='ocrx_word' id='word_1_34' title='bbox 882 700 935 746; x_wconf 89' lang='lat' dir='ltr'>et</span> <span class='ocrx_word' id='word_1_35' title='bbox 964 694 1201 748; x_wconf 89' lang='lat' dir='ltr'>Sabbato</span> <span class='ocrx_word' id='word_1_36' title='bbox 1231 695 1526 766; x_wconf 80' lang='lat' dir='ltr'>legumina,</span> <span class='ocrx_word' id='word_1_37' title='bbox 1570 694 1656 749; x_wconf 86' lang='lat' dir='ltr'>vel</span> <span class='ocrx_word' id='word_1_38' title='bbox 1687 693 1893 765; x_wconf 89' lang='lat' dir='ltr'>aliquid</span> <span class='ocrx_word' id='word_1_39' title='bbox 1920 691 2227 762; x_wconf 85' lang='lat' dir='ltr'>hujusmodi</span> <span class='ocrx_word' id='word_1_40' title='bbox 2257 690 2361 763; x_wconf 87' lang='lat' dir='ltr'>ipsi</span> <span class='ocrx_word' id='word_1_41' title='bbox 2391 689 2548 745; x_wconf 92' lang='lat' dir='ltr'>nobis</span> <span class='ocrx_word' id='word_1_42' title='bbox 2580 687 2884 760; x_wconf 91' lang='lat' dir='ltr'>coquimus,</span> <span class='ocrx_word' id='word_1_43' title='bbox 2935 702 2966 740; x_wconf 87' lang='lat' dir='ltr'>a</span> <span class='ocrx_word' id='word_1_44' title='bbox 3013 682 3328 756; x_wconf 89' lang='lat' dir='ltr'>coquinario</span> <span class='ocrx_word' id='word_1_45' title='bbox 3358 681 3563 749; x_wconf 89' lang='lat' dir='ltr'>vinum,</span> 
     </span>
    </p>
   </div>
   <div class='ocr_carea' id='block_1_9' title="bbox 270 771 3521 864">
    <p class='ocr_par' dir='ltr' id='par_1_9' title="bbox 270 771 3521 864">
     <span class='ocr_line' id='line_1_9' title="bbox 270 771 3521 864; baseline 0.005 -26"><span class='ocrx_word' id='word_1_46' title='bbox 270 790 323 838; x_wconf 94' lang='lat' dir='ltr'>et</span> <span class='ocrx_word' id='word_1_47' title='bbox 348 784 403 837; x_wconf 90' lang='lat' dir='ltr'>in</span> <span class='ocrx_word' id='word_1_48' title='bbox 435 784 622 855; x_wconf 87' lang='lat' dir='ltr'>quinta</span> <span class='ocrx_word' id='word_1_49' title='bbox 650 785 786 842; x_wconf 88' lang='lat' dir='ltr'>feria</span> <span class='ocrx_word' id='word_1_50' title='bbox 815 805 1052 858; x_wconf 90' lang='lat' dir='ltr'>caseum,</span> <span class='ocrx_word' id='word_1_51' title='bbox 1087 792 1172 847; x_wconf 92' lang='lat' dir='ltr'>vel</span> <span class='ocrx_word' id='word_1_52' title='bbox 1195 793 1400 864; x_wconf 90' lang='lat' dir='ltr'>aliquid</span> <span class='ocrx_word' id='word_1_53' title='bbox 1423 792 1527 847; x_wconf 89' lang='lat' dir='ltr'>cibi</span> <span class='ocrx_word' id='word_1_54' title='bbox 1557 792 1804 846; x_wconf 79' lang='lat' dir='ltr'>lautioris</span> <span class='ocrx_word' id='word_1_55' title='bbox 1834 792 2182 862; x_wconf 86' lang='lat' dir='ltr'>accipientes.</span> <span class='ocrx_word' id='word_1_56' title='bbox 3512 771 3521 779; x_wconf 33' lang='lat'>.</span> 
     </span>
    </p>
   </div>
   <div class='ocr_carea' id='block_1_10' title="bbox 341 879 3567 961">
    <p class='ocr_par' dir='ltr' id='par_1_10' title="bbox 341 879 3567 961">
     <span class='ocr_line' id='line_1_10' title="bbox 341 879 3567 961; baseline -0.001 -27"><span class='ocrx_word' id='word_1_57' title='bbox 341 885 393 935; x_wconf 88' lang='lat'>3.</span> <span class='ocrx_word' id='word_1_58' title='bbox 427 881 510 935; x_wconf 83' lang='lat' dir='ltr'>Ab</span> <span class='ocrx_word' id='word_1_59' title='bbox 542 882 727 937; x_wconf 89' lang='lat' dir='ltr'>Idibus</span> <span class='ocrx_word' id='word_1_60' title='bbox 756 886 1090 956; x_wconf 85' lang='lat' dir='ltr'>Septembris</span> <span class='ocrx_word' id='word_1_61' title='bbox 1123 906 1294 960; x_wconf 85' lang='lat' dir='ltr'>usque</span> <span class='ocrx_word' id='word_1_62' title='bbox 1326 890 1395 943; x_wconf 89' lang='lat' dir='ltr'>ad</span> <span class='ocrx_word' id='word_1_63' title='bbox 1428 890 1653 955; x_wconf 83' lang='lat' dir='ltr'>Pascha,</span> <span class='ocrx_word' id='word_1_64' title='bbox 1684 890 1926 961; x_wconf 86' lang='lat' dir='ltr'>exceptis</span> <span class='ocrx_word' id='word_1_65' title='bbox 1957 888 2404 953; x_wconf 86' lang='lat' dir='ltr'>solemnitatibus,</span> <span class='ocrx_word' id='word_1_66' title='bbox 2440 901 2549 942; x_wconf 91' lang='lat' dir='ltr'>non</span> <span class='ocrx_word' id='word_1_67' title='bbox 2577 883 2681 938; x_wconf 88' lang='lat' dir='ltr'>nisi</span> <span class='ocrx_word' id='word_1_68' title='bbox 2732 880 2900 938; x_wconf 90' lang='lat' dir='ltr'>semel</span> <span class='ocrx_word' id='word_1_69' title='bbox 2940 880 2995 935; x_wconf 91' lang='lat' dir='ltr'>in</span> <span class='ocrx_word' id='word_1_70' title='bbox 3034 880 3122 935; x_wconf 91' lang='lat' dir='ltr'>die</span> <span class='ocrx_word' id='word_1_71' title='bbox 3151 879 3567 935; x_wconf 87' lang='lat' dir='ltr'>manducamus.</span> 
     </span>
    </p>
   </div>
   <div class='ocr_carea' id='block_1_11' title="bbox 340 976 3569 1057">
    <p class='ocr_par' dir='ltr' id='par_1_11' title="bbox 340 976 3569 1057">
     <span class='ocr_line' id='line_1_11' title="bbox 340 976 3569 1057; baseline 0 -25"><span class='ocrx_word' id='word_1_72' title='bbox 340 979 392 1032; x_wconf 76' lang='grc'><strong>4.</strong></span> <span class='ocrx_word' id='word_1_73' title='bbox 432 981 477 1033; x_wconf 86' lang='grc' dir='ltr'>Α</span> <span class='ocrx_word' id='word_1_74' title='bbox 508 980 712 1036; x_wconf 83' lang='lat' dir='ltr'>Pascha</span> <span class='ocrx_word' id='word_1_75' title='bbox 742 991 921 1038; x_wconf 88' lang='lat' dir='ltr'>autem</span> <span class='ocrx_word' id='word_1_76' title='bbox 943 1002 1116 1057; x_wconf 91' lang='lat' dir='ltr'>usque</span> <span class='ocrx_word' id='word_1_77' title='bbox 1145 986 1215 1040; x_wconf 89' lang='lat' dir='ltr'>ad</span> <span class='ocrx_word' id='word_1_78' title='bbox 1245 986 1561 1057; x_wconf 62' lang='lat' dir='ltr'>praedictum</span> <span class='ocrx_word' id='word_1_79' title='bbox 1591 986 1900 1055; x_wconf 89' lang='lat' dir='ltr'>terminum,</span> <span class='ocrx_word' id='word_1_80' title='bbox 1936 987 2136 1055; x_wconf 87' lang='lat' dir='ltr'>tertia,</span> <span class='ocrx_word' id='word_1_81' title='bbox 2190 994 2242 1042; x_wconf 91' lang='lat' dir='ltr'>et</span> <span class='ocrx_word' id='word_1_82' title='bbox 2274 985 2457 1057; x_wconf 87' lang='lat' dir='ltr'>quinta</span> <span class='ocrx_word' id='word_1_83' title='bbox 2505 982 2658 1049; x_wconf 89' lang='lat' dir='ltr'>feria,</span> <span class='ocrx_word' id='word_1_84' title='bbox 2707 995 2810 1036; x_wconf 90' lang='lat' dir='ltr'>nec</span> <span class='ocrx_word' id='word_1_85' title='bbox 2857 994 2966 1034; x_wconf 93' lang='lat' dir='ltr'>non</span> <span class='ocrx_word' id='word_1_86' title='bbox 3014 985 3067 1033; x_wconf 91' lang='lat' dir='ltr'>et</span> <span class='ocrx_word' id='word_1_87' title='bbox 3101 976 3335 1033; x_wconf 89' lang='lat' dir='ltr'>Sabbato</span> <span class='ocrx_word' id='word_1_88' title='bbox 3376 976 3569 1032; x_wconf 88' lang='lat' dir='ltr'>iterato</span> 
     </span>
    </p>
   </div>
   <div class='ocr_carea' id='block_1_12' title="bbox 272 1073 569 1131">
    <p class='ocr_par' dir='ltr' id='par_1_12' title="bbox 272 1073 569 1131">
     <span class='ocr_line' id='line_1_12' title="bbox 272 1073 569 1131; baseline 0.003 -2"><span class='ocrx_word' id='word_1_89' title='bbox 272 1073 569 1131; x_wconf 87' lang='lat' dir='ltr'>reficimus.</span> 
     </span>
    </p>
   </div>
   <div class='ocr_carea' id='block_1_13' title="bbox 342 1171 3569 1245">
    <p class='ocr_par' dir='ltr' id='par_1_13' title="bbox 342 1171 3569 1245">
     <span class='ocr_line' id='line_1_13' title="bbox 342 1171 3569 1245; baseline 0 -19"><span class='ocrx_word' id='word_1_90' title='bbox 342 1175 392 1227; x_wconf 83' lang='lat'>5.</span> <span class='ocrx_word' id='word_1_91' title='bbox 427 1174 508 1228; x_wconf 83' lang='lat' dir='ltr'>Ad</span> <span class='ocrx_word' id='word_1_92' title='bbox 539 1189 769 1239; x_wconf 88' lang='lat' dir='ltr'>coenam,</span> <span class='ocrx_word' id='word_1_93' title='bbox 805 1173 889 1228; x_wconf 85' lang='lat' dir='ltr'>vel</span> <span class='ocrx_word' id='word_1_94' title='bbox 922 1173 991 1228; x_wconf 92' lang='lat' dir='ltr'>ad</span> <span class='ocrx_word' id='word_1_95' title='bbox 1023 1174 1334 1245; x_wconf 84' lang='lat' dir='ltr'>prandium,</span> <span class='ocrx_word' id='word_1_96' title='bbox 1368 1189 1493 1229; x_wconf 91' lang='lat' dir='ltr'>cum</span> <span class='ocrx_word' id='word_1_97' title='bbox 1540 1173 1709 1229; x_wconf 88' lang='lat' dir='ltr'>semel</span> <span class='ocrx_word' id='word_1_98' title='bbox 1743 1173 1975 1241; x_wconf 87' lang='lat' dir='ltr'>edimus,</span> <span class='ocrx_word' id='word_1_99' title='bbox 2026 1173 2221 1228; x_wconf 85' lang='lat' dir='ltr'>herbas</span> <span class='ocrx_word' id='word_1_100' title='bbox 2252 1172 2471 1243; x_wconf 87' lang='lat' dir='ltr'>crudas,</span> <span class='ocrx_word' id='word_1_101' title='bbox 2524 1171 2610 1227; x_wconf 85' lang='lat' dir='ltr'>vel</span> <span class='ocrx_word' id='word_1_102' title='bbox 2640 1171 2866 1238; x_wconf 89' lang='lat' dir='ltr'>fructus,</span> <span class='ocrx_word' id='word_1_103' title='bbox 2916 1172 2961 1226; x_wconf 91' lang='lat' dir='ltr'>si</span> <span class='ocrx_word' id='word_1_104' title='bbox 2992 1172 3198 1241; x_wconf 86' lang='lat' dir='ltr'>adsint,</span> <span class='ocrx_word' id='word_1_105' title='bbox 3248 1171 3569 1243; x_wconf 88' lang='lat' dir='ltr'>accipimus.</span> 
     </span>
    </p>
   </div>
   <div class='ocr_carea' id='block_1_14' title="bbox 272 1270 3569 1343">
    <p class='ocr_par' dir='ltr' id='par_1_14' title="bbox 272 1270 3569 1343">
     <span class='ocr_line' id='line_1_14' title="bbox 272 1270 3569 1343; baseline 0 -18"><span class='ocrx_word' id='word_1_106' title='bbox 272 1270 406 1339; x_wconf 70' lang='lat' dir='ltr'>Quae</span> <span class='ocrx_word' id='word_1_107' title='bbox 433 1273 726 1327; x_wconf 86' lang='lat' dir='ltr'>retinentes</span> <span class='ocrx_word' id='word_1_108' title='bbox 758 1272 997 1343; x_wconf 87' lang='lat' dir='ltr'>quandiu</span> <span class='ocrx_word' id='word_1_109' title='bbox 1029 1271 1323 1339; x_wconf 85' lang='lat' dir='ltr'>sufﬁciunt,</span> <span class='ocrx_word' id='word_1_110' title='bbox 1349 1272 1452 1327; x_wconf 88' lang='lat' dir='ltr'>alia</span> <span class='ocrx_word' id='word_1_111' title='bbox 1484 1272 1726 1342; x_wconf 89' lang='lat' dir='ltr'>ejusdem</span> <span class='ocrx_word' id='word_1_112' title='bbox 1758 1273 2020 1327; x_wconf 86' lang='lat' dir='ltr'>duntaxat</span> <span class='ocrx_word' id='word_1_113' title='bbox 2074 1271 2292 1343; x_wconf 84' lang='lat' dir='ltr'>generis</span> <span class='ocrx_word' id='word_1_114' title='bbox 2324 1286 2434 1325; x_wconf 90' lang='lat' dir='ltr'>non</span> <span class='ocrx_word' id='word_1_115' title='bbox 2465 1270 2789 1341; x_wconf 84' lang='lat' dir='ltr'>accipimus.</span> <span class='ocrx_word' id='word_1_116' title='bbox 2847 1272 2927 1326; x_wconf 91' lang='lat' dir='ltr'>De</span> <span class='ocrx_word' id='word_1_117' title='bbox 2973 1286 3136 1327; x_wconf 89' lang='lat' dir='ltr'>caseo</span> <span class='ocrx_word' id='word_1_118' title='bbox 3185 1286 3421 1343; x_wconf 90' lang='lat' dir='ltr'>namque</span> <span class='ocrx_word' id='word_1_119' title='bbox 3471 1286 3569 1326; x_wconf 90' lang='lat' dir='ltr'>seu</span> 
     </span>
    </p>
   </div>
   <div class='ocr_carea' id='block_1_15' title="bbox 268 1366 3569 1440">
    <p class='ocr_par' dir='ltr' id='par_1_15' title="bbox 268 1366 3569 1440">
     <span class='ocr_line' id='line_1_15' title="bbox 268 1366 3569 1440; baseline 0 -18"><span class='ocrx_word' id='word_1_120' title='bbox 268 1368 511 1439; x_wconf 89' lang='lat' dir='ltr'>piscibus</span> <span class='ocrx_word' id='word_1_121' title='bbox 542 1378 630 1423; x_wconf 86' lang='lat' dir='ltr'>aut</span> <span class='ocrx_word' id='word_1_122' title='bbox 659 1369 796 1437; x_wconf 89' lang='lat' dir='ltr'>ovis,</span> <span class='ocrx_word' id='word_1_123' title='bbox 831 1369 917 1426; x_wconf 85' lang='lat' dir='ltr'>vel</span> <span class='ocrx_word' id='word_1_124' title='bbox 948 1369 993 1423; x_wconf 92' lang='lat' dir='ltr'>si</span> <span class='ocrx_word' id='word_1_125' title='bbox 1024 1369 1149 1439; x_wconf 88' lang='lat' dir='ltr'>quid</span> <span class='ocrx_word' id='word_1_126' title='bbox 1182 1369 1466 1439; x_wconf 89' lang='lat' dir='ltr'>ejusmodi,</span> <span class='ocrx_word' id='word_1_127' title='bbox 1494 1386 1613 1440; x_wconf 74' lang='lat' dir='ltr'>qua:</span> <span class='ocrx_word' id='word_1_128' title='bbox 1642 1368 1893 1440; x_wconf 88' lang='lat' dir='ltr'>pitautias</span> <span class='ocrx_word' id='word_1_129' title='bbox 1923 1383 2201 1437; x_wconf 89' lang='lat' dir='ltr'>vocamus,</span> <span class='ocrx_word' id='word_1_130' title='bbox 2254 1366 2424 1424; x_wconf 90' lang='lat' dir='ltr'>semel</span> <span class='ocrx_word' id='word_1_131' title='bbox 2473 1368 2755 1434; x_wconf 88' lang='lat' dir='ltr'>sumimus,</span> <span class='ocrx_word' id='word_1_132' title='bbox 2791 1367 2939 1438; x_wconf 87' lang='lat' dir='ltr'>quod</span> <span class='ocrx_word' id='word_1_133' title='bbox 2971 1375 3221 1438; x_wconf 87' lang='lat' dir='ltr'>superest</span> <span class='ocrx_word' id='word_1_134' title='bbox 3270 1367 3569 1424; x_wconf 85' lang='lat' dir='ltr'>reddimus.</span> 
     </span>
    </p>
   </div>
   <div class='ocr_carea' id='block_1_16' title="bbox 342 1466 1833 1538">
    <p class='ocr_par' dir='ltr' id='par_1_16' title="bbox 342 1466 1833 1538">
     <span class='ocr_line' id='line_1_16' title="bbox 342 1466 1833 1538; baseline 0.001 -18"><span class='ocrx_word' id='word_1_135' title='bbox 342 1470 394 1521; x_wconf 90' lang='lat'>6.</span> <span class='ocrx_word' id='word_1_136' title='bbox 428 1466 626 1523; x_wconf 88' lang='lat' dir='ltr'>Vinum</span> <span class='ocrx_word' id='word_1_137' title='bbox 654 1466 871 1522; x_wconf 88' lang='lat' dir='ltr'>nonnisi</span> <span class='ocrx_word' id='word_1_138' title='bbox 903 1466 955 1520; x_wconf 93' lang='lat' dir='ltr'>in</span> <span class='ocrx_word' id='word_1_139' title='bbox 997 1467 1228 1537; x_wconf 89' lang='lat' dir='ltr'>prandio</span> <span class='ocrx_word' id='word_1_140' title='bbox 1257 1467 1343 1523; x_wconf 85' lang='lat' dir='ltr'>vel</span> <span class='ocrx_word' id='word_1_141' title='bbox 1375 1482 1532 1523; x_wconf 68' lang='lat' dir='ltr'>creua</span> <span class='ocrx_word' id='word_1_142' title='bbox 1559 1475 1833 1538; x_wconf 89' lang='lat' dir='ltr'>potamus.</span> 
     </span>
    </p>
   </div>
   <div class='ocr_carea' id='block_1_17' title="bbox 1617 1579 2190 1637">
    <p class='ocr_par' dir='ltr' id='par_1_17' title="bbox 1617 1579 2190 1637">
     <span class='ocr_line' id='line_1_17' title="bbox 1617 1579 2190 1637; baseline 0.002 -3"><span class='ocrx_word' id='word_1_143' title='bbox 1617 1579 2190 1637; x_wconf 83' lang='lat' dir='ltr'>COMMENTARIUS.</span> 
     </span>
    </p>
   </div>
   <div class='ocr_carea' id='block_1_18' title="bbox 268 1672 3576 1750">
    <p class='ocr_par' dir='ltr' id='par_1_18' title="bbox 268 1672 3576 1750">
     <span class='ocr_line' id='line_1_18' title="bbox 268 1672 3576 1750; baseline -0.002 -16"><span class='ocrx_word' id='word_1_144' title='bbox 268 1679 374 1734; x_wconf 90' lang='lat' dir='ltr'>sibi</span> <span class='ocrx_word' id='word_1_145' title='bbox 405 1695 437 1734; x_wconf 86' lang='lat' dir='ltr'>a</span> <span class='ocrx_word' id='word_1_146' title='bbox 463 1678 645 1750; x_wconf 87' lang='lat' dir='ltr'>priore</span> <span class='ocrx_word' id='word_1_147' title='bbox 676 1678 1027 1733; x_wconf 89' lang='lat' dir='ltr'>commissum</span> <span class='ocrx_word' id='word_1_148' title='bbox 1057 1676 1470 1747; x_wconf 85' lang='lat' dir='ltr'>perficiendum,</span> <span class='ocrx_word' id='word_1_149' title='bbox 1505 1685 1558 1731; x_wconf 91' lang='lat' dir='ltr'>et</span> <span class='ocrx_word' id='word_1_150' title='bbox 1586 1677 1630 1731; x_wconf 93' lang='lat' dir='ltr'>si</span> <span class='ocrx_word' id='word_1_151' title='bbox 1661 1694 1865 1733; x_wconf 87' lang='lat' dir='ltr'>conve-</span> <span class='ocrx_word' id='word_1_152' title='bbox 1886 1681 1940 1738; x_wconf 87' lang='lat' dir='ltr'><strong>A</strong></span> <span class='ocrx_word' id='word_1_153' title='bbox 1970 1680 2118 1735; x_wconf 89' lang='lat' dir='ltr'>circa</span> <span class='ocrx_word' id='word_1_154' title='bbox 2147 1678 2434 1749; x_wconf 87' lang='lat' dir='ltr'>coquinam</span> <span class='ocrx_word' id='word_1_155' title='bbox 2464 1675 2632 1741; x_wconf 90' lang='lat' dir='ltr'>illam,</span> <span class='ocrx_word' id='word_1_156' title='bbox 2667 1690 2832 1746; x_wconf 89' lang='lat' dir='ltr'>quam</span> <span class='ocrx_word' id='word_1_157' title='bbox 2862 1674 2965 1729; x_wconf 91' lang='lat' dir='ltr'>sibi</span> <span class='ocrx_word' id='word_1_158' title='bbox 2996 1673 3130 1746; x_wconf 91' lang='lat' dir='ltr'>ipsis</span> <span class='ocrx_word' id='word_1_159' title='bbox 3163 1672 3432 1729; x_wconf 85' lang='lat' dir='ltr'>faciebant</span> <span class='ocrx_word' id='word_1_160' title='bbox 3462 1673 3576 1728; x_wconf 88' lang='lat' dir='ltr'>sin-</span> 
     </span>
    </p>
   </div>
   <div class='ocr_carea' id='block_1_19' title="bbox 269 1765 1873 1838">
    <p class='ocr_par' dir='ltr' id='par_1_19' title="bbox 269 1765 1873 1838">
     <span class='ocr_line' id='line_1_19' title="bbox 269 1765 1873 1838; baseline -0.002 -16"><span class='ocrx_word' id='word_1_161' title='bbox 269 1770 510 1837; x_wconf 89' lang='lat' dir='ltr'>nientes,</span> <span class='ocrx_word' id='word_1_162' title='bbox 573 1767 750 1821; x_wconf 81' lang='lat' dir='ltr'>soluta</span> <span class='ocrx_word' id='word_1_163' title='bbox 792 1774 918 1821; x_wconf 90' lang='lat' dir='ltr'>tunc</span> <span class='ocrx_word' id='word_1_164' title='bbox 965 1765 1165 1820; x_wconf 90' lang='lat' dir='ltr'>silentii</span> <span class='ocrx_word' id='word_1_165' title='bbox 1211 1766 1373 1838; x_wconf 84' lang='lat' dir='ltr'>lege,</span> <span class='ocrx_word' id='word_1_166' title='bbox 1411 1766 1550 1820; x_wconf 91' lang='lat' dir='ltr'>inter</span> <span class='ocrx_word' id='word_1_167' title='bbox 1598 1782 1656 1820; x_wconf 90' lang='lat' dir='ltr'>se</span> <span class='ocrx_word' id='word_1_168' title='bbox 1704 1766 1873 1820; x_wconf 87' lang='lat' dir='ltr'>libere</span> 
     </span>
    </p>
   </div>
   <div class='ocr_carea' id='block_1_20' title="bbox 269 1854 1869 1928">
    <p class='ocr_par' dir='ltr' id='par_1_20' title="bbox 269 1854 1869 1928">
     <span class='ocr_line' id='line_1_20' title="bbox 269 1854 1869 1928; baseline -0.002 -17"><span class='ocrx_word' id='word_1_169' title='bbox 269 1857 419 1928; x_wconf 90' lang='lat' dir='ltr'>loqui</span> <span class='ocrx_word' id='word_1_170' title='bbox 464 1864 707 1927; x_wconf 80' lang='lat' dir='ltr'>possent,</span> <span class='ocrx_word' id='word_1_171' title='bbox 759 1855 856 1909; x_wconf 89' lang='lat' dir='ltr'>sed</span> <span class='ocrx_word' id='word_1_172' title='bbox 904 1870 1012 1909; x_wconf 90' lang='lat' dir='ltr'>non</span> <span class='ocrx_word' id='word_1_173' title='bbox 1046 1871 1165 1910; x_wconf 89' lang='lat' dir='ltr'>cum</span> <span class='ocrx_word' id='word_1_174' title='bbox 1208 1854 1731 1925; x_wconf 86' lang='lat' dir='ltr'>supervenientibus,</span> <span class='ocrx_word' id='word_1_175' title='bbox 1766 1855 1869 1909; x_wconf 90' lang='lat' dir='ltr'>nisi</span> 
     </span>
    </p>
   </div>
   <div class='ocr_carea' id='block_1_21' title="bbox 266 1943 1252 2016">
    <p class='ocr_par' dir='ltr' id='par_1_21' title="bbox 266 1943 1252 2016">
     <span class='ocr_line' id='line_1_21' title="bbox 266 1943 1252 2016; baseline -0.003 -17"><span class='ocrx_word' id='word_1_176' title='bbox 266 1946 449 2016; x_wconf 85' lang='lat' dir='ltr'>priore</span> <span class='ocrx_word' id='word_1_177' title='bbox 478 1951 745 2014; x_wconf 72' lang='lat' dir='ltr'>praesente</span> <span class='ocrx_word' id='word_1_178' title='bbox 776 1951 867 1997; x_wconf 89' lang='lat' dir='ltr'>aut</span> <span class='ocrx_word' id='word_1_179' title='bbox 888 1943 1252 2013; x_wconf 87' lang='lat' dir='ltr'>permittente.</span> 
     </span>
    </p>
   </div>
   <div class='ocr_carea' id='block_1_22' title="bbox 341 2031 1869 2103">
    <p class='ocr_par' dir='ltr' id='par_1_22' title="bbox 341 2031 1869 2103">
     <span class='ocr_line' id='line_1_22' title="bbox 341 2031 1869 2103; baseline -0.001 -16"><span class='ocrx_word' id='word_1_180' title='bbox 341 2034 489 2087; x_wconf 90' lang='lat' dir='ltr'>[dem</span> <span class='ocrx_word' id='word_1_181' title='bbox 536 2033 604 2086; x_wconf 92' lang='lat' dir='ltr'>de</span> <span class='ocrx_word' id='word_1_182' title='bbox 649 2032 820 2088; x_wconf 89' lang='lat' dir='ltr'>verbo</span> <span class='ocrx_word' id='word_1_183' title='bbox 868 2033 935 2085; x_wconf 90' lang='lat' dir='ltr'>ad</span> <span class='ocrx_word' id='word_1_184' title='bbox 985 2032 1213 2087; x_wconf 85' lang='lat' dir='ltr'>verbum</span> <span class='ocrx_word' id='word_1_185' title='bbox 1258 2031 1491 2086; x_wconf 87' lang='lat' dir='ltr'>refertur</span> <span class='ocrx_word' id='word_1_186' title='bbox 1531 2032 1587 2085; x_wconf 90' lang='lat' dir='ltr'>in</span> <span class='ocrx_word' id='word_1_187' title='bbox 1632 2032 1869 2103; x_wconf 90' lang='lat' dir='ltr'>antiquis</span> 
     </span>
    </p>
   </div>
   <div class='ocr_carea' id='block_1_23' title="bbox 268 2121 1871 2191">
    <p class='ocr_par' dir='ltr' id='par_1_23' title="bbox 268 2121 1871 2191">
     <span class='ocr_line' id='line_1_23' title="bbox 268 2121 1871 2191; baseline 0.001 -17"><span class='ocrx_word' id='word_1_188' title='bbox 268 2122 479 2176; x_wconf 87' lang='lat' dir='ltr'>statutis</span> <span class='ocrx_word' id='word_1_189' title='bbox 506 2137 544 2174; x_wconf 81' lang='grc' dir='ltr'>ιι</span> <span class='ocrx_word' id='word_1_190' title='bbox 573 2129 736 2191; x_wconf 90' lang='lat' dir='ltr'>part.,</span> <span class='ocrx_word' id='word_1_191' title='bbox 769 2137 889 2190; x_wconf 92' lang='lat' dir='ltr'>cap.</span> <span class='ocrx_word' id='word_1_192' title='bbox 925 2124 1010 2183; x_wconf 83' lang='grc'>18,</span> <span class='ocrx_word' id='word_1_193' title='bbox 1045 2138 1099 2173; x_wconf 91' lang='lat' dir='ltr'>n.</span> <span class='ocrx_word' id='word_1_194' title='bbox 1132 2125 1184 2177; x_wconf 73' lang='grc'><strong>2.</strong></span> <span class='ocrx_word' id='word_1_195' title='bbox 1220 2121 1286 2174; x_wconf 84' lang='grc' dir='ltr'>Ει</span> <span class='ocrx_word' id='word_1_196' title='bbox 1314 2137 1457 2176; x_wconf 90' lang='lat' dir='ltr'>nunc</span> <span class='ocrx_word' id='word_1_197' title='bbox 1484 2121 1646 2175; x_wconf 89' lang='lat' dir='ltr'>etiam</span> <span class='ocrx_word' id='word_1_198' title='bbox 1677 2122 1871 2176; x_wconf 90' lang='lat' dir='ltr'>eodem</span> 
     </span>
    </p>
   </div>
   <div class='ocr_carea' id='block_1_24' title="bbox 264 2209 1480 2281">
    <p class='ocr_par' dir='ltr' id='par_1_24' title="bbox 264 2209 1480 2281">
     <span class='ocr_line' id='line_1_24' title="bbox 264 2209 1480 2281; baseline -0.002 -18"><span class='ocrx_word' id='word_1_199' title='bbox 264 2227 495 2281; x_wconf 82' lang='lat' dir='ltr'>prorsus</span> <span class='ocrx_word' id='word_1_200' title='bbox 524 2211 687 2264; x_wconf 90' lang='lat' dir='ltr'>modo</span> <span class='ocrx_word' id='word_1_201' title='bbox 726 2209 1097 2279; x_wconf 63' lang='lat' dir='ltr'>praescribitur</span> <span class='ocrx_word' id='word_1_202' title='bbox 1127 2217 1180 2263; x_wconf 90' lang='lat' dir='ltr'>et</span> <span class='ocrx_word' id='word_1_203' title='bbox 1210 2217 1480 2263; x_wconf 87' lang='lat' dir='ltr'>servatur.</span> 
     </span>
    </p>
   </div>
   <div class='ocr_carea' id='block_1_25' title="bbox 341 2298 1871 2369">
    <p class='ocr_par' dir='ltr' id='par_1_25' title="bbox 341 2298 1871 2369">
     <span class='ocr_line' id='line_1_25' title="bbox 341 2298 1871 2369; baseline -0.001 -15"><span class='ocrx_word' id='word_1_204' title='bbox 341 2300 469 2354; x_wconf 80' lang='lat' dir='ltr'>CAP.</span> <span class='ocrx_word' id='word_1_205' title='bbox 502 2299 759 2352; x_wconf 81' lang='lat' dir='ltr'>XXXIII.</span> <span class='ocrx_word' id='word_1_206' title='bbox 793 2329 862 2337; x_wconf 93' lang='lat'><strong>—</strong></span> <span class='ocrx_word' id='word_1_207' title='bbox 891 2299 1051 2351; x_wconf 91' lang='lat' dir='ltr'>Num.</span> <span class='ocrx_word' id='word_1_208' title='bbox 1089 2301 1138 2351; x_wconf 87' lang='grc'>1.</span> <span class='ocrx_word' id='word_1_209' title='bbox 1186 2298 1459 2363; x_wconf 87' lang='lat' dir='ltr'>Secunda,</span> <span class='ocrx_word' id='word_1_210' title='bbox 1496 2302 1699 2369; x_wconf 85' lang='lat' dir='ltr'>quarta</span> <span class='ocrx_word' id='word_1_211' title='bbox 1742 2314 1871 2354; x_wconf 76' lang='lat' dir='ltr'>sex-</span> 
     </span>
    </p>
   </div>
   <div class='ocr_carea' id='block_1_26' title="bbox 267 2386 1869 2460">
    <p class='ocr_par' dir='ltr' id='par_1_26' title="bbox 267 2386 1869 2460">
     <span class='ocr_line' id='line_1_26' title="bbox 267 2386 1869 2460; baseline -0.001 -17"><span class='ocrx_word' id='word_1_212' title='bbox 267 2392 434 2460; x_wconf 87' lang='lat' dir='ltr'>taque</span> <span class='ocrx_word' id='word_1_213' title='bbox 463 2389 632 2458; x_wconf 81' lang='lat' dir='ltr'>feria,</span> <span class='ocrx_word' id='word_1_214' title='bbox 683 2396 789 2441; x_wconf 91' lang='lat' dir='ltr'>etc.</span> <span class='ocrx_word' id='word_1_215' title='bbox 838 2386 1285 2441; x_wconf 88' lang='lat' dir='ltr'>Subaudiendum</span> <span class='ocrx_word' id='word_1_216' title='bbox 1345 2395 1445 2451; x_wconf 89' lang='lat' dir='ltr'>est,</span> <span class='ocrx_word' id='word_1_217' title='bbox 1487 2386 1591 2440; x_wconf 90' lang='lat' dir='ltr'>nisi</span> <span class='ocrx_word' id='word_1_218' title='bbox 1636 2388 1690 2439; x_wconf 92' lang='lat' dir='ltr'>in</span> <span class='ocrx_word' id='word_1_219' title='bbox 1737 2387 1869 2457; x_wconf 90' lang='lat' dir='ltr'>ipsis</span> 
     </span>
    </p>
   </div>
   <div class='ocr_carea' id='block_1_27' title="bbox 263 2474 1868 2545">
    <p class='ocr_par' dir='ltr' id='par_1_27' title="bbox 263 2474 1868 2545">
     <span class='ocr_line' id='line_1_27' title="bbox 263 2474 1868 2545; baseline 0.001 -15"><span class='ocrx_word' id='word_1_220' title='bbox 263 2476 459 2531; x_wconf 91' lang='lat' dir='ltr'>diebus</span> <span class='ocrx_word' id='word_1_221' title='bbox 489 2483 800 2532; x_wconf 88' lang='lat' dir='ltr'>occurreret</span> <span class='ocrx_word' id='word_1_222' title='bbox 845 2474 1044 2529; x_wconf 88' lang='lat' dir='ltr'>festum</span> <span class='ocrx_word' id='word_1_223' title='bbox 1093 2474 1329 2545; x_wconf 90' lang='lat' dir='ltr'>capituli.</span> <span class='ocrx_word' id='word_1_224' title='bbox 1382 2474 1441 2528; x_wconf 95' lang='lat' dir='ltr'>Id</span> <span class='ocrx_word' id='word_1_225' title='bbox 1484 2492 1585 2544; x_wconf 89' lang='lat' dir='ltr'>per</span> <span class='ocrx_word' id='word_1_226' title='bbox 1630 2490 1751 2545; x_wconf 89' lang='lat' dir='ltr'>cap.</span> <span class='ocrx_word' id='word_1_227' title='bbox 1803 2479 1868 2532; x_wconf 81' lang='grc'>52</span> 
     </span>
    </p>
   </div>
   <div class='ocr_carea' id='block_1_28' title="bbox 266 2563 1867 2635">
    <p class='ocr_par' dir='ltr' id='par_1_28' title="bbox 266 2563 1867 2635">
     <span class='ocr_line' id='line_1_28' title="bbox 266 2563 1867 2635; baseline -0.001 -15"><span class='ocrx_word' id='word_1_228' title='bbox 266 2566 551 2621; x_wconf 89' lang='lat' dir='ltr'>evidenter</span> <span class='ocrx_word' id='word_1_229' title='bbox 579 2572 822 2635; x_wconf 85' lang='lat' dir='ltr'>apparet,</span> <span class='ocrx_word' id='word_1_230' title='bbox 846 2564 938 2617; x_wconf 92' lang='lat' dir='ltr'>ubi</span> <span class='ocrx_word' id='word_1_231' title='bbox 961 2563 1159 2617; x_wconf 87' lang='lat' dir='ltr'>fratres</span> <span class='ocrx_word' id='word_1_232' title='bbox 1188 2563 1303 2633; x_wconf 85' lang='lat' dir='ltr'>ipsa</span> <span class='ocrx_word' id='word_1_233' title='bbox 1325 2563 1489 2617; x_wconf 87' lang='lat' dir='ltr'>etiam</span> <span class='ocrx_word' id='word_1_234' title='bbox 1527 2563 1661 2617; x_wconf 88' lang='lat' dir='ltr'>feria</span> <span class='ocrx_word' id='word_1_235' title='bbox 1697 2572 1867 2630; x_wconf 87' lang='lat' dir='ltr'>sexta,</span> 
     </span>
    </p>
   </div>
   <div class='ocr_carea' id='block_1_29' title="bbox 266 2652 1869 2725">
    <p class='ocr_par' dir='ltr' id='par_1_29' title="bbox 266 2652 1869 2725">
     <span class='ocr_line' id='line_1_29' title="bbox 266 2652 1869 2725; baseline -0.001 -18"><span class='ocrx_word' id='word_1_236' title='bbox 266 2670 389 2725; x_wconf 71' lang='lat' dir='ltr'>quae</span> <span class='ocrx_word' id='word_1_237' title='bbox 436 2653 740 2725; x_wconf 87' lang='lat' dir='ltr'>vulgariter</span> <span class='ocrx_word' id='word_1_238' title='bbox 792 2652 911 2706; x_wconf 90' lang='lat' dir='ltr'>dies</span> <span class='ocrx_word' id='word_1_239' title='bbox 954 2652 1173 2706; x_wconf 81' lang='lat' dir='ltr'>Veneris</span> <span class='ocrx_word' id='word_1_240' title='bbox 1224 2652 1441 2718; x_wconf 89' lang='lat' dir='ltr'>dicitur,</span> <span class='ocrx_word' id='word_1_241' title='bbox 1489 2669 1553 2706; x_wconf 90' lang='lat' dir='ltr'>ex</span> <span class='ocrx_word' id='word_1_242' title='bbox 1602 2668 1869 2721; x_wconf 86' lang='lat' dir='ltr'>superve-</span> 
     </span>
    </p>
   </div>
   <div class='ocr_carea' id='block_1_30' title="bbox 265 2739 1865 2807">
    <p class='ocr_par' dir='ltr' id='par_1_30' title="bbox 265 2739 1865 2807">
     <span class='ocr_line' id='line_1_30' title="bbox 265 2739 1865 2807; baseline -0.001 -11"><span class='ocrx_word' id='word_1_243' title='bbox 265 2742 450 2796; x_wconf 90' lang='lat' dir='ltr'>niente</span> <span class='ocrx_word' id='word_1_244' title='bbox 498 2740 634 2795; x_wconf 89' lang='lat' dir='ltr'>festo</span> <span class='ocrx_word' id='word_1_245' title='bbox 701 2741 770 2795; x_wconf 91' lang='lat' dir='ltr'>ab</span> <span class='ocrx_word' id='word_1_246' title='bbox 810 2739 1133 2795; x_wconf 88' lang='lat' dir='ltr'>abstinentia</span> <span class='ocrx_word' id='word_1_247' title='bbox 1196 2741 1458 2796; x_wconf 85' lang='lat' dir='ltr'>servanda</span> <span class='ocrx_word' id='word_1_248' title='bbox 1529 2740 1865 2807; x_wconf 88' lang='lat' dir='ltr'>eximuntur,</span> 
     </span>
    </p>
   </div>
   <div class='ocr_carea' id='block_1_31' title="bbox 267 2829 1865 2902">
    <p class='ocr_par' dir='ltr' id='par_1_31' title="bbox 267 2829 1865 2902">
     <span class='ocr_line' id='line_1_31' title="bbox 267 2829 1865 2902; baseline 0 -18"><span class='ocrx_word' id='word_1_249' title='bbox 267 2830 514 2902; x_wconf 89' lang='lat' dir='ltr'>quamvis</span> <span class='ocrx_word' id='word_1_250' title='bbox 534 2830 683 2884; x_wconf 91' lang='lat' dir='ltr'>illam</span> <span class='ocrx_word' id='word_1_251' title='bbox 706 2829 875 2885; x_wconf 92' lang='lat' dir='ltr'>semel</span> <span class='ocrx_word' id='word_1_252' title='bbox 898 2836 1105 2884; x_wconf 90' lang='lat' dir='ltr'>tantum</span> <span class='ocrx_word' id='word_1_253' title='bbox 1125 2829 1181 2883; x_wconf 91' lang='lat' dir='ltr'>in</span> <span class='ocrx_word' id='word_1_254' title='bbox 1199 2830 1544 2884; x_wconf 78' lang='lat' dir='ltr'>hebdomade.</span> <span class='ocrx_word' id='word_1_255' title='bbox 1566 2839 1865 2885; x_wconf 85' lang='lat' dir='ltr'>servarent.</span> 
     </span>
    </p>
   </div>
   <div class='ocr_carea' id='block_1_32' title="bbox 266 2918 1871 2989">
    <p class='ocr_par' dir='ltr' id='par_1_32' title="bbox 266 2918 1871 2989">
     <span class='ocr_line' id='line_1_32' title="bbox 266 2918 1871 2989; baseline -0.001 -16"><span class='ocrx_word' id='word_1_256' title='bbox 266 2921 363 2974; x_wconf 82' lang='lat' dir='ltr'>Hic</span> <span class='ocrx_word' id='word_1_257' title='bbox 394 2926 573 2974; x_wconf 90' lang='lat' dir='ltr'>autem</span> <span class='ocrx_word' id='word_1_258' title='bbox 605 2918 943 2989; x_wconf 89' lang='lat' dir='ltr'>exprimitur,</span> <span class='ocrx_word' id='word_1_259' title='bbox 979 2934 1098 2988; x_wconf 71' lang='lat' dir='ltr'>quae</span> <span class='ocrx_word' id='word_1_260' title='bbox 1146 2926 1199 2972; x_wconf 93' lang='lat' dir='ltr'>et</span> <span class='ocrx_word' id='word_1_261' title='bbox 1245 2918 1431 2989; x_wconf 88' lang='lat' dir='ltr'>quales</span> <span class='ocrx_word' id='word_1_262' title='bbox 1481 2926 1663 2973; x_wconf 88' lang='lat' dir='ltr'>essent</span> <span class='ocrx_word' id='word_1_263' title='bbox 1704 2918 1871 2973; x_wconf 88' lang='lat' dir='ltr'>absti-</span> 
     </span>
    </p>
   </div>
   <div class='ocr_carea' id='block_1_33' title="bbox 263 3006 1940 3097">
    <p class='ocr_par' dir='ltr' id='par_1_33' title="bbox 263 3006 1940 3097">
     <span class='ocr_line' id='line_1_33' title="bbox 263 3006 1940 3097; baseline 0 -36"><span class='ocrx_word' id='word_1_264' title='bbox 263 3008 463 3064; x_wconf 67' lang='lat' dir='ltr'>nentiae</span> <span class='ocrx_word' id='word_1_265' title='bbox 486 3008 609 3074; x_wconf 72' lang='lat' dir='ltr'>illae,</span> <span class='ocrx_word' id='word_1_266' title='bbox 646 3008 801 3078; x_wconf 87' lang='lat' dir='ltr'>quasi</span> <span class='ocrx_word' id='word_1_267' title='bbox 830 3007 984 3060; x_wconf 90' lang='lat' dir='ltr'>initio</span> <span class='ocrx_word' id='word_1_268' title='bbox 1014 3006 1225 3061; x_wconf 88' lang='lat' dir='ltr'>ordinis</span> <span class='ocrx_word' id='word_1_269' title='bbox 1256 3023 1289 3061; x_wconf 86' lang='lat' dir='ltr'>a</span> <span class='ocrx_word' id='word_1_270' title='bbox 1316 3007 1518 3062; x_wconf 90' lang='lat' dir='ltr'>nostris</span> <span class='ocrx_word' id='word_1_271' title='bbox 1548 3008 1866 3063; x_wconf 87' lang='lat' dir='ltr'>observatas</span> <span class='ocrx_word' id='word_1_272' title='bbox 1888 3038 1940 3097; x_wconf 81' lang='grc' dir='ltr'>Β</span> 
     </span>
    </p>
   </div>
   <div class='ocr_carea' id='block_1_34' title="bbox 262 3095 1866 3166">
    <p class='ocr_par' dir='ltr' id='par_1_34' title="bbox 262 3095 1866 3166">
     <span class='ocr_line' id='line_1_34' title="bbox 262 3095 1866 3166; baseline 0.001 -16"><span class='ocrx_word' id='word_1_273' title='bbox 262 3096 433 3151; x_wconf 88' lang='lat' dir='ltr'>fuisse</span> <span class='ocrx_word' id='word_1_274' title='bbox 462 3103 690 3161; x_wconf 90' lang='lat' dir='ltr'>constat,</span> <span class='ocrx_word' id='word_1_275' title='bbox 717 3095 865 3151; x_wconf 89' lang='lat' dir='ltr'>circa</span> <span class='ocrx_word' id='word_1_276' title='bbox 895 3112 1026 3166; x_wconf 91' lang='lat' dir='ltr'>quas</span> <span class='ocrx_word' id='word_1_277' title='bbox 1050 3110 1082 3149; x_wconf 90' lang='lat' dir='ltr'>a</span> <span class='ocrx_word' id='word_1_278' title='bbox 1112 3096 1436 3166; x_wconf 86' lang='lat' dir='ltr'>quibusdam</span> <span class='ocrx_word' id='word_1_279' title='bbox 1488 3112 1630 3151; x_wconf 90' lang='lat' dir='ltr'>nunc</span> <span class='ocrx_word' id='word_1_280' title='bbox 1679 3096 1745 3150; x_wconf 90' lang='lat' dir='ltr'>de</span> <span class='ocrx_word' id='word_1_281' title='bbox 1776 3112 1866 3151; x_wconf 88' lang='lat' dir='ltr'>re-</span> 
     </span>
    </p>
   </div>
   <div class='ocr_carea' id='block_1_35' title="bbox 265 3184 1863 3255">
    <p class='ocr_par' dir='ltr' id='par_1_35' title="bbox 265 3184 1863 3255">
     <span class='ocr_line' id='line_1_35' title="bbox 265 3184 1863 3255; baseline 0 -17"><span class='ocrx_word' id='word_1_282' title='bbox 265 3185 536 3239; x_wconf 89' lang='lat' dir='ltr'>laxatione</span> <span class='ocrx_word' id='word_1_283' title='bbox 558 3184 860 3255; x_wconf 84' lang='lat' dir='ltr'>arguimur,</span> <span class='ocrx_word' id='word_1_284' title='bbox 886 3184 1012 3254; x_wconf 88' lang='lat' dir='ltr'>quia</span> <span class='ocrx_word' id='word_1_285' title='bbox 1033 3199 1140 3238; x_wconf 91' lang='lat' dir='ltr'>non</span> <span class='ocrx_word' id='word_1_286' title='bbox 1163 3185 1355 3239; x_wconf 91' lang='lat' dir='ltr'>eodem</span> <span class='ocrx_word' id='word_1_287' title='bbox 1376 3184 1538 3239; x_wconf 93' lang='lat' dir='ltr'>modo</span> <span class='ocrx_word' id='word_1_288' title='bbox 1561 3192 1863 3239; x_wconf 87' lang='lat' dir='ltr'>servantur.</span> 
     </span>
    </p>
   </div>
   <div class='ocr_carea' id='block_1_36' title="bbox 266 3273 1864 3344">
    <p class='ocr_par' dir='ltr' id='par_1_36' title="bbox 266 3273 1864 3344">
     <span class='ocr_line' id='line_1_36' title="bbox 266 3273 1864 3344; baseline -0.001 -15"><span class='ocrx_word' id='word_1_289' title='bbox 266 3274 375 3329; x_wconf 92' lang='lat' dir='ltr'>Sed</span> <span class='ocrx_word' id='word_1_290' title='bbox 405 3281 690 3344; x_wconf 88' lang='lat' dir='ltr'>antequam</span> <span class='ocrx_word' id='word_1_291' title='bbox 719 3273 984 3327; x_wconf 88' lang='lat' dir='ltr'>rationem</span> <span class='ocrx_word' id='word_1_292' title='bbox 1024 3273 1091 3327; x_wconf 93' lang='lat' dir='ltr'>de</span> <span class='ocrx_word' id='word_1_293' title='bbox 1120 3274 1222 3327; x_wconf 90' lang='lat' dir='ltr'>hac</span> <span class='ocrx_word' id='word_1_294' title='bbox 1254 3290 1314 3327; x_wconf 88' lang='lat' dir='ltr'>re</span> <span class='ocrx_word' id='word_1_295' title='bbox 1355 3274 1468 3327; x_wconf 91' lang='lat' dir='ltr'>suis</span> <span class='ocrx_word' id='word_1_296' title='bbox 1496 3273 1630 3328; x_wconf 91' lang='lat' dir='ltr'>locis</span> <span class='ocrx_word' id='word_1_297' title='bbox 1662 3274 1864 3328; x_wconf 89' lang='lat' dir='ltr'>redda-</span> 
     </span>
    </p>
   </div>
   <div class='ocr_carea' id='block_1_37' title="bbox 263 3361 1867 3435">
    <p class='ocr_par' dir='ltr' id='par_1_37' title="bbox 263 3361 1867 3435">
     <span class='ocr_line' id='line_1_37' title="bbox 263 3361 1867 3435; baseline 0.001 -20"><span class='ocrx_word' id='word_1_298' title='bbox 263 3379 413 3435; x_wconf 87' lang='lat' dir='ltr'>mus,</span> <span class='ocrx_word' id='word_1_299' title='bbox 438 3371 491 3417; x_wconf 90' lang='lat' dir='ltr'>et</span> <span class='ocrx_word' id='word_1_300' title='bbox 519 3362 814 3432; x_wconf 89' lang='lat' dir='ltr'>probemus</span> <span class='ocrx_word' id='word_1_301' title='bbox 843 3378 953 3415; x_wconf 90' lang='lat' dir='ltr'>non</span> <span class='ocrx_word' id='word_1_302' title='bbox 980 3361 1103 3418; x_wconf 87' lang='lat' dir='ltr'>ideo</span> <span class='ocrx_word' id='word_1_303' title='bbox 1123 3361 1421 3416; x_wconf 89' lang='lat' dir='ltr'>institutum</span> <span class='ocrx_word' id='word_1_304' title='bbox 1453 3362 1867 3417; x_wconf 89' lang='lat' dir='ltr'>Carthusianum</span> 
     </span>
    </p>
   </div>
   <div class='ocr_carea' id='block_1_38' title="bbox 264 3450 1865 3517">
    <p class='ocr_par' dir='ltr' id='par_1_38' title="bbox 264 3450 1865 3517">
     <span class='ocr_line' id='line_1_38' title="bbox 264 3450 1865 3517; baseline -0.001 -12"><span class='ocrx_word' id='word_1_305' title='bbox 264 3451 377 3506; x_wconf 91' lang='lat' dir='ltr'>ullo</span> <span class='ocrx_word' id='word_1_306' title='bbox 407 3452 572 3505; x_wconf 89' lang='lat' dir='ltr'>modo</span> <span class='ocrx_word' id='word_1_307' title='bbox 621 3451 789 3505; x_wconf 84' lang='lat' dir='ltr'>fuisse</span> <span class='ocrx_word' id='word_1_308' title='bbox 839 3450 1154 3517; x_wconf 88' lang='lat' dir='ltr'>relaxatum,</span> <span class='ocrx_word' id='word_1_309' title='bbox 1208 3465 1332 3505; x_wconf 89' lang='lat' dir='ltr'>cum</span> <span class='ocrx_word' id='word_1_310' title='bbox 1371 3451 1476 3505; x_wconf 88' lang='lat' dir='ltr'>ista</span> <span class='ocrx_word' id='word_1_311' title='bbox 1520 3451 1865 3505; x_wconf 87' lang='lat' dir='ltr'>observantia</span> 
     </span>
    </p>
   </div>
   <div class='ocr_carea' id='block_1_39' title="bbox 261 3535 1869 3605">
    <p class='ocr_par' dir='ltr' id='par_1_39' title="bbox 261 3535 1869 3605">
     <span class='ocr_line' id='line_1_39' title="bbox 261 3535 1869 3605; baseline 0 -16"><span class='ocrx_word' id='word_1_312' title='bbox 261 3553 372 3591; x_wconf 89' lang='lat' dir='ltr'>non</span> <span class='ocrx_word' id='word_1_313' title='bbox 402 3536 664 3601; x_wconf 88' lang='lat' dir='ltr'>absolute,</span> <span class='ocrx_word' id='word_1_314' title='bbox 699 3535 795 3590; x_wconf 90' lang='lat' dir='ltr'>sed</span> <span class='ocrx_word' id='word_1_315' title='bbox 830 3551 1048 3605; x_wconf 89' lang='lat' dir='ltr'>semper</span> <span class='ocrx_word' id='word_1_316' title='bbox 1094 3535 1194 3589; x_wconf 91' lang='lat' dir='ltr'>sub</span> <span class='ocrx_word' id='word_1_317' title='bbox 1226 3535 1532 3590; x_wconf 89' lang='lat' dir='ltr'>conditione</span> <span class='ocrx_word' id='word_1_318' title='bbox 1582 3536 1738 3590; x_wconf 87' lang='lat' dir='ltr'>fuerit</span> <span class='ocrx_word' id='word_1_319' title='bbox 1787 3536 1869 3589; x_wconf 86' lang='lat' dir='ltr'>in-</span> 
     </span>
    </p>
   </div>
   <div class='ocr_carea' id='block_1_40' title="bbox 263 3624 1865 3698">
    <p class='ocr_par' dir='ltr' id='par_1_40' title="bbox 263 3624 1865 3698">
     <span class='ocr_line' id='line_1_40' title="bbox 263 3624 1865 3698; baseline -0.001 -19"><span class='ocrx_word' id='word_1_320' title='bbox 263 3626 516 3680; x_wconf 88' lang='lat' dir='ltr'>troducta</span> <span class='ocrx_word' id='word_1_321' title='bbox 545 3633 597 3680; x_wconf 88' lang='lat' dir='ltr'>et</span> <span class='ocrx_word' id='word_1_322' title='bbox 626 3625 912 3681; x_wconf 89' lang='lat' dir='ltr'>observata</span> <span class='ocrx_word' id='word_1_323' title='bbox 932 3624 987 3677; x_wconf 91' lang='lat' dir='ltr'>in</span> <span class='ocrx_word' id='word_1_324' title='bbox 1019 3624 1207 3680; x_wconf 90' lang='lat' dir='ltr'>ordine</span> <span class='ocrx_word' id='word_1_325' title='bbox 1242 3640 1253 3677; x_wconf 87' lang='lat'>:</span> <span class='ocrx_word' id='word_1_326' title='bbox 1288 3626 1451 3680; x_wconf 87' lang='lat' dir='ltr'>Notet</span> <span class='ocrx_word' id='word_1_327' title='bbox 1478 3625 1651 3680; x_wconf 88' lang='lat' dir='ltr'>lector</span> <span class='ocrx_word' id='word_1_328' title='bbox 1660 3626 1865 3698; x_wconf 64' lang='lat' dir='ltr'>condi-</span> 
     </span>
    </p>
   </div>
   <div class='ocr_carea' id='block_1_41' title="bbox 261 3714 1867 3785">
    <p class='ocr_par' dir='ltr' id='par_1_41' title="bbox 261 3714 1867 3785">
     <span class='ocr_line' id='line_1_41' title="bbox 261 3714 1867 3785; baseline -0.001 -17"><span class='ocrx_word' id='word_1_329' title='bbox 261 3714 466 3769; x_wconf 91' lang='lat' dir='ltr'>tionem</span> <span class='ocrx_word' id='word_1_330' title='bbox 514 3714 660 3768; x_wconf 91' lang='lat' dir='ltr'>illam</span> <span class='ocrx_word' id='word_1_331' title='bbox 690 3729 813 3768; x_wconf 90' lang='lat' dir='ltr'>esse</span> <span class='ocrx_word' id='word_1_332' title='bbox 844 3729 1103 3783; x_wconf 85' lang='lat' dir='ltr'>expresse</span> <span class='ocrx_word' id='word_1_333' title='bbox 1150 3714 1479 3769; x_wconf 88' lang='lat' dir='ltr'>declaratam</span> <span class='ocrx_word' id='word_1_334' title='bbox 1526 3714 1581 3767; x_wconf 92' lang='lat' dir='ltr'>in</span> <span class='ocrx_word' id='word_1_335' title='bbox 1620 3714 1867 3785; x_wconf 90' lang='lat' dir='ltr'>sequenti</span> 
     </span>
    </p>
   </div>
   <div class='ocr_carea' id='block_1_42' title="bbox 262 3802 1863 3874">
    <p class='ocr_par' dir='ltr' id='par_1_42' title="bbox 262 3802 1863 3874">
     <span class='ocr_line' id='line_1_42' title="bbox 262 3802 1863 3874; baseline 0 -18"><span class='ocrx_word' id='word_1_336' title='bbox 262 3802 497 3873; x_wconf 88' lang='lat' dir='ltr'>capitulo</span> <span class='ocrx_word' id='word_1_337' title='bbox 542 3805 627 3872; x_wconf 81' lang='lat'>35,</span> <span class='ocrx_word' id='word_1_338' title='bbox 677 3802 769 3857; x_wconf 91' lang='lat' dir='ltr'>ubi</span> <span class='ocrx_word' id='word_1_339' title='bbox 811 3802 1050 3858; x_wconf 91' lang='lat' dir='ltr'>dicitur:</span> <span class='ocrx_word' id='word_1_340' title='bbox 1092 3803 1195 3858; x_wconf 85' lang='lat' dir='ltr'>Sed</span> <span class='ocrx_word' id='word_1_341' title='bbox 1242 3806 1297 3857; x_wconf 84' lang='lat' dir='ltr'>et</span> <span class='ocrx_word' id='word_1_342' title='bbox 1336 3806 1385 3858; x_wconf 97' lang='lat' dir='ltr'>si</span> <span class='ocrx_word' id='word_1_343' title='bbox 1425 3805 1518 3858; x_wconf 87' lang='lat' dir='ltr'>cui</span> <span class='ocrx_word' id='word_1_344' title='bbox 1546 3805 1863 3874; x_wconf 83' lang='lat' dir='ltr'>pitantiam</span> 
     </span>
    </p>
   </div>
   <div class='ocr_carea' id='block_1_43' title="bbox 262 3891 1867 3963">
    <p class='ocr_par' dir='ltr' id='par_1_43' title="bbox 262 3891 1867 3963">
     <span class='ocr_line' id='line_1_43' title="bbox 262 3891 1867 3963; baseline 0.001 -17"><span class='ocrx_word' id='word_1_345' title='bbox 262 3893 534 3963; x_wconf 81' lang='lat' dir='ltr'>aliquam,</span> <span class='ocrx_word' id='word_1_346' title='bbox 559 3908 658 3947; x_wconf 88' lang='lat' dir='ltr'>seu</span> <span class='ocrx_word' id='word_1_347' title='bbox 677 3891 806 3957; x_wconf 83' lang='lat' dir='ltr'>cibi,</span> <span class='ocrx_word' id='word_1_348' title='bbox 831 3908 930 3947; x_wconf 86' lang='lat' dir='ltr'>seu</span> <span class='ocrx_word' id='word_1_349' title='bbox 951 3892 1155 3957; x_wconf 87' lang='lat' dir='ltr'>somni,</span> <span class='ocrx_word' id='word_1_350' title='bbox 1190 3892 1275 3947; x_wconf 84' lang='lat' dir='ltr'>vel</span> <span class='ocrx_word' id='word_1_351' title='bbox 1299 3893 1542 3947; x_wconf 79' lang='lat' dir='ltr'>alterius</span> <span class='ocrx_word' id='word_1_352' title='bbox 1573 3892 1867 3962; x_wconf 75' lang='lat' dir='ltr'>cujuslibet</span> 
     </span>
    </p>
   </div>
   <div class='ocr_carea' id='block_1_44' title="bbox 258 3980 1867 4052">
    <p class='ocr_par' dir='ltr' id='par_1_44' title="bbox 258 3980 1867 4052">
     <span class='ocr_line' id='line_1_44' title="bbox 258 3980 1867 4052; baseline -0.001 -16"><span class='ocrx_word' id='word_1_353' title='bbox 258 3981 345 4036; x_wconf 85' lang='lat' dir='ltr'>rei</span> <span class='ocrx_word' id='word_1_354' title='bbox 360 3983 568 4051; x_wconf 81' lang='lat' dir='ltr'>facere,</span> <span class='ocrx_word' id='word_1_355' title='bbox 602 3980 656 4034; x_wconf 92' lang='lat' dir='ltr'>id</span> <span class='ocrx_word' id='word_1_356' title='bbox 680 3988 763 4034; x_wconf 91' lang='lat' dir='ltr'>est</span> <span class='ocrx_word' id='word_1_357' title='bbox 783 3988 1065 4051; x_wconf 71' lang='lat' dir='ltr'>praestare,</span> <span class='ocrx_word' id='word_1_358' title='bbox 1090 3980 1247 4052; x_wconf 85' lang='lat' dir='ltr'>prior</span> <span class='ocrx_word' id='word_1_359' title='bbox 1262 3980 1521 4045; x_wconf 85' lang='lat' dir='ltr'>voluerit,</span> <span class='ocrx_word' id='word_1_360' title='bbox 1548 3996 1867 4051; x_wconf 81' lang='lat' dir='ltr'>repugnare</span> 
     </span>
    </p>
   </div>
   <div class='ocr_carea' id='block_1_45' title="bbox 260 4068 1867 4140">
    <p class='ocr_par' dir='ltr' id='par_1_45' title="bbox 260 4068 1867 4140">
     <span class='ocr_line' id='line_1_45' title="bbox 260 4068 1867 4140; baseline 0 -17"><span class='ocrx_word' id='word_1_361' title='bbox 260 4071 353 4139; x_wconf 78' lang='lat' dir='ltr'>[as</span> <span class='ocrx_word' id='word_1_362' title='bbox 373 4084 489 4124; x_wconf 88' lang='lat' dir='ltr'>non</span> <span class='ocrx_word' id='word_1_363' title='bbox 517 4068 801 4139; x_wconf 83' lang='lat' dir='ltr'>habemus,</span> <span class='ocrx_word' id='word_1_364' title='bbox 824 4076 925 4124; x_wconf 87' lang='lat' dir='ltr'>etc.</span> <span class='ocrx_word' id='word_1_365' title='bbox 960 4070 1040 4123; x_wconf 89' lang='lat' dir='ltr'>Ex</span> <span class='ocrx_word' id='word_1_366' title='bbox 1071 4068 1267 4140; x_wconf 90' lang='lat' dir='ltr'>quibus</span> <span class='ocrx_word' id='word_1_367' title='bbox 1297 4069 1477 4123; x_wconf 87' lang='lat' dir='ltr'>verbis</span> <span class='ocrx_word' id='word_1_368' title='bbox 1509 4068 1630 4124; x_wconf 91' lang='lat' dir='ltr'>luce</span> <span class='ocrx_word' id='word_1_369' title='bbox 1662 4069 1867 4123; x_wconf 89' lang='lat' dir='ltr'>clarius</span> 
     </span>
    </p>
   </div>
   <div class='ocr_carea' id='block_1_46' title="bbox 266 4156 1867 4229">
    <p class='ocr_par' dir='ltr' id='par_1_46' title="bbox 266 4156 1867 4229">
     <span class='ocr_line' id='line_1_46' title="bbox 266 4156 1867 4229; baseline 0 -18"><span class='ocrx_word' id='word_1_370' title='bbox 266 4165 416 4227; x_wconf 88' lang='lat' dir='ltr'>patet</span> <span class='ocrx_word' id='word_1_371' title='bbox 454 4156 588 4211; x_wconf 90' lang='lat' dir='ltr'>istas</span> <span class='ocrx_word' id='word_1_372' title='bbox 609 4158 962 4213; x_wconf 90' lang='lat' dir='ltr'>abstinentias</span> <span class='ocrx_word' id='word_1_373' title='bbox 992 4158 1061 4211; x_wconf 88' lang='lat' dir='ltr'>ab</span> <span class='ocrx_word' id='word_1_374' title='bbox 1092 4157 1341 4212; x_wconf 90' lang='lat' dir='ltr'>omnibus</span> <span class='ocrx_word' id='word_1_375' title='bbox 1362 4164 1414 4211; x_wconf 91' lang='lat' dir='ltr'>et</span> <span class='ocrx_word' id='word_1_376' title='bbox 1443 4173 1471 4210; x_wconf 90' lang='lat' dir='ltr'>a</span> <span class='ocrx_word' id='word_1_377' title='bbox 1500 4156 1867 4229; x_wconf 82' lang='lat' dir='ltr'>singularibus</span> 
     </span>
    </p>
   </div>
   <div class='ocr_carea' id='block_1_47' title="bbox 263 4246 1865 4315">
    <p class='ocr_par' dir='ltr' id='par_1_47' title="bbox 263 4246 1865 4315">
     <span class='ocr_line' id='line_1_47' title="bbox 263 4246 1865 4315; baseline 0.001 -16"><span class='ocrx_word' id='word_1_378' title='bbox 263 4246 543 4315; x_wconf 88' lang='lat' dir='ltr'>personis,</span> <span class='ocrx_word' id='word_1_379' title='bbox 568 4254 777 4301; x_wconf 74' lang='lat' dir='ltr'>tantum</span> <span class='ocrx_word' id='word_1_380' title='bbox 804 4262 949 4301; x_wconf 90' lang='lat' dir='ltr'>nunc</span> <span class='ocrx_word' id='word_1_381' title='bbox 986 4246 1152 4301; x_wconf 82' lang='lat' dir='ltr'>fuisse</span> <span class='ocrx_word' id='word_1_382' title='bbox 1189 4246 1488 4301; x_wconf 88' lang='lat' dir='ltr'>servandas</span> <span class='ocrx_word' id='word_1_383' title='bbox 1518 4254 1571 4300; x_wconf 88' lang='lat' dir='ltr'>et</span> <span class='ocrx_word' id='word_1_384' title='bbox 1600 4254 1865 4313; x_wconf 88' lang='lat' dir='ltr'>servatas,</span> 
     </span>
    </p>
   </div>
   <div class='ocr_carea' id='block_1_48' title="bbox 264 4332 1865 4407">
    <p class='ocr_par' dir='ltr' id='par_1_48' title="bbox 264 4332 1865 4407">
     <span class='ocr_line' id='line_1_48' title="bbox 264 4332 1865 4407; baseline 0.001 -19"><span class='ocrx_word' id='word_1_385' title='bbox 264 4335 485 4406; x_wconf 89' lang='lat' dir='ltr'>quando</span> <span class='ocrx_word' id='word_1_386' title='bbox 515 4344 567 4389; x_wconf 89' lang='lat' dir='ltr'>et</span> <span class='ocrx_word' id='word_1_387' title='bbox 597 4336 835 4407; x_wconf 91' lang='lat' dir='ltr'>quandiu</span> <span class='ocrx_word' id='word_1_388' title='bbox 866 4332 1029 4405; x_wconf 86' lang='lat' dir='ltr'>posSc</span> <span class='ocrx_word' id='word_1_389' title='bbox 1063 4344 1116 4389; x_wconf 90' lang='lat' dir='ltr'>et</span> <span class='ocrx_word' id='word_1_390' title='bbox 1170 4333 1464 4390; x_wconf 88' lang='lat' dir='ltr'>convenire</span> <span class='ocrx_word' id='word_1_391' title='bbox 1513 4334 1662 4404; x_wconf 89' lang='lat' dir='ltr'>prior</span> <span class='ocrx_word' id='word_1_392' title='bbox 1714 4336 1865 4403; x_wconf 86' lang='lat' dir='ltr'>judi-</span> 
     </span>
    </p>
   </div>
   <div class='ocr_carea' id='block_1_49' title="bbox 1970 1762 3575 1839">
    <p class='ocr_par' dir='ltr' id='par_1_49' title="bbox 1970 1762 3575 1839">
     <span class='ocr_line' id='line_1_49' title="bbox 1970 1762 3575 1839; baseline -0.002 -18"><span class='ocrx_word' id='word_1_393' title='bbox 1970 1768 2084 1839; x_wconf 85' lang='lat' dir='ltr'>guli</span> <span class='ocrx_word' id='word_1_394' title='bbox 2115 1766 2362 1822; x_wconf 88' lang='lat' dir='ltr'>monachi</span> <span class='ocrx_word' id='word_1_395' title='bbox 2394 1766 2449 1820; x_wconf 89' lang='lat' dir='ltr'>in</span> <span class='ocrx_word' id='word_1_396' title='bbox 2479 1764 2695 1833; x_wconf 89' lang='lat' dir='ltr'>cellula,</span> <span class='ocrx_word' id='word_1_397' title='bbox 2730 1764 2799 1818; x_wconf 92' lang='lat' dir='ltr'>ad</span> <span class='ocrx_word' id='word_1_398' title='bbox 2860 1779 3023 1834; x_wconf 90' lang='lat' dir='ltr'>quam</span> <span class='ocrx_word' id='word_1_399' title='bbox 3054 1762 3360 1818; x_wconf 80' lang='lat' dir='ltr'>faciendam</span> <span class='ocrx_word' id='word_1_400' title='bbox 3418 1763 3575 1818; x_wconf 86' lang='lat' dir='ltr'>ordi-</span> 
     </span>
    </p>
   </div>
   <div class='ocr_carea' id='block_1_50' title="bbox 1971 1851 3575 1923">
    <p class='ocr_par' dir='ltr' id='par_1_50' title="bbox 1971 1851 3575 1923">
     <span class='ocr_line' id='line_1_50' title="bbox 1971 1851 3575 1923; baseline -0.003 -12"><span class='ocrx_word' id='word_1_401' title='bbox 1971 1865 2097 1911; x_wconf 89' lang='lat' dir='ltr'>nate</span> <span class='ocrx_word' id='word_1_402' title='bbox 2126 1856 2460 1910; x_wconf 88' lang='lat' dir='ltr'>ministratur</span> <span class='ocrx_word' id='word_1_403' title='bbox 2516 1853 2620 1907; x_wconf 89' lang='lat' dir='ltr'>illis</span> <span class='ocrx_word' id='word_1_404' title='bbox 2676 1868 2708 1906; x_wconf 89' lang='lat' dir='ltr'>a</span> <span class='ocrx_word' id='word_1_405' title='bbox 2765 1852 3079 1923; x_wconf 90' lang='lat' dir='ltr'>coquinario</span> <span class='ocrx_word' id='word_1_406' title='bbox 3132 1851 3375 1921; x_wconf 82' lang='lat' dir='ltr'>provisio</span> <span class='ocrx_word' id='word_1_407' title='bbox 3436 1868 3575 1922; x_wconf 86' lang='lat' dir='ltr'>qua-</span> 
     </span>
    </p>
   </div>
   <div class='ocr_carea' id='block_1_51' title="bbox 1972 1934 3574 2012">
    <p class='ocr_par' dir='ltr' id='par_1_51' title="bbox 1972 1934 3574 2012">
     <span class='ocr_line' id='line_1_51' title="bbox 1972 1934 3574 2012; baseline -0.002 -12"><span class='ocrx_word' id='word_1_408' title='bbox 1972 1948 2222 2000; x_wconf 82' lang='lat' dir='ltr'>rumdam</span> <span class='ocrx_word' id='word_1_409' title='bbox 2254 1934 2436 1998; x_wconf 84' lang='lat' dir='ltr'>rerum</span> <span class='ocrx_word' id='word_1_410' title='bbox 2468 1941 2905 2010; x_wconf 84' lang='lat' dir='ltr'>comestibilium,</span> <span class='ocrx_word' id='word_1_411' title='bbox 2938 1957 3071 2012; x_wconf 89' lang='lat' dir='ltr'>quas</span> <span class='ocrx_word' id='word_1_412' title='bbox 3114 1939 3257 2009; x_wconf 91' lang='lat' dir='ltr'>apud</span> <span class='ocrx_word' id='word_1_413' title='bbox 3289 1956 3348 1994; x_wconf 93' lang='lat' dir='ltr'>se</span> <span class='ocrx_word' id='word_1_414' title='bbox 3379 1955 3574 1996; x_wconf 85' lang='lat' dir='ltr'>serva-</span> 
     </span>
    </p>
   </div>
   <div class='ocr_carea' id='block_1_52' title="bbox 1973 2028 3575 2102">
    <p class='ocr_par' dir='ltr' id='par_1_52' title="bbox 1973 2028 3575 2102">
     <span class='ocr_line' id='line_1_52' title="bbox 1973 2028 3575 2102; baseline -0.002 -15"><span class='ocrx_word' id='word_1_415' title='bbox 1973 2035 2123 2102; x_wconf 86' lang='lat' dir='ltr'>bant,</span> <span class='ocrx_word' id='word_1_416' title='bbox 2157 2042 2215 2087; x_wconf 90' lang='lat' dir='ltr'>ut</span> <span class='ocrx_word' id='word_1_417' title='bbox 2246 2032 2469 2087; x_wconf 89' lang='lat' dir='ltr'>inferius</span> <span class='ocrx_word' id='word_1_418' title='bbox 2498 2031 2717 2100; x_wconf 89' lang='lat' dir='ltr'>dicitur,</span> <span class='ocrx_word' id='word_1_419' title='bbox 2761 2030 2936 2084; x_wconf 92' lang='lat' dir='ltr'>donec</span> <span class='ocrx_word' id='word_1_420' title='bbox 2980 2028 3298 2095; x_wconf 78' lang='lat' dir='ltr'>deficerent,</span> <span class='ocrx_word' id='word_1_421' title='bbox 3337 2036 3389 2083; x_wconf 92' lang='lat' dir='ltr'>et</span> <span class='ocrx_word' id='word_1_422' title='bbox 3444 2036 3575 2085; x_wconf 90' lang='lat' dir='ltr'>tunc</span> 
     </span>
    </p>
   </div>
   <div class='ocr_carea' id='block_1_53' title="bbox 1971 2118 3574 2193">
    <p class='ocr_par' dir='ltr' id='par_1_53' title="bbox 1971 2118 3574 2193">
     <span class='ocr_line' id='line_1_53' title="bbox 1971 2118 3574 2193; baseline -0.003 -16"><span class='ocrx_word' id='word_1_423' title='bbox 1971 2139 2141 2177; x_wconf 88' lang='lat' dir='ltr'>novas</span> <span class='ocrx_word' id='word_1_424' title='bbox 2170 2129 2415 2193; x_wconf 86' lang='lat' dir='ltr'>peterent</span> <span class='ocrx_word' id='word_1_425' title='bbox 2447 2128 2498 2175; x_wconf 91' lang='lat' dir='ltr'>et</span> <span class='ocrx_word' id='word_1_426' title='bbox 2528 2120 2857 2191; x_wconf 89' lang='lat' dir='ltr'>accipereut.</span> <span class='ocrx_word' id='word_1_427' title='bbox 2892 2119 2962 2172; x_wconf 91' lang='lat' dir='ltr'>Et</span> <span class='ocrx_word' id='word_1_428' title='bbox 2989 2118 3211 2173; x_wconf 89' lang='lat' dir='ltr'>adverte</span> <span class='ocrx_word' id='word_1_429' title='bbox 3246 2118 3392 2189; x_wconf 92' lang='lat' dir='ltr'>quod</span> <span class='ocrx_word' id='word_1_430' title='bbox 3421 2118 3574 2173; x_wconf 86' lang='lat' dir='ltr'>nulla</span> 
     </span>
    </p>
   </div>
   <div class='ocr_carea' id='block_1_54' title="bbox 1972 2207 3571 2282">
    <p class='ocr_par' dir='ltr' id='par_1_54' title="bbox 1972 2207 3571 2282">
     <span class='ocr_line' id='line_1_54' title="bbox 1972 2207 3571 2282; baseline -0.003 -17"><span class='ocrx_word' id='word_1_431' title='bbox 1972 2213 2076 2265; x_wconf 90' lang='lat' dir='ltr'>huc</span> <span class='ocrx_word' id='word_1_432' title='bbox 2108 2227 2282 2282; x_wconf 89' lang='lat' dir='ltr'>usque</span> <span class='ocrx_word' id='word_1_433' title='bbox 2314 2211 2381 2264; x_wconf 91' lang='lat' dir='ltr'>sit</span> <span class='ocrx_word' id='word_1_434' title='bbox 2413 2208 2616 2263; x_wconf 90' lang='lat' dir='ltr'>mentio</span> <span class='ocrx_word' id='word_1_435' title='bbox 2650 2208 2718 2262; x_wconf 91' lang='lat' dir='ltr'>de</span> <span class='ocrx_word' id='word_1_436' title='bbox 2748 2207 2992 2278; x_wconf 89' lang='lat' dir='ltr'>pitantia,</span> <span class='ocrx_word' id='word_1_437' title='bbox 3040 2214 3091 2261; x_wconf 90' lang='lat' dir='ltr'>et</span> <span class='ocrx_word' id='word_1_438' title='bbox 3120 2223 3218 2277; x_wconf 90' lang='lat' dir='ltr'>per</span> <span class='ocrx_word' id='word_1_439' title='bbox 3262 2207 3429 2261; x_wconf 89' lang='lat' dir='ltr'>verba</span> <span class='ocrx_word' id='word_1_440' title='bbox 3460 2207 3571 2275; x_wconf 88' lang='lat' dir='ltr'>illa,</span> 
     </span>
    </p>
   </div>
   <div class='ocr_carea' id='block_1_55' title="bbox 1970 2295 3574 2371">
    <p class='ocr_par' dir='ltr' id='par_1_55' title="bbox 1970 2295 3574 2371">
     <span class='ocr_line' id='line_1_55' title="bbox 1970 2295 3574 2371; baseline -0.003 -17"><span class='ocrx_word' id='word_1_441' title='bbox 1970 2300 2189 2371; x_wconf 80' lang='lat' dir='ltr'>aliquid</span> <span class='ocrx_word' id='word_1_442' title='bbox 2223 2299 2564 2369; x_wconf 79' lang='lat' dir='ltr'>huiusmodi,</span> <span class='ocrx_word' id='word_1_443' title='bbox 2598 2312 2706 2351; x_wconf 90' lang='lat' dir='ltr'>non</span> <span class='ocrx_word' id='word_1_444' title='bbox 2739 2311 3031 2366; x_wconf 90' lang='lat' dir='ltr'>possumus</span> <span class='ocrx_word' id='word_1_445' title='bbox 3063 2304 3210 2350; x_wconf 91' lang='lat' dir='ltr'>certo</span> <span class='ocrx_word' id='word_1_446' title='bbox 3271 2295 3413 2351; x_wconf 91' lang='lat' dir='ltr'>scire</span> <span class='ocrx_word' id='word_1_447' title='bbox 3443 2295 3574 2365; x_wconf 77' lang='lat' dir='ltr'>quid</span> 
     </span>
    </p>
   </div>
   <div class='ocr_carea' id='block_1_56' title="bbox 1970 2385 3553 2458">
    <p class='ocr_par' dir='ltr' id='par_1_56' title="bbox 1970 2385 3553 2458">
     <span class='ocr_line' id='line_1_56' title="bbox 1970 2385 3553 2458; baseline -0.003 -16"><span class='ocrx_word' id='word_1_448' title='bbox 1970 2389 2075 2444; x_wconf 87' lang='lat' dir='ltr'>hoc</span> <span class='ocrx_word' id='word_1_449' title='bbox 2109 2395 2274 2454; x_wconf 87' lang='lat' dir='ltr'>esset,</span> <span class='ocrx_word' id='word_1_450' title='bbox 2311 2388 2456 2458; x_wconf 92' lang='lat' dir='ltr'>quod</span> <span class='ocrx_word' id='word_1_451' title='bbox 2486 2387 2645 2442; x_wconf 89' lang='lat' dir='ltr'>etiam</span> <span class='ocrx_word' id='word_1_452' title='bbox 2677 2385 2780 2439; x_wconf 91' lang='lat' dir='ltr'>sibi</span> <span class='ocrx_word' id='word_1_453' title='bbox 2835 2400 3073 2455; x_wconf 88' lang='lat' dir='ltr'>coquere</span> <span class='ocrx_word' id='word_1_454' title='bbox 3111 2393 3356 2455; x_wconf 89' lang='lat' dir='ltr'>possent.</span> <span class='ocrx_word' id='word_1_455' title='bbox 3544 2441 3553 2449; x_wconf 70' lang='grc'><em>,</em></span> 
     </span>
    </p>
   </div>
   <div class='ocr_carea' id='block_1_57' title="bbox 2043 2473 3573 2547">
    <p class='ocr_par' dir='ltr' id='par_1_57' title="bbox 2043 2473 3573 2547">
     <span class='ocr_line' id='line_1_57' title="bbox 2043 2473 3573 2547; baseline -0.003 -16"><span class='ocrx_word' id='word_1_456' title='bbox 2043 2477 2187 2531; x_wconf 91' lang='lat' dir='ltr'>Ibid.</span> <span class='ocrx_word' id='word_1_457' title='bbox 2228 2478 2267 2531; x_wconf 85' lang='lat' dir='ltr'><strong><em>A</em></strong></span> <span class='ocrx_word' id='word_1_458' title='bbox 2301 2476 2628 2547; x_wconf 84' lang='lat' dir='ltr'>coquinaria</span> <span class='ocrx_word' id='word_1_459' title='bbox 2660 2476 2873 2535; x_wconf 84' lang='lat' dir='ltr'>vinum,</span> <span class='ocrx_word' id='word_1_460' title='bbox 2912 2482 3015 2528; x_wconf 91' lang='lat' dir='ltr'>etc.</span> <span class='ocrx_word' id='word_1_461' title='bbox 3072 2475 3136 2527; x_wconf 87' lang='lat' dir='ltr'>In</span> <span class='ocrx_word' id='word_1_462' title='bbox 3184 2474 3385 2544; x_wconf 86' lang='lat' dir='ltr'>quinta</span> <span class='ocrx_word' id='word_1_463' title='bbox 3424 2473 3573 2542; x_wconf 80' lang='lat' dir='ltr'>feria</span> 
     </span>
    </p>
   </div>
   <div class='ocr_carea' id='block_1_58' title="bbox 1970 2563 3573 2635">
    <p class='ocr_par' dir='ltr' id='par_1_58' title="bbox 1970 2563 3573 2635">
     <span class='ocr_line' id='line_1_58' title="bbox 1970 2563 3573 2635; baseline -0.004 -14"><span class='ocrx_word' id='word_1_464' title='bbox 1970 2582 2197 2622; x_wconf 85' lang='lat' dir='ltr'>caseum</span> <span class='ocrx_word' id='word_1_465' title='bbox 2228 2566 2311 2620; x_wconf 86' lang='lat' dir='ltr'>vel</span> <span class='ocrx_word' id='word_1_466' title='bbox 2339 2564 2554 2635; x_wconf 88' lang='lat' dir='ltr'>aliquid</span> <span class='ocrx_word' id='word_1_467' title='bbox 2583 2564 2690 2618; x_wconf 84' lang='lat' dir='ltr'>cibi</span> <span class='ocrx_word' id='word_1_468' title='bbox 2720 2564 3001 2627; x_wconf 82' lang='lat' dir='ltr'>lautioris,</span> <span class='ocrx_word' id='word_1_469' title='bbox 3018 2570 3119 2616; x_wconf 91' lang='lat' dir='ltr'>etc.</span> <span class='ocrx_word' id='word_1_470' title='bbox 3146 2563 3285 2615; x_wconf 87' lang='lat' dir='ltr'>Ecce</span> <span class='ocrx_word' id='word_1_471' title='bbox 3304 2576 3573 2631; x_wconf 88' lang='lat' dir='ltr'>apparere</span> 
     </span>
    </p>
   </div>
   <div class='ocr_carea' id='block_1_59' title="bbox 1968 2649 3576 2724">
    <p class='ocr_par' dir='ltr' id='par_1_59' title="bbox 1968 2649 3576 2724">
     <span class='ocr_line' id='line_1_59' title="bbox 1968 2649 3576 2724; baseline -0.002 -17"><span class='ocrx_word' id='word_1_472' title='bbox 1968 2654 2153 2723; x_wconf 90' lang='lat' dir='ltr'>incipit</span> <span class='ocrx_word' id='word_1_473' title='bbox 2184 2653 2329 2724; x_wconf 91' lang='lat' dir='ltr'>quod</span> <span class='ocrx_word' id='word_1_474' title='bbox 2359 2651 2497 2706; x_wconf 86' lang='lat' dir='ltr'>feria</span> <span class='ocrx_word' id='word_1_475' title='bbox 2528 2651 2714 2721; x_wconf 91' lang='lat' dir='ltr'>quinta</span> <span class='ocrx_word' id='word_1_476' title='bbox 2741 2651 2920 2721; x_wconf 90' lang='lat' dir='ltr'>portio</span> <span class='ocrx_word' id='word_1_477' title='bbox 2961 2650 3129 2715; x_wconf 90' lang='lat' dir='ltr'>casei,</span> <span class='ocrx_word' id='word_1_478' title='bbox 3170 2650 3312 2703; x_wconf 91' lang='lat' dir='ltr'>ultra</span> <span class='ocrx_word' id='word_1_479' title='bbox 3357 2649 3576 2703; x_wconf 90' lang='lat' dir='ltr'>solitum</span> 
     </span>
    </p>
   </div>
   <div class='ocr_carea' id='block_1_60' title="bbox 1971 2737 3575 2810">
    <p class='ocr_par' dir='ltr' id='par_1_60' title="bbox 1971 2737 3575 2810">
     <span class='ocr_line' id='line_1_60' title="bbox 1971 2737 3575 2810; baseline -0.002 -14"><span class='ocrx_word' id='word_1_480' title='bbox 1971 2743 2218 2797; x_wconf 87' lang='lat' dir='ltr'>ordinate</span> <span class='ocrx_word' id='word_1_481' title='bbox 2250 2741 2667 2806; x_wconf 88' lang='lat' dir='ltr'>ministraretur,</span> <span class='ocrx_word' id='word_1_482' title='bbox 2698 2739 2785 2796; x_wconf 87' lang='lat' dir='ltr'>vel</span> <span class='ocrx_word' id='word_1_483' title='bbox 2814 2739 3016 2810; x_wconf 91' lang='lat' dir='ltr'>aliquid</span> <span class='ocrx_word' id='word_1_484' title='bbox 3045 2739 3152 2794; x_wconf 87' lang='lat' dir='ltr'>cibi</span> <span class='ocrx_word' id='word_1_485' title='bbox 3178 2737 3442 2805; x_wconf 89' lang='lat' dir='ltr'>lautioris,</span> <span class='ocrx_word' id='word_1_486' title='bbox 3477 2737 3575 2792; x_wconf 90' lang='lat' dir='ltr'>sed</span> 
     </span>
    </p>
   </div>
   <div class='ocr_carea' id='block_1_61' title="bbox 1970 2827 3575 2898">
    <p class='ocr_par' dir='ltr' id='par_1_61' title="bbox 1970 2827 3575 2898">
     <span class='ocr_line' id='line_1_61' title="bbox 1970 2827 3575 2898; baseline -0.002 -13"><span class='ocrx_word' id='word_1_487' title='bbox 1970 2831 2213 2886; x_wconf 91' lang='lat' dir='ltr'>nondum</span> <span class='ocrx_word' id='word_1_488' title='bbox 2245 2830 2330 2885; x_wconf 91' lang='lat' dir='ltr'>hic</span> <span class='ocrx_word' id='word_1_489' title='bbox 2361 2828 2419 2883; x_wconf 85' lang='lat' dir='ltr'>fit</span> <span class='ocrx_word' id='word_1_490' title='bbox 2450 2828 2654 2884; x_wconf 89' lang='lat' dir='ltr'>mentio</span> <span class='ocrx_word' id='word_1_491' title='bbox 2686 2844 2910 2883; x_wconf 86' lang='lat' dir='ltr'>ovorum</span> <span class='ocrx_word' id='word_1_492' title='bbox 2941 2836 2995 2882; x_wconf 92' lang='lat' dir='ltr'>et</span> <span class='ocrx_word' id='word_1_493' title='bbox 3022 2827 3274 2898; x_wconf 87' lang='lat' dir='ltr'>piscium,</span> <span class='ocrx_word' id='word_1_494' title='bbox 3327 2827 3575 2898; x_wconf 89' lang='lat' dir='ltr'>quamvis</span> 
     </span>
    </p>
   </div>
   <div class='ocr_carea' id='block_1_62' title="bbox 1970 2914 3575 2990">
    <p class='ocr_par' dir='ltr' id='par_1_62' title="bbox 1970 2914 3575 2990">
     <span class='ocr_line' id='line_1_62' title="bbox 1970 2914 3575 2990; baseline -0.003 -15"><span class='ocrx_word' id='word_1_495' title='bbox 1970 2921 2133 2975; x_wconf 89' lang='lat' dir='ltr'>etiam</span> <span class='ocrx_word' id='word_1_496' title='bbox 2164 2919 2271 2974; x_wconf 91' lang='lat' dir='ltr'>dici</span> <span class='ocrx_word' id='word_1_497' title='bbox 2318 2918 2493 2990; x_wconf 90' lang='lat' dir='ltr'>possit</span> <span class='ocrx_word' id='word_1_498' title='bbox 2550 2916 2696 2990; x_wconf 90' lang='lat' dir='ltr'>quod</span> <span class='ocrx_word' id='word_1_499' title='bbox 2753 2933 2854 2987; x_wconf 89' lang='lat' dir='ltr'>per</span> <span class='ocrx_word' id='word_1_500' title='bbox 2905 2916 3111 2987; x_wconf 88' lang='lat' dir='ltr'>aliquid</span> <span class='ocrx_word' id='word_1_501' title='bbox 3168 2916 3275 2972; x_wconf 91' lang='lat' dir='ltr'>cibi</span> <span class='ocrx_word' id='word_1_502' title='bbox 3330 2914 3575 2971; x_wconf 90' lang='lat' dir='ltr'>lautioris</span> 
     </span>
    </p>
   </div>
   <div class='ocr_carea' id='block_1_63' title="bbox 1970 3009 2573 3080">
    <p class='ocr_par' dir='ltr' id='par_1_63' title="bbox 1970 3009 2573 3080">
     <span class='ocr_line' id='line_1_63' title="bbox 1970 3009 2573 3080; baseline -0.005 -17"><span class='ocrx_word' id='word_1_503' title='bbox 1970 3010 2204 3080; x_wconf 91' lang='lat' dir='ltr'>idipsum</span> <span class='ocrx_word' id='word_1_504' title='bbox 2225 3009 2573 3064; x_wconf 88' lang='lat' dir='ltr'>indicaretur.</span> 
     </span>
    </p>
   </div>
   <div class='ocr_carea' id='block_1_64' title="bbox 2039 3094 3577 3165">
    <p class='ocr_par' dir='ltr' id='par_1_64' title="bbox 2039 3094 3577 3165">
     <span class='ocr_line' id='line_1_64' title="bbox 2039 3094 3577 3165; baseline -0.002 -13"><span class='ocrx_word' id='word_1_505' title='bbox 2039 3099 2203 3153; x_wconf 86' lang='lat' dir='ltr'>Num.</span> <span class='ocrx_word' id='word_1_506' title='bbox 2232 3102 2282 3151; x_wconf 91' lang='lat'>3.</span> <span class='ocrx_word' id='word_1_507' title='bbox 2320 3098 2397 3151; x_wconf 85' lang='lat' dir='ltr'>Ab</span> <span class='ocrx_word' id='word_1_508' title='bbox 2424 3096 2608 3151; x_wconf 81' lang='lat' dir='ltr'>Idibus</span> <span class='ocrx_word' id='word_1_509' title='bbox 2636 3094 2994 3165; x_wconf 81' lang='lat' dir='ltr'>Septembris,</span> <span class='ocrx_word' id='word_1_510' title='bbox 3030 3100 3158 3158; x_wconf 91' lang='lat' dir='ltr'>etc.,</span> <span class='ocrx_word' id='word_1_511' title='bbox 3194 3095 3446 3164; x_wconf 62' lang='lat' dir='ltr'>acceptis</span> <span class='ocrx_word' id='word_1_512' title='bbox 3490 3110 3577 3149; x_wconf 84' lang='lat' dir='ltr'>so-</span> 
     </span>
    </p>
   </div>
   <div class='ocr_carea' id='block_1_65' title="bbox 1970 3181 3576 3251">
    <p class='ocr_par' dir='ltr' id='par_1_65' title="bbox 1970 3181 3576 3251">
     <span class='ocr_line' id='line_1_65' title="bbox 1970 3181 3576 3251; baseline -0.004 -8"><span class='ocrx_word' id='word_1_513' title='bbox 1970 3186 2388 3251; x_wconf 85' lang='lat' dir='ltr'>lemnitatibus,</span> <span class='ocrx_word' id='word_1_514' title='bbox 2422 3185 2658 3239; x_wconf 83' lang='lat' dir='ltr'>nonnisi</span> <span class='ocrx_word' id='word_1_515' title='bbox 2690 3184 2882 3247; x_wconf 87' lang='lat' dir='ltr'>semel,</span> <span class='ocrx_word' id='word_1_516' title='bbox 2917 3190 3022 3237; x_wconf 89' lang='lat' dir='ltr'>etc.</span> <span class='ocrx_word' id='word_1_517' title='bbox 3062 3184 3164 3236; x_wconf 89' lang='lat' dir='ltr'>Per</span> <span class='ocrx_word' id='word_1_518' title='bbox 3206 3181 3576 3236; x_wconf 88' lang='lat' dir='ltr'>solemnitates</span> 
     </span>
    </p>
   </div>
   <div class='ocr_carea' id='block_1_66' title="bbox 1968 3270 3579 3346">
    <p class='ocr_par' dir='ltr' id='par_1_66' title="bbox 1968 3270 3579 3346">
     <span class='ocr_line' id='line_1_66' title="bbox 1968 3270 3579 3346; baseline -0.002 -18"><span class='ocrx_word' id='word_1_519' title='bbox 1968 3274 2198 3346; x_wconf 76' lang='lat' dir='ltr'>intelligi</span> <span class='ocrx_word' id='word_1_520' title='bbox 2230 3274 2430 3329; x_wconf 89' lang='lat' dir='ltr'>debent</span> <span class='ocrx_word' id='word_1_521' title='bbox 2463 3272 2601 3327; x_wconf 89' lang='lat' dir='ltr'>festa</span> <span class='ocrx_word' id='word_1_522' title='bbox 2631 3271 2872 3341; x_wconf 89' lang='lat' dir='ltr'>capituli,</span> <span class='ocrx_word' id='word_1_523' title='bbox 2896 3272 3001 3327; x_wconf 88' lang='lat' dir='ltr'>hoc</span> <span class='ocrx_word' id='word_1_524' title='bbox 3032 3271 3177 3325; x_wconf 91' lang='lat' dir='ltr'>enim</span> <span class='ocrx_word' id='word_1_525' title='bbox 3208 3270 3379 3326; x_wconf 90' lang='lat' dir='ltr'>verbo</span> <span class='ocrx_word' id='word_1_526' title='bbox 3410 3270 3579 3326; x_wconf 90' lang='lat' dir='ltr'>utitur</span> 
     </span>
    </p>
   </div>
   <div class='ocr_carea' id='block_1_67' title="bbox 1967 3359 3578 3433">
    <p class='ocr_par' dir='ltr' id='par_1_67' title="bbox 1967 3359 3578 3433">
     <span class='ocr_line' id='line_1_67' title="bbox 1967 3359 3578 3433; baseline -0.003 -15"><span class='ocrx_word' id='word_1_527' title='bbox 1967 3365 2031 3419; x_wconf 83' lang='lat' dir='ltr'>R.</span> <span class='ocrx_word' id='word_1_528' title='bbox 2066 3366 2124 3417; x_wconf 87' lang='grc' dir='ltr'><strong>Ρ.</strong></span> <span class='ocrx_word' id='word_1_529' title='bbox 2157 3362 2357 3433; x_wconf 76' lang='lat' dir='ltr'>Guigo,</span> <span class='ocrx_word' id='word_1_530' title='bbox 2406 3361 2568 3417; x_wconf 85' lang='lat' dir='ltr'>etiam</span> <span class='ocrx_word' id='word_1_531' title='bbox 2617 3361 2686 3415; x_wconf 91' lang='lat' dir='ltr'>de</span> <span class='ocrx_word' id='word_1_532' title='bbox 2732 3359 2885 3413; x_wconf 87' lang='lat' dir='ltr'>festis</span> <span class='ocrx_word' id='word_1_533' title='bbox 2936 3359 3226 3415; x_wconf 90' lang='lat' dir='ltr'>duodecim</span> <span class='ocrx_word' id='word_1_534' title='bbox 3285 3359 3578 3415; x_wconf 89' lang='lat' dir='ltr'>lectionum</span> 
     </span>
    </p>
   </div>
   <div class='ocr_carea' id='block_1_68' title="bbox 1968 3448 3578 3523">
    <p class='ocr_par' dir='ltr' id='par_1_68' title="bbox 1968 3448 3578 3523">
     <span class='ocr_line' id='line_1_68' title="bbox 1968 3448 3578 3523; baseline -0.002 -17"><span class='ocrx_word' id='word_1_535' title='bbox 1968 3453 2217 3523; x_wconf 92' lang='lat' dir='ltr'>loquens,</span> <span class='ocrx_word' id='word_1_536' title='bbox 2254 3458 2415 3521; x_wconf 89' lang='lat' dir='ltr'>prout</span> <span class='ocrx_word' id='word_1_537' title='bbox 2446 3466 2512 3504; x_wconf 87' lang='lat' dir='ltr'>ex</span> <span class='ocrx_word' id='word_1_538' title='bbox 2543 3465 2662 3519; x_wconf 89' lang='lat' dir='ltr'>cap.</span> <span class='ocrx_word' id='word_1_539' title='bbox 2703 3451 2753 3515; x_wconf 75' lang='grc'>4,</span> <span class='ocrx_word' id='word_1_540' title='bbox 2778 3465 2832 3501; x_wconf 92' lang='lat' dir='ltr'>n.</span> <span class='ocrx_word' id='word_1_541' title='bbox 2868 3452 2954 3514; x_wconf 74' lang='lat'>13,</span> <span class='ocrx_word' id='word_1_542' title='bbox 2987 3448 3269 3518; x_wconf 88' lang='lat' dir='ltr'>probatur.</span> <span class='ocrx_word' id='word_1_543' title='bbox 3318 3448 3416 3503; x_wconf 88' lang='lat' dir='ltr'>Hic</span> <span class='ocrx_word' id='word_1_544' title='bbox 3444 3463 3578 3504; x_wconf 88' lang='lat' dir='ltr'>vero</span> 
     </span>
    </p>
   </div>
   <div class='ocr_carea' id='block_1_69' title="bbox 1969 3536 3574 3611">
    <p class='ocr_par' dir='ltr' id='par_1_69' title="bbox 1969 3536 3574 3611">
     <span class='ocr_line' id='line_1_69' title="bbox 1969 3536 3574 3611; baseline -0.003 -17"><span class='ocrx_word' id='word_1_545' title='bbox 1969 3540 2290 3611; x_wconf 85' lang='lat' dir='ltr'>designatur</span> <span class='ocrx_word' id='word_1_546' title='bbox 2321 3547 2535 3609; x_wconf 90' lang='lat' dir='ltr'>tempus</span> <span class='ocrx_word' id='word_1_547' title='bbox 2579 3554 2685 3609; x_wconf 92' lang='lat' dir='ltr'>quo</span> <span class='ocrx_word' id='word_1_548' title='bbox 2723 3536 2989 3606; x_wconf 86' lang='lat' dir='ltr'>jejunium</span> <span class='ocrx_word' id='word_1_549' title='bbox 3043 3536 3251 3591; x_wconf 86' lang='lat' dir='ltr'>ordinis</span> <span class='ocrx_word' id='word_1_550' title='bbox 3308 3544 3574 3603; x_wconf 86' lang='lat' dir='ltr'>servatur,</span> 
     </span>
    </p>
   </div>
   <div class='ocr_carea' id='block_1_70' title="bbox 1968 3625 3575 3700">
    <p class='ocr_par' dir='ltr' id='par_1_70' title="bbox 1968 3625 3575 3700">
     <span class='ocr_line' id='line_1_70' title="bbox 1968 3625 3575 3700; baseline -0.003 -16"><span class='ocrx_word' id='word_1_551' title='bbox 1968 3629 2113 3700; x_wconf 90' lang='lat' dir='ltr'>quod</span> <span class='ocrx_word' id='word_1_552' title='bbox 2147 3645 2363 3700; x_wconf 90' lang='lat' dir='ltr'>semper</span> <span class='ocrx_word' id='word_1_553' title='bbox 2390 3628 2489 3682; x_wconf 89' lang='lat' dir='ltr'>fuit</span> <span class='ocrx_word' id='word_1_554' title='bbox 2521 3635 2575 3681; x_wconf 91' lang='lat' dir='ltr'>et</span> <span class='ocrx_word' id='word_1_555' title='bbox 2601 3634 2683 3681; x_wconf 91' lang='lat' dir='ltr'>est</span> <span class='ocrx_word' id='word_1_556' title='bbox 2711 3626 2906 3681; x_wconf 91' lang='lat' dir='ltr'>eodem</span> <span class='ocrx_word' id='word_1_557' title='bbox 2933 3633 3177 3695; x_wconf 89' lang='lat' dir='ltr'>tempore</span> <span class='ocrx_word' id='word_1_558' title='bbox 3206 3625 3575 3680; x_wconf 87' lang='lat' dir='ltr'>observatum.</span> 
     </span>
    </p>
   </div>
   <div class='ocr_carea' id='block_1_71' title="bbox 2042 3714 3578 3785">
    <p class='ocr_par' dir='ltr' id='par_1_71' title="bbox 2042 3714 3578 3785">
     <span class='ocr_line' id='line_1_71' title="bbox 2042 3714 3578 3785; baseline -0.003 -13"><span class='ocrx_word' id='word_1_559' title='bbox 2042 3719 2201 3772; x_wconf 89' lang='lat' dir='ltr'>Num.</span> <span class='ocrx_word' id='word_1_560' title='bbox 2242 3719 2292 3771; x_wconf 81' lang='grc'><strong>4.</strong></span> <span class='ocrx_word' id='word_1_561' title='bbox 2331 3719 2369 3772; x_wconf 82' lang='grc' dir='ltr'><em>Α</em></span> <span class='ocrx_word' id='word_1_562' title='bbox 2404 3716 2621 3772; x_wconf 88' lang='lat' dir='ltr'>Pascha</span> <span class='ocrx_word' id='word_1_563' title='bbox 2652 3719 2865 3781; x_wconf 84' lang='lat' dir='ltr'>autem,</span> <span class='ocrx_word' id='word_1_564' title='bbox 2910 3721 3039 3782; x_wconf 91' lang='lat' dir='ltr'>etc.,</span> <span class='ocrx_word' id='word_1_565' title='bbox 3073 3716 3245 3768; x_wconf 84' lang='lat' dir='ltr'>tertia</span> <span class='ocrx_word' id='word_1_566' title='bbox 3288 3718 3346 3768; x_wconf 89' lang='lat' dir='ltr'>et</span> <span class='ocrx_word' id='word_1_567' title='bbox 3374 3714 3578 3785; x_wconf 87' lang='lat' dir='ltr'>quinta</span> 
     </span>
    </p>
   </div>
   <div class='ocr_carea' id='block_1_72' title="bbox 1966 3802 3581 3878">
    <p class='ocr_par' dir='ltr' id='par_1_72' title="bbox 1966 3802 3581 3878">
     <span class='ocr_line' id='line_1_72' title="bbox 1966 3802 3581 3878; baseline -0.004 -16"><span class='ocrx_word' id='word_1_568' title='bbox 1966 3807 2136 3878; x_wconf 82' lang='lat' dir='ltr'>feria,</span> <span class='ocrx_word' id='word_1_569' title='bbox 2171 3823 2393 3862; x_wconf 87' lang='lat' dir='ltr'>necnon</span> <span class='ocrx_word' id='word_1_570' title='bbox 2425 3805 2661 3861; x_wconf 69' lang='lat' dir='ltr'>sabbato</span> <span class='ocrx_word' id='word_1_571' title='bbox 2695 3806 2904 3859; x_wconf 82' lang='lat' dir='ltr'>iterato</span> <span class='ocrx_word' id='word_1_572' title='bbox 2934 3803 3246 3872; x_wconf 80' lang='lat' dir='ltr'>reﬁcimus.</span> <span class='ocrx_word' id='word_1_573' title='bbox 3279 3802 3340 3857; x_wconf 93' lang='lat' dir='ltr'>Id</span> <span class='ocrx_word' id='word_1_574' title='bbox 3368 3809 3581 3857; x_wconf 90' lang='lat' dir='ltr'>estnon</span> 
     </span>
    </p>
   </div>
   <div class='ocr_carea' id='block_1_73' title="bbox 1968 3892 3582 3966">
    <p class='ocr_par' dir='ltr' id='par_1_73' title="bbox 1968 3892 3582 3966">
     <span class='ocr_line' id='line_1_73' title="bbox 1968 3892 3582 3966; baseline -0.003 -16"><span class='ocrx_word' id='word_1_575' title='bbox 1968 3904 2177 3950; x_wconf 88' lang='lat' dir='ltr'>tantum</span> <span class='ocrx_word' id='word_1_576' title='bbox 2207 3896 2495 3966; x_wconf 88' lang='lat' dir='ltr'>prandium</span> <span class='ocrx_word' id='word_1_577' title='bbox 2528 3894 2625 3949; x_wconf 91' lang='lat' dir='ltr'>sed</span> <span class='ocrx_word' id='word_1_578' title='bbox 2660 3902 2711 3949; x_wconf 89' lang='lat' dir='ltr'>ct</span> <span class='ocrx_word' id='word_1_579' title='bbox 2753 3909 2965 3949; x_wconf 72' lang='lat' dir='ltr'>cmnam</span> <span class='ocrx_word' id='word_1_580' title='bbox 3016 3892 3301 3955; x_wconf 89' lang='lat' dir='ltr'>sumimus,</span> <span class='ocrx_word' id='word_1_581' title='bbox 3361 3892 3505 3947; x_wconf 88' lang='lat' dir='ltr'>unde</span> <span class='ocrx_word' id='word_1_582' title='bbox 3526 3899 3582 3947; x_wconf 89' lang='lat' dir='ltr'>et</span> 
     </span>
    </p>
   </div>
   <div class='ocr_carea' id='block_1_74' title="bbox 1967 3980 3469 4055">
    <p class='ocr_par' dir='ltr' id='par_1_74' title="bbox 1967 3980 3469 4055">
     <span class='ocr_line' id='line_1_74' title="bbox 1967 3980 3469 4055; baseline -0.003 -16"><span class='ocrx_word' id='word_1_583' title='bbox 1967 3985 2021 4039; x_wconf 89' lang='lat' dir='ltr'>hi</span> <span class='ocrx_word' id='word_1_584' title='bbox 2051 3986 2168 4040; x_wconf 90' lang='lat' dir='ltr'>dies</span> <span class='ocrx_word' id='word_1_585' title='bbox 2200 3992 2461 4040; x_wconf 85' lang='lat' dir='ltr'>vocantur</span> <span class='ocrx_word' id='word_1_586' title='bbox 2488 3983 2633 4055; x_wconf 91' lang='lat' dir='ltr'>apud</span> <span class='ocrx_word' id='word_1_587' title='bbox 2665 3999 2785 4051; x_wconf 90' lang='lat' dir='ltr'>nos,</span> <span class='ocrx_word' id='word_1_588' title='bbox 2820 3982 2937 4038; x_wconf 89' lang='lat' dir='ltr'>dies</span> <span class='ocrx_word' id='word_1_589' title='bbox 2967 3981 3110 4037; x_wconf 71' lang='lat' dir='ltr'>binae</span> <span class='ocrx_word' id='word_1_590' title='bbox 3138 3980 3469 4037; x_wconf 89' lang='lat' dir='ltr'>refectionis.</span> 
     </span>
    </p>
   </div>
   <div class='ocr_carea' id='block_1_75' title="bbox 2038 4070 3581 4143">
    <p class='ocr_par' dir='ltr' id='par_1_75' title="bbox 2038 4070 3581 4143">
     <span class='ocr_line' id='line_1_75' title="bbox 2038 4070 3581 4143; baseline -0.003 -14"><span class='ocrx_word' id='word_1_591' title='bbox 2038 4074 2198 4129; x_wconf 89' lang='lat' dir='ltr'>Num.</span> <span class='ocrx_word' id='word_1_592' title='bbox 2242 4077 2293 4127; x_wconf 83' lang='lat'>5.</span> <span class='ocrx_word' id='word_1_593' title='bbox 2325 4074 2406 4127; x_wconf 85' lang='lat' dir='ltr'>Ad</span> <span class='ocrx_word' id='word_1_594' title='bbox 2465 4089 2681 4128; x_wconf 61' lang='lat' dir='ltr'>canam</span> <span class='ocrx_word' id='word_1_595' title='bbox 2714 4074 2799 4127; x_wconf 83' lang='lat' dir='ltr'>vel</span> <span class='ocrx_word' id='word_1_596' title='bbox 2838 4070 3166 4143; x_wconf 81' lang='lat' dir='ltr'>prandium,</span> <span class='ocrx_word' id='word_1_597' title='bbox 3225 4088 3356 4127; x_wconf 87' lang='lat' dir='ltr'>cum</span> <span class='ocrx_word' id='word_1_598' title='bbox 3410 4071 3581 4127; x_wconf 82' lang='lat' dir='ltr'>semel</span> 
     </span>
    </p>
   </div>
   <div class='ocr_carea' id='block_1_76' title="bbox 1969 4159 3584 4231">
    <p class='ocr_par' dir='ltr' id='par_1_76' title="bbox 1969 4159 3584 4231">
     <span class='ocr_line' id='line_1_76' title="bbox 1969 4159 3584 4231; baseline -0.002 -14"><span class='ocrx_word' id='word_1_599' title='bbox 1969 4162 2206 4227; x_wconf 88' lang='lat' dir='ltr'>edimus,</span> <span class='ocrx_word' id='word_1_600' title='bbox 2247 4162 2443 4217; x_wconf 88' lang='lat' dir='ltr'>herbas</span> <span class='ocrx_word' id='word_1_601' title='bbox 2472 4161 2698 4227; x_wconf 88' lang='lat' dir='ltr'>crudas,</span> <span class='ocrx_word' id='word_1_602' title='bbox 2733 4162 2819 4216; x_wconf 90' lang='lat' dir='ltr'>vel</span> <span class='ocrx_word' id='word_1_603' title='bbox 2849 4164 3076 4231; x_wconf 78' lang='lat' dir='ltr'>fructus</span> <span class='ocrx_word' id='word_1_604' title='bbox 3094 4160 3143 4214; x_wconf 90' lang='lat' dir='ltr'>si</span> <span class='ocrx_word' id='word_1_605' title='bbox 3163 4159 3356 4214; x_wconf 84' lang='lat' dir='ltr'>adsint</span> <span class='ocrx_word' id='word_1_606' title='bbox 3368 4159 3584 4230; x_wconf 81' lang='lat' dir='ltr'>accipi-</span> 
     </span>
    </p>
   </div>
   <div class='ocr_carea' id='block_1_77' title="bbox 1966 4246 3580 4317">
    <p class='ocr_par' dir='ltr' id='par_1_77' title="bbox 1966 4246 3580 4317">
     <span class='ocr_line' id='line_1_77' title="bbox 1966 4246 3580 4317; baseline -0.003 -11"><span class='ocrx_word' id='word_1_607' title='bbox 1966 4268 2113 4306; x_wconf 88' lang='lat' dir='ltr'>mus.</span> <span class='ocrx_word' id='word_1_608' title='bbox 2140 4252 2269 4317; x_wconf 72' lang='lat' dir='ltr'>Qua:</span> <span class='ocrx_word' id='word_1_609' title='bbox 2292 4252 2633 4317; x_wconf 83' lang='lat' dir='ltr'>retinentes,</span> <span class='ocrx_word' id='word_1_610' title='bbox 2654 4256 2758 4303; x_wconf 91' lang='lat' dir='ltr'>etc.</span> <span class='ocrx_word' id='word_1_611' title='bbox 2786 4250 2865 4303; x_wconf 89' lang='lat' dir='ltr'>Ex</span> <span class='ocrx_word' id='word_1_612' title='bbox 2891 4250 2993 4303; x_wconf 92' lang='lat' dir='ltr'>hoc</span> <span class='ocrx_word' id='word_1_613' title='bbox 3023 4249 3145 4303; x_wconf 92' lang='lat' dir='ltr'>loco</span> <span class='ocrx_word' id='word_1_614' title='bbox 3166 4263 3274 4303; x_wconf 92' lang='lat' dir='ltr'>non</span> <span class='ocrx_word' id='word_1_615' title='bbox 3308 4255 3391 4302; x_wconf 87' lang='lat' dir='ltr'>est</span> <span class='ocrx_word' id='word_1_616' title='bbox 3419 4246 3580 4303; x_wconf 89' lang='lat' dir='ltr'>intel-</span> 
     </span>
    </p>
   </div>
   <div class='ocr_carea' id='block_1_78' title="bbox 1976 4336 3581 4411">
    <p class='ocr_par' dir='ltr' id='par_1_78' title="bbox 1976 4336 3581 4411">
     <span class='ocr_line' id='line_1_78' title="bbox 1976 4336 3581 4411; baseline -0.001 -18"><span class='ocrx_word' id='word_1_617' title='bbox 1976 4339 2255 4411; x_wconf 83' lang='lat' dir='ltr'>ligendum</span> <span class='ocrx_word' id='word_1_618' title='bbox 2293 4339 2437 4409; x_wconf 92' lang='lat' dir='ltr'>quod</span> <span class='ocrx_word' id='word_1_619' title='bbox 2468 4338 2660 4394; x_wconf 91' lang='lat' dir='ltr'>diebus</span> <span class='ocrx_word' id='word_1_620' title='bbox 2683 4337 2870 4405; x_wconf 88' lang='lat' dir='ltr'>jejunii</span> <span class='ocrx_word' id='word_1_621' title='bbox 2924 4337 3133 4391; x_wconf 89' lang='lat' dir='ltr'>ordinis</span> <span class='ocrx_word' id='word_1_622' title='bbox 3165 4336 3235 4391; x_wconf 87' lang='lat' dir='ltr'>ad</span> <span class='ocrx_word' id='word_1_623' title='bbox 3290 4336 3581 4408; x_wconf 90' lang='lat' dir='ltr'>prandium</span> 
     </span>
    </p>
   </div>
   <div class='ocr_carea' id='block_1_79' title="bbox 262 4398 3581 4497">
    <p class='ocr_par' dir='ltr' id='par_1_79' title="bbox 262 4398 3581 4497">
     <span class='ocr_line' id='line_1_79' title="bbox 262 4398 3581 4497; baseline 0.001 -17"><span class='ocrx_word' id='word_1_624' title='bbox 262 4398 449 4489; x_wconf 74' lang='lat' dir='ltr'>caret,</span> <span class='ocrx_word' id='word_1_625' title='bbox 490 4398 697 4497; x_wconf 78' lang='lat' dir='ltr'>absque</span> <span class='ocrx_word' id='word_1_626' title='bbox 748 4398 995 4479; x_wconf 77' lang='lat' dir='ltr'>sanitatis</span> <span class='ocrx_word' id='word_1_627' title='bbox 1043 4424 1259 4479; x_wconf 90' lang='lat' dir='ltr'>illarum</span> <span class='ocrx_word' id='word_1_628' title='bbox 1307 4398 1651 4478; x_wconf 78' lang='lat' dir='ltr'>detrimento.</span> <span class='ocrx_word' id='word_1_629' title='bbox 1710 4398 1864 4491; x_wconf 87' lang='lat' dir='ltr'>I)ico,</span> <span class='ocrx_word' id='word_1_630' title='bbox 1894 4398 1939 4459; x_wconf 70' lang='grc' dir='ltr'>Ο</span> <span class='ocrx_word' id='word_1_631' title='bbox 1972 4398 2095 4483; x_wconf 73' lang='lat' dir='ltr'>cum</span> <span class='ocrx_word' id='word_1_632' title='bbox 2128 4398 2576 4494; x_wconf 58' lang='lat' dir='ltr'>semehederent,</span> <span class='ocrx_word' id='word_1_633' title='bbox 2608 4398 2793 4480; x_wconf 75' lang='lat' dir='ltr'>herbis</span> <span class='ocrx_word' id='word_1_634' title='bbox 2825 4433 3031 4480; x_wconf 86' lang='lat' dir='ltr'>tantum</span> <span class='ocrx_word' id='word_1_635' title='bbox 3076 4425 3259 4481; x_wconf 91' lang='lat' dir='ltr'>crudis</span> <span class='ocrx_word' id='word_1_636' title='bbox 3290 4398 3407 4482; x_wconf 43' lang='lat' dir='ltr'>-vel</span> <span class='ocrx_word' id='word_1_637' title='bbox 3460 4425 3581 4482; x_wconf 88' lang='lat' dir='ltr'>fru-</span> 
     </span>
    </p>
   </div>
   <div class='ocr_carea' id='block_1_80' title="bbox 263 4510 1869 4584">
    <p class='ocr_par' dir='ltr' id='par_1_80' title="bbox 263 4510 1869 4584">
     <span class='ocr_line' id='line_1_80' title="bbox 263 4510 1869 4584; baseline 0.001 -18"><span class='ocrx_word' id='word_1_638' title='bbox 263 4514 558 4581; x_wconf 81' lang='lat' dir='ltr'>sanitatis,</span> <span class='ocrx_word' id='word_1_639' title='bbox 597 4512 723 4584; x_wconf 86' lang='lat' dir='ltr'>quia</span> <span class='ocrx_word' id='word_1_640' title='bbox 752 4512 1025 4584; x_wconf 79' lang='lat' dir='ltr'>superflua</span> <span class='ocrx_word' id='word_1_641' title='bbox 1068 4530 1298 4584; x_wconf 84' lang='lat' dir='ltr'>prorsus</span> <span class='ocrx_word' id='word_1_642' title='bbox 1337 4519 1388 4566; x_wconf 89' lang='lat' dir='ltr'>et</span> <span class='ocrx_word' id='word_1_643' title='bbox 1434 4510 1638 4566; x_wconf 89' lang='lat' dir='ltr'>inutilis</span> <span class='ocrx_word' id='word_1_644' title='bbox 1678 4511 1869 4571; x_wconf 84' lang='lat' dir='ltr'>fuisset</span> 
     </span>
    </p>
   </div>
   <div class='ocr_carea' id='block_1_81' title="bbox 258 4599 1869 4672">
    <p class='ocr_par' dir='ltr' id='par_1_81' title="bbox 258 4599 1869 4672">
     <span class='ocr_line' id='line_1_81' title="bbox 258 4599 1869 4672; baseline 0 -17"><span class='ocrx_word' id='word_1_645' title='bbox 258 4600 363 4655; x_wconf 87' lang='lat' dir='ltr'>ista</span> <span class='ocrx_word' id='word_1_646' title='bbox 414 4602 673 4668; x_wconf 84' lang='lat' dir='ltr'>conditio,</span> <span class='ocrx_word' id='word_1_647' title='bbox 739 4602 785 4656; x_wconf 90' lang='lat' dir='ltr'>si</span> <span class='ocrx_word' id='word_1_648' title='bbox 843 4601 1085 4657; x_wconf 89' lang='lat' dir='ltr'>sanitatis</span> <span class='ocrx_word' id='word_1_649' title='bbox 1137 4601 1436 4672; x_wconf 89' lang='lat' dir='ltr'>corporalis</span> <span class='ocrx_word' id='word_1_650' title='bbox 1484 4601 1627 4655; x_wconf 90' lang='lat' dir='ltr'>nulla</span> <span class='ocrx_word' id='word_1_651' title='bbox 1678 4599 1869 4657; x_wconf 89' lang='lat' dir='ltr'>fuisset</span> 
     </span>
    </p>
   </div>
   <div class='ocr_carea' id='block_1_82' title="bbox 262 4690 1863 4761">
    <p class='ocr_par' dir='ltr' id='par_1_82' title="bbox 262 4690 1863 4761">
     <span class='ocr_line' id='line_1_82' title="bbox 262 4690 1863 4761; baseline 0.002 -18"><span class='ocrx_word' id='word_1_652' title='bbox 262 4690 518 4745; x_wconf 83' lang='lat' dir='ltr'>habenda</span> <span class='ocrx_word' id='word_1_653' title='bbox 546 4691 707 4755; x_wconf 89' lang='lat' dir='ltr'>ratio,</span> <span class='ocrx_word' id='word_1_654' title='bbox 744 4699 797 4746; x_wconf 89' lang='lat' dir='ltr'>et</span> <span class='ocrx_word' id='word_1_655' title='bbox 847 4692 903 4745; x_wconf 91' lang='lat' dir='ltr'>in</span> <span class='ocrx_word' id='word_1_656' title='bbox 958 4692 1062 4747; x_wconf 91' lang='lat' dir='ltr'>hoc</span> <span class='ocrx_word' id='word_1_657' title='bbox 1118 4690 1295 4747; x_wconf 87' lang='lat' dir='ltr'>elucet</span> <span class='ocrx_word' id='word_1_658' title='bbox 1342 4707 1539 4761; x_wconf 80' lang='lat' dir='ltr'>magna</span> <span class='ocrx_word' id='word_1_659' title='bbox 1589 4690 1863 4756; x_wconf 88' lang='lat' dir='ltr'>discretio,</span> 
     </span>
    </p>
   </div>
   <div class='ocr_carea' id='block_1_83' title="bbox 260 4779 1867 4849">
    <p class='ocr_par' dir='ltr' id='par_1_83' title="bbox 260 4779 1867 4849">
     <span class='ocr_line' id='line_1_83' title="bbox 260 4779 1867 4849; baseline 0.001 -18"><span class='ocrx_word' id='word_1_660' title='bbox 260 4795 427 4849; x_wconf 89' lang='lat' dir='ltr'>quam</span> <span class='ocrx_word' id='word_1_661' title='bbox 486 4779 655 4833; x_wconf 89' lang='lat' dir='ltr'>veluti</span> <span class='ocrx_word' id='word_1_662' title='bbox 710 4779 938 4834; x_wconf 88' lang='lat' dir='ltr'>instituti</span> <span class='ocrx_word' id='word_1_663' title='bbox 989 4779 1070 4834; x_wconf 90' lang='lat' dir='ltr'>sui</span> <span class='ocrx_word' id='word_1_664' title='bbox 1132 4779 1305 4833; x_wconf 91' lang='lat' dir='ltr'>basim</span> <span class='ocrx_word' id='word_1_665' title='bbox 1354 4787 1649 4849; x_wconf 88' lang='lat' dir='ltr'>posuerunt</span> <span class='ocrx_word' id='word_1_666' title='bbox 1708 4779 1867 4849; x_wconf 91' lang='lat' dir='ltr'>primi</span> 
     </span>
    </p>
   </div>
   <div class='ocr_carea' id='block_1_84' title="bbox 264 4867 1863 4935">
    <p class='ocr_par' dir='ltr' id='par_1_84' title="bbox 264 4867 1863 4935">
     <span class='ocr_line' id='line_1_84' title="bbox 264 4867 1863 4935; baseline 0 -14"><span class='ocrx_word' id='word_1_667' title='bbox 264 4867 624 4934; x_wconf 87' lang='lat' dir='ltr'>Carthusiani,</span> <span class='ocrx_word' id='word_1_668' title='bbox 659 4883 856 4923; x_wconf 90' lang='lat' dir='ltr'>cavere</span> <span class='ocrx_word' id='word_1_669' title='bbox 898 4869 1163 4935; x_wconf 89' lang='lat' dir='ltr'>volentes,</span> <span class='ocrx_word' id='word_1_670' title='bbox 1205 4884 1273 4923; x_wconf 92' lang='lat' dir='ltr'>ne</span> <span class='ocrx_word' id='word_1_671' title='bbox 1322 4883 1386 4921; x_wconf 87' lang='lat' dir='ltr'>ex</span> <span class='ocrx_word' id='word_1_672' title='bbox 1433 4867 1598 4921; x_wconf 90' lang='lat' dir='ltr'>nimia</span> <span class='ocrx_word' id='word_1_673' title='bbox 1627 4869 1863 4923; x_wconf 89' lang='lat' dir='ltr'>austeri-</span> 
     </span>
    </p>
   </div>
   <div class='ocr_carea' id='block_1_85' title="bbox 257 4956 1865 5026">
    <p class='ocr_par' dir='ltr' id='par_1_85' title="bbox 257 4956 1865 5026">
     <span class='ocr_line' id='line_1_85' title="bbox 257 4956 1865 5026; baseline 0.003 -19"><span class='ocrx_word' id='word_1_674' title='bbox 257 4956 455 5009; x_wconf 88' lang='lat' dir='ltr'>tatibus</span> <span class='ocrx_word' id='word_1_675' title='bbox 486 4958 861 5026; x_wconf 89' lang='lat' dir='ltr'>corporalibus</span> <span class='ocrx_word' id='word_1_676' title='bbox 891 4956 1246 5024; x_wconf 77' lang='lat' dir='ltr'>adhaerentia,</span> <span class='ocrx_word' id='word_1_677' title='bbox 1268 4956 1453 5026; x_wconf 89' lang='lat' dir='ltr'>plures</span> <span class='ocrx_word' id='word_1_678' title='bbox 1485 4973 1514 5010; x_wconf 93' lang='lat' dir='ltr'>e</span> <span class='ocrx_word' id='word_1_679' title='bbox 1545 4956 1657 5010; x_wconf 90' lang='lat' dir='ltr'>suis</span> <span class='ocrx_word' id='word_1_680' title='bbox 1688 4957 1743 5011; x_wconf 90' lang='lat' dir='ltr'>in</span> <span class='ocrx_word' id='word_1_681' title='bbox 1775 4957 1865 5012; x_wconf 87' lang='lat' dir='ltr'>via</span> 
     </span>
    </p>
   </div>
   <div class='ocr_carea' id='block_1_86' title="bbox 260 5044 1863 5114">
    <p class='ocr_par' dir='ltr' id='par_1_86' title="bbox 260 5044 1863 5114">
     <span class='ocr_line' id='line_1_86' title="bbox 260 5044 1863 5114; baseline 0.001 -15"><span class='ocrx_word' id='word_1_682' title='bbox 260 5044 517 5099; x_wconf 72' lang='lat' dir='ltr'>solitariae</span> <span class='ocrx_word' id='word_1_683' title='bbox 556 5046 681 5100; x_wconf 65' lang='lat' dir='ltr'>vita)</span> <span class='ocrx_word' id='word_1_684' title='bbox 728 5045 1039 5111; x_wconf 88' lang='lat' dir='ltr'>deficerent,</span> <span class='ocrx_word' id='word_1_685' title='bbox 1076 5046 1213 5101; x_wconf 90' lang='lat' dir='ltr'>sicut</span> <span class='ocrx_word' id='word_1_686' title='bbox 1254 5046 1370 5114; x_wconf 87' lang='lat' dir='ltr'>jam</span> <span class='ocrx_word' id='word_1_687' title='bbox 1410 5046 1659 5101; x_wconf 89' lang='lat' dir='ltr'>evenisse</span> <span class='ocrx_word' id='word_1_688' title='bbox 1719 5046 1863 5102; x_wconf 86' lang='lat' dir='ltr'>scie-</span> 
     </span>
    </p>
   </div>
   <div class='ocr_carea' id='block_1_87' title="bbox 262 5133 1868 5205">
    <p class='ocr_par' dir='ltr' id='par_1_87' title="bbox 262 5133 1868 5205">
     <span class='ocr_line' id='line_1_87' title="bbox 262 5133 1868 5205; baseline 0.004 -19"><span class='ocrx_word' id='word_1_689' title='bbox 262 5133 395 5187; x_wconf 88' lang='lat' dir='ltr'>bant</span> <span class='ocrx_word' id='word_1_690' title='bbox 425 5133 661 5205; x_wconf 90' lang='lat' dir='ltr'>autiquis</span> <span class='ocrx_word' id='word_1_691' title='bbox 704 5134 1029 5205; x_wconf 88' lang='lat' dir='ltr'>quibusdam</span> <span class='ocrx_word' id='word_1_692' title='bbox 1078 5134 1424 5190; x_wconf 89' lang='lat' dir='ltr'>anachoretis</span> <span class='ocrx_word' id='word_1_693' title='bbox 1465 5142 1517 5190; x_wconf 91' lang='lat' dir='ltr'>et</span> <span class='ocrx_word' id='word_1_694' title='bbox 1548 5134 1688 5190; x_wconf 91' lang='lat' dir='ltr'>aliis.</span> <span class='ocrx_word' id='word_1_695' title='bbox 1734 5135 1868 5204; x_wconf 78' lang='lat' dir='ltr'>Quae</span> 
     </span>
    </p>
   </div>
   <div class='ocr_carea' id='block_1_88' title="bbox 258 5222 1867 5294">
    <p class='ocr_par' dir='ltr' id='par_1_88' title="bbox 258 5222 1867 5294">
     <span class='ocr_line' id='line_1_88' title="bbox 258 5222 1867 5294; baseline 0.003 -19"><span class='ocrx_word' id='word_1_696' title='bbox 258 5222 522 5277; x_wconf 88' lang='lat' dir='ltr'>discretio</span> <span class='ocrx_word' id='word_1_697' title='bbox 550 5222 749 5276; x_wconf 91' lang='lat' dir='ltr'>mirum</span> <span class='ocrx_word' id='word_1_698' title='bbox 779 5223 833 5277; x_wconf 94' lang='lat' dir='ltr'>iu</span> <span class='ocrx_word' id='word_1_699' title='bbox 883 5224 1107 5279; x_wconf 89' lang='lat' dir='ltr'>modum</span> <span class='ocrx_word' id='word_1_700' title='bbox 1163 5223 1362 5294; x_wconf 87' lang='lat' dir='ltr'>profuit</span> <span class='ocrx_word' id='word_1_701' title='bbox 1418 5223 1488 5278; x_wconf 88' lang='lat' dir='ltr'>ad</span> <span class='ocrx_word' id='word_1_702' title='bbox 1536 5225 1867 5281; x_wconf 86' lang='lat' dir='ltr'>servandum</span> 
     </span>
    </p>
   </div>
   <div class='ocr_carea' id='block_1_89' title="bbox 259 5310 963 5383">
    <p class='ocr_par' dir='ltr' id='par_1_89' title="bbox 259 5310 963 5383">
     <span class='ocr_line' id='line_1_89' title="bbox 259 5310 963 5383; baseline 0 -17"><span class='ocrx_word' id='word_1_703' title='bbox 259 5310 514 5366; x_wconf 89' lang='lat' dir='ltr'>ordinem</span> <span class='ocrx_word' id='word_1_704' title='bbox 536 5310 591 5364; x_wconf 91' lang='lat' dir='ltr'>in</span> <span class='ocrx_word' id='word_1_705' title='bbox 617 5326 717 5367; x_wconf 92' lang='lat' dir='ltr'>suo</span> <span class='ocrx_word' id='word_1_706' title='bbox 755 5312 963 5383; x_wconf 82' lang='lat' dir='ltr'>vigore.</span> 
     </span>
    </p>
   </div>
   <div class='ocr_carea' id='block_1_90' title="bbox 332 5400 1867 5475">
    <p class='ocr_par' dir='ltr' id='par_1_90' title="bbox 332 5400 1867 5475">
     <span class='ocr_line' id='line_1_90' title="bbox 332 5400 1867 5475; baseline 0.003 -22"><span class='ocrx_word' id='word_1_707' title='bbox 332 5400 503 5454; x_wconf 88' lang='lat' dir='ltr'>Num.</span> <span class='ocrx_word' id='word_1_708' title='bbox 532 5402 585 5456; x_wconf 79' lang='lat'>2.</span> <span class='ocrx_word' id='word_1_709' title='bbox 629 5400 832 5468; x_wconf 75' lang='lat' dir='ltr'>Tertia,</span> <span class='ocrx_word' id='word_1_710' title='bbox 859 5401 1081 5472; x_wconf 83' lang='lat' dir='ltr'>quinta,</span> <span class='ocrx_word' id='word_1_711' title='bbox 1106 5406 1162 5456; x_wconf 91' lang='lat' dir='ltr'>et</span> <span class='ocrx_word' id='word_1_712' title='bbox 1188 5404 1417 5460; x_wconf 87' lang='lat' dir='ltr'>Sabbato</span> <span class='ocrx_word' id='word_1_713' title='bbox 1448 5405 1755 5475; x_wconf 85' lang='lat' dir='ltr'>legumina,</span> <span class='ocrx_word' id='word_1_714' title='bbox 1781 5403 1867 5458; x_wconf 86' lang='lat' dir='ltr'>vel</span> 
     </span>
    </p>
   </div>
   <div class='ocr_carea' id='block_1_91' title="bbox 256 5489 1870 5565">
    <p class='ocr_par' dir='ltr' id='par_1_91' title="bbox 256 5489 1870 5565">
     <span class='ocr_line' id='line_1_91' title="bbox 256 5489 1870 5565; baseline 0.002 -22"><span class='ocrx_word' id='word_1_715' title='bbox 256 5489 477 5560; x_wconf 85' lang='lat' dir='ltr'>aliquid</span> <span class='ocrx_word' id='word_1_716' title='bbox 506 5489 829 5561; x_wconf 86' lang='lat' dir='ltr'>hujusmodi</span> <span class='ocrx_word' id='word_1_717' title='bbox 860 5491 971 5562; x_wconf 84' lang='lat' dir='ltr'>ipsi</span> <span class='ocrx_word' id='word_1_718' title='bbox 1001 5492 1159 5546; x_wconf 84' lang='lat' dir='ltr'>nobis</span> <span class='ocrx_word' id='word_1_719' title='bbox 1192 5496 1497 5565; x_wconf 85' lang='lat' dir='ltr'>coquimus,</span> <span class='ocrx_word' id='word_1_720' title='bbox 1532 5501 1635 5549; x_wconf 91' lang='lat' dir='ltr'>etc.</span> <span class='ocrx_word' id='word_1_721' title='bbox 1663 5492 1760 5548; x_wconf 88' lang='lat' dir='ltr'>Hic</span> <span class='ocrx_word' id='word_1_722' title='bbox 1780 5507 1870 5547; x_wconf 89' lang='lat' dir='ltr'>re-</span> 
     </span>
    </p>
   </div>
   <div class='ocr_carea' id='block_1_92' title="bbox 256 5577 1869 5652">
    <p class='ocr_par' dir='ltr' id='par_1_92' title="bbox 256 5577 1869 5652">
     <span class='ocr_line' id='line_1_92' title="bbox 256 5577 1869 5652; baseline 0.002 -20"><span class='ocrx_word' id='word_1_723' title='bbox 256 5577 504 5634; x_wconf 82' lang='lat' dir='ltr'>fricanda</span> <span class='ocrx_word' id='word_1_724' title='bbox 535 5586 618 5633; x_wconf 90' lang='lat' dir='ltr'>est</span> <span class='ocrx_word' id='word_1_725' title='bbox 647 5577 913 5634; x_wconf 88' lang='lat' dir='ltr'>memoria</span> <span class='ocrx_word' id='word_1_726' title='bbox 943 5594 1130 5634; x_wconf 90' lang='lat' dir='ltr'>eorum</span> <span class='ocrx_word' id='word_1_727' title='bbox 1161 5580 1406 5652; x_wconf 70' lang='lat' dir='ltr'>quaejam</span> <span class='ocrx_word' id='word_1_728' title='bbox 1423 5596 1541 5652; x_wconf 84' lang='lat' dir='ltr'>cap.</span> <span class='ocrx_word' id='word_1_729' title='bbox 1571 5585 1605 5637; x_wconf 88' lang='lat'>&#39;7</span> <span class='ocrx_word' id='word_1_730' title='bbox 1633 5582 1869 5638; x_wconf 88' lang='lat' dir='ltr'>diximus</span> 
     </span>
    </p>
   </div>
   <div class='ocr_carea' id='block_1_93' title="bbox 1971 4514 3582 4583">
    <p class='ocr_par' dir='ltr' id='par_1_93' title="bbox 1971 4514 3582 4583">
     <span class='ocr_line' id='line_1_93' title="bbox 1971 4514 3582 4583; baseline -0.001 -11"><span class='ocrx_word' id='word_1_731' title='bbox 1971 4516 2169 4583; x_wconf 90' lang='lat' dir='ltr'>ctibus,</span> <span class='ocrx_word' id='word_1_732' title='bbox 2205 4516 2249 4569; x_wconf 90' lang='lat' dir='ltr'>si</span> <span class='ocrx_word' id='word_1_733' title='bbox 2281 4516 2539 4571; x_wconf 90' lang='lat' dir='ltr'>adessent</span> <span class='ocrx_word' id='word_1_734' title='bbox 2571 4522 2848 4570; x_wconf 89' lang='lat' dir='ltr'>uterentur</span> <span class='ocrx_word' id='word_1_735' title='bbox 2878 4534 2892 4581; x_wconf 89' lang='lat'><strong>;</strong></span> <span class='ocrx_word' id='word_1_736' title='bbox 2927 4514 3263 4570; x_wconf 89' lang='lat' dir='ltr'>contrarium</span> <span class='ocrx_word' id='word_1_737' title='bbox 3296 4515 3438 4569; x_wconf 91' lang='lat' dir='ltr'>enim</span> <span class='ocrx_word' id='word_1_738' title='bbox 3468 4515 3582 4570; x_wconf 87' lang='lat' dir='ltr'>evi-</span> 
     </span>
    </p>
   </div>
   <div class='ocr_carea' id='block_1_94' title="bbox 1970 4602 3579 4676">
    <p class='ocr_par' dir='ltr' id='par_1_94' title="bbox 1970 4602 3579 4676">
     <span class='ocr_line' id='line_1_94' title="bbox 1970 4602 3579 4676; baseline -0.001 -16"><span class='ocrx_word' id='word_1_739' title='bbox 1970 4605 2162 4660; x_wconf 90' lang='lat' dir='ltr'>denter</span> <span class='ocrx_word' id='word_1_740' title='bbox 2190 4611 2413 4676; x_wconf 89' lang='lat' dir='ltr'>apparet</span> <span class='ocrx_word' id='word_1_741' title='bbox 2440 4621 2497 4659; x_wconf 92' lang='lat' dir='ltr'>n.</span> <span class='ocrx_word' id='word_1_742' title='bbox 2542 4608 2598 4671; x_wconf 77' lang='lat'>2,</span> <span class='ocrx_word' id='word_1_743' title='bbox 2633 4602 2726 4657; x_wconf 92' lang='lat' dir='ltr'>ubi</span> <span class='ocrx_word' id='word_1_744' title='bbox 2775 4603 2974 4660; x_wconf 90' lang='lat' dir='ltr'>dicitur</span> <span class='ocrx_word' id='word_1_745' title='bbox 3005 4604 3149 4675; x_wconf 90' lang='lat' dir='ltr'>quod</span> <span class='ocrx_word' id='word_1_746' title='bbox 3179 4602 3396 4659; x_wconf 88' lang='lat' dir='ltr'>sibimet</span> <span class='ocrx_word' id='word_1_747' title='bbox 3423 4604 3579 4676; x_wconf 84' lang='lat' dir='ltr'>legu-</span> 
     </span>
    </p>
   </div>
   <div class='ocr_carea' id='block_1_95' title="bbox 1970 4692 3579 4765">
    <p class='ocr_par' dir='ltr' id='par_1_95' title="bbox 1970 4692 3579 4765">
     <span class='ocr_line' id='line_1_95' title="bbox 1970 4692 3579 4765; baseline 0 -18"><span class='ocrx_word' id='word_1_748' title='bbox 1970 4695 2117 4748; x_wconf 90' lang='lat' dir='ltr'>mina</span> <span class='ocrx_word' id='word_1_749' title='bbox 2176 4702 2479 4765; x_wconf 87' lang='lat' dir='ltr'>coquerent</span> <span class='ocrx_word' id='word_1_750' title='bbox 2512 4693 2648 4748; x_wconf 89' lang='lat' dir='ltr'>:sed</span> <span class='ocrx_word' id='word_1_751' title='bbox 2707 4700 2912 4747; x_wconf 88' lang='lat' dir='ltr'>tantum</span> <span class='ocrx_word' id='word_1_752' title='bbox 2971 4692 3025 4747; x_wconf 94' lang='lat' dir='ltr'>id</span> <span class='ocrx_word' id='word_1_753' title='bbox 3102 4692 3377 4765; x_wconf 83' lang='lat' dir='ltr'>signiﬁcat</span> <span class='ocrx_word' id='word_1_754' title='bbox 3432 4693 3579 4764; x_wconf 92' lang='lat' dir='ltr'>quod</span> 
     </span>
    </p>
   </div>
   <div class='ocr_carea' id='block_1_96' title="bbox 1966 4781 3579 4853">
    <p class='ocr_par' dir='ltr' id='par_1_96' title="bbox 1966 4781 3579 4853">
     <span class='ocr_line' id='line_1_96' title="bbox 1966 4781 3579 4853; baseline -0.001 -16"><span class='ocrx_word' id='word_1_755' title='bbox 1966 4783 2150 4837; x_wconf 84' lang='lat' dir='ltr'>herbis</span> <span class='ocrx_word' id='word_1_756' title='bbox 2183 4784 2384 4849; x_wconf 87' lang='lat' dir='ltr'>crudis,</span> <span class='ocrx_word' id='word_1_757' title='bbox 2416 4782 2471 4836; x_wconf 92' lang='lat' dir='ltr'>id</span> <span class='ocrx_word' id='word_1_758' title='bbox 2503 4790 2585 4837; x_wconf 91' lang='lat' dir='ltr'>est</span> <span class='ocrx_word' id='word_1_759' title='bbox 2626 4782 2870 4837; x_wconf 89' lang='lat' dir='ltr'>oleribus</span> <span class='ocrx_word' id='word_1_760' title='bbox 2924 4797 3153 4853; x_wconf 89' lang='lat' dir='ltr'>quorum</span> <span class='ocrx_word' id='word_1_761' title='bbox 3185 4782 3424 4852; x_wconf 89' lang='lat' dir='ltr'>provisio</span> <span class='ocrx_word' id='word_1_762' title='bbox 3470 4781 3579 4835; x_wconf 93' lang='lat' dir='ltr'>illis</span> 
     </span>
    </p>
   </div>
   <div class='ocr_carea' id='block_1_97' title="bbox 1967 4869 3579 4943">
    <p class='ocr_par' dir='ltr' id='par_1_97' title="bbox 1967 4869 3579 4943">
     <span class='ocr_line' id='line_1_97' title="bbox 1967 4869 3579 4943; baseline 0 -18"><span class='ocrx_word' id='word_1_763' title='bbox 1967 4872 2219 4938; x_wconf 88' lang='lat' dir='ltr'>dabatur,</span> <span class='ocrx_word' id='word_1_764' title='bbox 2247 4872 2334 4926; x_wconf 88' lang='lat' dir='ltr'>vel</span> <span class='ocrx_word' id='word_1_765' title='bbox 2364 4870 2631 4926; x_wconf 90' lang='lat' dir='ltr'>fructibus</span> <span class='ocrx_word' id='word_1_766' title='bbox 2663 4871 2877 4943; x_wconf 89' lang='lat' dir='ltr'>quando</span> <span class='ocrx_word' id='word_1_767' title='bbox 2907 4871 3199 4935; x_wconf 89' lang='lat' dir='ltr'>habebant,</span> <span class='ocrx_word' id='word_1_768' title='bbox 3234 4878 3358 4925; x_wconf 89' lang='lat' dir='ltr'>tunc</span> <span class='ocrx_word' id='word_1_769' title='bbox 3405 4869 3579 4925; x_wconf 88' lang='lat' dir='ltr'>libere</span> 
     </span>
    </p>
   </div>
   <div class='ocr_carea' id='block_1_98' title="bbox 1964 4959 3576 5031">
    <p class='ocr_par' dir='ltr' id='par_1_98' title="bbox 1964 4959 3576 5031">
     <span class='ocr_line' id='line_1_98' title="bbox 1964 4959 3576 5031; baseline -0.001 -16"><span class='ocrx_word' id='word_1_770' title='bbox 1964 4960 2041 5015; x_wconf 91' lang='lat' dir='ltr'>uti</span> <span class='ocrx_word' id='word_1_771' title='bbox 2071 4960 2176 5014; x_wconf 91' lang='lat' dir='ltr'>illis</span> <span class='ocrx_word' id='word_1_772' title='bbox 2209 4960 2417 5015; x_wconf 88' lang='lat' dir='ltr'>licitum</span> <span class='ocrx_word' id='word_1_773' title='bbox 2447 4968 2616 5026; x_wconf 89' lang='lat' dir='ltr'>esset,</span> <span class='ocrx_word' id='word_1_774' title='bbox 2669 4977 2790 5031; x_wconf 70' lang='lat' dir='ltr'>quae</span> <span class='ocrx_word' id='word_1_775' title='bbox 2848 4959 2972 5014; x_wconf 90' lang='lat' dir='ltr'>ideo</span> <span class='ocrx_word' id='word_1_776' title='bbox 3032 4959 3175 5030; x_wconf 90' lang='lat' dir='ltr'>apud</span> <span class='ocrx_word' id='word_1_777' title='bbox 3235 4974 3294 5014; x_wconf 92' lang='lat' dir='ltr'>se</span> <span class='ocrx_word' id='word_1_778' title='bbox 3353 4974 3576 5015; x_wconf 88' lang='lat' dir='ltr'>servare</span> 
     </span>
    </p>
   </div>
   <div class='ocr_carea' id='block_1_99' title="bbox 1968 5047 3577 5120">
    <p class='ocr_par' dir='ltr' id='par_1_99' title="bbox 1968 5047 3577 5120">
     <span class='ocr_line' id='line_1_99' title="bbox 1968 5047 3577 5120; baseline -0.002 -17"><span class='ocrx_word' id='word_1_779' title='bbox 1968 5057 2216 5119; x_wconf 89' lang='lat' dir='ltr'>poterant</span> <span class='ocrx_word' id='word_1_780' title='bbox 2280 5049 2520 5120; x_wconf 90' lang='lat' dir='ltr'>quandiu</span> <span class='ocrx_word' id='word_1_781' title='bbox 2578 5048 2885 5113; x_wconf 88' lang='lat' dir='ltr'>durabant;</span> <span class='ocrx_word' id='word_1_782' title='bbox 2918 5049 2973 5102; x_wconf 93' lang='lat' dir='ltr'>id</span> <span class='ocrx_word' id='word_1_783' title='bbox 3017 5056 3197 5102; x_wconf 90' lang='lat' dir='ltr'>autem</span> <span class='ocrx_word' id='word_1_784' title='bbox 3256 5047 3577 5119; x_wconf 90' lang='lat' dir='ltr'>exprimitur</span> 
     </span>
    </p>
   </div>
   <div class='ocr_carea' id='block_1_100' title="bbox 1968 5137 3577 5209">
    <p class='ocr_par' dir='ltr' id='par_1_100' title="bbox 1968 5137 3577 5209">
     <span class='ocr_line' id='line_1_100' title="bbox 1968 5137 3577 5209; baseline 0 -18"><span class='ocrx_word' id='word_1_785' title='bbox 1968 5138 2037 5191; x_wconf 86' lang='lat' dir='ltr'>ad</span> <span class='ocrx_word' id='word_1_786' title='bbox 2058 5138 2462 5193; x_wconf 89' lang='lat' dir='ltr'>distinctionem</span> <span class='ocrx_word' id='word_1_787' title='bbox 2492 5153 2674 5193; x_wconf 90' lang='lat' dir='ltr'>rerum</span> <span class='ocrx_word' id='word_1_788' title='bbox 2713 5137 3133 5193; x_wconf 87' lang='lat' dir='ltr'>comestibilium</span> <span class='ocrx_word' id='word_1_789' title='bbox 3186 5153 3320 5209; x_wconf 87' lang='lat' dir='ltr'>quas</span> <span class='ocrx_word' id='word_1_790' title='bbox 3351 5137 3403 5191; x_wconf 93' lang='lat' dir='ltr'>iu</span> <span class='ocrx_word' id='word_1_791' title='bbox 3435 5137 3577 5192; x_wconf 87' lang='lat' dir='ltr'>cella</span> 
     </span>
    </p>
   </div>
   <div class='ocr_carea' id='block_1_101' title="bbox 1969 5226 3577 5298">
    <p class='ocr_par' dir='ltr' id='par_1_101' title="bbox 1969 5226 3577 5298">
     <span class='ocr_line' id='line_1_101' title="bbox 1969 5226 3577 5298; baseline -0.001 -18"><span class='ocrx_word' id='word_1_792' title='bbox 1969 5242 2186 5282; x_wconf 87' lang='lat' dir='ltr'>servare</span> <span class='ocrx_word' id='word_1_793' title='bbox 2247 5234 2516 5296; x_wconf 88' lang='lat' dir='ltr'>poterant,</span> <span class='ocrx_word' id='word_1_794' title='bbox 2581 5234 2635 5282; x_wconf 91' lang='lat' dir='ltr'>et</span> <span class='ocrx_word' id='word_1_795' title='bbox 2693 5226 3098 5281; x_wconf 90' lang='lat' dir='ltr'>esculentorum</span> <span class='ocrx_word' id='word_1_796' title='bbox 3182 5243 3302 5298; x_wconf 64' lang='lat' dir='ltr'>qum</span> <span class='ocrx_word' id='word_1_797' title='bbox 3361 5233 3577 5295; x_wconf 86' lang='lat' dir='ltr'>sumpta</span> 
     </span>
    </p>
   </div>
   <div class='ocr_carea' id='block_1_102' title="bbox 1967 5314 3474 5387">
    <p class='ocr_par' dir='ltr' id='par_1_102' title="bbox 1967 5314 3474 5387">
     <span class='ocr_line' id='line_1_102' title="bbox 1967 5314 3474 5387; baseline -0.001 -18"><span class='ocrx_word' id='word_1_798' title='bbox 1967 5315 2263 5370; x_wconf 88' lang='lat' dir='ltr'>refectione</span> <span class='ocrx_word' id='word_1_799' title='bbox 2294 5316 2526 5370; x_wconf 90' lang='lat' dir='ltr'>reddere</span> <span class='ocrx_word' id='word_1_800' title='bbox 2553 5316 2846 5383; x_wconf 86' lang='lat' dir='ltr'>debebant,</span> <span class='ocrx_word' id='word_1_801' title='bbox 2878 5314 2947 5370; x_wconf 92' lang='lat' dir='ltr'>de</span> <span class='ocrx_word' id='word_1_802' title='bbox 2977 5315 3174 5387; x_wconf 91' lang='lat' dir='ltr'>quibus</span> <span class='ocrx_word' id='word_1_803' title='bbox 3208 5315 3474 5369; x_wconf 90' lang='lat' dir='ltr'>subditur.</span> 
     </span>
    </p>
   </div>
   <div class='ocr_carea' id='block_1_103' title="bbox 2041 5404 3577 5477">
    <p class='ocr_par' dir='ltr' id='par_1_103' title="bbox 2041 5404 3577 5477">
     <span class='ocr_line' id='line_1_103' title="bbox 2041 5404 3577 5477; baseline -0.001 -19"><span class='ocrx_word' id='word_1_804' title='bbox 2041 5404 2180 5460; x_wconf 89' lang='lat' dir='ltr'>Ibid.</span> <span class='ocrx_word' id='word_1_805' title='bbox 2215 5406 2289 5459; x_wconf 89' lang='lat' dir='ltr'>De</span> <span class='ocrx_word' id='word_1_806' title='bbox 2322 5421 2480 5460; x_wconf 87' lang='lat' dir='ltr'>caseo</span> <span class='ocrx_word' id='word_1_807' title='bbox 2504 5422 2764 5477; x_wconf 81' lang='lat' dir='ltr'>namque,</span> <span class='ocrx_word' id='word_1_808' title='bbox 2798 5421 2897 5461; x_wconf 85' lang='lat' dir='ltr'>seu</span> <span class='ocrx_word' id='word_1_809' title='bbox 2923 5406 3167 5477; x_wconf 83' lang='lat' dir='ltr'>piscibus</span> <span class='ocrx_word' id='word_1_810' title='bbox 3198 5408 3301 5459; x_wconf 88' lang='lat' dir='ltr'>aut</span> <span class='ocrx_word' id='word_1_811' title='bbox 3321 5404 3454 5469; x_wconf 82' lang='lat' dir='ltr'>ovis,</span> <span class='ocrx_word' id='word_1_812' title='bbox 3470 5406 3577 5458; x_wconf 85' lang='lat' dir='ltr'>aut</span> 
     </span>
    </p>
   </div>
   <div class='ocr_carea' id='block_1_104' title="bbox 1971 5491 3575 5565">
    <p class='ocr_par' dir='ltr' id='par_1_104' title="bbox 1971 5491 3575 5565">
     <span class='ocr_line' id='line_1_104' title="bbox 1971 5491 3575 5565; baseline -0.001 -17"><span class='ocrx_word' id='word_1_813' title='bbox 1971 5495 2020 5548; x_wconf 88' lang='lat' dir='ltr'>si</span> <span class='ocrx_word' id='word_1_814' title='bbox 2049 5492 2180 5564; x_wconf 82' lang='lat' dir='ltr'>quid</span> <span class='ocrx_word' id='word_1_815' title='bbox 2211 5492 2662 5565; x_wconf 73' lang='lat' dir='ltr'>hujusmodiquw</span> <span class='ocrx_word' id='word_1_816' title='bbox 2674 5495 2956 5564; x_wconf 84' lang='lat' dir='ltr'>pitantias</span> <span class='ocrx_word' id='word_1_817' title='bbox 2970 5508 3248 5550; x_wconf 86' lang='lat' dir='ltr'>vocamus.</span> <span class='ocrx_word' id='word_1_818' title='bbox 3269 5491 3369 5547; x_wconf 88' lang='lat' dir='ltr'>Hic</span> <span class='ocrx_word' id='word_1_819' title='bbox 3385 5497 3575 5561; x_wconf 87' lang='lat' dir='ltr'>aperte</span> 
     </span>
    </p>
   </div>
   <div class='ocr_carea' id='block_1_105' title="bbox 1972 5579 3574 5653">
    <p class='ocr_par' dir='ltr' id='par_1_105' title="bbox 1972 5579 3574 5653">
     <span class='ocr_line' id='line_1_105' title="bbox 1972 5579 3574 5653; baseline -0.001 -17"><span class='ocrx_word' id='word_1_820' title='bbox 1972 5579 2294 5652; x_wconf 83' lang='lat' dir='ltr'>exprimitur</span> <span class='ocrx_word' id='word_1_821' title='bbox 2321 5580 2467 5653; x_wconf 91' lang='lat' dir='ltr'>quod</span> <span class='ocrx_word' id='word_1_822' title='bbox 2496 5596 2607 5637; x_wconf 90' lang='lat' dir='ltr'>non</span> <span class='ocrx_word' id='word_1_823' title='bbox 2638 5588 2844 5637; x_wconf 90' lang='lat' dir='ltr'>tantum</span> <span class='ocrx_word' id='word_1_824' title='bbox 2882 5597 3066 5650; x_wconf 89' lang='lat' dir='ltr'>caseo,</span> <span class='ocrx_word' id='word_1_825' title='bbox 3101 5581 3197 5636; x_wconf 87' lang='lat' dir='ltr'>sed</span> <span class='ocrx_word' id='word_1_826' title='bbox 3227 5589 3279 5635; x_wconf 86' lang='lat' dir='ltr'>et</span> <span class='ocrx_word' id='word_1_827' title='bbox 3331 5580 3574 5651; x_wconf 82' lang='lat' dir='ltr'>piscibus</span> 
     </span>
    </p>
   </div>
  </div>
