3978 6050
443 166 547 219 707

1267 170 1607 226 GUIGONIS
1652 173 1673 225 l
1720 172 2126 229 CARTHUSIE
2172 172 2467 230 MAIORIS
2517 176 2793 232 PRIORIS
2842 178 2906 233 V.

3638 184 3752 237 708

447 288 608 358 Quod
638 289 795 360 panis
816 296 869 345 et
897 288 1006 345 vini
1035 302 1301 363 superest,
1338 295 1580 350 Sabbato
1610 296 1876 351 redditur.
1909 295 2139 364 Quando
2168 299 2225 352 in
2261 300 2548 357 refectorio
2598 302 2869 359 reficimus
2892 345 2904 369 ,
2966 317 3181 369 caseus,
3240 301 3328 357 vel
3389 302 3572 375 aliqua
3626 306 3758 361 talis

441 388 688 458 pitantia,
722 389 962 444 oleribus
991 392 1079 445 vel
1110 392 1474 462 leguminibus
1504 394 1899 465 superadditur,
1934 403 1987 450 et
2016 396 2070 449 in
2100 413 2287 465 coena,
2320 400 2406 455 vel
2449 400 2654 456 fructus
2711 402 2797 457 vel
2854 401 3035 456 herba:
3092 400 3279 456 crudae
3300 442 3314 470 ,
3370 401 3417 455 si
3475 402 3755 459 adfuerint

445 493 809 554 apponuntur.

520 561 571 610 8.
608 558 668 610 In
700 558 949 614 Adventu
978 575 1081 616 nec
1109 559 1225 616 ovis
1255 577 1356 616 nec
1401 577 1564 617 caseo
1622 562 1913 618 vescimur.

1750 678 2147 735 CAPITULUM
2186 681 2444 738 XXXIV.

1650 795 1721 849 De
1768 811 2039 851 mensura
2084 798 2206 852 vini
2254 802 2309 852 et
2354 800 2525 853 casei.

516 892 570 945 1.
606 890 862 945 Mensura
890 889 1002 945 vini
1032 888 1149 945 sive
1172 888 1228 944 in
1256 889 1411 945 cellis
1442 889 1555 945 sive
1588 890 1641 943 in
1671 889 1965 946 refectorio
1994 892 2189 948 eadem
2215 902 2553 965 perseverat,
2586 896 2889 967 eodemque
2914 895 3079 951 modo
3129 902 3490 968 temperatur.

515 993 570 1047 2.
603 990 744 1044 Nam
773 1004 911 1060 puro
933 988 1031 1061 [aL
1062 1003 1199 1060 puro
1242 987 1500 1059 namque]
1529 1004 1636 1043 non
1666 989 1886 1043 utimur.

514 1094 567 1145 3.
604 1090 787 1160 Panis,
822 1089 1072 1162 quamvis
1103 1089 1171 1144 de
1202 1089 1402 1157 tritico,
1436 1096 1573 1145 torta
1603 1088 1701 1161 [αι.
1742 1097 1926 1144 tamen
1955 1090 2118 1163 torta]
2149 1100 2250 1159 est,
2282 1091 2473 1146 album
2504 1091 2649 1147 enim
2680 1107 2879 1163 panem
2918 1108 3029 1148 non
3060 1091 3311 1149 facimus.

1825 1204 2396 1263 COMMENTARIUS.

441 1310 494 1359 et
522 1302 659 1371 ovis,
694 1302 921 1375 aliisque
952 1302 1260 1372 bujusmodi
1302 1302 1370 1357 ad
1401 1302 1598 1357 victum
1656 1310 1956 1370 uterentur,
1991 1308 2113 1367 οιΑ
2144 1305 2377 1377 antiquis
2433 1306 2640 1361 statutis
2696 1322 2735 1360 Ir
2790 1314 2954 1378 part.,
3012 1321 3133 1378 cap.
3163 1309 3248 1375 η,
3281 1322 3379 1363 nu.
3403 1309 3455 1374 5,
3481 1311 3533 1375 6,
3558 1311 3610 1375 9,
3654 1311 3740 1374 10,

440 1392 567 1446 inde
596 1400 1017 1462 componeretur
1049 1390 1229 1462 portio
1293 1391 1401 1446 cibi
1473 1391 1704 1461 singulis
1760 1392 2045 1447 monachis

438 1480 799 1546 ministrandi,
835 1496 995 1551 quam
1016 1482 1351 1552 pitantiam,
1385 1487 1437 1534 et
1468 1479 1760 1549 aliquando
1783 1481 2041 1550 pulmen-

439 1576 552 1622 tum
582 1568 865 1624 vocabant.
917 1566 1126 1635 Quibus
1168 1575 1346 1621 autem
1398 1568 1591 1623 diebus
1643 1568 2044 1623 ministraretur

435 1656 562 1711 talis
590 1656 815 1727 pitantia
841 1656 868 1710 ?
898 1657 1114 1711 Certum
1143 1664 1226 1711 est
1254 1656 1401 1726 quod
1428 1656 1621 1711 diebus
1662 1657 1960 1711 Dominicis
1989 1665 2043 1713 et

439 1744 593 1799 festis
620 1745 674 1799 in
722 1744 1006 1800 refectorio
1054 1744 1306 1810 daretur;
1362 1745 1599 1815 itemque
1640 1744 1778 1799 feria
1830 1746 2039 1816 quinta,

438 1842 497 1888 ut
526 1850 590 1889 ex
620 1850 673 1888 n.
706 1837 739 1890 2
770 1833 1056 1903 praesentis
1085 1832 1306 1903 capituli
1359 1833 1665 1902 conjicitur,
1700 1834 1797 1887 sed
1830 1841 1882 1887 et
1920 1834 2041 1887 aliis

439 1923 602 1977 etiam
630 1922 824 1977 diebus
848 1923 996 1990 juxta
1027 1922 1221 1976 domus
1252 1921 1552 1988 facultates,
1586 1929 1638 1976 et
1667 1922 1865 1991 prioris
1895 1922 2041 1977 ordi-

436 2011 728 2078 nationem,
775 2026 1162 2082 nonnunquam
1214 2010 1512 2064 ministrari
1564 2010 1910 2080 perspicuum
1942 2010 2042 2065 erit

441 2116 507 2155 ex
528 2099 899 2170 sequentibus,
932 2098 1175 2169 exceptis
1203 2106 1412 2153 tantum
1450 2098 1644 2152 diebus
1700 2098 2040 2155 abstinentia:

436 2188 727 2259 deputatis.

505 2277 669 2331 Num.
691 2279 743 2330 5.
767 2275 951 2330 Semel
971 2276 1270 2341 sumimus,
1287 2275 1429 2347 quod
1456 2278 1713 2346 superest
1728 2276 2034 2331 reddimus.

436 2364 497 2420 Id
527 2373 627 2429 est,
659 2364 804 2435 quod
836 2372 1050 2434 sumpta
1080 2363 1376 2419 refectione
1405 2380 1471 2418 ex
1502 2363 1729 2434 pitantia
1761 2363 1864 2417 sibi
1879 2364 2038 2417 mini-

441 2461 627 2523 strata,
658 2469 767 2508 non
785 2461 1038 2524 poterant
1066 2452 1317 2508 monachi
1349 2470 1414 2507 ex
1454 2452 1547 2505 illa
1606 2452 1810 2523 aliquid
1855 2468 2035 2507 reser-

435 2558 589 2608 vare,
621 2542 706 2599 vel
739 2542 794 2596 in
841 2558 1073 2609 coenam,
1126 2541 1212 2596 vel
1260 2541 1315 2595 in
1369 2541 1689 2607 crastinum,
1749 2541 1845 2596 sed
1890 2542 2034 2612 quod

432 2631 713 2687 residuum
757 2639 893 2697 erat,
940 2630 1215 2685 debebant
1242 2630 1297 2684 in
1354 2629 1636 2685 fenestella
1692 2645 2035 2699 reponere,a

434 2719 755 2791 coquinario
804 2719 1213 2787 resumendum,
1272 2726 1431 2789 prout
1495 2734 1714 2789 semper
1742 2718 1796 2772 in
1843 2718 2034 2774 ordine

429 2807 526 2863 fuit
555 2815 607 2863 et
632 2816 714 2861 est
741 2807 1109 2861 observatum.

500 2897 582 2952 Ex
611 2896 694 2950 bis
731 2904 911 2950 autem
955 2895 1139 2950 verbis
1197 2894 1403 2965 liquido
1462 2902 1671 2949 constat
1728 2895 1872 2965 quod
1925 2911 2034 2950 non

429 2994 637 3040 tantum
668 2984 861 3038 diebus
891 2983 1062 3049 festis,
1100 2983 1195 3037 sed
1227 2983 1387 3037 etiam
1418 2982 1700 3037 ferialibus
1730 2983 1981 3052 pitantias
2002 2999 2034 3037 a

430 3074 748 3145 coquinario
778 3074 1089 3143 acciperent
1120 3091 1134 3138 ;
1166 3087 1275 3126 non
1304 3071 1445 3127 enim
1493 3079 1723 3141 possunt
1777 3072 2033 3141 applicari

428 3162 623 3217 diebus
674 3161 901 3226 festivis,
963 3160 1162 3232 quibus
1203 3160 1259 3214 in
1319 3160 1605 3215 refectorio
1654 3160 2032 3229 comedebant,

430 3250 554 3321 quia
584 3250 659 3304 ibi
686 3250 906 3320 pitantia
926 3250 1032 3303 illis
1076 3248 1501 3313 ministrabatur,
1546 3256 1598 3303 et
1624 3247 1770 3303 finito
1803 3249 2032 3319 prandio

429 3338 710 3393 residuum
737 3355 767 3391 a
797 3338 1234 3392 ministrantibus
1291 3337 1693 3405 resumebatur,
1726 3345 1784 3391 ut
1838 3353 2031 3392 mensa

427 3436 573 3483 esset
601 3442 787 3491 vacua,
823 3426 1042 3497 quando
1070 3426 1259 3481 lectori
1288 3425 1558 3481 refectorii
1606 3426 1822 3497 signum
1852 3426 2029 3480 daba-

427 3525 515 3571 tur
542 3524 600 3571 ut
630 3514 850 3571 lectioni
878 3515 1038 3569 tinem
1070 3515 1393 3585 imponeret,
1457 3514 1791 3584 superfluum
1838 3514 2028 3569 fuisset

425 3605 494 3660 de
520 3604 757 3676 pitantiis
785 3604 838 3657 in
871 3602 1161 3659 refectorio
1220 3603 1541 3657 ministratis
1599 3603 1799 3663 dicere.
1855 3604 2029 3658 semet

425 3696 725 3759 sumimus,
746 3693 887 3765 quod
909 3696 1166 3763 superest
1196 3692 1502 3746 reddimus.
1540 3691 1598 3744 Id
1630 3692 1773 3745 enim
1795 3691 1850 3745 in
1878 3706 2028 3745 com-

427 3782 637 3837 edentis
665 3782 914 3835 libertate
943 3795 1053 3833 non
1080 3787 1214 3847 erat,
1245 3780 1463 3849 quando
1493 3778 1548 3832 in
1580 3778 2029 3833 refectoriocom-

425 3870 641 3935 edebat,
674 3884 902 3923 necesse
933 3883 1068 3937 ergo
1089 3875 1173 3921 est
1203 3875 1259 3920 ut
1289 3867 1343 3920 id
1377 3866 1617 3938 pitantiis
1647 3867 1702 3921 in
1750 3866 1891 3922 cella
1920 3866 2027 3920 mi-

426 3957 665 4012 nistratis
710 3956 1033 4027 applicetur.

2146 1397 2231 1463 11,
2262 1398 2347 1463 13,
2374 1397 2438 1448 17
2469 1402 2519 1449 et
2550 1398 2635 1449 19.
2664 1396 2732 1450 Ει
2759 1404 2817 1450 ut
2845 1412 2911 1451 ex
2942 1396 3099 1464 hujus
3139 1395 3354 1466 capituli
3400 1403 3546 1451 recta
3576 1396 3744 1451 intel-

2141 1480 2369 1554 ligentia
2396 1483 2485 1537 via
2512 1491 2695 1553 pateat
2714 1483 2783 1538 ad
2829 1484 2984 1553 plura
3013 1483 3120 1539 alia
3163 1492 3310 1539 recte
3365 1483 3739 1554 intelligenda,

2142 1587 2262 1641 qua:
2290 1570 2344 1625 in
2362 1572 2930 1627 ConsuetudinibusR.
2948 1573 3007 1627 P.
3029 1572 3296 1644 Guigonis
3316 1572 3519 1642 passim
3548 1587 3740 1627 occur-

2141 1662 2285 1721 runt,
2346 1663 2397 1710 et
2466 1656 2689 1710 errandi
2756 1656 2973 1711 occasio
3028 1657 3262 1723 tollatur,
3323 1656 3466 1710 illius
3523 1656 3739 1727 capituli

2140 1742 2425 1798 elenchum
2456 1744 2544 1799 hic
2587 1744 2858 1799 addimus.
2910 1746 2989 1799 Ex
3020 1746 3123 1800 hoc
3171 1760 3303 1814 ergo
3358 1744 3591 1815 capitulo
3639 1744 3742 1798 ista

2140 1840 2428 1886 eruuntur:
2466 1836 2517 1886 1.
2551 1833 2711 1886 Primi
2756 1834 2942 1887 Patres
3000 1832 3335 1903 recipiebant
3364 1850 3395 1886 a
3425 1832 3740 1903 coquinario

2140 1920 2502 1990 provisionem
2576 1920 2930 1991 leguminum,
3006 1921 3060 1976 id
3089 1930 3172 1975 est
3242 1922 3507 1990 fabarum,
3585 1921 3740 1991 piso-

2138 2026 2280 2077 rum,
2314 2017 2419 2064 etc.
2453 2011 2695 2081 Itemque
2716 2011 2946 2073 olerum,
2968 2009 3203 2080 quaesibi
3223 2011 3550 2081 coquebant,
3573 2018 3736 2081 atque

2139 2098 2301 2152 etiam
2332 2098 2621 2164 fructuum,
2656 2107 2706 2154 et
2753 2099 2871 2153 haec
2930 2099 3071 2170 apud
3101 2115 3160 2152 se
3192 2099 3503 2162 servabant,
3561 2098 3737 2153 donec

2137 2195 2454 2256 consumpta
2483 2195 2684 2255 essent,
2718 2187 2916 2257 quibus
2968 2187 3305 2257 consumptis
3333 2187 3435 2241 alia
3486 2186 3740 2256 petebant

2136 2283 2187 2328 et
2218 2274 2575 2344 recipiebant.
2621 2280 2675 2331 2.
2714 2276 2903 2330 Vinum
2948 2284 2999 2329 et
3027 2291 3225 2346 panem
3280 2275 3635 2345 recipiebant,
3684 2282 3736 2329 et

2137 2379 2350 2419 servare
2399 2364 2455 2417 in
2498 2364 2689 2418 cellula
2753 2373 3002 2434 poterant
3058 2379 3232 2435 usque
3289 2363 3356 2418 ad
3415 2364 3732 2428 Sabbatum,

2135 2452 2372 2522 vinoque
2403 2460 2513 2505 tum
2547 2452 2601 2505 in
2632 2454 2862 2522 prandio
2924 2461 3036 2507 tum
3090 2453 3146 2505 in
3201 2467 3360 2507 omna
3420 2452 3728 2516 utebantur,

2135 2541 2377 2611 exceptis
2415 2541 2608 2595 diebus
2667 2541 3007 2597 abstinentiae
3049 2541 3339 2612 deputatis.
3392 2545 3444 2594 3.
3481 2541 3630 2595 Ultra
3671 2554 3737 2594 ea

2135 2646 2256 2699 quae
2288 2629 2390 2684 sibi
2421 2630 2475 2683 in
2507 2630 2646 2684 cella
2694 2630 3020 2701 coquebant,
3063 2630 3272 2684 statutis
3303 2629 3495 2683 diebus
3552 2629 3733 2698 pitan-

2136 2719 2263 2771 tiam
2316 2733 2349 2772 a
2404 2718 2721 2788 coquinario
2799 2718 3154 2788 recipiebant,
3206 2734 3270 2773 ex
3339 2732 3446 2789 qua
3502 2716 3634 2771 nihil
3682 2715 3736 2769 in

2136 2814 2453 2877 sequentem
2512 2806 2867 2862 refectionem
2916 2820 3203 2861 reservare
3273 2804 3377 2859 sibi
3460 2812 3729 2875 poterant,

2135 2894 2367 2948 subaudi
2395 2910 2612 2964 semper
2641 2895 2757 2949 sine
2788 2894 2985 2964 prioris
3006 2894 3251 2957 licentia;
3285 2901 3336 2949 et
3367 2894 3484 2949 haec
3510 2892 3732 2963 pitantia

2134 2998 2198 3037 ex
2221 2998 2400 3047 caseo,
2428 2983 2564 3049 ovis,
2596 2983 2680 3038 vel
2709 2983 2968 3053 piscibus,
3002 2991 3091 3037 aut
3134 2983 3314 3053 aliqua
3344 2998 3405 3037 re
3426 2980 3733 3050 bujusmodi

2133 3072 2434 3125 constabat.
2468 3074 2519 3125 4.
2570 3072 2775 3127 Diebus
2820 3071 3107 3140 refectorii,
3166 3070 3405 3141 pitantia:
3458 3069 3733 3141 legumina

2132 3160 2188 3213 in
2244 3160 2474 3230 prandio
2556 3160 2913 3216 addebantur.
2965 3163 3018 3214 5.
3077 3163 3121 3214 Α
3168 3159 3306 3214 festo
3380 3158 3732 3214 Exaltationis

2133 3247 2189 3302 S.
2210 3248 2381 3303 crucis
2412 3264 2583 3319 usque
2614 3249 2684 3303 ad
2713 3249 2938 3313 Pascha,
2972 3248 3254 3317 jejunium,
3304 3248 3450 3319 quod
3478 3262 3735 3302 vocamus

2131 3336 2366 3401 ordinis,
2420 3337 2727 3403 servabant,
2787 3345 2839 3391 et
2869 3335 2999 3391 illud
3057 3344 3283 3392 vocatur
3328 3335 3590 3403 jejunium
3623 3350 3727 3389 non

2129 3425 2479 3496 praecipuum,
2512 3426 2657 3497 quod
2698 3425 3039 3496 procuratori
3068 3433 3120 3479 et
3149 3424 3441 3495 aliquando
3488 3423 3653 3494 priori
3674 3423 3729 3476 in

2131 3514 2359 3584 gratiam
2413 3514 2686 3584 hospitum
2729 3515 2985 3585 frangere
3032 3514 3465 3584 permittebatur.
3530 3512 3733 3566 Praeci-

2129 3617 2461 3681 puumgvero
2517 3603 2820 3667 dicebatur,
2868 3602 3011 3672 quod
3044 3619 3110 3655 ex
3140 3609 3413 3672 prarcepto
3470 3599 3733 3655 Ecclesia:

2129 3698 2246 3743 erat
2277 3691 2625 3745 servandum.
2658 3695 2709 3745 9.
2743 3694 2788 3745 Α
2817 3690 2955 3745 festo
2990 3691 3208 3745 Pascha:
3233 3706 3405 3760 usque
3434 3689 3502 3743 ad
3531 3687 3729 3743 festum

2128 3778 2485 3833 Exaltationis
2526 3780 2581 3834 5.
2633 3780 2825 3845 crucis,
2879 3779 3063 3833 binam
3138 3778 3485 3834 refectionem
3542 3793 3730 3831 sume-

2128 3868 2274 3934 bant,
2320 3869 2375 3923 id
2397 3876 2479 3921 est
2524 3868 2814 3938 prandium
2844 3876 2897 3923 et
2943 3884 3177 3934 coenam,
3234 3868 3473 3937 exceptis
3530 3865 3723 3920 diebus

2125 3957 2467 4012 abstinentiae
2491 3956 2575 4011 vel
2596 3956 2800 4025 jejunio
2842 3956 3129 4027 deputatis.
3674 3943 3693 3968 ⁸

494 4045 658 4100 Num.
692 4048 744 4099 6.
786 4045 985 4099 Vinum
1013 4044 1247 4098 nonnisi
1271 4044 1331 4097 in
1365 4042 1603 4113 prandio
1632 4044 1718 4098 vel
1748 4060 1906 4099 caena
1924 4059 2019 4115 po-
2043 4036 2087 4097 C
2187 4045 2347 4100 Plura
2401 4046 2577 4100 adhuc
2631 4046 2699 4101 de
2731 4046 2830 4100 hac
2884 4062 2941 4101 re
3008 4046 3241 4101 dicenda
3292 4051 3575 4101 occurrent
3618 4042 3721 4097 sub

426 4138 636 4189 tamus.
671 4133 731 4188 Id
761 4130 1031 4205 signiﬁcat
1058 4131 1205 4201 quod
1233 4139 1385 4184 extra
1414 4130 1702 4200 prandium
1728 4140 1780 4185 et
1810 4147 2023 4187 coenam

420 4222 670 4278 ordinate
724 4222 911 4276 vinum
964 4219 1154 4274 bibere
1208 4235 1317 4273 non
1365 4219 1682 4275 debeamus.
1724 4220 1833 4274 Sed
1895 4220 2022 4276 inde

422 4318 649 4381 apparet
688 4308 832 4380 quod
890 4307 1050 4379 primi
1116 4307 1481 4375 Carthusiani,
1542 4308 1783 4379 exceptis
1830 4308 2023 4363 diebus

421 4398 763 4453 abstinentiae
803 4397 1104 4470 deputatis,
1140 4396 1265 4451 vino
1294 4396 1349 4450 in
1399 4396 1695 4453 refectione
1748 4414 1910 4453 mane
1968 4405 2023 4452 et

419 4503 647 4559 vespere
676 4486 1031 4542 communiter
1064 4494 1365 4541 uterentur.

489 4577 633 4632 Num
664 4578 716 4631 7.
759 4575 910 4643 Quod
954 4577 1121 4647 panis
1175 4580 1233 4630 et
1272 4576 1392 4631 vini
1448 4580 1723 4647 superest,
1789 4576 2020 4631 Sabbato

416 4664 697 4721 redditur.
728 4664 807 4719 Ibi
838 4664 1049 4719 videtur
1084 4664 1231 4735 quod
1260 4664 1425 4719 etiam
1456 4680 1520 4717 ex
1560 4664 1686 4719 vino
1730 4663 1832 4717 sibi
1862 4663 2019 4717 mini-

418 4762 604 4819 strato,
638 4752 845 4825 aliquid
873 4753 927 4806 in
948 4753 1089 4807 cella
1118 4768 1341 4808 servare
1368 4760 1610 4822 possent,
1644 4751 1789 4822 quod
1837 4760 2019 4806 tamen

419 4843 661 4898 Sabbato
689 4842 919 4897 reddere
949 4841 1239 4906 debebant,
1284 4841 1420 4895 sicut
1451 4848 1503 4895 et
1534 4840 1816 4895 residuum
1862 4840 2018 4909 panis

416 4931 734 4987 ministrari.
768 4931 965 4985 Vinum
996 4937 1177 4985 autem
1208 4929 1263 4983 in
1310 4929 1451 4984 cella
1482 4929 1561 4983 sic
1588 4944 1806 4984 servare
1859 4929 2019 4983 nobis

415 5036 562 5075 nunc
593 5036 701 5075 non
742 5019 886 5075 licet.

486 5107 622 5162 Ibid.
658 5109 888 5175 Quando
910 5108 973 5163 in
994 5107 1295 5179 refectorio
1316 5108 1622 5176 reﬁcimus,
1647 5122 1862 5171 caseus,
1886 5115 2014 5176 etc.,

414 5198 656 5255 oleribus
684 5198 771 5253 vel
805 5197 1181 5267 leguminibus
1194 5195 1619 5267 superadditur.
1643 5195 1773 5248 Inde
1792 5203 2017 5264 apparet

414 5286 560 5358 quod
591 5286 721 5340 bina
750 5285 954 5341 fercula
980 5285 1034 5339 in
1066 5284 1349 5340 refectorio
1380 5283 1840 5337 ministrarentur.
1877 5283 2017 5337 Illud

2127 4133 2360 4205 capitulo
2405 4137 2493 4190 52.

2197 4276 2329 4330 CAP.
2362 4274 2625 4329 XXXIV.
2664 4305 2733 4314 —
2761 4274 2923 4329 Num.
2952 4278 3007 4328 1.
3081 4275 3339 4330 Mensura
3374 4273 3511 4329 vini.
3568 4270 3728 4327 Nulla

2125 4379 2257 4436 ergo
2288 4364 2450 4419 fiebat
2478 4363 2752 4418 distinctio
2782 4364 2918 4418 inter
2947 4363 3064 4417 dies
3113 4362 3282 4418 festos
3312 4369 3361 4417 et
3392 4362 3527 4416 alios
3582 4360 3723 4415 circa

2124 4452 2234 4506 vini
2264 4466 2600 4515 mensuram,
2625 4467 2747 4506 cum
2778 4467 2997 4522 semper
3024 4452 3249 4523 aequalis
3289 4458 3458 4505 esset.
3496 4448 3725 4503 Additur

2122 4540 2177 4593 in
2210 4540 2365 4595 novis
2395 4539 2609 4593 statutis
2641 4540 2934 4611 prohibitio
2963 4548 3015 4595 et
3036 4540 3351 4611 pmnitentia
3380 4539 3431 4593 ei
3458 4555 3488 4592 e
3517 4536 3716 4592 nostris

2123 4629 2215 4700 qui
2236 4645 2434 4699 purum
2465 4627 2677 4682 biberet
2706 4629 2913 4683 vinum.

2192 4752 2354 4806 Num.
2375 4756 2427 4806 3.
2447 4754 2621 4807 Panis
2641 4755 2890 4825 quamvis
2906 4753 2970 4808 de
2990 4754 3181 4808 tritico
3216 4756 3365 4807 torta
3396 4755 3498 4815 est,
3535 4751 3724 4805 album

2120 4843 2274 4896 enim
2298 4858 2530 4912 panem,
2563 4842 2783 4896 etc.I’er
2802 4841 3274 4911 tortamintelligit
3294 4856 3489 4910 panem
3520 4839 3722 4893 subru-

2119 4928 2250 4994 fum,
2301 4930 2478 5001 qualis
2534 4930 2713 4986 adhuc
2761 4928 2821 4984 fit
2868 4930 2923 4983 in
2971 4929 3180 4995 ordine,
3241 4930 3473 4999 ideoque
3524 4943 3724 4982 nomen

2120 5027 2275 5073 torta:
2305 5019 2516 5083 retinet,
2563 5027 2614 5072 et
2644 5035 2864 5088 semper
2886 5018 3219 5073 ministratur
3248 5016 3532 5071 monachis
3564 5014 3723 5069 simul

2119 5122 2242 5161 cum
2272 5122 2442 5175 parvo
2473 5123 2615 5177 pane
2644 5107 2767 5161 albo
2797 5107 2991 5162 eadem
3022 5107 3293 5177 quantitas
3327 5113 3495 5168 tortis,
3560 5112 3614 5157 ut
3644 5104 3724 5158 sic

2118 5195 2299 5249 media
2320 5211 2448 5265 pars
2477 5196 2652 5265 panis,
2686 5196 2777 5267 qui
2808 5197 2966 5251 nobis
3024 5196 3375 5261 ministratur,
3436 5201 3578 5248 torta
3632 5192 3718 5261 sit,

2118 5292 2169 5337 et
2201 5284 2303 5337 alia
2334 5284 2488 5353 panis
2543 5284 2721 5339 albus.
2782 5287 2828 5338 Α
2882 5284 3157 5355 plerisque
3216 5292 3396 5337 autem
3452 5289 3719 5346 nostrum,

410 5391 608 5447 nempe
639 5376 784 5446 quod
813 5374 1097 5445 pitantiam
1152 5372 1439 5439 vocabant,
1482 5380 1535 5427 et
1590 5372 1813 5443 insuper
1860 5372 2016 5444 legu-
2038 5392 2090 5451 D
2115 5373 2233 5427 haec
2262 5381 2401 5426 torta
2428 5371 2716 5442 praefertur
2744 5373 2873 5442 pani
2902 5373 3046 5439 albo,
3067 5373 3194 5444 quia
3224 5380 3373 5427 certe
3403 5370 3527 5441 plus
3557 5368 3719 5438 sapit.

412 5464 560 5519 mina
591 5472 685 5519 aut
713 5464 882 5519 olera.

477 5552 670 5609 Totum
702 5560 883 5610 autem
912 5552 1019 5608 hoc
1047 5549 1339 5621 capitulum
1389 5548 1616 5607 relatum
1675 5549 1909 5607 habetur
1962 5549 2019 5605 in

2118 5460 2225 5515 Sed
2257 5461 2384 5531 quia
2412 5462 2568 5515 albus
2599 5461 2773 5515 levior
2793 5469 2894 5527 est,
2933 5470 2986 5516 et
3004 5462 3340 5516 stomachum
3381 5458 3562 5512 minus
3591 5474 3724 5529 gra-

2118 5557 2226 5616 vat,
2262 5549 2365 5605 hac
2395 5550 2463 5605 de
2482 5564 2650 5606 causa
2686 5566 2817 5604 usus
2875 5551 2993 5618 ejus
3049 5550 3107 5604 in
3133 5548 3326 5605 ordine
3383 5546 3728 5604 introductus
