3978 6050
289 171 397 224 709

1639 172 2246 231 CONSUETUDINES.

3491 179 3596 233 ’710

358 294 389 347 4
408 334 420 345 .
466 292 672 348 Caseus
701 294 914 361 eodem,
939 301 1051 349 tam
1080 294 1133 348 in
1163 293 1317 351 cellis
1348 312 1511 368 quam
1541 296 1598 351 in
1626 297 1913 353 refectorio
1940 298 2181 369 pondere
2239 299 2418 353 datur.

1606 439 2001 496 CAPITULUM
2029 440 2241 495 XXXV
2253 482 2265 495 .

938 554 1089 621 Quod
1118 556 1270 611 nulli
1306 556 1474 611 liceat
1506 558 1729 627 majora
1749 556 2029 611 exercitia
2059 557 2269 625 favere,
2303 556 2418 609 nisi
2472 556 2701 624 favente
2734 556 2947 626 priore.

365 679 421 731 1.
471 677 836 733 Abstinentias
858 695 1010 748 vero,
1034 680 1120 734 vel
1149 680 1484 752 disciplinas,
1508 681 1595 737 vel
1625 681 1858 754 vigilias,
1885 697 1981 735 seu
2011 679 2264 752 quazlibet
2293 679 2400 734 alia
2428 678 2710 751 religionis
2740 678 3022 747 exercitia,
3054 694 3173 751 quae
3202 689 3405 737 nostrae
3434 680 3592 736 insti-

290 773 515 828 tutionis
546 791 654 829 non
686 783 828 841 sunt,
870 776 1002 830 nulli
1059 786 1327 843 nostrum,
1358 777 1463 831 nisi
1520 776 1699 848 priore
1732 779 1935 833 sciente
1993 786 2045 832 et
2103 777 2337 843 favente,
2391 776 2573 831 facere
2628 776 2774 831 licet.

366 873 420 929 2.
456 874 566 929 Sed
597 882 648 929 et
678 874 725 929 si
753 875 839 930 cui
867 876 1151 947 pitantiam
1181 877 1415 949 aliquam
1448 894 1545 932 seu
1574 877 1681 932 cibi
1739 892 1835 931 seu
1894 873 2071 929 somni
2109 872 2196 927 vel
2224 872 2445 927 alterius
2494 873 2781 941 cujuslibet
2809 871 2886 927 rei
2928 871 3129 939 facere,
3170 881 3261 929 aut
3315 875 3513 930 durum
3543 882 3597 931 et

288 982 460 1041 grave
490 971 693 1043 aliquid
720 972 999 1044 imponere
1026 975 1279 1039 voluerit,
1311 991 1624 1048 repugnare
1655 976 1735 1029 fas
1763 990 1873 1029 non
1903 972 2187 1039 habemus,
2222 987 2290 1026 ne
2320 986 2444 1027 cum
2478 971 2528 1025 ei
2568 971 2949 1041 restiterimus,
2981 987 3092 1027 non
3122 972 3172 1027 ei
3201 973 3299 1029 sed
3338 974 3591 1043 Domino,

292 1068 449 1136 cujus
496 1084 628 1141 erga
672 1086 773 1124 nos
815 1071 926 1141 agit
962 1071 1129 1139 vices,
1189 1073 1456 1128 restitisse
1494 1073 1854 1128 inveniamur.

364 1168 416 1217 3.
450 1164 598 1219 Licet
629 1165 771 1221 enim
802 1167 973 1222 multa
1003 1168 1110 1221 sint
1136 1176 1191 1224 et
1219 1169 1435 1225 diversa
1466 1186 1588 1242 quae
1617 1170 1991 1236 observamus,
2023 1179 2132 1220 uno
2164 1170 2346 1220 tamen
2376 1173 2430 1221 et
2460 1164 2577 1221 solo
2634 1165 2958 1222 obedientia
2986 1166 3131 1222 bono
3152 1208 3165 1235 ,
3215 1175 3411 1225 cuncta
3437 1168 3596 1226 nobis

292 1260 575 1317 fructuosa
621 1262 801 1319 futura
838 1281 1147 1337 speramus.

1666 1363 2244 1420 COMMENTARIUS.

292 1490 377 1539 est
406 1492 458 1539 et
486 1484 726 1551 inolevit,
758 1494 813 1540 ut
851 1486 1030 1557 portio
1058 1488 1215 1559 panis
1244 1488 1354 1543 albi
1392 1487 1550 1543 simul
1580 1504 1703 1545 cum
1750 1496 1888 1543 torta
1907 1490 1964 1548 Α
2064 1487 2196 1540 CAP.
2228 1485 2538 1540 ΧΧΧνπ-
2567 1485 2647 1539 Ex
2677 1484 2762 1539 his
2804 1484 2870 1540 Β.
2903 1485 2963 1539 Ρ.
2997 1484 3263 1556 Guigonis
3294 1486 3471 1541 verbis
3506 1487 3591 1542 in-

294 1573 579 1628 monachis
610 1573 1034 1629 ministraretur.

366 1661 451 1715 Ex
480 1661 583 1716 hac
613 1669 791 1717 autem
840 1663 1201 1719 sollicitudine
1246 1665 1548 1721 advehendi
1580 1664 1809 1720 triticum
1841 1664 1895 1717 in

294 1748 429 1802 istas
462 1766 623 1819 rupes
682 1750 1001 1818 Carthusiae,
1035 1753 1179 1807 unde
1208 1753 1365 1824 panis
1420 1754 1701 1809 monachis
1758 1768 1895 1808 con-

296 1836 569 1905 ficeretur,
602 1838 884 1894 evidenter
922 1849 1149 1910 apparet
1205 1858 1369 1913 quam
1425 1842 1661 1897 discrete
1717 1841 1896 1895 omnia

298 1925 643 1996 disponenda
686 1943 809 1982 esse
841 1928 1118 1983 docuisset
1166 1930 1414 1984 alumnos
1447 1946 1575 1985 suos
1632 1931 1687 1985 S.
1721 1931 1897 1985 Bruno

296 2013 575 2068 institutor
634 2024 841 2085 noster,
876 2024 934 2070 ut
977 2027 1397 2087 perseveranter
1450 2026 1674 2089 possent
1727 2019 1898 2089 illaesa

296 2102 525 2157 sanitate
565 2102 623 2156 in
678 2120 777 2158 suo
833 2105 1115 2175 proposito
1174 2106 1379 2161 servire
1434 2108 1571 2173 Deo,
1607 2115 1659 2161 et
1704 2107 1899 2178 aequali

296 2206 463 2261 passu
497 2191 549 2244 in
578 2190 661 2245 sui
690 2191 916 2246 instituti
963 2193 1119 2263 praxi
1166 2210 1385 2264 semper
1433 2194 1705 2261 incedere,
1740 2204 1897 2267 atque

300 2294 495 2334 cavere
550 2296 619 2335 ne
670 2279 777 2334 illis
833 2281 1096 2348 eveniret,
1159 2283 1305 2355 quod
1343 2283 1588 2353 pluribus
1646 2284 1898 2339 evenisse

300 2367 527 2433 sciebat,
558 2368 650 2439 qui
689 2370 1120 2425 extremitatibus
1151 2372 1453 2441 gaudentes
1482 2372 1693 2445 rigidas
1723 2372 1896 2427 absti-

298 2456 513 2511 nentias
545 2457 764 2528 quidem
794 2458 1165 2530 suscipiebant
1196 2468 1249 2514 et
1282 2460 1465 2531 aliquo
1498 2469 1742 2531 tempore
1772 2477 1901 2532 per-

299 2544 554 2599 tinaciter
583 2546 933 2612 exercebant,
981 2547 1079 2601 sed
1107 2554 1299 2618 postea
1329 2548 1457 2603 laesa
1492 2548 1618 2603 inde
1652 2550 1899 2620 corporis

297 2632 625 2699 valetudine,
656 2634 725 2688 ad
775 2650 965 2690 omnes
1027 2636 1231 2691 sensim
1275 2636 1651 2691 observantias
1684 2637 1899 2691 inhabi-

296 2720 380 2776 les
434 2722 823 2788 reddebantur,
857 2731 909 2778 et
938 2723 1198 2796 deinceps
1229 2740 1337 2779 non
1386 2725 1563 2779 solum
1590 2726 1658 2779 ad
1689 2725 1899 2780 exerci-

298 2808 369 2863 tia
409 2809 701 2879 spiritualia
732 2810 1113 2882 relinquenda,
1147 2813 1245 2867 sed
1276 2813 1439 2868 etiam
1468 2813 1535 2867 ad
1566 2829 1760 2885 corpus
1790 2822 1897 2867 stu-
1917 2840 1971 2901 Β

301 2898 456 2952 diose
486 2897 777 2953 fovendum
809 2907 863 2954 et
891 2900 1239 2955 nutriendum
1285 2901 1767 2972 compellebantur.
1802 2901 1897 2955 His

300 3002 434 3058 ergo
481 2986 937 3058 inaequalitatibus
986 2989 1192 3043 aditum
1250 2990 1542 3045 occludere
1588 2990 1796 3056 volens,
1830 2990 1897 3045 de

299 3074 444 3130 bono
472 3091 611 3145 pane
641 3075 856 3131 triticeo
884 3076 1053 3131 voluit
1075 3077 1187 3131 suis
1204 3077 1501 3148 provideri.
1526 3078 1785 3133 Triticum
1805 3094 1899 3132 au-

302 3170 413 3218 tem
442 3179 549 3218 non
579 3162 683 3218 fert
730 3180 945 3219 eremus
1004 3165 1301 3220 Carthusiaa
1351 3167 1489 3221 sicut
1538 3183 1639 3221 nec
1692 3166 1895 3221 vinum.

302 3253 574 3307 Accessus
632 3254 844 3323 rupium
895 3262 1013 3307 erat
1060 3262 1189 3310 tunc
1220 3254 1379 3310 valde
1425 3254 1655 3311 difﬁcilis
1684 3264 1737 3310 et
1767 3256 1901 3310 dor-

300 3339 379 3394 sis
436 3348 639 3395 tantum
672 3341 1007 3407 animalium,
1042 3343 1127 3397 vel
1159 3342 1291 3397 solis
1335 3343 1616 3397 hominum
1659 3344 1901 3399 humeris

302 3445 371 3484 ex
402 3429 583 3500 aliqua
612 3438 785 3500 parte,
821 3438 1036 3501 poterat
1064 3432 1167 3486 huc
1197 3430 1400 3486 afferri.
1447 3432 1706 3487 Triticum
1734 3440 1787 3487 et
1816 3433 1902 3487 vi-

306 3534 439 3571 num
473 3533 675 3588 magno
723 3519 896 3589 pretio
926 3520 1285 3587 constabant;
1320 3528 1372 3574 at
1419 3520 1769 3575 nihilominus
1798 3537 1895 3591 pa-

301 3621 429 3660 nem
460 3622 523 3660 ex
554 3605 729 3661 tritico
768 3606 937 3661 voluit
965 3609 1249 3663 monachis
1300 3606 1514 3675 conﬁci,
1548 3625 1655 3680 quo
1687 3625 1905 3679 semper

300 3701 594 3759 uterentur,
628 3696 924 3767 vinumque
945 3712 1164 3767 semper
1184 3696 1503 3752 ministrari.
1537 3698 1728 3753 Sciens
1760 3698 1905 3753 enim

305 3782 507 3837 bonum
536 3799 751 3853 panem,
783 3784 986 3850 vinum,
1022 3793 1073 3839 et
1128 3801 1229 3841 ova
1285 3802 1408 3841 esse
1437 3787 1579 3857 apud
1636 3803 1736 3841 nos
1764 3804 1907 3857 pra:-

304 3870 521 3941 cipuam
551 3872 835 3927 materiam
865 3872 1010 3928 unde
1042 3881 1410 3929 sustentemur
1454 3883 1507 3929 et
1561 3874 1776 3929 firmam
1804 3892 1905 3930 va-

304 3958 599 4014 letudinem
629 3977 911 4016 servemus
940 3963 1057 4017 haec
1086 3963 1289 4017 nostris
1321 3962 1610 4017 ministrari
1652 3964 1908 4035 praescri-

302 4048 428 4118 psit.
464 4048 718 4119 Legimus
750 4050 967 4121 quidem
997 4064 1098 4121 pro
1130 4051 1262 4106 solis
1314 4050 1545 4105 infirmis
1594 4052 1775 4123 pisces
1801 4052 1908 4107 emi

304 4135 496 4191 solitos
525 4135 709 4205 fuisse,
745 4144 799 4192 at
828 4138 896 4192 de
925 4138 1042 4192 ovis
1071 4138 1203 4193 nihil
1234 4138 1338 4194 tale
1370 4140 1629 4211 scriptum
1660 4148 1763 4195 est.

374 4223 537 4279 Num.
574 4227 625 4280 4.
661 4227 863 4281 Caseus
890 4231 1008 4282 tam
1038 4229 1101 4281 in
1145 4229 1324 4294 cellis,
1363 4237 1466 4284 etc.
1518 4229 1650 4283 Inde
1679 4235 1907 4299 apparet

307 4312 449 4367 bene
504 4314 749 4367 ordinata
805 4315 1066 4370 stabilitas
1107 4324 1159 4370 et
1214 4316 1544 4371 conveniens
1599 4317 1902 4387 proportio,

306 4417 475 4472 quam
532 4402 732 4473 ubique
762 4419 795 4457 a
823 4404 981 4458 nobis
1039 4404 1248 4460 servari
1280 4404 1511 4473 volebat,
1545 4405 1758 4473 rejectis
1789 4405 1906 4459 sin-

309 4490 718 4562 gularitatibus,
778 4490 834 4545 id
892 4500 973 4547 est
1022 4493 1187 4547 rebus
1236 4510 1301 4547 ex
1355 4493 1583 4564 propria
1634 4494 1909 4549 voluntate

305 4579 592 4650 susceptis,
624 4587 814 4634 etnon
843 4596 908 4634 ex
958 4581 1257 4651 superioris
1318 4581 1532 4636 licentia
1587 4590 1679 4638 aut
1731 4599 1906 4653 praes-

306 4666 503 4737 cripto,
542 4682 680 4738 quas
711 4668 922 4724 sciebat
953 4685 985 4723 a
1013 4670 1141 4725 vita:
1199 4668 1453 4725 solitaria:
1507 4670 1910 4741 professoribus

301 4771 502 4827 magno
533 4756 712 4811 studio
742 4773 865 4811 esse
900 4758 1346 4828 proscribendas.
1390 4760 1470 4813 Ex
1490 4757 1595 4812 illis
1625 4759 1769 4813 enim
1796 4776 1906 4815 non

306 4858 437 4897 raro
494 4844 734 4899 nascitur
782 4846 1059 4916 quoddam
1110 4846 1360 4901 vanitatis
1415 4846 1787 4917 supercilium,
1820 4855 1908 4901 aut

307 4930 458 4999 pacis
488 4931 755 4999 turbatio;
791 4949 856 4987 ex
887 4934 1135 5005 sequenti
1181 4942 1363 4988 autem
1401 4934 1635 5005 capitulo
1675 4935 1905 4989 eviden-

306 5018 415 5072 tius
444 5021 740 5089 apparebit,
774 5030 978 5092 quanta
1007 5022 1491 5093 circumspectione
1512 5024 1673 5093 primi
1703 5023 1765 5078 S.
1804 5024 1906 5078 Pa-

306 5107 407 5160 tris
448 5108 617 5161 nostri
647 5109 915 5164 Brunonis
945 5126 1297 5166 successores
1346 5112 1673 5167 voluntarias
1713 5112 1905 5183 singu-

307 5195 552 5250 laritates
582 5203 634 5250 et
663 5196 1081 5254 indiscretiones
1114 5216 1146 5253 a
1194 5199 1307 5254 suis
1354 5200 1555 5256 vellent
1601 5200 1901 5267 eliminare,

309 5292 361 5339 et
401 5284 630 5355 qualiter
658 5286 712 5339 in
770 5288 889 5341 sola
935 5288 1240 5343 obedientia
1283 5305 1466 5343 rerum
1524 5289 1905 5343 Carthusiana-

307 5388 431 5426 rum
462 5389 729 5427 summam
761 5382 813 5429 et
843 5375 1066 5430 instituti
1098 5377 1266 5431 nostri
1318 5377 1585 5431 rationem
1614 5384 1901 5447 ponerent.

381 5460 576 5515 Totum
606 5462 711 5519 hoc
739 5464 1035 5535 capitulum
1066 5465 1120 5519 in
1150 5465 1385 5537 antiquis
1431 5465 1645 5521 statutis
1671 5464 1904 5521 refertur

309 5556 467 5621 parte
497 5564 556 5619 ιι,
591 5566 712 5624 cap.
748 5553 835 5621 14,
866 5569 960 5607 nn.
993 5556 1081 5620 15,
1115 5556 1179 5608 16
1210 5561 1264 5610 et
1296 5558 1384 5609 18.

1998 1574 2228 1630 notescit
2260 1574 2403 1645 quod
2434 1574 2745 1629 obedientia
2772 1573 3127 1628 Carthusiana
3157 1590 3185 1627 a
3207 1574 3463 1645 primaevo
3492 1576 3599 1629 ins-

1997 1664 2149 1717 tituto
2180 1664 2235 1716 in
2266 1662 2358 1716 illa
2387 1670 2468 1717 est
2498 1663 2642 1733 apud
2671 1677 2771 1716 nos
2802 1662 3218 1728 existimatione,
3242 1671 3296 1717 et
3330 1663 3448 1717 talis
3470 1680 3593 1720 esse

1998 1750 2179 1817 debet,
2214 1758 2271 1803 ut
2300 1758 2500 1821 prmter
2530 1766 2650 1805 eam
2680 1750 2814 1803 nihil
2852 1749 3158 1820 proficuum
3211 1759 3303 1806 aut
3360 1752 3597 1807 validum

1998 1846 2281 1908 reputetur
2332 1838 2386 1891 in
2440 1838 2650 1904 ordine,
2692 1838 2920 1909 ipsaque
2977 1846 3263 1894 censeatur
3302 1839 3467 1896 veluti
3503 1856 3598 1896 cor

1998 1926 2227 1981 instituti
2288 1926 2648 1981 Carthusiani.

2070 2016 2186 2071 Hoc
2217 2022 2397 2070 autem
2428 2015 2722 2085 capitulum
2751 2030 2859 2070 non
2892 2014 3069 2070 solum
3100 2015 3155 2069 in
3212 2015 3447 2087 antiquis
3480 2024 3594 2071 sta-

2000 2103 2127 2158 tutis
2157 2104 2385 2158 relatum
2432 2104 2661 2158 habetur
2682 2120 2720 2157 ιι
2748 2111 2909 2173 part.,
2942 2119 3061 2174 cap,
3096 2104 3183 2170 14,
3216 2120 3308 2158 nn.
3332 2109 3422 2172 25,
3454 2109 3523 2161 27
3545 2114 3599 2161 et

1998 2194 2087 2259 28,
2121 2192 2219 2246 sed
2267 2191 2430 2247 etiam
2486 2193 2543 2245 in
2601 2207 2797 2247 novam
2856 2199 3174 2245 statutorum
3220 2192 3596 2248 collectionem

2000 2278 2144 2334 idem
2175 2279 2243 2334 de
2274 2280 2441 2335 verbo
2471 2280 2541 2334 ad
2571 2280 2801 2335 verbum
2835 2279 3156 2335 translatum
3200 2289 3299 2334 est.
3334 2281 3403 2334 Et
3436 2297 3596 2337 nemo

2000 2367 2140 2422 inter
2195 2368 2588 2423 Carthusianos
2650 2376 2987 2437 numeratur,
3021 2368 3113 2438 qui
3170 2376 3298 2423 vota
3354 2386 3449 2423 sua
3487 2385 3597 2424 non

2002 2456 2245 2511 emiserit
2289 2442 2469 2511 sciens
2501 2464 2552 2511 et
2584 2456 2793 2525 volens,
2828 2457 3050 2511 relative
3081 2456 3148 2510 ad
3205 2458 3373 2513 verba
3410 2458 3465 2511 in
3494 2459 3598 2514 hoc

2000 2552 2199 2600 statuto
2222 2554 2491 2600 contenta.
2522 2546 2602 2598 Ex
2634 2544 2719 2598 his
2749 2553 2927 2599 autem
2968 2544 3152 2600 verbis
3182 2545 3372 2616 liquet.

2073 2634 2275 2703 Primo,
2302 2634 2625 2689 monachum
2648 2632 3061 2687 Carthusianum
3083 2649 3183 2703 per
3199 2634 3596 2705 professionem

2002 2737 2114 2775 suae
2182 2721 2525 2789 obedientia},
2585 2721 3000 2777 abrenuntiasse
3057 2722 3213 2776 etiam
3272 2724 3597 2794 quibusdam

2000 2811 2254 2881 operibus
2312 2810 2546 2881 pietatis,
2608 2827 2728 2881 quae
2793 2810 3027 2882 aggredi
3082 2826 3192 2865 non
3255 2820 3452 2883 potest,
3494 2814 3599 2868 nisi

1998 2901 2181 2973 priore
2211 2900 2414 2955 sciente
2466 2907 2519 2953 et
2548 2898 2762 2954 favente
2788 2917 2803 2966 ;
2845 2899 2989 2969 quod
3020 2900 3270 2956 maximae
3301 2902 3601 2971 prudentia:

2000 2998 2103 3056 est,
2136 2997 2193 3043 ut
2224 2987 2480 3043 solitariis
2521 2987 2798 3043 auferatur
2825 2987 3040 3043 occasio
3070 2988 3343 3044 incidendi
3371 2989 3426 3042 in
3464 3006 3600 3062 gra-

2001 3094 2096 3133 ves
2132 3076 2569 3142 indiscretiones,
2620 3076 2816 3147 quibus
2841 3093 2954 3146 pre
2982 3077 3193 3131 caeteris
3249 3077 3477 3132 statibus
3503 3079 3601 3133 ob-

2002 3166 2195 3221 noxius
2227 3174 2373 3220 esset
2404 3165 2767 3220 solitariorum
2798 3172 2987 3235 status,
3020 3165 3125 3219 nisi
3154 3165 3478 3222 obedientia
3506 3182 3600 3222 re-

2002 3254 2207 3327 gimine
2236 3254 2547 3309 duceretur.

2075 3342 2345 3409 Secundo,
2392 3348 2641 3413 paratum
2672 3357 2797 3397 esse
2848 3341 3051 3397 debere
3102 3341 3173 3397 ad
3227 3343 3599 3415 recipiendum

2003 3430 2352 3503 indulgenter
2382 3447 2412 3484 a
2444 3430 2724 3501 superiore
2772 3430 3042 3486 levamina
3074 3432 3319 3502 quaedam
3349 3433 3403 3487 in
3454 3434 3596 3501 cibo,

2003 3528 2156 3591 potu,
2218 3534 2411 3575 somno
2466 3526 2666 3590 prater
2707 3526 3004 3585 statutum;
3039 3520 3185 3591 quod
3242 3520 3404 3575 etiam
3460 3539 3603 3579 vera)

2006 3608 2351 3664 discretionis
2408 3616 2508 3677 est,
2542 3615 2599 3661 ut
2645 3624 2711 3662 ex
2766 3607 3063 3677 superioris
3112 3608 3317 3677 judicio
3359 3610 3604 3665 sanitatis

2008 3697 2375 3752 solitariorum
2408 3711 2541 3751 cura
2582 3695 2837 3766 pendeat,
2871 3704 2923 3750 et
2953 3711 2986 3749 a
3039 3696 3282 3752 solitario
3332 3700 3603 3755 monacho

2008 3786 2184 3842 omnis
2223 3783 2602 3840 obstinationis
2632 3784 2687 3837 in
2735 3783 2957 3855 pr0prio
2988 3784 3213 3852 judicio,
3248 3793 3302 3840 et
3348 3786 3605 3844 indiscre-

2009 3874 2173 3929 tionis
2213 3873 2428 3929 occasio
2459 3880 2808 3937 amoveatur;
2860 3879 3033 3926 status
3062 3872 3206 3927 enim
3254 3873 3365 3941 ille,
3408 3883 3462 3929 ut
3488 3877 3601 3945 jam

2009 3963 2212 4017 dictum
2241 3973 2340 4028 est,
2388 3960 2719 4016 discretione
2758 3960 2985 4031 indiget,
3017 3968 3074 4015 ut
3103 3961 3157 4015 in
3211 3978 3279 4017 eo
3308 3979 3430 4018 cum
3460 3965 3602 4019 sani-

2009 4060 2114 4105 tate
2144 4058 2197 4106 et
2227 4050 2504 4106 alacritate
2554 4050 2763 4121 absque
2821 4049 3208 4121 interruptione
3261 4060 3355 4107 aut
3396 4053 3606 4109 relaxa-

2009 4140 2154 4195 tione
2187 4140 2302 4193 Deo
2336 4139 2539 4211 jugiter
2568 4138 2855 4193 serviatur.

1937 4196 1984 4256 Ο
2079 4228 2280 4293 Tertio,
2312 4196 2463 4281 illu‘in
2518 4226 2765 4281 similiter
2819 4226 2887 4280 ad
2944 4226 3307 4282 obediendum
3356 4230 3525 4287 teneri
3548 4231 3602 4287 in

2007 4316 2157 4370 duris
2206 4324 2258 4369 et
2298 4315 2559 4386 gravibus
2599 4322 2802 4385 praeter
2835 4321 3112 4381 statutum,
3146 4333 3268 4388 quae
3296 4318 3344 4373 ei
3385 4335 3417 4373 θ,
3448 4336 3605 4392 supe-

2006 4405 2152 4459 riore
2201 4403 2577 4475 injunguntur.
2615 4403 2772 4458 Unde
2803 4410 2952 4474 patet
3009 4404 3427 4463 Carthusianum
3456 4426 3522 4465 ex
3551 4410 3605 4467 vi

2013 4492 2373 4564 professionis
2402 4508 2513 4547 sua:
2543 4491 2874 4547 voluntatem
2901 4493 3183 4563 propriam
3229 4495 3309 4552 sic
3337 4497 3604 4554 obedien-

2007 4581 2096 4636 tiae
2125 4581 2306 4637 virtuti
2364 4580 2682 4649 subjecisse,
2716 4588 2775 4635 ut
2804 4596 2927 4635 eam
2957 4582 3074 4637 Deo
3128 4584 3402 4653 obtulerit,
3452 4587 3605 4643 esti-

2007 4670 2261 4724 mandam
2290 4670 2441 4725 sicut
2474 4670 2587 4725 ovis
2617 4670 2935 4725 occisionis.

2081 4758 2305 4826 Quarto,
2351 4759 2492 4812 hanc
2545 4757 2655 4812 vim
2685 4758 3009 4813 obedientia
3051 4757 3105 4812 in
3135 4775 3201 4814 eo
3247 4768 3386 4815 statu
3416 4778 3603 4818 mona-

2009 4847 2170 4902 chum
2210 4846 2619 4901 Carthusianum
2681 4846 3025 4913 constituere,
3058 4853 3115 4900 ut
3142 4846 3199 4900 in
3243 4865 3475 4919 persona
3513 4868 3605 4907 su-

2008 4934 2241 5007 perioris
2273 4936 2449 4989 Deum
2477 4934 2653 5004 ipsum
2702 4935 3057 4989 considerare
3104 4934 3316 4992 debeat.

2080 5023 2279 5092 Quinto
2314 5031 2365 5078 et
2396 5030 2673 5093 postremo
2734 5039 2954 5078 sensum
2997 5023 3202 5078 ordinis
3259 5034 3311 5081 et
3355 5028 3604 5099 spiritum

2007 5112 2234 5166 instituti
2281 5112 2625 5166 Carthusiani
2658 5111 2711 5165 in
2741 5111 3046 5166 obedientia
3075 5112 3154 5168 sic
3196 5116 3517 5185 consistere,
3548 5128 3606 5175 ut

2008 5217 2073 5255 ex
2125 5200 2212 5253 illa
2242 5200 2358 5256 sola
2397 5200 2770 5255 observantias
2818 5200 3203 5257 Carthusianas
3257 5205 3365 5260 vim
3426 5207 3604 5263 meriti

2006 5304 2301 5355 assumere,
2360 5296 2413 5343 et
2468 5297 2618 5343 extra
2673 5304 2796 5344 eam
2847 5288 3044 5344 nullius
3090 5292 3265 5348 meriti
3311 5311 3459 5361 esse,
3508 5310 3605 5366 pro

2007 5385 2155 5432 certo
2196 5377 2506 5431 habendum
2555 5378 2642 5431 sit.

2078 5466 2208 5520 Inde
2240 5466 2439 5521 factum
2470 5474 2553 5520 est
2582 5474 2641 5519 ut
2671 5464 2763 5535 qui
2792 5464 3023 5521 formam
3070 5469 3382 5525 celebrandi
3411 5471 3609 5542 capitu-

1933 5546 1986 5607 D
2015 5553 2126 5608 lum
2156 5554 2414 5627 generale
2470 5553 2836 5620 instituerunt,
2897 5555 2962 5611 R.
3025 5558 3196 5613 Patris
3239 5558 3508 5630 Guigonis
3558 5570 3609 5616 et
