3978 6050
441 204 538 257 711

1273 201 1616 259 GUlGONIS
1656 204 1677 256 Ι
1722 202 2129 259 ΟΑΒΤΗΠΞΙᾹΞ
2174 202 2469 259 MAJORIS
2516 201 2794 259 PRIORIS
2832 201 2903 255 V.

3623 200 3735 255 ’712

1757 328 2151 385 CAPITULUM
2206 331 2461 387 XXXVI.

1680 445 1755 498 De
1796 443 2102 515 hospitibus
2141 445 2531 516 suscipiendis.

518 562 568 611 1.
618 559 723 613 Pro
753 557 1023 629 episcOpis
1054 566 1104 613 et
1133 559 1417 614 abbatibus
1458 568 1511 614 et
1568 561 1775 616 cunctis
1805 560 1859 614 in
1890 560 2150 631 religioso
2179 560 2363 615 habitu
2394 559 2701 616 constitutis
2732 558 2889 629 (tales
2936 556 3079 612 enim
3111 571 3143 610 a
3191 555 3371 627 priore
3403 554 3472 610 ad
3502 569 3753 610 mensam

448 655 852 727 suscipiuntur),
889 656 934 709 si
965 656 1053 710 tali
1086 657 1221 711 hora
1259 658 1527 724 venerint,
1554 658 1816 726 jejunium
1849 659 1918 712 ab
1949 659 2161 725 eodem,
2196 656 2299 711 nisi
2330 656 2397 710 sit
2428 654 2550 727 [al.,
2585 654 2765 727 fuerit]
2786 654 3141 725 prmoipuum,
3168 651 3432 719 solvitur;
3463 667 3573 706 non
3602 648 3753 706 enim

446 753 533 809 vel
565 753 847 826 gyrovagi,
880 754 965 810 val
992 771 1022 808 a
1052 755 1316 827 religione
1349 755 1575 825 refugae,
1610 756 1695 810 vel
1728 771 1979 826 persona:
2006 755 2153 810 laica:
2185 755 2254 809 ad
2285 753 2400 821 ejus
2425 768 2671 807 mensam
2730 750 2933 822 suscipi
2971 757 3393 807 consueverunt.

516 855 568 907 2.
604 852 859 922 Episc0pi
889 861 1066 908 autem
1106 860 1159 907 et
1187 854 1410 907 abbates
1451 854 1616 908 etiam
1647 853 1834 908 sedem
1864 853 2062 923 prioris
2091 861 2201 908 tam
2262 852 2317 905 in
2374 850 2605 906 ecclesia
2638 865 2797 921 quam
2854 849 2910 902 in
2963 848 3176 904 caeteris
3232 854 3418 902 tenent
3444 845 3599 901 locis.
3634 843 3750 899 Sed

451 947 694 1019 episcopi
725 948 1141 1019 benedictiones
1175 949 1336 1003 etiam
1379 950 1546 1016 dant;
1580 950 1806 1004 abbates
1848 950 1962 1005 sola
2028 949 2175 1006 sedis
2230 947 2642 1006 honoriﬁcentia
2674 955 2796 1004 sunt
2826 947 3105 1015 contenti;
3137 945 3541 1002 henedictiones
3569 951 3753 999 autem

439 1046 590 1115 juxta
617 1062 823 1102 morem
853 1048 1113 1103 sacerdos
1141 1048 1597 1103 hebdomadarius
1638 1048 1840 1105 tribuit.

519 1147 570 1198 3.
604 1143 772 1212 Quos,
804 1144 858 1199 id
889 1152 971 1199 est
1001 1145 1289 1217 episc0pos
1320 1154 1373 1200 et
1402 1146 1646 1212 abbates,
1681 1162 1804 1202 cum
1834 1145 2056 1201 veniunt
2084 1145 2327 1202 inclinati
2368 1154 2422 1203 et
2450 1163 2623 1220 usque
2652 1147 2724 1203 ad
2771 1154 2972 1203 terram
3002 1144 3158 1201 ﬂexis
3201 1144 3454 1217 genibus,
3516 1149 3751 1199 exteros

446 1249 625 1297 autem
664 1251 974 1299 reverenter
1001 1251 1206 1297 tantum
1234 1243 1602 1314 supplicantes
1660 1244 1991 1299 osculamur.

516 1343 569 1396 4.
604 1342 663 1394 In
717 1341 986 1411 superiori
1034 1349 1212 1396 autem
1241 1341 1402 1395 domo
1452 1356 1559 1395 non
1607 1340 1711 1394 nisi
1770 1341 2013 1412 religiosi
2070 1342 2313 1413 hospites
2338 1346 2525 1414 jacere
2590 1348 3007 1397 consueverunt.
3051 1340 3117 1395 Et
3178 1339 3432 1411 quoniam
3462 1338 3529 1393 de
3560 1337 3748 1408 priore

446 1455 629 1495 sermo
659 1455 718 1493 se
765 1439 961 1507 intulit,
989 1438 1296 1494 addendum
1327 1447 1409 1494 est
1439 1438 1651 1510 qualem
1685 1455 1745 1494 se
1776 1439 1830 1493 in
1861 1447 2126 1510 susceptae
2164 1440 2359 1497 domus
2401 1439 2635 1512 negotiis
2669 1439 2840 1496 soleat
2872 1438 3149 1495 exhibere.

1809 1580 2385 1638 COMMENTARIUS.

446 1695 743 1769 primorum
772 1696 986 1750 Patrum
1014 1696 1259 1767 vestigiis
1289 1696 1636 1763 inhaerentes,
1673 1696 1748 1751 ibi
1778 1712 2033 1768 expresse
2054 1702 2107 1759 Α
2138 1716 2245 1770 qua
2271 1706 2428 1770 parte
2457 1698 2620 1753 debet
2663 1697 2917 1768 imputari
2968 1697 3071 1751 ista
3122 1697 3378 1765 mutatio,
3413 1714 3534 1769 qum
3579 1704 3661 1753 est
3690 1696 3743 1750 in

447 1786 752 1841 notaveriut
780 1786 1009 1840 formam
1061 1792 1113 1839 et
1176 1785 1744 1855 circumspectionem,
1790 1802 1909 1857 quae
1931 1802 2044 1840 ser-

448 1874 621 1929 vanda
651 1882 795 1928 esset
847 1873 1064 1944 quando
1122 1873 1411 1943 capitulum
1445 1874 1705 1945 generale
1751 1874 1807 1927 in
1863 1874 2041 1946 aliqua

448 1978 506 2017 re
535 1962 775 2033 rigorem
805 1962 1009 2016 ordinis
1052 1962 1399 2015 minuendum
1433 1978 1555 2016 esse
1599 1970 1884 2023 censeret;
1930 1979 2039 2016 ser-

447 2059 571 2106 vata
598 2050 758 2105 etiam
809 2049 1055 2103 similiter
1094 2050 1336 2103 libertate
1386 2050 1747 2103 observantiis
1804 2050 2041 2121 antiquis

447 2139 651 2210 aliquid
673 2137 800 2193 novi
830 2146 881 2192 et
911 2138 1143 2191 durioris
1172 2138 1427 2204 addendi,
1465 2138 1609 2207 quod
1640 2138 1707 2191 ad
1758 2137 1920 2193 ﬁnem
1951 2138 2039 2192 in-

448 2228 617 2282 stituti
646 2226 817 2281 nostri
839 2226 1279 2297 consequendum
1312 2225 1491 2297 magis
1536 2226 1866 2293 conducere,
1899 2243 2039 2296 pen-

444 2324 558 2373 sata
614 2323 919 2385 temporum
972 2328 1329 2383 personarum
1362 2320 1413 2366 et
1444 2313 1900 2383 experientiarum
1944 2330 2040 2368 ra-

444 2399 610 2463 tione,
644 2398 745 2452 sibi
774 2398 1059 2452 videretur.
1094 2396 1251 2465 Quod
1297 2397 1489 2451 eodem
1538 2398 1702 2451 modo
1735 2398 1839 2452 huc
1868 2413 2041 2468 usque

448 2488 791 2542 observatum
823 2502 945 2541 esse
988 2485 1100 2539 suis
1156 2485 1292 2540 locis
1337 2485 1692 2555 probabitur;
1727 2486 1912 2555 sicque
1941 2501 2041 2541 nec

447 2592 478 2631 a
507 2584 685 2630 mente
708 2590 809 2630 nec
837 2590 869 2627 a
898 2574 1078 2628 littera
1108 2574 1161 2626 in
1191 2575 1295 2628 hoc
1326 2589 1447 2642 cap.
1495 2576 1562 2627 35
1593 2590 1692 2643 per
1721 2574 1783 2629 It.
1820 2576 1877 2627 Ρ.
1910 2574 2043 2629 Gui-

449 2681 651 2737 gonem
681 2679 960 2733 expressa,
1004 2662 1301 2733 capitulum
1332 2661 1591 2733 generale
1621 2661 1848 2732 ordinis,
1881 2670 2041 2733 atque

447 2753 573 2808 ideo
600 2751 803 2807 ordinis
833 2766 1031 2821 corpus
1063 2752 1369 2816 aberrasse,
1432 2750 1628 2821 cuique
1688 2751 1913 2805 cordato
1946 2767 2043 2821 pa-

448 2840 600 2895 cifice
631 2848 683 2895 et
735 2839 789 2892 in
842 2823 1033 2909 spiritu
1082 2838 1357 2895 charitatis
1405 2853 1496 2891 res
1553 2854 1785 2908 pensare
1840 2838 2042 2894 volenti

447 2928 791 3000 perspicuum
852 2928 979 2982 erit.

2138 1788 2334 1842 melius
2356 1787 2514 1853 facta,
2540 1786 2835 1841 dummodo
2857 1802 2943 1839 res
2974 1785 3116 1841 intra
3146 1794 3316 1841 metas
3345 1786 3537 1841 mentis
3568 1793 3744 1839 statu-

2142 1883 2321 1930 torum
2367 1890 2583 1944 semper
2626 1874 2988 1929 contineatur.

2210 1964 2375 2017 Num.
2407 1966 2461 2019 2.
2488 1964 2952 2034 Episcopiautem
2973 1961 3297 2028 et'abbates,
3333 1970 3436 2017 etc.
3465 1962 3594 2015 Inde
3615 1962 3741 2017 edo-

2141 2067 2331 2106 cemur
2387 2058 2649 2121 quantum
2699 2050 2905 2104 distare
2943 2050 3241 2103 debeamus
3273 2050 3340 2103 ab
3389 2049 3536 2104 omni
3565 2049 3748 2120 specie

2132 2140 2458 2211 jurgiorum,
2502 2155 2623 2209 quae
2647 2154 2757 2192 non
2789 2153 2913 2192 raro
2951 2147 3250 2193 nascuntur
3279 2138 3439 2193 hodie
3470 2154 3569 2209 pro
3610 2155 3744 2210 gra-

2138 2228 2298 2282 dibus
2328 2226 2634 2281 servandis.
2670 2226 2928 2281 Videmus
2970 2226 3113 2280 enim
3172 2228 3318 2297 quod
3376 2227 3431 2280 in
3491 2228 3744 2281 omnibus

2139 2315 2410 2385 episcOpis
2442 2315 2762 2386 dignitatem
2794 2314 3129 2369 characteris
3160 2314 3473 2369 indistincte
3504 2316 3744 2369 honora-

2140 2404 2317 2459 verint
2352 2403 2513 2473 primi
2543 2404 2733 2457 Patres
2790 2403 2981 2467 nostri,
3030 2410 3247 2457 servata
3304 2411 3483 2457 tamen
3532 2419 3747 2473 semper

2141 2492 2406 2563 singulari
2436 2491 2742 2547 reverentia
2768 2506 2865 2562 pro
2887 2490 3142 2561 episcOpo
3164 2491 3496 2546 dioecesano.
3531 2492 3613 2545 Ab
3642 2491 3745 2546 hoc

2141 2597 2272 2652 ergo
2295 2580 2487 2652 spiritu
2516 2594 2799 2650 nunquam
2831 2579 3093 2633 aberrare
3113 2579 3415 2644 debemus;
3447 2581 3540 2634 cui
3563 2580 3740 2635 hono-

2142 2686 2282 2735 rem,
2317 2669 2583 2724 honorem
2615 2667 3123 2737 superabundanter
3153 2667 3331 2737 potius
3383 2684 3543 2738 quam
3573 2683 3741 2737 parce

2142 2756 2439 2823 reddendo,
2465 2764 2523 2809 ut
2553 2756 2605 2808 in
2638 2756 2742 2810 hoc
2772 2762 3105 2826 cognoscant
3135 2770 3345 2821 omnes,
3394 2755 3539 2826 quod
3566 2755 3735 2810 simus

2140 2844 2441 2915 primorum
2507 2842 2983 2897 Carthusianorum
3039 2842 3309 2913 discipuli,
3372 2843 3730 2898 humilitatem

2141 2932 2326 2997 animi,
2381 2933 2769 2986 humanitatem
2826 2932 3287 2999 conversationis,
3323 2931 3737 3002 hospitalitatem

518 3019 648 3073 CAP.
683 3018 943 3071 XXXVI.
980 3047 1049 3055 —
1078 3017 1238 3071 Num.
1278 3019 1329 3071 1.
1362 3019 1467 3071 Pro
1499 3016 1770 3116 episCOpis
1802 3020 1857 3071 et
1878 3016 2042 3071 abba-
2063 3057 2115 3116 B
2142 3037 2205 3075 ac
2236 3021 2508 3075 sinceram
2528 3019 2873 3075 dilectionem
2906 3020 2960 3073 in
2989 3020 3241 3074 omnibus
3272 3020 3595 3075 exhibendo.

453 3108 601 3162 tibus
635 3108 875 3170 cunctis,
911 3113 1014 3160 etc.
1060 3107 1179 3158 Jam
1211 3121 1333 3175 cap.
1397 3107 1461 3158 ‘18
1515 3104 1690 3159 fuerat
1721 3121 2040 3175 expressum

448 3194 677 3265 qualiter
702 3202 756 3248 et
786 3210 947 3263 quam
982 3193 1215 3263 benigne
1264 3193 1507 3262 hospites
1562 3202 1745 3247 essent
1775 3209 1806 3247 a
1835 3209 2042 3262 procu-

444 3290 626 3337 ratore
659 3280 1007 3350 suscipiendi.
1031 3281 1189 3336 Nunc
1218 3296 1346 3335 vero
1376 3282 1439 3335 R.
1476 3282 1534 3335 P.
1585 3280 1765 3352 Guigo
1796 3280 2041 3336 declarat

445 3369 716 3441 quomodo
750 3384 780 3421 a
832 3368 1007 3438 priore
1038 3367 1240 3438 suscipi
1287 3369 1539 3433 debeant,
1576 3369 1668 3438 qui
1696 3369 1855 3422 etiam
1905 3369 2039 3422 hos-

442 3457 713 3530 pitalitatis
768 3457 948 3529 gratia
984 3457 1249 3525 jejunium
1326 3458 1535 3511 ordinis
1593 3456 1815 3529 frangit,
1872 3465 1922 3511 et
1971 3458 2039 3511 ad

440 3563 685 3603 mensam
734 3562 842 3600 non
884 3554 1090 3600 tantum
1148 3546 1434 3616 episcOpos
1482 3553 1533 3599 et
1563 3545 1807 3609 abbates,
1858 3546 1955 3600 sed
1987 3553 2041 3599 et

439 3645 663 3692 cunctos
690 3635 745 3689 in
776 3635 1035 3707 religioso
1064 3635 1248 3688 habitu
1296 3634 1617 3689 constitutos
1666 3634 1909 3703 recipere
1942 3634 2038 3688 de-

440 3715 548 3781 bet.
582 3724 745 3792 Quod
788 3740 928 3778 nunc
966 3722 1317 3793 temperatius
1376 3729 1674 3787 exercetur,
1710 3738 1778 3776 ne
1828 3738 1895 3775 ex
1943 3738 2036 3776 ne-

440 3814 691 3869 cessitate
721 3812 877 3867 toties
910 3810 1239 3880 suscipiendi
1269 3810 1529 3880 hospites,
1580 3811 1697 3879 ipse
1722 3810 1872 3879 prior
1901 3825 1933 3864 a
1955 3809 2038 3864 sui

441 3902 603 3957 ofﬁcii
650 3900 845 3953 muniis
878 3900 1204 3952 retrahatur.
1248 3898 1403 3952 Unde
1432 3899 1488 3951 in
1514 3898 1792 3951 modernis
1823 3899 2037 3952 statutis

441 3989 497 4043 id
525 3988 786 4043 limitatur
814 3988 881 4041 ad
913 3986 1177 4056 hospites,
1213 3985 1410 4055 quibus
1440 3986 1495 4039 id
1527 3986 1816 4041 commode
1846 3988 2036 4058 negari

438 4093 549 4133 non
577 4083 773 4147 potest,
807 4083 857 4130 et
873 4075 1093 4144 insuper
1113 4074 1329 4128 additur
1356 4092 1367 4126 :
1396 4074 1615 4141 Quanto
1641 4076 1847 4140 rarius,
1876 4080 2037 4131 tanto

439 4167 664 4222 melius.
696 4163 965 4232 Quantum
996 4162 1136 4217 enim
1168 4163 1429 4232 temporis
1476 4162 1764 4217 insumitur
1791 4163 1846 4217 in
1881 4164 2036 4218 simi-

438 4254 602 4324 libus,
645 4253 789 4325 quod
846 4252 974 4305 alibi
1021 4250 1350 4307 fructuosius
1408 4251 1865 4322 impenderetur?
1896 4252 2038 4321 Quot

440 4342 713 4413 superﬂua
765 4341 935 4396 verba
966 4339 1364 4411 proferuntur?
1404 4341 1510 4395 Res
1558 4340 1675 4411 ipsa
1705 4340 1958 4411 loquitur.

2212 3109 2346 3163 Ibid.
2382 3108 2813 3163 Benedictiones
2845 3111 3039 3162 autem
3047 3108 3229 3178 juxta
3250 3124 3464 3163 morem
3485 3108 3741 3164 sacerdos

2144 3197 2609 3253 hebdomadarius
2655 3196 2877 3250 tribuit.
2919 3196 3018 3250 Hic
3067 3196 3221 3251 locus
3279 3195 3562 3251 confirmat
3593 3197 3741 3267 quod

2136 3287 2245 3355 jam
2276 3285 2509 3339 diximus
2540 3285 2607 3338 de
2639 3283 2905 3354 frequenti
2949 3284 3097 3353 apud
3126 3301 3226 3338 nos
3282 3285 3572 3339 missarum
3604 3300 3741 3339 con-

2141 3373 2473 3429 ventualium
2504 3373 2875 3428 celebratione
2903 3416 2914 3438 ,
2949 3388 3070 3427 cum
3110 3389 3369 3443 expressa
3401 3372 3492 3427 fiat
3536 3373 3741 3428 mentio

2142 3462 2444 3518 sacerdotis
2464 3460 2890 3515 hebdomadarii.
2916 3460 3071 3515 Unde
3091 3461 3281 3515 raritas
3304 3462 3394 3515 illa
3424 3461 3737 3527 missarum,

2148 3552 2217 3605 de
2250 3565 2360 3621 qua
2388 3549 2630 3619 loquitur
2678 3550 2743 3603 R.
2778 3549 2837 3602 Ρ.
2902 3548 3082 3620 Guigo
3112 3549 3166 3602 in
3215 3550 3537 3621 quibusdam
3584 3550 3743 3617 locis,

2143 3639 2308 3711 longe
2360 3637 2518 3692 aliter
2547 3637 2903 3709 intelligenda
2935 3645 3016 3691 est
3045 3653 3209 3708 quam
3242 3638 3461 3709 quidam
3508 3653 3743 3693 censue-

2140 3735 2282 3781 runt.

2209 3816 2371 3869 Num.
2405 3817 2457 3867 3.
2492 3813 2652 3880 Quos,
2675 3812 2734 3867 id
2763 3817 2847 3869 est
2878 3814 3178 3886 episcopos,
3207 3822 3311 3869 etc.
3344 3813 3620 3869 Habemus
3652 3812 3741 3869 hic

2140 3904 2369 3976 qualiter
2416 3901 2732 3955 humilitatis
2790 3901 3059 3971 spiritum,
3094 3917 3201 3972 quo
3258 3902 3401 3955 intus
3459 3901 3740 3956 abundare

2139 3992 2421 4053 debemus,
2457 3990 2623 4043 etiam
2651 3990 2887 4043 exterius
2918 3989 2975 4042 in
3003 3997 3181 4044 actum
3218 3990 3479 4045 reducere
3535 3989 3739 4044 debea-

2140 4096 2297 4144 mus;
2330 4093 2432 4133 nec
2463 4093 2704 4148 unquam
2736 4078 2880 4147 apud
2911 4094 3010 4133 nos
3034 4077 3319 4133 admittere
3352 4078 3614 4149 quidquid
3636 4094 3739 4132 sae-

2139 4167 2340 4223 cularis
2368 4166 2543 4221 fastus
2574 4173 2665 4220 aut
2694 4165 2971 4236 supercilii
3003 4173 3221 4221 tenuem
3268 4167 3429 4221 habet
3465 4166 3735 4221 umbram.

2137 4256 2553 4327 Supplicantes,
2592 4253 2645 4307 id
2680 4253 2948 4325 significat
3005 4255 3150 4325 apud
3178 4270 3278 4308 nos
3329 4254 3733 4309 inclinationem

2138 4343 2408 4414 corporis,
2444 4357 2553 4413 qua
2586 4341 2940 4397 salutationes
2967 4342 3215 4410 facimus,
3240 4342 3349 4397 imo
3371 4358 3437 4397 ea
3465 4342 3661 4396 utimur
3684 4341 3738 4394 in

503 4430 639 4485 Ibid.
674 4431 793 4485 Non
824 4429 977 4485 enim
1006 4430 1285 4500 gyrovagi,
1308 4436 1434 4496 etc.,
1461 4430 1546 4485 vel
1565 4445 1817 4500 personae
1841 4430 2020 4495 latiore,
2066 4411 2111 4471 Ο
2144 4411 2375 4487 ecclesia
2401 4411 2521 4485 loco
2542 4429 2959 4502 genuﬂexionis.
2984 4431 3340 4498 Osculamur;
3363 4430 3489 4485 inde
3512 4430 3736 4485 evidens

438 4527 565 4588 etc.,
616 4521 1051 4585 consueverunt,
1086 4526 1187 4573 etc.
1220 4517 1343 4572 Non
1372 4517 1617 4571 absolute
1658 4518 1853 4571 dicitur
1884 4517 2026 4587 quod

441 4607 563 4663 laici
589 4606 655 4661 ad
686 4607 801 4675 ejus
832 4621 1076 4661 mensam
1106 4622 1335 4675 prorsus
1378 4621 1487 4659 non
1518 4606 1896 4675 suscipiantur,
1932 4604 2029 4659 sed

440 4704 647 4752 tantum
678 4695 872 4750 dicitur
901 4695 1045 4766 quod
1077 4710 1185 4749 non
1216 4694 1283 4747 sit
1313 4702 1630 4749 consuetum
1665 4709 1761 4747 eos
1784 4694 1856 4747 ibi
1888 4693 2030 4749 reci-

437 4801 588 4857 pere,
623 4784 760 4840 sicut
806 4783 1142 4853 recipiuntur
1181 4783 1271 4836 alii
1302 4783 1393 4852 qui
1421 4783 1476 4835 in
1530 4781 1788 4853 religioso
1846 4782 2030 4836 habitu

439 4882 563 4929 sunt
581 4873 874 4940 constituti,
891 4872 978 4943 qui
998 4871 1178 4927 cuncti
1198 4870 1582 4940 suscipiuntur,
1608 4870 1732 4925 laici
1750 4867 1883 4925 vero
1899 4887 2025 4936 non,

437 4963 541 5018 nisi
570 4963 714 5017 illius
742 4960 1018 5033 qualitatis
1050 4960 1157 5014 sint
1188 4960 1272 5014 cui
1295 4958 1349 5013 id
1381 4959 1572 5030 negari
1603 4974 1710 5013 non
1749 4960 1942 5028 possit,
1980 4967 2032 5014 et

436 5052 491 5105 in
520 5053 620 5107 hoc
650 5050 901 5106 convenit
934 5065 1126 5103 sensus
1156 5049 1220 5102 R.
1255 5049 1318 5101 Ρ.
1355 5046 1624 5119 Guigonis
1671 5062 1790 5102 cum
1823 5048 2032 5102 moder-

436 5140 521 5194 nis
576 5139 783 5193 statutis
831 5138 922 5193 ubi
971 5138 1185 5202 dicitur,
1246 5153 1365 5206 cap.
1404 5140 1454 5193 3.
1516 5152 1553 5188 lt
1600 5143 1763 5205 part.,
1815 5153 1868 5189 n.
1904 5140 1963 5190 31
2014 5153 2027 5189 :

440 5228 605 5283 Prior
639 5228 702 5282 in
723 5228 881 5282 domo
930 5243 1033 5281 sua
1075 5241 1204 5281 cum
1256 5223 1565 5295 hospitibus
1604 5223 2030 5280 advenientibus

434 5333 551 5373 non
568 5316 725 5372 debet
740 5316 954 5387 passim
975 5318 1032 5369 et
1046 5314 1441 5384 indifferenter
1456 5312 1758 5376 comedere,
1781 5312 1877 5367 sed
1897 5318 2025 5369 tan-

441 5410 565 5461 tum
604 5421 733 5460 cum
772 5403 1019 5458 honestis
1042 5404 1297 5474 personis
1344 5404 1401 5456 et
1450 5402 1678 5468 talibus,
1704 5401 1897 5473 quibus
1925 5401 2025 5457 hoc

439 5494 720 5550 commode
738 5492 937 5563 negari
950 5507 1066 5546 non
1094 5492 1333 5560 poterit;
1352 5493 1408 5544 et
1440 5492 1577 5545 tunc
1599 5490 1775 5544 etiam
1814 5494 2025 5561 quanto

437 5581 643 5647 rarius,
672 5583 835 5637 tanto
853 5579 1077 5636 melius.
1092 5578 1420 5650 Temporum
1442 5577 1600 5633 etiam
1622 5577 1815 5634 rationi
1846 5594 1910 5634 ex
1934 5577 2029 5634 ali-

2144 4528 2224 4574 est
2282 4520 2427 4589 quod
2475 4517 2647 4572 forma
2702 4518 2969 4573 salutandi
3000 4518 3051 4571 in
3110 4518 3297 4574 osculo
3337 4526 3545 4584 sancto,
3580 4524 3736 4588 prout

2142 4608 2270 4663 dicit
2296 4606 2606 4677 Apostolus,
2641 4606 2783 4676 apud
2813 4623 2913 4661 nos
2946 4623 3163 4677 semper
3193 4606 3349 4661 fuerit
3382 4607 3436 4660 in
3467 4623 3606 4672 usu;
3641 4604 3735 4659 sed

2141 4697 2245 4751 hac
2273 4695 2446 4749 forma
2502 4693 2775 4749 salutandi
2829 4695 3087 4750 utendum
3135 4703 3341 4750 tantum
3390 4702 3492 4761 est,
3553 4693 3735 4747 habita

2141 4785 2348 4840 ratione
2370 4797 2730 4854 personarum
2760 4792 2813 4839 et
2842 4784 3122 4852 decentiae,
3155 4792 3461 4855 temporum
3478 4792 3530 4837 et
3551 4782 3735 4854 regio-

2141 4890 2269 4927 num
2284 4916 2296 4929 .

2201 4964 2362 5018 Num.
2396 4966 2448 5018 4.
2480 4964 2544 5017 1η
2574 4962 2859 5033 superiori
2884 4967 3077 5017 autem
3132 4962 3289 5018 domo
3320 4959 3555 5016 nonnisi
3582 4960 3728 5014 reli—

2131 5052 2291 5118 giosi,
2327 5061 2428 5107 etc.
2490 5051 2568 5104 Ibi
2626 5066 2757 5121 ergo
2817 5058 3022 5103 tantum
3077 5034 3487 5120 pernoctabant,
3525 5047 3615 5118 qui
3656 5046 3727 5101 ad

2130 5155 2377 5193 mensam
2406 5156 2435 5193 a
2465 5140 2649 5210 priore
2704 5138 2977 5192 debebant
3008 5138 3230 5208 suscipi,
3262 5138 3316 5191 in
3371 5137 3591 5192 chorum
3642 5132 3747 5187 in-'

2132 5228 2307 5299 gredi,
2358 5236 2411 5283 et
2456 5228 2524 5281 ad
2583 5226 2912 5297 colloquium
2970 5226 3179 5280 admitti
3228 5242 3351 5281 cum
3402 5223 3725 5287 monachis;

2126 5331 2251 5369 nam
2276 5317 2433 5369 simul
2462 5316 2565 5370 ista
2595 5314 2852 5387 conjungi
2882 5315 3125 5370 videmus
3155 5332 3220 5370 ex
3259 5316 3363 5370 hoc
3403 5314 3524 5368 loco
3571 5319 3622 5367 et
3662 5327 3729 5365 ex

2127 5404 2366 5475 capitulo
2395 5404 2627 5460 decimo.

2198 5494 2364 5548 Porro
2394 5500 2563 5548 totum
2612 5494 2715 5549 hoc
2773 5492 3065 5563 capitulum
3121 5491 3356 5547 refertur
3400 5489 3456 5544 in
3486 5486 3726 5559 antiquis

2127 5580 2339 5635 statutis
2368 5589 2509 5651 part.
2545 5596 2605 5649 ιι,
2638 5597 2756 5652 cap.
2792 5585 2843 5648 9,
2877 5597 2971 5635 nn.
3005 5584 3094 5651 27,
3130 5584 3180 5648 3,
3215 5584 3248 5638 2
3280 5587 3330 5635 et
3350 5582 3439 5637 28.
