3978 6050
1616 212 2218 269 CONSUETUDINES.

1435 337 1966 392 CAPITULUM
2031 337 2413 391 XXXVII.

1556 438 1630 491 De
1679 435 1975 490 tractando
2026 434 2282 489 consilio.

347 528 395 579 1.
433 526 488 580 Si
521 526 649 598 quid
682 525 845 598 igitur
865 542 1121 598 magnum
1153 528 1238 583 vcl
1268 543 1437 600 grave
1466 529 1806 584 tractandum
1835 530 2015 594 fuerit,
2046 529 2194 600 prior
2233 544 2423 584 omnes
2453 528 2507 581 in
2537 544 2704 582 unum
2761 530 3054 584 monachos
3099 529 3337 599 praecipit
3370 544 3575 586 conve-

270 619 409 675 nire.
445 620 629 692 Ibique
658 636 780 677 cum
811 637 1001 677 omnes
1032 622 1159 693 quid
1192 623 1422 677 sentiant
1470 623 1641 678 libere
1688 623 2176 695 pronuntiaverint,
2221 625 2365 696 quod
2396 625 2590 681 melius
2630 626 2939 698 rectiusque
2970 626 3264 691 existimat,
3313 627 3430 681 sine
3474 626 3582 681 ulla

271 732 625 786 personarum
657 719 991 790 acceptione,
1043 720 1374 791 exsequitur.

344 815 398 867 2.
434 814 500 867 Et
528 814 632 869 hoc
661 815 885 870 omnino
916 822 1169 887 tanquam
1194 816 1536 871 utilissimum
1569 816 2040 888 rectissimumque
2075 826 2345 884 servatur,
2381 826 2438 872 ut
2488 833 2647 873 nemo
2696 817 2782 873 vel
2826 818 3065 884 alterius,
3100 818 3185 873 vel
3237 835 3389 873 suam
3445 835 3580 874 con-

275 909 507 965 tentiose
538 920 828 981 praesumat
851 912 1139 968 defensare
1164 913 1520 979 sententiam;
1551 930 1618 968 ne
1640 914 1864 982 bonum,
1896 915 2041 984 quod
2064 915 2207 981 absit
2234 915 2245 969 ι
2284 915 2495 970 consilii
2514 916 2569 969 in
2592 916 2923 971 discordiam
2946 916 3294 988 furoremque
3316 925 3577 973 vertatur.

344 1013 397 1063 3.
429 1010 489 1063 In
515 1009 811 1066 levioribus
833 1029 960 1069 vero
983 1017 1146 1068 rebus
1185 1022 1239 1069 et
1269 1015 1443 1085 magis
1472 1015 1744 1071 consuetis
1778 1032 1876 1070 suo
1916 1022 2121 1070 tantum
2144 1021 2196 1067 et
2230 1012 2581 1067 maturiorum
2614 1022 2694 1067 est
2732 1021 3015 1069 contentus
3046 1014 3292 1070 consilio.

345 1108 397 1160 4.
432 1106 534 1174 Qui
564 1124 631 1163 ne
660 1108 795 1163 forte
826 1110 1205 1180 temporalium
1234 1126 1363 1165 cura
1385 1128 1585 1178 rerum,
1620 1127 1684 1168 ac
1714 1111 2075 1167 sollicitudine
2104 1117 2495 1181 praegravatus,
2546 1110 2913 1179 spiritualibus
2946 1110 3123 1164 minus
3180 1110 3351 1181 possit
3397 1110 3577 1167 inten-

268 1203 423 1271 dere,
456 1204 593 1261 tales
610 1205 839 1278 singulis
869 1207 1193 1264 obedientiis
1216 1207 1405 1264 fratres
1425 1208 1626 1281 satagit
1657 1209 1938 1280 deputare,
1971 1222 2199 1279 quorum
2222 1221 2317 1260 eas
2348 1204 2476 1260 fidei
2516 1221 2707 1262 secure
2756 1206 2930 1262 valeat
2983 1207 3224 1263 credere.

1427 1346 1961 1403 CAPITULUM
2013 1345 2439 1400 XXXVIII.

1604 1446 1681 1499 De
1710 1461 1851 1500 cura
1896 1444 2277 1513 inﬁrmorum.

195 290 205 297 .
275 214 376 267 713
1616 214 2218 269 CONSUETUDINES.
3465 214 3569 269 ’714

346 1559 395 1611 1.
431 1556 534 1625 Qui
564 1573 686 1613 cum
717 1572 853 1631 erga
873 1573 1083 1626 omnes,
1120 1558 1395 1629 praecipue
1442 1575 1570 1631 erga
1617 1560 1861 1616 infirmos
1891 1575 1956 1614 ac
1993 1558 2203 1613 debiles
2230 1566 2391 1629 atque
2448 1558 2502 1611 in
2550 1558 2933 1613 tentationibus
2989 1559 3213 1631 positos,
3268 1564 3574 1632 sollicitum,

270 1654 569 1725 benignum
600 1662 762 1726 atque
778 1654 1189 1710 misericordem
1214 1656 1418 1710 debere
1449 1672 1508 1711 se
1538 1656 1749 1712 noverit
1778 1655 2012 1711 existere
2046 1670 2058 1709 :
2090 1656 2211 1710 Non
2244 1656 2416 1721 enim,
2444 1655 2742 1709 secundum
2779 1656 3103 1710 sententiam
3152 1658 3387 1729 Domini,
3419 1662 3578 1717 sani:

271 1756 357 1808 est
385 1768 521 1824 Opus
538 1752 1083 1817 medicus,sedmale
1115 1752 1446 1808 habentibus
1462 1753 1682 1824 (Matth.
1718 1767 1796 1818 ιχ,
1826 1755 1913 1823 12)
1949 1752 2077 1823 :qui
2106 1760 2286 1807 tamen
2315 1761 2368 1807 et
2396 1753 2500 1823 ipsi
2531 1752 2828 1807 secundum
2868 1755 2926 1807 B.
2978 1756 3253 1812 Benedicti
3295 1759 3458 1827 dicta,
3507 1776 3577 1815 ne

271 1846 545 1917 superflua
574 1845 661 1901 vel
692 1846 1046 1917 impossibilia
1076 1848 1330 1918 petendo,
1356 1848 1441 1902 vel
1462 1848 1599 1902 forte
1629 1847 2021 1902 murmurando
2069 1847 2368 1903 servientes
2408 1848 2511 1902 sibi
2542 1848 2876 1915 contristent,
2910 1850 3221 1922 diligentius
3270 1855 3577 1909 admonen-

270 1949 358 1996 tur
375 1941 674 2007 attendere,
700 1951 752 1997 et
779 1950 836 1997 ut
864 1958 1137 1998 memores
1168 1942 1375 2013 arrepti
1401 1943 1682 2014 propositi,
1716 1951 1772 1998 ut
1803 1959 1965 1999 sanos
1985 1959 2015 1997 a
2036 1944 2203 2009 sanis,
2237 1944 2311 1999 ita
2343 1952 2581 2017 aegrotos
2616 1946 2682 1999 ab
2709 1946 2933 2018 aegrotis
2970 1948 3325 2003 saecularibus
3372 1950 3577 2006 debere

272 2040 512 2112 COgitent
539 2040 871 2111 discrepare,
906 2056 1007 2096 nec
1026 2040 1117 2094 illa
1138 2040 1193 2094 in
1224 2041 1442 2108 cremis,
1478 2058 1597 2111 qua:
1627 2041 1715 2097 vix
1745 2043 1799 2095 in
1830 2042 2053 2096 urbibus
2082 2042 2440 2107 inveniantur,
2490 2057 2803 2113 exposcere.

345 2141 397 2193 2.
432 2137 525 2191 Isti
552 2136 717 2208 igitur
747 2136 945 2192 Christi
972 2137 1276 2208 passiones,
1300 2137 1375 2191 illi
1414 2138 1712 2192 suadentur
1767 2138 2049 2193 attendere
2094 2136 2491 2192 miserationes.
2527 2138 2663 2192 Hinc
2699 2138 2785 2192 isti
2832 2138 2997 2194 fortes
3027 2140 3093 2193 ad
3141 2140 3442 2207 ferendum,
3498 2142 3577 2197 illi

271 2233 509 2304 prompti
538 2232 608 2287 ad
634 2232 1063 2287 subveniendum
1095 2250 1109 2297 ;
1146 2232 1383 2303 dumque
1422 2240 1645 2303 propter
1677 2233 1949 2289 Christum
1995 2242 2045 2289 et
2064 2233 2153 2288 isti
2182 2232 2286 2287 sibi
2340 2232 2549 2302 serviri,
2585 2242 2637 2289 et
2667 2234 2746 2288 illi
2804 2234 3011 2291 servire
3053 2237 3417 2306 considerant,
3476 2254 3580 2295 nec

271 2329 363 2384 isti
382 2330 722 2400 superbiunt,
754 2345 856 2384 nec
883 2329 961 2383 illi
991 2328 1267 2395 deficiunt,
1300 2329 1366 2384 ab
1389 2330 1579 2385 eodem
1602 2330 1814 2402 utrique
1845 2330 2077 2386 Domino
2116 2330 2428 2385 mercedem
2468 2330 2549 2386 sui
2580 2331 2956 2401 praestolantes
2985 2331 3167 2400 oﬂicii,
3198 2333 3287 2389 isti
3313 2335 3577 2405 patiendi,

272 2425 352 2480 illi
375 2425 691 2482 miserendi.

1671 2497 2243 2555 COMMENTARIUS.

348 2612 481 2667 CAP.
516 2612 801 2667 XXXVII.
839 2640 909 2652 —-
942 2612 1059 2667 Hoc
1115 2611 1406 2682 capitulum
1436 2619 1607 2667 totum
1653 2611 1955 2675 referturA
1983 2614 2082 2669 Hic
2103 2622 2327 2684 apparet
2361 2612 2537 2677 forma
2562 2615 2930 2683 humanitatis,
2987 2616 3331 2672 discretionis
3360 2626 3413 2673 et
3442 2620 3577 2675 cha-

273 2701 331 2755 in
361 2700 594 2771 antiquis
641 2699 853 2755 statutis
912 2715 951 2754 n
1006 2707 1172 2771 part.,
1219 2714 1341 2770 cap.
1371 2703 1423 2765 7,
1456 2716 1509 2753 n.
1539 2704 1587 2765 1,
1623 2708 1674 2755 et
1704 2701 1881 2756 adhuc
1982 2702 2166 2767 ritatis,
2205 2718 2326 2773 qua:
2373 2704 2530 2771 juxta
2584 2718 2805 2758 casuum
2851 2702 3206 2775 indigentiam
3252 2720 3285 2760 a
3312 2706 3581 2776 prioribus

274 2788 609 2844 enucleatius
646 2788 965 2858 exprimitur
997 2788 1052 2842 in
1080 2787 1363 2843 modernis
1420 2788 1658 2842 statutis.

346 2877 428 2931 Ex
457 2878 563 2931 hoc
605 2883 786 2930 autem
833 2876 1067 2945 capitulo
1116 2883 1341 2945 apparet
1387 2876 1534 2946 quod
1586 2876 1879 2946 antiquitus

275 2964 424 3035 apud
453 2980 572 3030 nos,
606 2963 756 3018 nulla
784 2963 969 3018 habita
997 2980 1171 3018 rerum
1192 2964 1537 3018 distinctione
1561 2979 1661 3019 nec
1683 2962 1880 3017 suffra-

276 3054 493 3125 giorum
522 3052 840 3123 quantitate,
866 3067 986 3107 cum
1005 3066 1197 3107 omnes
1224 3051 1398 3106 libere
1436 3052 1880 3121 pronuntiassent

278 3141 410 3211 quid
441 3140 718 3205 sentirent,
754 3139 903 3210 prior
934 3140 1080 3211 quod
1110 3140 1309 3194 melius
1348 3139 1655 3210 rectiusque
1691 3139 1878 3193 existi-

277 3229 484 3294 mabat,
518 3228 635 3283 sine
680 3243 1041 3298 personarum
1073 3227 1411 3297 acceptione,
1452 3228 1875 3297 exsequebatur.

275 3318 564 3373 Rationem
594 3317 778 3371 subdit
806 3317 871 3371 R.
905 3317 964 3370 Ρ.
999 3316 1177 3386 Guigo
1208 3331 1306 3370 cur
1336 3331 1423 3370 res
1444 3315 1517 3369 ita
1546 3316 1612 3367 ab
1648 3314 1727 3369 eis
1774 3314 1877 3369 ob-

274 3414 601 3461 servaretur.
644 3405 752 3460 Sed
782 3404 910 3476 quia
932 3404 1021 3473 jus
1049 3403 1478 3459 ecclesiasticum
1508 3402 1663 3473 plura
1682 3401 1878 3457 deinde

274 3493 506 3549 instituit
534 3494 676 3549 circa
703 3492 1031 3548 novitiorum
1060 3491 1423 3562 receptionem
1457 3490 1627 3545 etalia
1658 3490 1873 3555 similia,

279 3599 405 3653 quae
440 3582 737 3637 observare
760 3581 898 3637 ordo
945 3579 1151 3647 debuit,
1204 3580 1329 3634 inde
1362 3578 1557 3634 factum
1588 3586 1670 3633 est
1716 3587 1773 3632 ut
1824 3578 1879 3631 in

277 3671 496 3725 statutis
524 3670 708 3741 aliqua
735 3669 917 3723 addita
959 3668 1173 3733 fuerint,
1237 3684 1358 3738 quae
1398 3667 1452 3721 in
1501 3667 1664 3722 certis
1716 3666 1877 3721 rebus

275 3759 517 3829 priorem
548 3758 616 3813 ad
663 3756 977 3827 accipienda
1024 3774 1090 3811 ex
1127 3756 1450 3811 necessitate
1497 3763 1550 3810 et
1597 3754 1879 3826 sequenda

278 3846 543 3919 suffragia
567 3846 958 3901 monachorum
988 3844 1232 3916 adigunt.

348 3936 512 3990 Num.
531 3936 583 3988 4.
602 3934 791 4001 Quine
805 3937 952 4005 forte
966 3932 1362 4003 temporalium
1379 3948 1517 3987 cura
1529 3947 1742 3995 rerum,
1761 3933 1869 3985 etc.
1893 3958 1945 4017 B

275 4023 411 4079 Inde
438 4022 662 4078 evidens
696 4029 778 4076 est
808 4021 951 4093 quod
986 4035 1116 4075 cura
1148 4020 1520 4089 temporalium
1557 4026 1685 4074 tunc
1726 4026 1867 4073 tem-

273 4111 427 4183 poris
456 4110 758 4181 pertinebat
786 4110 855 4164 ad
900 4110 1157 4179 priorem,
1193 4107 1285 4179 qui
1323 4108 1447 4163 ideo
1474 4115 1726 4162 monetur
1752 4106 1869 4160 sin-

273 4200 421 4273 gulis
451 4196 792 4266 obedientiis,
826 4197 881 4251 id
910 4204 994 4252 est
1022 4195 1289 4267 coquinae,
1313 4202 1482 4265 portae
1502 4195 1699 4265 pontis,
1727 4194 1872 4265 agri-

274 4288 524 4352 culturae,
559 4294 688 4352 etc.,
751 4294 810 4340 ut
856 4301 922 4341 ex
978 4284 1115 4339 infra
1171 4284 1417 4339 dicendis
1470 4282 1691 4354 patebit,
1740 4282 1872 4336 tales

277 4376 481 4432 fratres
500 4390 836 4445 praeponere,
871 4389 936 4429 ex
958 4372 1491 4444 quorumsedulitate
1522 4379 1572 4426 et
1603 4369 1873 4425 industria

276 4472 467 4536 posset
496 4463 639 4517 illius
659 4461 968 4517 sollicitudo
998 4460 1167 4515 minui
1192 4467 1245 4515 et
1279 4459 1593 4530 temperari.
1630 4460 1707 4512 Ex
1738 4457 1873 4511 anti-

279 4553 405 4624 quis
423 4550 630 4606 statutis
652 4550 705 4604 id
734 4550 990 4621 liquidius
1018 4549 1305 4617 constabit,
1339 4556 1394 4603 et
1421 4548 1566 4619 quod
1596 4553 1868 4616 computa,

274 4641 334 4696 id
354 4648 435 4695 est
462 4639 702 4693 rationes
730 4645 1069 4707 receptorum
1105 4652 1487 4708 expensorum,
1548 4635 1665 4705 ipse
1721 4634 1874 4705 prior

274 4728 544 4784 scriberet
573 4735 627 4781 et
666 4726 947 4781 redderet.

351 4818 432 4872 Ex
463 4818 566 4871 hoc
594 4822 769 4869 autem
801 4814 922 4869 loco
951 4814 1036 4869 via
1084 4812 1323 4883 aperitur
1351 4811 1420 4866 ad
1467 4818 1614 4866 recte
1674 4809 1875 4865 intelli-

278 4904 521 4978 gendum
548 4903 680 4973 quid
711 4901 815 4956 sibi
836 4901 1001 4957 velint
1039 4908 1239 4955 statuta
1278 4900 1501 4970 antiqua
1544 4906 1594 4953 et
1647 4897 1878 4967 capitula

276 4992 576 5065 generalia,
610 4989 825 5061 quando
855 4988 1181 5045 ofﬁcialibus
1220 5003 1544 5043 succensere
1601 4986 1873 5041 videntur.

276 5082 403 5136 Non
425 5080 493 5135 de
522 5077 735 5133 clericis
771 5077 886 5132 sive
917 5076 1194 5132 monachis
1224 5076 1423 5147 agitur,
1457 5091 1487 5129 e
1518 5088 1746 5145 quorum
1774 5089 1879 5126 nu-

284 5184 441 5223 mero
470 5166 851 5222 assumebatur
878 5173 1086 5219 tantum
1116 5182 1256 5219 unus
1284 5171 1625 5234 procurator,
1650 5161 1884 5232 quinun-

1980 2790 2123 2860 apud
2158 2805 2257 2845 nos
2282 2806 2499 2860 semper
2519 2791 2679 2845 debet
2709 2791 2934 2855 servari,
2967 2792 3200 2847 maxime
3229 2808 3366 2866 erga
3398 2810 3579 2863 aegro-

1979 2885 2083 2943 tos,
2119 2886 2171 2932 et
2217 2878 2271 2931 id
2320 2879 2510 2932 suadet
2554 2879 2710 2933 ratio.
2744 2879 2874 2932 Cum
2928 2879 3073 2933 enim
3121 2881 3397 2935 solitarius
3443 2896 3581 2951 opus

1978 2965 2177 3020 habeat
2205 2966 2561 3035 occupatione
2592 2974 2703 3019 tum
2732 2966 2999 3035 spirituali
3047 2974 3159 3021 tum
3205 2968 3480 3038 corporali
3510 2969 3580 3023 ad

1978 3060 2191 3122 tempus
2219 3053 2421 3107 utiliter
2459 3052 2513 3105 in
2557 3053 2847 3107 solitudine
2905 3054 3339 3125 transigendum,
3375 3064 3427 3109 et
3455 3055 3580 3110 ideo

1978 3140 2180 3209 seipso,
2213 3148 2271 3193 ut
2290 3140 2362 3193 ita
2390 3140 2603 3210 loquar,
2631 3140 2706 3193 uti
2725 3140 2941 3205 debeat,
2988 3140 3151 3211 idque
3172 3149 3433 3211 praestare
3466 3157 3577 3196 non

1977 3227 2138 3296 plene
2168 3227 2345 3281 valeat
2365 3227 2492 3280 dum
2522 3234 2749 3298 aegrotat
2782 3245 2795 3280 ε
2830 3235 2959 3283 tunc
2988 3244 3123 3299 ergo
3164 3244 3263 3297 per
3291 3229 3582 3299 providen-

1978 3315 2101 3368 tiam
2136 3314 2465 3384 pastoralem
2499 3314 2698 3384 prioris
2743 3314 2798 3367 id
2828 3315 2990 3368 debet
3034 3316 3290 3385 supplcri,
3341 3324 3445 3370 tam
3480 3332 3581 3386 per

1980 3418 2040 3456 se
2067 3417 2229 3472 quam
2258 3401 2522 3471 peralios.
2549 3400 2652 3469 Qui
2674 3401 2719 3454 si
2749 3401 2802 3453 in
2847 3401 2966 3454 aliis
2998 3402 3162 3456 debet
3189 3419 3355 3474 agere
3386 3411 3441 3457 ut
3472 3418 3579 3473 pa-

1977 3497 2077 3558 ter,
2110 3489 2165 3542 in
2194 3489 2409 3543 casibus
2433 3489 2525 3543 hic
2572 3488 2845 3558 expressis
2873 3504 2932 3543 se
2963 3505 3158 3560 gerere
3188 3490 3349 3545 debet
3378 3498 3435 3544 ut
3463 3505 3580 3545 ma-

1978 3585 2077 3644 ter,
2105 3584 2157 3631 et
2185 3576 2337 3630 factis
2366 3576 2604 3647 probare
2633 3576 2777 3646 quod
2803 3620 2815 3640 ,
2876 3576 2921 3629 si
2979 3575 3102 3631 coeli
3150 3576 3339 3631 stellas
3392 3584 3580 3647 posset

1976 3664 2249 3719 advehere
2279 3664 2349 3717 ad
2379 3664 2637 3717 auxilium
2667 3663 3036 3732 praestandum
3056 3661 3251 3719 afﬂicto
3283 3672 3491 3736 aegroto
3521 3664 3577 3718 in

1976 3751 2118 3807 lecto
2141 3750 2365 3820 jacenti,
2398 3751 2451 3804 id
2481 3750 2836 3806 libentissime
2858 3750 3078 3806 faceret.
3104 3752 3246 3806 Ecce
3286 3752 3460 3822 qualis
3480 3751 3577 3807 de-

1976 3840 2066 3894 bet
2096 3856 2220 3894 esse
2260 3838 2488 3894 affectus
2532 3839 2808 3893 charitatis
2837 3839 2892 3892 in
2930 3838 3131 3909 priore,
3167 3848 3217 3893 et
3255 3839 3384 3909 quid
3414 3839 3482 3892 ab
3509 3854 3575 3894 eo

1977 3927 2205 3998 requirit
2236 3927 2282 3981 R
2314 3928 2371 3980 P.
2407 3926 2607 3998 Guigo,
2646 3927 2737 3996 qui
2770 3926 2883 3981 fcre
2930 3926 3177 3982 oblivisci
3233 3927 3448 3981 videtur
3472 3942 3573 3981 au-

1975 4015 2230 4070 steritatis
2252 4015 2642 4083 Carthusianze,
2665 4015 2795 4067 dum
2826 4015 2893 4068 de
2914 4012 3250 4068 infirmorum
3280 4030 3415 4069 cura
3444 4014 3571 4085 agi-

1971 4111 2080 4157 tur.
2125 4103 2231 4157 Sed
2264 4110 2375 4156 tum
2420 4102 2537 4170 ipse
2567 4101 2713 4171 prior
2740 4109 2853 4154 tum
2896 4110 3135 4172 aegrotus
3178 4101 3422 4155 subditus
3469 4102 3572 4157 de-

1973 4191 2101 4245 bent
2142 4205 2359 4259 semper
2381 4190 2580 4257 arrepti
2607 4204 2637 4241 a
2680 4188 2838 4242 nobis
2868 4188 3130 4257 pr0positi
3170 4188 3434 4242 rationem
3465 4189 3570 4242 ha-

1972 4279 2105 4333 bere
2136 4287 2233 4332 eta
2264 4276 2476 4331 virtutis
2516 4275 2715 4330 Christi
2741 4274 2899 4345 praxi
2927 4290 3201 4346 nunquam
3232 4276 3515 4331 discedere
3548 4293 3564 4344 ;

1974 4366 2118 4437 quod
2138 4366 2339 4435 optime
2381 4363 2561 4418 statim
2597 4362 2826 4432 explicat

2045 4454 2181 4507 Ibid.
2220 4454 2323 4520 Qui
2354 4455 2543 4506 tamen
2596 4456 2650 4505 et
2682 4451 2810 4522 ipsi,
2844 4456 2948 4505 etc.
2999 4449 3098 4505 Hic
3126 4449 3325 4506 blande
3364 4449 3571 4505 inducit

1972 4549 2209 4613 aegrotos
2241 4540 2309 4594 ad
2340 4540 2589 4611 quendam
2616 4538 2855 4602 vitanda,
2890 4553 3087 4607 nempe
3113 4547 3171 4592 ut
3226 4540 3496 4609 superﬂua
3517 4545 3573 4592 et

1972 4628 2328 4699 impossibilia
2383 4643 2492 4682 non
2546 4634 2749 4697 petant,
2800 4642 2899 4680 nec
2967 4628 3356 4681 murmurando
3445 4642 3569 4681 ser-

1976 4717 2182 4772 vientes
2232 4716 2334 4770 sibi
2379 4715 2715 4779 contristent,
2748 4722 2804 4768 ut
2860 4714 2949 4767 illa
2998 4714 3219 4769 demum
3265 4715 3318 4767 in
3368 4714 3565 4769 eremis

1975 4821 2084 4860 non
2113 4812 2429 4874 exposcant,
2454 4820 2575 4874 qua;
2606 4802 2692 4857 vix
2720 4802 2775 4855 in
2831 4802 3056 4855 urbibus
3088 4802 3426 4871 reperiuntur
3456 4820 3470 4867 ;
3495 4801 3567 4856 ad

1978 4909 2137 4963 quem
2168 4892 2330 4947 ﬁnem
2362 4891 2467 4944 illis
2496 4891 2661 4944 utitur
2684 4890 2862 4944 verbis
2886 4907 2901 4955 ;
2925 4895 2991 4944 ut
3033 4905 3198 4945 sanos
3218 4906 3252 4943 a
3272 4890 3447 4957 sanis,
3484 4892 3569 4945 ita

1979 4984 2211 5050 wgrotos
2233 4980 2301 5035 ab
2321 4979 2544 5049 aegrotis
2593 4978 2958 5033 saecularibus
3004 4978 3323 5047 discrepare
3372 4978 3568 5033 debere

1980 5070 2246 5139 cogitent.
2281 5067 2411 5121 Inde
2440 5066 2664 5120 evidens
2699 5073 2781 5118 est
2812 5072 3071 5135 quantum
3096 5065 3259 5118 distet
3311 5080 3464 5119 mens
3504 5064 3569 5120 R.

1983 5155 2149 5210 Patris
2179 5154 2446 5226 Guigonis
2473 5171 2503 5207 a
2525 5170 2688 5208 sensu
2711 5153 2925 5207 illorum
2958 5152 3050 5222 qui
3094 5152 3293 5206 vellent
3322 5154 3439 5221 ejus
3470 5168 3571 5207 au-

279 5272 447 5329 quam
479 5254 741 5310 terminos
771 5252 1174 5324 egrediebatur,
1210 5253 1307 5307 sed
1332 5252 1399 5306 de
1429 5250 1724 5312 conversis,
1788 5247 1882 5318 qui
1904 5308 1947 5329 n
1982 5244 2225 5299 ctoritate
2247 5242 2322 5296 uti
2337 5242 2405 5295 ad
2433 5241 2775 5311 probandum
2805 5240 3001 5293 durum
3047 5247 3100 5292 et
3130 5240 3286 5309 quasi
3356 5240 3571 5294 inﬂexi-

278 5308 316 5400 εἶ
332 5345 594 5415 primmvo
625 5341 885 5409 instituto,
924 5348 978 5395 ut
998 5341 1053 5394 in
1100 5341 1218 5394 istis
1256 5338 1737 5395 consuetudinibus
1792 5335 1879 5390 vi-
1903 5308 1948 5364 Ο
1978 5333 2141 5386 bilem
2162 5331 2381 5386 modum
2404 5330 2621 5401 agendi,
2652 5329 2809 5383 etiam
2838 5328 2977 5383 circa
3000 5328 3294 5382 monachos
3315 5335 3568 5397 aegrotos,

280 5432 517 5499 debitur,
552 5430 697 5484 foras
727 5445 793 5483 ex
810 5429 1134 5484 necessitate
1152 5427 1590 5501 egrediebantur.

355 5520 489 5574 CAP.
514 5516 906 5572 XXXVIII.-—
941 5517 1106 5571 Num.
1138 5519 1188 5572 1.
1216 5516 1470 5583 Quicum
1499 5528 1633 5584 erga
1660 5525 1871 5568 omnes.

498 5616 737 5669 ΡΛτῐιοι..
779 5613 959 5667 CLIII.

1977 5436 2099 5475 esse
2156 5419 2501 5474 servandum.
2538 5418 2652 5471 Hoc
2709 5416 2852 5470 enim
2912 5412 3572 5484 semperaCarthusiano

1977 5508 2167 5579 spiritu
2198 5515 2250 5562 et
2286 5523 2389 5561 usu
2419 5504 2656 5561 alienum
2711 5503 2828 5559 fuit.
2890 5504 3057 5559 Porro
3088 5501 3219 5557 nihil
3268 5500 3574 5571 religiosius

3295 5600 3363 5651 23
