3978 6050
482 173 586 226 715

1330 163 1671 221 GUIGONIS
1710 164 1732 216 Ι
1770 159 2179 218 ΟΑΒΤΗΗΞΙᾸΞ
2220 155 2508 214 MAJORIS
2549 156 2824 213 PRIORIS
2864 158 2926 212 V.

3668 153 3781 206 716

552 298 605 348 3.
628 294 863 364 Propter
893 292 993 347 hos
1019 289 1187 357 solos,
1212 287 1259 343 si
1287 295 1429 343 tanta
1461 285 1617 341 fuerit
1645 283 1926 356 aegritudo,
1950 282 2131 354 pisces
2160 297 2342 338 emere
2374 281 2630 338 solemus.

1756 425 2149 481 CAPITULUM
2188 424 2450 479 XXXIX.

1879 542 1953 595 De
2009 542 2327 595 minutione

551 647 602 698 1.
636 638 916 696 Medicinis
946 646 1143 708 autem,
1176 646 1402 709 excepto
1432 638 1671 694 cauterio
1702 646 1755 693 et
1784 636 2065 708 sanguinis
2096 636 2410 701 minutione,
2444 650 2663 706 perraro
2702 634 2927 689 utimur.
2966 629 3257 687 Minuimur
3298 636 3475 684 autem
3506 627 3558 682 in
3617 642 3768 683 anno

478 740 787 812 quinquies.
821 739 943 791 Post
977 736 1213 792 Octavas
1236 737 1473 801 Paschae,
1506 743 1630 806 post
1651 734 2050 789 solemnitatem
2070 732 2438 804 apostolorum
2467 732 2606 787 Petri
2624 740 2676 787 et
2708 730 2873 797 Pauli,
2907 726 3501 785 sccundahebdomada
3517 725 3770 795 Septem-

475 839 604 902 bris,
638 835 937 905 septimana
970 840 1091 887 ante
1122 832 1424 886 Adventum
1446 838 1498 885 et
1519 830 1858 885 hebdomada
1888 838 2011 885 ante
2042 828 2565 900 Quinquagesiman.
2607 828 2668 882 In
2700 842 2807 900 quo
2856 835 3119 897 tempore,
3180 822 3493 879 minutionis
3534 820 3763 889 scilicet,

472 951 569 1005 per
598 942 706 988 tres
738 931 1022 987 continuos
1051 928 1169 983 dies
1185 926 1267 981 bis
1293 926 1585 995 reficimus,
1611 927 1813 999 aliquid
1842 926 1947 983 cibi
1976 924 2219 980 melioris
2258 924 2612 995 accipientes.

1810 1074 2383 1131 COMMENTARIUS.

473 1205 526 1253 et
556 1195 807 1252 disertius
852 1202 1031 1267 potest
1080 1194 1261 1261 scribi,
1315 1208 1479 1265 quam
1537 1208 1658 1264 quae
1708 1192 1797 1247 hic
1826 1192 1955 1246 dicit
1981 1192 2062 1246 vir
2089 1196 2141 1253 Α
2166 1197 2281 1247 tur.
2308 1190 2655 1247 Proceritatis
2684 1189 2841 1245 etiam
2873 1204 3167 1261 corporum
3198 1186 3487 1244 diversitas
3506 1192 3686 1257 potest
3705 1185 3764 1239 in

469 1293 707 1353 sanctus,
731 1284 875 1340 circa
906 1284 1127 1339 modum
1166 1282 1385 1352 agendi,
1418 1289 1529 1336 tum
1564 1296 1597 1335 a
1626 1280 1921 1351 prioribus,
1952 1287 2062 1333 tum

469 1374 540 1428 ab
568 1372 790 1444 aegrotis
807 1373 1010 1426 nostris
1041 1370 1390 1426 servandum.

541 1462 703 1514 Num.
738 1464 790 1513 3.
816 1457 1164 1529 Propterhos
1196 1458 1358 1523 solos,
1385 1465 1487 1512 etc.
1519 1458 1707 1512 Pisces
1728 1472 1911 1512 emere
1924 1456 2064 1511 sole-

468 1565 615 1604 mus.
647 1548 769 1602 Non
790 1547 916 1600 inde
963 1545 1396 1601 concludendum
1429 1553 1512 1599 est
1559 1544 1702 1615 quod
1733 1545 1912 1614 pisces
1941 1552 2064 1597 tan-

470 1644 585 1690 tum
614 1635 963 1690 comedercnt
990 1632 1148 1703 primi
1187 1641 1370 1703 patres
1408 1632 1598 1698 nostri,
1631 1632 1849 1702 quando
1879 1646 2065 1703 aagro-

473 1731 677 1779 tarent.
719 1723 777 1776 Id
797 1722 941 1777 enim
974 1720 1168 1775 falsum
1200 1736 1321 1775 esse
1351 1719 1692 1776 convincitur
1712 1736 1777 1774 ex
1808 1736 1931 1791 cap.
1972 1723 2060 1786 33,

475 1811 731 1882 autquod
761 1810 1000 1879 piscibus
1063 1816 1270 1863 tantum
1308 1817 1681 1873 vescerentur,
1716 1824 1840 1862 cum
1896 1808 1976 1863 eis
1997 1808 2065 1861 ab

473 1897 745 1954 extraneis
774 1898 1051 1951 darentur.
1086 1896 1194 1951 Sed
1221 1896 1497 1951 sciendum
1535 1904 1617 1951 est
1644 1896 1785 1950 intra
1823 1912 2067 1951 eremum

472 1986 770 2041 Carthusiae
791 1993 1083 2040 torrentem
1113 1984 1279 2039 fluere
1310 1984 1401 2055 qui
1453 1984 1687 2055 optimos
1731 1984 1832 2038 fert
1863 1983 2062 2054 pisces,

471 2082 525 2130 et
562 2074 617 2127 in
648 2089 711 2128 ea
753 2072 1096 2137 abundantia,
1133 2088 1253 2143 quae
1308 2080 1455 2127 certe
1495 2080 1620 2127 tunc
1674 2071 1936 2141 temporis
1966 2088 2067 2141 pro

473 2176 642 2231 parvo
664 2167 931 2214 conventu
961 2159 1317 2215 communiter
1346 2158 1665 2214 sufficiebat.
1698 2159 1902 2213 Sensus
1933 2176 2067 2231 ergo

475 2247 711 2303 auctoris
740 2254 841 2314 est,
876 2247 1020 2318 quod
1042 2262 1107 2302 eo
1138 2256 1343 2301 tantum
1373 2263 1503 2302 casu
1551 2248 1729 2317 pisces
1758 2263 1940 2301 emere
1973 2264 2067 2302 so-

476 2335 669 2401 lerent,
693 2333 747 2388 id
790 2342 873 2389 est
900 2349 999 2405 pro
1058 2334 1294 2406 aegrotis,
1353 2334 1571 2405 quando
1619 2334 1707 2389 vel
1738 2350 1803 2388 ex
1850 2336 2073 2405 prOprio

477 2430 718 2477 torrente
749 2422 938 2476 obvios
961 2422 1108 2492 (nam
1138 2422 1297 2476 certis
1346 2422 1678 2492 temporibus
1732 2421 2069 2492 impossibile

473 2518 556 2566 est
583 2509 821 2580 piscari),
848 2509 933 2563 vel
963 2526 1027 2563 ex
1075 2509 1372 2563 vicinorum
1404 2510 1664 2565 charitate
1694 2509 1909 2564 oblatos
1957 2524 2065 2564 non
2087 2541 2138 2600 B

473 2598 759 2653 haberent.
790 2596 935 2650 Nihil
956 2596 1129 2651 simile
1156 2597 1288 2651 dicit
1334 2597 1401 2652 de
1429 2598 1565 2652 ovis.

548 2687 738 2740 Totum
782 2692 957 2739 autem
987 2686 1093 2739 hoc
1126 2685 1418 2754 capitulum
1447 2685 1682 2740 refertur
1736 2686 1790 2740 in
1832 2685 2066 2758 antiquis

477 2773 707 2839 statutis,
732 2780 883 2842 parte
904 2772 1066 2841 prim.
1100 2788 1218 2843 cap.
1245 2775 1330 2837 44,
1356 2790 1447 2827 nn.
1485 2777 1507 2827 i
1535 2782 1587 2827 et
1620 2776 1670 2828 4.

547 2861 699 2914 CAP.
721 2859 1236 2914 XXXIX—Num.
1265 2861 1667 2916 Mledicinis...
1690 2878 1942 2934 perraro,
1959 2870 2063 2917 etc.

475 2947 711 3003 Subaudi
742 2955 899 3001 extra
928 2955 1141 3018 tempus
1181 2948 1538 3018 aegritudinis,
1588 2965 1711 3004 nam
1742 2956 1866 3005 tunc
1894 2950 2065 3004 medi-

474 3050 660 3090 corum
692 3035 1018 3090 ordinationi
1050 3036 1295 3090 standum
1337 3044 1438 3091 est.

544 3123 1071 3179 Ibid.Minuimurin
1085 3141 1234 3179 anno
1254 3124 1567 3196 quinquies,
1593 3132 1693 3181 etc.
1710 3126 1864 3181 Hunc
1885 3126 2061 3182 locum

471 3210 733 3265 miramur
758 3226 976 3265 omnes:
1010 3227 1135 3265 nam
1167 3212 1220 3265 id
1255 3220 1461 3266 tantum
1490 3213 1556 3267 ad
1615 3215 1935 3268 servandam
1966 3213 2065 3268 fir-

471 3314 614 3352 mam
672 3298 1032 3353 valetudinem
1077 3306 1202 3355 tunc
1249 3315 1280 3354 a
1322 3300 1490 3354 nostri
1544 3300 1838 3355 adhibitum
1897 3301 2064 3357 fuisse

466 3400 565 3455 pro
598 3394 745 3441 certo
765 3386 1047 3441 habemus.
1080 3388 1147 3441 Et
1177 3404 1241 3441 ex
1280 3388 1383 3443 hoc
1414 3388 1647 3459 capitulo
1675 3391 1803 3444 satis
1861 3391 2064 3461 proba-

470 3480 575 3538 tur;
607 3489 733 3529 nam
763 3473 819 3528 in
856 3475 997 3541 cibo,
1055 3490 1246 3530 somno
1272 3483 1323 3529 et
1358 3476 1478 3529 aliis
1526 3477 1691 3531 rebus
1739 3476 1841 3531 sibi
1888 3477 2065 3549 magis

468 3561 755 3635 indulgere
784 3561 1063 3629 videntur;
1123 3562 1266 3633 quod
1302 3571 1450 3617 certe
1506 3564 1790 3619 ridiculum
1821 3573 1985 3630 esset,
2020 3566 2066 3619 si

471 3664 536 3703 ex
566 3649 757 3720 spiritu
786 3648 1215 3705 mortificationis
1238 3666 1301 3705 ex
1332 3666 1435 3705 una
1483 3659 1631 3721 parte
1680 3652 1755 3707 sic
1807 3668 1866 3707 se
1894 3652 2066 3707 minui

471 3738 733 3807 sanguine
789 3754 886 3807 per
926 3753 1079 3793 venae
1121 3738 1456 3807 apertionem
1505 3740 1667 3793 certis
1733 3740 2065 3809 temporibus

470 3831 775 3889 curassent,
803 3832 854 3878 et
902 3840 965 3878 ex
997 3824 1104 3878 alia
1144 3826 1390 3896 quaedam
1437 3826 1737 3895 corporalia
1776 3828 2062 3883 commoda

475 3919 630 3965 extra
656 3926 999 3965 communem
1051 3912 1297 3983 regulam
1349 3923 1761 3982 procurassent.
1801 3916 1857 3970 Si
1886 3925 2065 3972 autem
2097 3888 2142 3949 Ο

476 3998 584 4053 tale
620 3998 745 4068 quid
766 3998 884 4051 istis
915 4000 1247 4068 temporibus
1296 4008 1701 4068 attentaremus,
1734 4018 1926 4060 omnes
1956 4004 2066 4061 fere

478 4086 777 4141 monachos
809 4084 862 4139 in
891 4086 1044 4139 brevi
1074 4102 1413 4153 necaremus,
1450 4088 1559 4143 imo
1588 4106 1787 4161 magna
1815 4093 2067 4148 cautione

478 4187 615 4242 Opus
647 4172 803 4227 nobis
819 4180 916 4240 est,
950 4181 1007 4227 ut
1029 4174 1113 4228 vel
1147 4175 1316 4230 semel
1347 4185 1437 4230 aut
1460 4176 1542 4231 bis
1574 4177 1625 4232 in
1651 4194 1794 4235 anno
1842 4181 2068 4250 alicujus

475 4255 726 4309 monachi
757 4271 947 4309 venam
978 4256 1183 4328 absque
1212 4257 1537 4315 infirmitatis
1565 4264 1889 4319 necessitate
1927 4280 2069 4320 nunc

476 4356 676 4411 aperiri
715 4359 976 4399 smamus.

548 4430 628 4483 Ex
657 4431 760 4485 hac
791 4447 925 4503 ergo
950 4434 1293 4505 necessitate,
1318 4454 1439 4509 quae
1468 4439 1669 4494 sensim
1683 4456 1804 4497 sese
1824 4441 2065 4513 protulit,

477 4516 783 4573 abstinendi
812 4520 880 4573 ab
900 4519 1001 4576 hac
1030 4522 1402 4581 vicissitudine
1430 4528 1707 4583 minuendi
1752 4531 2066 4597 monachos,

479 4606 764 4675 probatum
785 4608 1049 4664 habemus
1071 4611 1215 4666 vires
1239 4628 1531 4684 corporum
1574 4616 1737 4671 veluti
1771 4632 2070 4672 senescen-

479 4699 529 4747 te
559 4695 761 4749 mundo
814 4695 1126 4754 imminutus
1173 4717 1314 4768 esse,
1348 4709 1400 4755 et
1446 4701 1609 4773 longe
1651 4703 1888 4759 minores
1928 4722 2072 4761 nunc

477 4796 600 4835 esse
631 4798 793 4853 quam
825 4792 947 4839 tunc
979 4795 1165 4849 erant;
1213 4788 1397 4859 sicque
1426 4805 1548 4843 vera
1576 4790 1645 4844 ad
1683 4790 1916 4845 litteram
1948 4809 2070 4848 esse

476 4870 641 4923 verba
671 4870 763 4925 illa
795 4874 864 4927 D.
896 4873 1170 4945 Gregorii,
1205 4874 1293 4944 qui
1317 4876 1479 4929 robur
1508 4892 1793 4947 corporum
1826 4879 1907 4933 sui
1937 4888 2071 4933 tem-

480 4957 629 5024 poris
660 4975 783 5012 cum
817 4961 1051 5030 antiquis
1082 4961 1387 5027 conferens,
1414 4970 1465 5017 et
1496 4965 1755 5018 mundum
1798 4966 1955 5020 etiam
1978 4983 2069 5022 se-

478 5057 704 5098 nescere
747 5063 808 5101 ac
838 5046 1075 5102 deficere
1125 5050 1352 5117 probare
1400 5050 1607 5118 volens,
1658 5052 1732 5106 ita
1788 5053 2068 5125 loquitur:

478 5132 712 5186 Mundus
734 5134 793 5187 in
807 5136 975 5189 (mnis
988 5137 1271 5204 prioribus
1295 5138 1445 5191 velut
1462 5140 1521 5192 in
1546 5141 1843 5208 iuventute
1868 5144 2067 5211 viguit,

2167 1280 2531 1335 testimonium
2554 1279 2774 1334 adduci.
2800 1277 2942 1333 Ossa
2958 1278 3259 1349 primorum
3280 1277 3497 1330 Palmm
3526 1290 3648 1329 cum
3670 1290 3770 1328 ve-

2166 1369 2449 1423 neratione
2472 1368 2524 1421 in
2549 1368 2780 1439 quodam
2807 1365 3031 1432 sacello,
3068 1366 3170 1420 sub
3203 1380 3310 1436 quo
3346 1370 3427 1417 est
3448 1377 3631 1429 cavea,
3658 1377 3778 1417 ser-

2166 1472 2375 1522 vamus,
2413 1473 2534 1527 qua:
2565 1456 2610 1510 si
2639 1472 2761 1510 cum
2782 1455 2986 1510 nostris
3011 1446 3415 1525 comparentur,
3450 1466 3551 1505 nos
3571 1450 3767 1505 adole—

2167 1544 2453 1610 scentium,
2478 1544 2555 1598 illi
2586 1559 2714 1599 vero
2734 1543 2973 1598 virorum
2985 1542 3347 1613 perfectorum
3368 1554 3495 1594 ossa
3511 1537 3768 1594 habuisse

2167 1632 2392 1688 evidens
2413 1640 2514 1698 est,
2545 1632 2602 1686 in
2630 1630 3032 1702 comparatione
3071 1638 3403 1685 nostrorum.

2237 1720 2391 1777 Unde
2448 1736 2582 1791 ergo
2629 1720 2733 1773 ista
2780 1719 2978 1775 virium
3023 1718 3388 1789 corporalium
3445 1715 3760 1783 diminutio,

2167 1825 2287 1880 qua
2316 1816 2474 1863 tantae
2495 1816 2662 1877 erant,
2697 1815 2754 1861 ut
2781 1806 2942 1877 primi
2972 1808 3155 1862 Patres
3199 1806 3481 1877 sanguinis
3505 1805 3761 1861 emissio-

2167 1912 2292 1951 nem
2322 1895 2609 1967 quinquies
2654 1895 2708 1949 in
2737 1911 2878 1949 anno
2934 1894 3235 1950 faciendam
3284 1894 3388 1949 sibi
3444 1893 3763 1965 praescribe-

2168 1992 2304 2047 rent,
2338 1984 2547 2055 absque
2567 1982 2809 2053 periculo
2841 1982 3212 2038 diminutionis
3248 1982 3443 2039 virium
3472 1984 3501 2036 7
3528 1982 3642 2036 Nos
3674 1997 3765 2035 ve-

2168 2087 2230 2126 ro
2251 2072 2338 2126 vix
2368 2071 2539 2126 semel
2568 2071 2621 2125 in
2653 2087 2793 2126 anno
2813 2071 2866 2125 id
2892 2071 3155 2125 audemus
3185 2071 3519 2141 permittere,
3552 2069 3761 2139 absque

2169 2174 2353 2225 causa,
2385 2158 2769 2231 experimentis
2791 2158 2969 2214 edocti
2996 2158 3065 2214 de
3095 2157 3418 2213 necessitate
3456 2156 3761 2211 abstinendi

2168 2264 2198 2300 a
2228 2247 2526 2301 minutione
2570 2247 2871 2318 sanguinis,
2931 2262 3039 2317 qua
3076 2246 3220 2300 vires
3254 2254 3571 2301 nostrorum
3604 2260 3760 2299 ener-

2169 2343 2383 2400 vantur,
2403 2334 2475 2387 ita
2505 2344 2579 2399 ut,
2612 2334 2657 2387 si
2686 2334 2741 2387 id
2772 2334 3122 2404 permittatur,
3149 2332 3418 2397 deficiant,
3444 2341 3495 2389 ct
3532 2333 3586 2387 in
3607 2330 3760 2386 inﬁr-

2170 2422 2383 2476 mitates
2412 2421 2718 2476 habituales
2748 2437 2855 2477 non
2878 2422 3281 2488 raroincidant,
3322 2422 3516 2493 quibus
3544 2420 3760 2475 tandem

2169 2510 2237 2563 ad
2258 2509 2634 2565 observantias
2653 2509 2860 2563 ordinis
2892 2509 3244 2575 inbabiles,et
3273 2509 3514 2564 nonnulli
3543 2509 3761 2563 inutiles

2168 2614 2420 2667 personae
2464 2596 2811 2653 efﬁciuntur?
2858 2598 2917 2651 Id
2975 2613 3040 2653 ex
3098 2598 3271 2653 tribus
3300 2597 3480 2654 causis
3509 2597 3759 2653 evenisse

2165 2702 2487 2756 persuasum
2509 2686 2722 2751 habeo;
2770 2701 3001 2756 quarum
3034 2701 3049 2741 :

2237 2774 2473 2828 Primam
2504 2790 2570 2828 ex
2600 2782 2789 2828 natura
2818 2773 2979 2829 simul
3005 2790 3127 2829 cum
3157 2773 3362 2830 mundo
3387 2772 3588 2829 sensim
3624 2771 3761 2829 deﬁ-

2166 2861 2341 2917 ciente
2370 2862 2672 2932 procedere
2696 2862 2883 2917 credo.

2238 2950 2561 3015 Secundam,
2615 2965 2734 3021 quae
2781 2949 3057 3020 praecipua
3107 2949 3239 3005 mihi
3283 2950 3513 3020 videtur,
3561 2966 3627 3004 ex
3657 2964 3758 3004 usu

2166 3036 2370 3091 sensim
2414 3038 2735 3105 introducto,
2769 3046 2944 3103 aucto,
2987 3045 3041 3092 et
3086 3036 3327 3109 quotidie
3359 3045 3635 3093 crescente
3656 3038 3759 3093 de-

2162 3125 2376 3180 licatius
2403 3124 2620 3180 vivendi
2662 3133 2716 3179 et
2748 3141 2948 3196 pueros
2970 3126 3239 3181 educandi
3268 3126 3321 3181 in
3343 3126 3543 3184 sarculo
3565 3167 3578 3193 ,
3624 3140 3759 3196 pro-

2164 3214 2382 3267 venisse
2404 3214 2641 3269 arbitror
2680 3232 2694 3279 ;
2729 3229 2795 3269 ex
2825 3202 2929 3285 qua
2958 3214 3262 3269 delicatiori
3288 3215 3507 3269 vivendi
3536 3222 3589 3270 et
3617 3230 3758 3284 pue-

2164 3316 2253 3355 ros
2274 3300 2543 3357 educandi
2573 3302 2964 3358 consuetudine
3010 3303 3174 3357 varias
3220 3303 3574 3358 necessitates
3622 3301 3759 3356 sub-

2165 3396 2299 3444 ortu:
2358 3397 2500 3443 sunt.
2551 3390 2741 3444 Modus
2797 3390 2943 3444 enim
3016 3390 3320 3445 enutriendi
3382 3405 3633 3461 corpora,
3692 3406 3760 3444 ex

2164 3477 2557 3532 consuetudine
2588 3477 2642 3531 in
2660 3477 2923 3547 habitum,
2974 3486 3026 3533 et
3081 3495 3146 3533 ex
3174 3478 3361 3533 habitu
3406 3478 3460 3532 in
3512 3478 3761 3534 necessi-

2164 3571 2328 3619 tatem
2358 3581 2549 3620 versus
2581 3572 2683 3631 est,
2716 3571 2768 3619 et
2790 3565 2916 3619 inde
2960 3564 3159 3620 factum
3190 3572 3273 3621 est
3301 3572 3357 3620 ut
3398 3580 3627 3637 corpora
3652 3580 3760 3620 no-

2164 3659 2291 3721 stra,
2322 3669 2461 3724 quae,
2501 3660 2789 3723 antequam
2821 3653 2891 3708 ad
2924 3652 3175 3709 ordinem
3231 3653 3645 3719 adduceremus,
3704 3654 3761 3707 in

2165 3740 2362 3795 saeculo
2382 3756 2480 3810 per
2509 3740 2702 3813 viginti
2740 3740 2810 3795 ad
2839 3741 3019 3795 minus
3067 3757 3239 3796 annos
3281 3740 3498 3797 fuerant
3554 3741 3762 3796 delica-

2164 3827 2268 3882 tius
2296 3828 2491 3881 nutrita
2521 3836 2572 3882 et
2601 3828 2720 3882 istis
2750 3829 3159 3884 necessitatibus
3190 3838 3430 3898 assueta,
3458 3830 3574 3898 jam
3604 3844 3763 3885 com-

2166 3915 2402 3970 muniter
2429 3931 2538 3971 non
2569 3914 2780 3971 valeant
2800 3932 2867 3972 ea
2893 3916 3038 3972 ferre
3095 3933 3212 3988 quas
3242 3917 3588 3989 antiquorum
3615 3918 3760 3973 Car-

2166 4003 2540 4058 thusianorum
2593 4019 2825 4074 corpora
2876 4005 3021 4060 ferre
3070 4004 3227 4061 facile
3263 4004 3539 4073 valebant,
3598 4014 3763 4076 prout

2167 4099 2291 4145 sunt
2333 4092 2671 4146 abstinentiae
2718 4092 2823 4147 illae
2850 4093 2906 4146 in
2947 4109 3087 4163 pane
3133 4100 3187 4148 et
3236 4108 3397 4165 aqua,
3443 4094 3511 4149 de
3564 4095 3763 4165 quibus

2168 4180 2281 4234 suis
2306 4179 2444 4233 locis
2464 4180 2728 4235 dicemus.
2762 4181 2871 4235 Has
2906 4181 3108 4236 nedum
3157 4182 3468 4253 permittere
3507 4197 3651 4238 nunc
3672 4182 3763 4237 vix

2167 4267 2449 4332 audemus,
2484 4268 2919 4340 scdquibusdam
2955 4269 3115 4324 etiam
3172 4271 3482 4341 petentibus
3530 4286 3763 4342 negare,

2168 4355 2277 4411 imo
2305 4356 2598 4427 prohibere
2628 4356 2894 4429 cogimur,
2925 4357 3064 4414 adeo
3094 4358 3431 4429 experientia
3461 4358 3637 4414 edocti
3660 4375 3763 4413 su-

2167 4460 2289 4499 mus
2306 4444 2433 4516 quid
2466 4444 2581 4500 ista:
2626 4445 2967 4502 abstinentiae
2995 4446 3271 4503 efﬁcerent
3296 4446 3381 4501 bis
3421 4447 3765 4518 temporibus

2168 4532 2223 4585 in
2253 4534 2637 4604 plerorumque
2655 4534 3021 4589 solitariorum
3043 4534 3384 4606 corporibus,
3410 4535 3520 4589 siin
3550 4550 3689 4605 pane
3707 4542 3766 4590 et

2169 4634 2310 4690 aqua
2332 4628 2694 4675 servarentur.
2756 4620 2911 4689 Quod
2945 4638 3109 4692 supra
3161 4623 3397 4678 diximus
3427 4623 3681 4694 probatur
3704 4622 3764 4677 in

2170 4706 2404 4775 rusticis,
2423 4723 2651 4778 quorum
2681 4709 2837 4777 pueri
2858 4710 2913 4763 in
2957 4724 3096 4779 pane
3126 4718 3177 4764 et
3206 4726 3345 4781 aqua
3366 4719 3417 4766 et
3447 4726 3609 4766 caseo
3630 4727 3765 4766 enuo

2170 4793 2279 4847 triti
2307 4794 2469 4865 longe
2507 4794 2839 4850 robustiores
2868 4804 2990 4850 sunt
3036 4813 3195 4868 quam
3232 4799 3580 4853 honestorum
3611 4798 3764 4852 urbi-

2170 4896 2355 4936 corum
2386 4880 2499 4946 filii,
2534 4889 2586 4935 et
2606 4882 2765 4951 plura
2793 4883 2968 4937 ferunt
3010 4892 3063 4939 et
3110 4884 3309 4940 faciunt
3330 4901 3492 4957 quam
3521 4885 3629 4940 isti.
3654 4886 3765 4940 Cur

2169 4977 2347 5024 autem
2375 4969 2625 5024 monachi
2677 4970 3022 5026 Carthusiani
3062 4973 3328 5040 juniores,
3385 4975 3455 5029 ad
3511 4974 3765 5029 eumdem

2169 5057 2383 5110 vivendi
2405 5057 2645 5123 modum,
2671 5058 2763 5128 qui
2786 5060 2997 5115 rusticis
3019 5061 3325 5115 ordinarius
3354 5071 3455 5129 est,
3508 5079 3609 5133 per
3650 5062 3765 5115 dis-

2170 5144 2509 5198 suetudinem
2540 5145 2755 5200 vivendi
2785 5156 2946 5217 prout
2976 5148 3029 5202 in
3070 5149 3270 5204 saeculo
3290 5149 3559 5213 vivebant,
3589 5150 3765 5205 deve-

476 5218 559 5307 ad,
578 5223 997 5292 prapagandam
1021 5223 1257 5277 hzununi
1296 5226 1517 5294 generis
1544 5229 1782 5283 sobolem
1813 5230 2071 5284 robustus
2100 5237 2151 5295 D
2171 5232 2290 5285 nire
2347 5233 2673 5302 nequeunt?
2703 5234 2785 5289 Ad
2839 5235 2946 5291 hoc
3002 5236 3399 5307 respondemus
3442 5236 3683 5292 medium
3711 5246 3770 5292 et

474 5306 614 5375 fuit;
633 5309 817 5365 salute
838 5326 1131 5381 corporum
1168 5312 1381 5379 viridis,
1416 5315 1709 5383 opulentia
1738 5320 2068 5387 rerumpin-

471 5396 616 5465 guis.
643 5399 877 5452 Atnunc
894 5398 1016 5468 ipsa
1032 5414 1133 5452 sua
1147 5403 1435 5455 senectute
1460 5401 1821 5471 deprimitur,
1843 5407 2069 5477 etquasi

472 5485 801 5543 mlvici'nam
818 5490 1073 5552 mortem,
1093 5487 1365 5542 molestiis
1396 5489 1872 5548 crebrescentibus
1902 5510 2067 5565 urge-

2168 5320 2390 5373 modum
2436 5321 2688 5376 constitui
2741 5322 2942 5380 debere
2971 5324 3025 5379 in
3048 5325 3231 5390 rebus,
3276 5325 3416 5380 ultra
3456 5325 3601 5397 quod
3629 5340 3769 5397 pro-

2170 5407 2326 5477 gredi
2374 5407 2625 5463 vitiosum
2670 5417 2772 5466 est.

2237 5496 2473 5551 Juvenes
2503 5496 2571 5571 ad
2600 5512 2701 5552 nos
2767 5515 2832 5553 ex
2864 5501 3064 5556 saeculo
3102 5501 3382 5558 venientes
3424 5502 3477 5556 in
3509 5517 3770 5574 magnam
