3978 6050
264 163 370 215 717

1596 162 2175 219 CONSUETUDINES
2189 202 2201 215 .

3464 158 3568 217 718

334 286 388 339 2.
422 282 707 355 Primaque
736 284 843 351 die,
894 301 963 340 ne
994 285 1123 357 quid
1154 286 1371 341 adversi
1402 303 1468 342 ex
1493 286 1807 341 minutionis
1837 285 2125 341 occasione
2157 284 2460 357 contingat,
2493 284 2564 339 ad
2596 283 2924 355 colloquium
2954 283 3144 339 refecti
3174 282 3560 350 convenimus;

266 388 391 451 post
420 381 702 451 prandium
735 382 898 436 etiam
928 383 1113 437 vinum
1144 383 1363 439 bibendi
1392 384 1668 439 licentiam
1700 384 1988 447 habemus,
2022 398 2131 436 non
2162 390 2343 436 tamen
2373 381 2427 435 in
2456 380 2675 435 alterius
2706 380 2863 435 cella.

340 481 392 531 3.
426 478 571 531 Nihil
602 478 743 532 enim
776 495 1013 550 unquam
1045 480 1421 535 alimentorum
1456 481 1509 534 in
1559 482 1738 536 aliena
1770 481 1973 536 licitum
2002 480 2271 533 habemus
2316 495 2533 533 sumere
2580 477 2740 532 cella.

341 575 394 627 4.
450 575 550 629 Per
592 576 695 630 110s
727 583 838 630 tres
885 576 1003 631 dies
1035 593 1193 632 mane
1224 578 1466 632 redimus
1514 578 1581 633 ad
1612 578 1823 648 lectos,
1858 578 2162 633 necessaria
2193 576 2424 632 dicimus
2462 575 2809 647 coquinario,
2843 591 2873 629 a
2902 591 3007 647 quo
3034 576 3247 631 duobus
3290 574 3565 646 prioribus

269 671 466 726 diebus
495 671 656 727 etiam
686 671 784 726 tria
814 672 881 726 ad
908 674 1234 729 ccenandum
1264 690 1368 731 ova
1424 673 1773 745 suscipimus.

1553 840 2081 896 CAPITULUM
2136 840 2285 896 XL.

1670 956 1745 1009 De
1784 956 2158 1010 ornamentis.

348 1084 401 1135 1.
437 1080 771 1137 Ornamenta
797 1096 963 1137 aurea
990 1081 1076 1137 vel
1106 1088 1389 1152 argentea,
1422 1086 1624 1151 praeter
1654 1076 1879 1133 calicem
1909 1085 1963 1133 et
1992 1078 2284 1146 calamum,
2322 1095 2428 1150 quo
2460 1078 2683 1151 sanguis
2714 1077 2930 1133 Domini
2980 1077 3226 1146 sumitur,
3254 1077 3309 1132 in
3341 1077 3571 1135 ecclesia

274 1191 385 1231 non
433 1177 713 1246 habemus,
747 1177 906 1249 pallia
935 1178 1238 1249 tapetiaque
1275 1176 1616 1247 reliquimus.

1660 1324 2232 1383 COMMENTARIUS.

279 1452 411 1508 satis
442 1452 683 1508 incidunt
708 1451 1059 1507 mutationem
1088 1467 1185 1522 per
1210 1450 1430 1506 labores
1451 1492 1463 1516 ,
1506 1466 1607 1520 per
1635 1448 1869 1521 vigilias,
1894 1450 1948 1509 A
1977 1450 2208 1520 explicat
2253 1450 2501 1505 licentias
2532 1458 2586 1506 et
2633 1452 3031 1524 recreationes,
3074 1469 3193 1525 quae
3222 1460 3349 1510 tunc
3379 1455 3571 1510 diebus

279 1558 383 1612 per
398 1541 617 1610 jejunia,
652 1541 850 1612 quibus
880 1540 1059 1594 statim
1086 1539 1141 1594 in
1170 1539 1359 1593 ordine
1391 1538 1745 1603 addicuntur,
1779 1552 1879 1607 per

282 1629 502 1684 vivendi
547 1629 800 1695 modum,
850 1645 951 1699 per
998 1627 1162 1682 animi
1217 1626 1666 1697 applicationem,
1726 1625 1879 1693 cujus

284 1717 441 1771 labor
469 1733 637 1787 opera
666 1716 967 1787 corporalia
995 1715 1157 1786 longe
1186 1722 1431 1784 superat,
1482 1714 1675 1784 quibus
1706 1712 1881 1767 omni-

286 1806 410 1875 bus,
437 1805 481 1858 si
499 1805 600 1875 ipsi
624 1804 955 1859 robustiores
976 1803 1165 1858 rustici
1187 1802 1611 1873 applicarentur,
1637 1799 1881 1856 nonnulli

285 1893 471 1948 statim
509 1891 822 1949 deﬁcerent.
870 1892 987 1961 Qua
1035 1892 1103 1946 de
1151 1906 1317 1945 causa
1365 1890 1694 1945 discretione
1745 1905 1883 1958 opus

285 1998 412 2038 esse
438 1981 785 2052 perspicuum
817 1989 917 2046 est,
951 1996 1020 2035 ne
1050 1996 1082 2034 a
1105 1980 1257 2048 justo
1287 1979 1467 2034 medio
1500 1976 1788 2046 tolerabili,
1833 1984 1886 2031 et

286 2071 494 2141 absque
539 2068 834 2124 mutatione
878 2076 972 2123 aut
1013 2066 1371 2135 relaxatione,
1425 2065 1681 2137 portabili
1722 2072 1883 2136 atque

288 2158 552 2225 durabili,
583 2158 887 2212 aberretur.

363 2247 569 2302 Omnes
617 2245 729 2301 fere
759 2245 826 2299 ad
870 2245 1119 2301 ordinem
1149 2243 1396 2299 venimus
1426 2242 1480 2297 in
1518 2240 1887 2298 adolescentia

292 2336 443 2392 circa
471 2334 786 2391 vicesimum
809 2348 1031 2399 annum,
1070 2333 1199 2387 dum
1230 2340 1363 2387 aetas
1384 2332 1531 2402 viget
1560 2338 1611 2385 et
1632 2330 1887 2385 alimento

292 2422 878 2494 convenientiindiget,
904 2422 1049 2493 quod
1071 2421 1194 2475 idco
1224 2421 1413 2475 saltem
1447 2436 1513 2474 ex
1534 2419 1713 2489 aliqua
1735 2425 1887 2489 parte

294 2513 471 2586 possit
502 2528 625 2569 cum
651 2510 886 2565 naturali
919 2526 1019 2563 usu
1046 2509 1102 2563 in
1123 2509 1320 2564 saeculo
1353 2516 1633 2577 assumpto
1661 2522 1890 2562 concor-

296 2602 458 2667 dare,
505 2600 755 2671 quodque
804 2598 850 2652 si
877 2597 1113 2653 discrete
1143 2613 1252 2651 non
1280 2595 1679 2650 ministraretur
1701 2595 1757 2649 in
1784 2609 1890 2648 no-

298 2698 415 2744 stro
444 2696 584 2743 statu
605 2686 848 2742 solitario
864 2728 876 2752 ,
901 2686 1139 2740 maxima
1161 2700 1291 2755 pars
1311 2692 1619 2739 nostrorum
1633 2684 1892 2752 juvenum

295 2777 550 2833 inhabilis
581 2783 723 2831 esset
752 2774 820 2828 ad
849 2773 1034 2845 plures
1064 2773 1440 2828 observantias
1486 2772 1766 2844 regulares
1797 2786 1893 2824 an-

298 2874 523 2937 tequam
552 2864 894 2936 trigesimum
941 2878 1143 2917 annum
1190 2861 1501 2931 attingeret.
1549 2859 1687 2928 Quid
1717 2866 1896 2913 autem

300 2955 429 3009 inde
457 2952 717 3017 eveniret,
753 2959 806 3007 et
835 2966 942 3022 quo
972 2949 1253 3006 deveniret
1279 2952 1461 3004 nestra
1507 2947 1850 3003 observantia
1869 2945 1897 2999 ‘i

302 3057 464 3096 nemo
494 3056 602 3095 non
634 3039 798 3095 videt.

377 3128 485 3185 Sed
530 3127 764 3183 maxime
814 3126 884 3181 ad
933 3124 1273 3197 prudentiam
1320 3123 1545 3193 regimis
1603 3121 1898 3178 solitariam

302 3219 466 3275 vitam
510 3216 877 3288 profitentium
919 3214 975 3268 in
1006 3229 1235 3286 genere,
1286 3220 1339 3267 et
1384 3212 1671 3266 discretam
1702 3209 1901 3281 agendi

307 3305 541 3361 formam
586 3304 924 3374 singulorum
972 3302 1028 3357 in
1058 3300 1240 3371 specie
1270 3300 1530 3370 pertinet,
1582 3306 1640 3352 ut
1682 3314 1768 3352 res
1796 3313 1900 3351 no-

309 3401 438 3448 strae
468 3391 840 3447 Carthusianaz
870 3390 925 3445 in
948 3404 1014 3446 eo
1044 3404 1259 3458 semper
1279 3387 1461 3441 medio
1491 3386 1899 3449 constituantur,

310 3482 378 3536 ad
430 3480 577 3552 quod
624 3478 802 3533 minus
849 3476 1056 3533 robusti
1099 3476 1311 3547 possint
1338 3474 1647 3545 pertingere
1678 3473 1814 3527 sicut
1851 3479 1905 3526 et

310 3567 649 3625 robustiores
670 3610 683 3634 ,
716 3574 774 3621 ut
803 3582 875 3621 ex
904 3565 1048 3619 infra
1076 3564 1320 3619 dicendis
1351 3578 1470 3633 cap.
1506 3563 1573 3616 54
1604 3560 1904 3616 evidentius

310 3657 552 3730 patebit,
605 3664 658 3710 et
696 3654 774 3710 sic
813 3654 869 3708 in
900 3653 1151 3708 eamdem
1181 3667 1491 3707 mensuram
1532 3648 1905 3705 conveniendo

313 3762 506 3802 omnes
550 3742 761 3815 possint
790 3743 905 3797 Deo
935 3741 1189 3797 alacriter
1219 3740 1447 3804 servire,
1487 3739 1543 3792 in
1588 3738 1730 3793 bona
1752 3736 1905 3792 vale-

313 3833 501 3889 tudine
545 3846 930 3904 perseverare,
982 3829 1036 3883 in
1075 3828 1269 3884 eadem
1317 3844 1534 3898 semper
1562 3825 1910 3882 observantia

316 3936 673 3993 permanere,
740 3916 1194 3990 frequentioribus
1250 3914 1745 3986 dispensationibus
1801 3929 1909 3967 non

318 4010 565 4082 indigere
584 4050 597 4075 ,
645 4007 715 4062 ad
746 4006 938 4062 solatia
966 4021 1089 4077 quae
1118 4004 1173 4058 in
1202 4004 1393 4059 ordine
1422 4011 1610 4057 nostro
1641 4001 1911 4073 prohibita

318 4106 443 4153 sunt
490 4098 568 4167 (ut
610 4103 692 4150 est
738 4095 884 4150 exire
914 4110 944 4149 e
973 4092 1328 4162 monasterio)
1376 4106 1485 4146 non
1531 4091 1808 4161 aspirare,
1846 4096 1911 4144 et

316 4187 527 4258 absque
573 4182 945 4255 singularitate
983 4181 1270 4238 unanimes
1316 4180 1372 4234 in
1402 4179 1563 4235 domo
1593 4178 1691 4233 Dei
1723 4177 1911 4232 ambu-

318 4277 451 4331 lare.

394 4364 500 4417 Iste
528 4377 745 4431 semper
774 4360 869 4415 fuit
898 4374 1098 4430 scopus
1144 4356 1351 4412 ordinis
1398 4356 1454 4410 in
1500 4355 1666 4411 rebus
1713 4353 1914 4409 nostris

322 4450 677 4522 disponendis
692 4449 783 4520 qui
803 4464 1003 4519 scOpus
1023 4462 1056 4501 a
1075 4447 1139 4502 Β.
1157 4447 1215 4500 Ρ.
1231 4445 1478 4516 Guigone
1494 4444 1591 4500 fuit
1597 4443 1915 4512 jamdudum

322 4540 483 4595 nobis
543 4537 879 4609 assignatus,
932 4552 965 4590 a
1018 4533 1269 4604 capitulis
1306 4532 1657 4605 generalibus
1705 4545 1919 4601 semper

324 4627 586 4697 deinceps
615 4625 871 4691 intentus,
901 4623 957 4678 in
982 4622 1197 4677 statutis
1227 4637 1547 4691 expressus,
1590 4636 1654 4675 ac
1683 4618 1918 4689 denique

327 4731 361 4771 a
391 4714 625 4786 posteris
653 4713 856 4768 nostris
887 4726 1103 4781 semper
1130 4709 1440 4775 intuendus,
1473 4716 1528 4762 ut
1550 4707 1791 4779 vestigiis
1819 4708 1919 4760 Pa-

328 4813 472 4858 trum
519 4811 623 4857 tam
668 4810 912 4857 veterum
959 4815 1119 4871 quam
1175 4796 1539 4852 recentiorum
1588 4797 1641 4849 in
1672 4795 1921 4849 omnibus

330 4891 677 4957 inhaerentes,
702 4906 772 4945 ne
793 4889 925 4961 quid
941 4888 1114 4943 nimis
1135 4888 1237 4941 aut
1257 4885 1468 4951 minus,
1488 4884 1735 4939 ordinem
1756 4882 1809 4935 in
1829 4898 1923 4936 sua

332 4977 642 5051 integritate
690 4984 1032 5032 conservent.

405 5066 643 5121 Tertiam
675 5065 895 5119 tandem
918 5063 1179 5119 rationem
1211 5060 1572 5117 enervationis
1594 5059 1784 5115 virium
1807 5073 1927 5113 cor-

336 5154 606 5226 poralium
670 5170 736 5207 ex
801 5151 991 5219 majori
1038 5150 1384 5224 ingeniorum
1443 5148 1726 5203 vivacitate
1782 5147 1931 5217 ipsas

337 5243 485 5299 vires
524 5242 770 5311 corporis
810 5239 1163 5295 exhauriente
1220 5237 1521 5309 procedere
1575 5236 1755 5290 credo.
1804 5237 1932 5290 Hmc

339 5338 522 5385 autem
552 5330 713 5400 paulo
755 5327 925 5382 fusius
953 5326 1290 5393 notavimus,
1338 5333 1395 5380 ut
1438 5323 1750 5378 indiscretis
1794 5338 1933 5394 quo-

340 5418 571 5475 rundam
600 5416 933 5490 argumentis
961 5431 1332 5472 occurramus.

1977 1537 2337 1593 minutionum
2365 1539 2648 1593 dabantur.

2051 1626 2187 1681 Ibid.
2220 1628 2341 1682 Non
2367 1631 2559 1682 tamen
2582 1629 2641 1682 in
2664 1629 2906 1684 alterius
2926 1631 3091 1685 cella.
3124 1631 3261 1686 Hinc
3292 1630 3573 1687 evidenter

1979 1722 2205 1785 apparet
2246 1715 2390 1785 quod
2442 1715 2656 1770 licentia
2689 1716 2849 1771 etiam
2880 1717 3099 1772 daretur
3127 1734 3159 1772 a
3188 1719 3372 1788 priore
3404 1736 3461 1774 se
3492 1720 3575 1773 in-

1981 1802 2155 1858 vicem
2186 1802 2439 1858 visitandi
2467 1803 2521 1857 in
2542 1804 2702 1871 cella,
2728 1806 2823 1859 sed
2846 1822 3119 1875 nunquam
3151 1807 3225 1860 ibi
3255 1808 3575 1863 comedendi

1982 1900 2069 1945 aut
2098 1890 2340 1956 bibendi,
2374 1899 2536 1960 prout
2568 1892 2727 1946 etiam
2759 1909 2901 1948 nunc
2932 1893 3116 1949 stricte
3146 1903 3426 1961 servatur;
3450 1911 3574 1950 nam

1982 1979 2186 2034 frustra
2222 1979 2555 2033 mentionem
2605 1979 2810 2036 faceret
2857 1982 2927 2035 R.
2984 1982 3044 2036 Ρ.
3096 1982 3275 2054 Guigo
3325 1983 3393 2036 de
3448 1983 3575 2039 vino

1983 2084 2259 2137 nunquam
2291 2066 2345 2119 in
2368 2065 2592 2121 alterius
2614 2068 2753 2122 cella
2783 2068 3036 2134 bibendo,
3065 2068 3110 2123 si
3141 2070 3358 2125 alterius
3383 2070 3575 2125 cellam

1984 2155 2200 2227 ingredi
2230 2170 2351 2209 cum
2383 2154 2599 2209 licentia
2630 2172 2737 2209 non
2766 2155 3027 2210 licuisset.

2058 2245 2224 2298 Porro
2252 2250 2422 2297 totum
2450 2244 2555 2297 hoc
2588 2243 2879 2313 capitulum
2908 2244 3139 2299 relatum
3178 2245 3347 2301 habes
3388 2247 3444 2301 in
3473 2264 3576 2303 an-

1987 2331 2147 2402 tiquis
2180 2329 2389 2384 statutis
2437 2338 2586 2400 parte
2618 2346 2729 2385 sec.
2754 2372 2767 2400 ,
2797 2346 2917 2400 cap.
2955 2335 3047 2399 15,
3082 2349 3175 2387 nn.
3210 2338 3268 2399 3,
3303 2339 3333 2389 6
3364 2342 3415 2390 et
3446 2338 3480 2390 7
3508 2378 3522 2391 .

2060 2419 2190 2474 CAP.
2224 2419 2339 2472 XL.
2371 2448 2439 2457 —
2468 2419 2627 2473 Num.
2678 2422 2726 2471 1.
2777 2421 2993 2474 Praeter
3039 2422 3273 2477 calicem
3322 2427 3379 2477 et
3427 2426 3583 2480 cala-

1988 2523 2165 2575 mum,
2200 2516 2305 2564 etc.
2356 2510 2435 2562 De
2465 2507 2567 2560 isto
2598 2506 2828 2572 calamo,
2863 2523 2969 2577 quo
3000 2509 3224 2579 sanguis
3254 2511 3452 2566 Christi
3484 2530 3582 2567 su-

1991 2597 2273 2655 mebatur.
2323 2595 2467 2650 nulla
2516 2594 2572 2648 ﬁt
2600 2595 2803 2648 mentio
2853 2595 2909 2648 in
2958 2596 3193 2667 antiquis
3224 2600 3451 2667 statutis,
3486 2602 3584 2655 sed

1993 2691 2196 2738 tantum
2246 2685 2313 2739 de
2360 2683 2528 2739 calice
2564 2697 2575 2736 :
2608 2682 2751 2736 unde
2800 2682 3073 2754 colligitur
3116 2685 3293 2741 adhuc
3338 2694 3587 2758 tempore

1913 2798 1966 2858 B
1996 2772 2058 2828 R.
2111 2775 2175 2827 P.
2234 2771 2501 2844 Guigonis
2547 2770 2791 2840 viguisse
2839 2772 3285 2827 consuetudinem
3330 2790 3588 2830 nonnun-

1996 2876 2159 2932 quam
2208 2859 2642 2916 communicandi
2675 2858 2774 2913 sub
2806 2867 3034 2930 utraque
3067 2862 3278 2930 specie,
3330 2864 3475 2933 quod
3505 2871 3590 2918 ta-

1993 2965 2120 3004 men
2150 2949 2251 3003 soli
2279 2948 2509 3003 diacono
2542 2962 2865 3002 concessum
2886 2946 3053 3002 fuisse
3084 2949 3377 3004 credimus.
3413 2951 3591 3020 Quam

1997 3037 2447 3115 consuetudinem
2496 3035 2639 3105 apud
2681 3051 2781 3089 nos
2824 3036 2936 3103 jam
2984 3035 3267 3091 extinctam
3300 3037 3467 3093 fuisse
3497 3056 3592 3093 ar-

1998 3125 2263 3179 bitramur
2293 3123 2628 3193 temporibus
2658 3125 2722 3177 R.
2756 3123 2931 3177 Patris
2962 3122 3202 3195 Riﬁerii,
3256 3126 3344 3195 qui
3376 3136 3591 3182 centum

2000 3220 2053 3267 et
2110 3211 2300 3284 viginti
2349 3211 2565 3266 circiter
2614 3211 2771 3265 annis
2822 3219 2947 3281 post
2995 3213 3427 3269 Consuetudines
3455 3232 3485 3269 a
3525 3216 3591 3271 Β.

2000 3300 2064 3355 P.
2107 3300 2357 3371 Guigone
2388 3299 2621 3368 scriptas
2646 3340 2658 3363 ,
2720 3306 2918 3353 statuta
2963 3299 3057 3353 illa
3099 3301 3263 3355 edidit
3302 3319 3423 3373 quae
3452 3305 3594 3358 anti-

2003 3404 2110 3459 qua
2139 3402 2397 3443 vocamus
2423 3429 2435 3452 ,
2489 3387 2613 3456 quia
2662 3386 2729 3441 de
2772 3386 2865 3441 illo
2896 3387 3104 3443 calamo
3134 3388 3332 3443 nullam
3362 3392 3596 3462 amplius

2002 3475 2332 3531 mentionem
2364 3473 2505 3529 facit.

2075 3563 2172 3617 Hic
2201 3569 2425 3632 apparet
2455 3560 2773 3632 simplicitas
2803 3577 2963 3633 quam
2994 3563 3153 3617 etiam
3184 3564 3237 3618 in
3277 3565 3599 3635 supellectili

2005 3651 2370 3707 ecclesiastica
2402 3666 2626 3704 servare
2659 3650 2911 3705 volebant
2940 3651 3101 3721 primi
3131 3653 3339 3707 Patres.
3374 3654 3482 3709 Sed
3511 3670 3604 3709 no-

2006 3740 2229 3794 tandum
2259 3746 2341 3793 est
2372 3738 2516 3809 quod
2550 3737 2656 3791 illis
2688 3739 3043 3807 temporibus,
3096 3740 3312 3810 quando
3360 3743 3601 3797 nondum

2007 3828 2235 3883 detectae
2257 3834 2409 3881 erant
2439 3842 2471 3879 a
2501 3825 2703 3880 nostris
2725 3826 2891 3880 Indiae
2923 3826 3229 3882 Orientales
3260 3836 3311 3883 et
3342 3829 3606 3887 Occiden-

2009 3916 2171 3985 tales,
2205 3931 2396 3969 aurum
2425 3922 2477 3969 et
2524 3922 2809 3986 argentum
2835 3922 2997 3985 atque
3029 3916 3189 3970 etiam
3218 3917 3602 3989 bombycinum

2011 4005 2124 4059 sive
2166 4004 2433 4069 sericum,
2469 4002 2628 4058 valde
2659 4018 2784 4057 rara
2815 4012 2969 4057 erant
2997 4003 3050 4058 in
3081 4004 3198 4059 istis
3226 4006 3498 4075 partibus,
3531 4008 3607 4063 ita

2011 4100 2069 4147 ut
2097 4110 2128 4146 a
2175 4091 2307 4147 solis
2336 4091 2561 4163 regibus
2592 4098 2646 4145 et
2683 4090 3016 4161 principibus
3057 4093 3375 4148 vestimenta
3407 4094 3602 4163 serica,

2013 4181 2099 4237 vel
2129 4195 2263 4234 auro
2292 4179 2596 4244 intertexta,
2620 4186 3009 4248 usurparentur
3035 4199 3047 4245 ;
3081 4181 3223 4234 unde
3257 4197 3342 4235 res
3373 4183 3505 4237 satis
3534 4184 3610 4238 in-

2015 4268 2171 4324 solita
2200 4266 2409 4333 fuisset,
2445 4266 2490 4320 si
2521 4283 2554 4320 a
2581 4266 2773 4336 primis
2802 4264 3055 4322 Patribus
3082 4267 3137 4321 id
3166 4284 3340 4339 genus
3374 4272 3608 4328 vestium

2017 4356 2317 4413 sericarum
2385 4354 2687 4409 admissum
2733 4354 2959 4424 fuisset,
3012 4371 3241 4427 quorum
3298 4358 3500 4416 divitiae
3551 4362 3607 4417 in

2015 4451 2334 4516 paupertate
2381 4450 2434 4497 et
2478 4442 2819 4513 simplicitate
2854 4442 3130 4511 jacebant.
3182 4446 3283 4500 Per
3327 4449 3516 4504 Pallia
3554 4454 3612 4505 et

2021 4533 2240 4604 tapetia
2266 4531 2495 4586 forsitan
2539 4530 2789 4602 intelligit
2817 4531 2898 4585 vir
2923 4539 3140 4586 sanctus
3169 4534 3339 4590 aulaea
3364 4578 3376 4601 ,
3429 4545 3481 4592 et
3527 4538 3612 4592 his

2019 4621 2251 4685 similia,
2302 4620 2500 4691 quibus
2547 4619 2737 4673 nullibi
2783 4619 2837 4672 in
2885 4619 3132 4675 domibus
3162 4624 3362 4678 nostris
3392 4625 3608 4692 utimur,

2021 4708 2271 4780 quamvis
2299 4708 2353 4762 in
2384 4707 2735 4777 quibusdam,
2769 4707 3104 4762 solemnibus
3135 4718 3313 4766 tamen
3357 4712 3616 4769 duntaxat

2022 4798 2235 4861 diebus,
2270 4804 2445 4867 tapete
2473 4795 2746 4866 operiatur
2781 4796 3007 4866 gradus,
3043 4797 3155 4852 sive
3186 4800 3515 4868 pedistitium
3547 4801 3619 4857 al-

2024 4885 2170 4939 taris.
2206 4886 2314 4939 Cur
2361 4892 2542 4938 autem
2592 4884 2963 4950 candelabra,
2999 4885 3281 4955 lampades
3326 4896 3378 4942 et
3425 4888 3618 4943 similis

2028 4972 2269 5042 supellex
2300 4979 2562 5043 argentea
2594 4972 2646 5025 in
2665 4972 2935 5043 plerisque
2964 4972 3215 5027 domibus
3237 4975 3444 5029 ordinis
3476 4993 3621 5034 nunc

2028 5061 2291 5114 habeatur
2310 5060 2337 5113 ?
2366 5061 2425 5113 Id
2456 5060 2630 5129 primo
2661 5060 2996 5129 processisse
3037 5078 3066 5113 a
3109 5060 3488 5119 fundatoribus
3517 5066 3622 5121 do-

2029 5164 2241 5202 morum
2271 5148 2603 5203 credendum
2633 5156 2714 5202 est
2738 5190 2751 5217 ,
2803 5148 2893 5218 qui
2926 5148 3049 5202 talia
3081 5149 3343 5204 dederunt
3381 5152 3433 5207 in
3466 5171 3623 5209 usum

2031 5235 2331 5300 Ecclesiae,
2382 5235 2579 5289 deinde
2627 5236 2749 5306 quia
2798 5236 2984 5305 plures
3033 5237 3279 5294 ecclesiae
3324 5241 3531 5295 ordinis
3571 5242 3626 5295 in

2035 5323 2234 5378 vicinio
2265 5338 2577 5393 magnarum
2611 5322 2823 5376 urbium
2856 5331 3179 5380 constructa:
3211 5334 3366 5396 sunt,
3397 5329 3465 5382 ad
3491 5343 3629 5399 quas

2037 5411 2283 5482 plerique
2312 5410 2597 5466 saeculares
2628 5410 2916 5466 veniebant
2945 5428 3010 5466 ex
3040 5412 3329 5470 devotione
3358 5424 3414 5469 ut
3458 5416 3631 5471 sacris

415 5507 581 5561 Num.
630 5510 685 5563 2.
718 5505 1018 5576 Primaque
1038 5504 1126 5561 die
1159 5519 1232 5559 ne
1270 5501 1403 5576 quid
1418 5500 1668 5568 adversi,
1702 5506 1805 5556 etc.
1839 5498 1937 5554 Hic
1957 5492 2009 5551 D
2041 5498 2400 5567 interessent,
2433 5514 2730 5571 congruum
2760 5499 2937 5555 visum
2964 5509 3045 5556 est
3073 5502 3143 5557 ad
3172 5502 3374 5559 cultum
3404 5504 3504 5561 Dci
3532 5503 3635 5562 de-
