  <div class='ocr_page' id='page_1' title='image "/cluster/home/n/w/nwhite01/storage/ocr_20150623/153/hvd.32044054760111/365.png"; bbox 0 0 3978 6050; ppageno 0'>
   <div class='ocr_carea' id='block_1_1' title="bbox 456 190 559 243">
    <p class='ocr_par' dir='ltr' id='par_1_1' title="bbox 456 190 559 243">
     <span class='ocr_line' id='line_1_1' title="bbox 456 190 559 243; baseline 0.019 -2"><span class='ocrx_word' id='word_1_1' title='bbox 456 190 559 243; x_wconf 81' lang='grc'>719</span> 
     </span>
    </p>
   </div>
   <div class='ocr_carea' id='block_1_2' title="bbox 1292 183 2893 244">
    <p class='ocr_par' dir='ltr' id='par_1_2' title="bbox 1292 183 2893 244">
     <span class='ocr_line' id='line_1_2' title="bbox 1292 183 2893 244; baseline -0.002 -1"><span class='ocrx_word' id='word_1_2' title='bbox 1292 187 1632 244; x_wconf 86' lang='lat' dir='ltr'>GUlGONlS</span> <span class='ocrx_word' id='word_1_3' title='bbox 1672 188 1692 240; x_wconf 81' lang='grc' dir='ltr'>Ι</span> <span class='ocrx_word' id='word_1_4' title='bbox 1733 184 2143 240; x_wconf 69' lang='grc' dir='ltr'>(ΣΑΒΤΗΟΞΙίΕ</span> <span class='ocrx_word' id='word_1_5' title='bbox 2180 183 2473 239; x_wconf 79' lang='lat' dir='ltr'>MAJORIS</span> <span class='ocrx_word' id='word_1_6' title='bbox 2513 184 2790 240; x_wconf 79' lang='lat' dir='ltr'>PRIORIS</span> <span class='ocrx_word' id='word_1_7' title='bbox 2833 186 2893 241; x_wconf 92' lang='lat' dir='ltr'>V.</span> 
     </span>
    </p>
   </div>
   <div class='ocr_carea' id='block_1_3' title="bbox 3640 188 3749 240">
    <p class='ocr_par' dir='ltr' id='par_1_3' title="bbox 3640 188 3749 240">
     <span class='ocr_line' id='line_1_3' title="bbox 3640 188 3749 240; baseline -0.009 0"><span class='ocrx_word' id='word_1_8' title='bbox 3640 188 3749 240; x_wconf 78' lang='lat'>720</span> 
     </span>
    </p>
   </div>
   <div class='ocr_carea' id='block_1_4' title="bbox 526 309 2436 379">
    <p class='ocr_par' dir='ltr' id='par_1_4' title="bbox 526 309 2436 379">
     <span class='ocr_line' id='line_1_4' title="bbox 526 309 2436 379; baseline -0.004 -8"><span class='ocrx_word' id='word_1_9' title='bbox 526 318 578 371; x_wconf 77' lang='grc'>2.</span> <span class='ocrx_word' id='word_1_10' title='bbox 612 313 995 369; x_wconf 90' lang='lat' dir='ltr'>Feneratorum</span> <span class='ocrx_word' id='word_1_11' title='bbox 1027 320 1078 367; x_wconf 90' lang='lat' dir='ltr'>et</span> <span class='ocrx_word' id='word_1_12' title='bbox 1111 314 1695 368; x_wconf 87' lang='lat' dir='ltr'>excommunicatorum</span> <span class='ocrx_word' id='word_1_13' title='bbox 1726 325 1954 365; x_wconf 75' lang='lat' dir='ltr'>munera</span> <span class='ocrx_word' id='word_1_14' title='bbox 1984 325 2093 364; x_wconf 88' lang='lat' dir='ltr'>non</span> <span class='ocrx_word' id='word_1_15' title='bbox 2122 309 2436 379; x_wconf 82' lang='lat' dir='ltr'>accipimus.</span> 
     </span>
    </p>
   </div>
   <div class='ocr_carea' id='block_1_5' title="bbox 526 405 3624 484">
    <p class='ocr_par' dir='ltr' id='par_1_5' title="bbox 526 405 3624 484">
     <span class='ocr_line' id='line_1_5' title="bbox 526 405 3624 484; baseline -0.002 -18"><span class='ocrx_word' id='word_1_16' title='bbox 526 416 577 466; x_wconf 91' lang='lat'>3.</span> <span class='ocrx_word' id='word_1_17' title='bbox 611 412 915 467; x_wconf 90' lang='lat' dir='ltr'>Chartulam</span> <span class='ocrx_word' id='word_1_18' title='bbox 949 427 1185 483; x_wconf 87' lang='lat' dir='ltr'>quoque,</span> <span class='ocrx_word' id='word_1_19' title='bbox 1220 429 1380 484; x_wconf 91' lang='lat' dir='ltr'>quam</span> <span class='ocrx_word' id='word_1_20' title='bbox 1411 412 1478 467; x_wconf 87' lang='lat' dir='ltr'>de</span> <span class='ocrx_word' id='word_1_21' title='bbox 1512 410 1837 483; x_wconf 88' lang='lat' dir='ltr'>quibusdam</span> <span class='ocrx_word' id='word_1_22' title='bbox 1869 406 2065 462; x_wconf 81' lang='lat' dir='ltr'>talibus</span> <span class='ocrx_word' id='word_1_23' title='bbox 2097 406 2258 461; x_wconf 88' lang='lat' dir='ltr'>rebus</span> <span class='ocrx_word' id='word_1_24' title='bbox 2289 405 2805 477; x_wconf 90' lang='lat' dir='ltr'>conscripseramus,</span> <span class='ocrx_word' id='word_1_25' title='bbox 2838 405 2960 462; x_wconf 85' lang='lat' dir='ltr'>huic</span> <span class='ocrx_word' id='word_1_26' title='bbox 2990 406 3263 479; x_wconf 77' lang='lat' dir='ltr'>scriptura:</span> <span class='ocrx_word' id='word_1_27' title='bbox 3321 406 3624 476; x_wconf 90' lang='lat' dir='ltr'>injecimus.</span> 
     </span>
    </p>
   </div>
   <div class='ocr_carea' id='block_1_6' title="bbox 1817 548 2389 605">
    <p class='ocr_par' dir='ltr' id='par_1_6' title="bbox 1817 548 2389 605">
     <span class='ocr_line' id='line_1_6' title="bbox 1817 548 2389 605; baseline -0.003 0"><span class='ocrx_word' id='word_1_28' title='bbox 1817 548 2210 605; x_wconf 82' lang='lat' dir='ltr'>CAPITULUM</span> <span class='ocrx_word' id='word_1_29' title='bbox 2242 548 2389 603; x_wconf 87' lang='lat' dir='ltr'>XLI.</span> 
     </span>
    </p>
   </div>
   <div class='ocr_carea' id='block_1_7' title="bbox 1026 646 3135 720">
    <p class='ocr_par' dir='ltr' id='par_1_7' title="bbox 1026 646 3135 720">
     <span class='ocr_line' id='line_1_7' title="bbox 1026 646 3135 720; baseline -0.006 -6"><span class='ocrx_word' id='word_1_30' title='bbox 1026 661 1091 715; x_wconf 80' lang='lat' dir='ltr'>Ut</span> <span class='ocrx_word' id='word_1_31' title='bbox 1122 657 1288 713; x_wconf 78' lang='lat' dir='ltr'>nulla</span> <span class='ocrx_word' id='word_1_32' title='bbox 1309 658 1445 709; x_wconf 77' lang='lat' dir='ltr'>exta</span> <span class='ocrx_word' id='word_1_33' title='bbox 1471 666 1721 707; x_wconf 83' lang='lat' dir='ltr'>eremum</span> <span class='ocrx_word' id='word_1_34' title='bbox 1741 647 2154 720; x_wconf 80' lang='lat' dir='ltr'>possideantur,</span> <span class='ocrx_word' id='word_1_35' title='bbox 2181 650 2235 701; x_wconf 87' lang='lat' dir='ltr'>et</span> <span class='ocrx_word' id='word_1_36' title='bbox 2265 646 2330 701; x_wconf 85' lang='lat' dir='ltr'>de</span> <span class='ocrx_word' id='word_1_37' title='bbox 2361 646 2656 717; x_wconf 79' lang='lat' dir='ltr'>sepultura</span> <span class='ocrx_word' id='word_1_38' title='bbox 2685 648 3135 718; x_wconf 79' lang='lat' dir='ltr'>peregrinorum.</span> 
     </span>
    </p>
   </div>
   <div class='ocr_carea' id='block_1_8' title="bbox 530 759 3752 843">
    <p class='ocr_par' dir='ltr' id='par_1_8' title="bbox 530 759 3752 843">
     <span class='ocr_line' id='line_1_8' title="bbox 530 759 3752 843; baseline -0.004 -16"><span class='ocrx_word' id='word_1_39' title='bbox 530 777 579 827; x_wconf 82' lang='grc'>1.</span> <span class='ocrx_word' id='word_1_40' title='bbox 614 772 932 843; x_wconf 90' lang='lat' dir='ltr'>Cupiditatis</span> <span class='ocrx_word' id='word_1_41' title='bbox 962 772 1278 829; x_wconf 88' lang='lat' dir='ltr'>occasiones</span> <span class='ocrx_word' id='word_1_42' title='bbox 1310 768 1466 823; x_wconf 91' lang='lat' dir='ltr'>nobis</span> <span class='ocrx_word' id='word_1_43' title='bbox 1498 774 1550 822; x_wconf 90' lang='lat' dir='ltr'>et</span> <span class='ocrx_word' id='word_1_44' title='bbox 1607 763 1804 819; x_wconf 90' lang='lat' dir='ltr'>nostris</span> <span class='ocrx_word' id='word_1_45' title='bbox 1834 760 2089 833; x_wconf 81' lang='lat' dir='ltr'>posteris,</span> <span class='ocrx_word' id='word_1_46' title='bbox 2124 767 2384 830; x_wconf 88' lang='lat' dir='ltr'>quantum</span> <span class='ocrx_word' id='word_1_47' title='bbox 2413 759 2528 813; x_wconf 89' lang='lat' dir='ltr'>Deo</span> <span class='ocrx_word' id='word_1_48' title='bbox 2553 760 2777 829; x_wconf 89' lang='lat' dir='ltr'>juvante</span> <span class='ocrx_word' id='word_1_49' title='bbox 2832 776 3142 832; x_wconf 89' lang='lat' dir='ltr'>possumus,</span> <span class='ocrx_word' id='word_1_50' title='bbox 3175 761 3532 831; x_wconf 63' lang='lat' dir='ltr'>praecidentes</span> <span class='ocrx_word' id='word_1_51' title='bbox 3552 801 3565 828; x_wconf 94' lang='lat'>,</span> <span class='ocrx_word' id='word_1_52' title='bbox 3600 776 3752 830; x_wconf 70' lang='lat' dir='ltr'>pra:-</span> 
     </span>
    </p>
   </div>
   <div class='ocr_carea' id='block_1_9' title="bbox 457 855 3750 941">
    <p class='ocr_par' dir='ltr' id='par_1_9' title="bbox 457 855 3750 941">
     <span class='ocr_line' id='line_1_9' title="bbox 457 855 3750 941; baseline -0.005 -14"><span class='ocrx_word' id='word_1_53' title='bbox 457 871 626 927; x_wconf 88' lang='lat' dir='ltr'>sentis</span> <span class='ocrx_word' id='word_1_54' title='bbox 656 872 841 941; x_wconf 82' lang='lat' dir='ltr'>scripti</span> <span class='ocrx_word' id='word_1_55' title='bbox 872 872 1150 927; x_wconf 91' lang='lat' dir='ltr'>sanctione</span> <span class='ocrx_word' id='word_1_56' title='bbox 1182 867 1486 932; x_wconf 78' lang='lat' dir='ltr'>statuimus,</span> <span class='ocrx_word' id='word_1_57' title='bbox 1522 872 1785 935; x_wconf 86' lang='lat' dir='ltr'>quatenus</span> <span class='ocrx_word' id='word_1_58' title='bbox 1813 860 1917 915; x_wconf 93' lang='lat' dir='ltr'>loci</span> <span class='ocrx_word' id='word_1_59' title='bbox 1951 860 2105 928; x_wconf 87' lang='lat' dir='ltr'>hujus</span> <span class='ocrx_word' id='word_1_60' title='bbox 2135 857 2481 923; x_wconf 85' lang='lat' dir='ltr'>habitatores,</span> <span class='ocrx_word' id='word_1_61' title='bbox 2518 864 2668 912; x_wconf 80' lang='lat' dir='ltr'>extra</span> <span class='ocrx_word' id='word_1_62' title='bbox 2700 872 2811 911; x_wconf 64' lang='lat' dir='ltr'>sua:</span> <span class='ocrx_word' id='word_1_63' title='bbox 2841 855 3102 911; x_wconf 84' lang='lat' dir='ltr'>terminos</span> <span class='ocrx_word' id='word_1_64' title='bbox 3148 856 3317 911; x_wconf 87' lang='lat' dir='ltr'>eremi</span> <span class='ocrx_word' id='word_1_65' title='bbox 3360 856 3492 910; x_wconf 83' lang='lat' dir='ltr'>nihil</span> <span class='ocrx_word' id='word_1_66' title='bbox 3525 855 3750 911; x_wconf 87' lang='lat' dir='ltr'>omnino</span> 
     </span>
    </p>
   </div>
   <div class='ocr_carea' id='block_1_10' title="bbox 457 953 3754 1040">
    <p class='ocr_par' dir='ltr' id='par_1_10' title="bbox 457 953 3754 1040">
     <span class='ocr_line' id='line_1_10' title="bbox 457 953 3754 1040; baseline -0.005 -15"><span class='ocrx_word' id='word_1_67' title='bbox 457 970 791 1040; x_wconf 79' lang='lat' dir='ltr'>possideant,</span> <span class='ocrx_word' id='word_1_68' title='bbox 825 970 878 1023; x_wconf 89' lang='lat' dir='ltr'>id</span> <span class='ocrx_word' id='word_1_69' title='bbox 935 976 1018 1023; x_wconf 89' lang='lat' dir='ltr'>est</span> <span class='ocrx_word' id='word_1_70' title='bbox 1072 984 1183 1023; x_wconf 89' lang='lat' dir='ltr'>non</span> <span class='ocrx_word' id='word_1_71' title='bbox 1212 982 1395 1039; x_wconf 72' lang='lat' dir='ltr'>agros,</span> <span class='ocrx_word' id='word_1_72' title='bbox 1431 980 1540 1018; x_wconf 91' lang='lat' dir='ltr'>non</span> <span class='ocrx_word' id='word_1_73' title='bbox 1573 962 1781 1027; x_wconf 87' lang='lat' dir='ltr'>vincas,</span> <span class='ocrx_word' id='word_1_74' title='bbox 1815 974 1923 1012; x_wconf 90' lang='lat' dir='ltr'>non</span> <span class='ocrx_word' id='word_1_75' title='bbox 1953 958 2159 1023; x_wconf 86' lang='lat' dir='ltr'>hortos,</span> <span class='ocrx_word' id='word_1_76' title='bbox 2190 970 2300 1009; x_wconf 87' lang='lat' dir='ltr'>non</span> <span class='ocrx_word' id='word_1_77' title='bbox 2330 954 2608 1023; x_wconf 89' lang='lat' dir='ltr'>ecclesias,</span> <span class='ocrx_word' id='word_1_78' title='bbox 2641 969 2749 1010; x_wconf 91' lang='lat' dir='ltr'>non</span> <span class='ocrx_word' id='word_1_79' title='bbox 2778 953 3111 1023; x_wconf 76' lang='lat' dir='ltr'>caemeteria,</span> <span class='ocrx_word' id='word_1_80' title='bbox 3145 969 3253 1010; x_wconf 89' lang='lat' dir='ltr'>non</span> <span class='ocrx_word' id='word_1_81' title='bbox 3288 954 3607 1022; x_wconf 86' lang='lat' dir='ltr'>oblationes,</span> <span class='ocrx_word' id='word_1_82' title='bbox 3641 968 3754 1009; x_wconf 89' lang='lat' dir='ltr'>non</span> 
     </span>
    </p>
   </div>
   <div class='ocr_carea' id='block_1_11' title="bbox 456 1060 1494 1136">
    <p class='ocr_par' dir='ltr' id='par_1_11' title="bbox 456 1060 1494 1136">
     <span class='ocr_line' id='line_1_11' title="bbox 456 1060 1494 1136; baseline -0.009 -13"><span class='ocrx_word' id='word_1_83' title='bbox 456 1066 697 1123; x_wconf 83' lang='lat' dir='ltr'>decimas</span> <span class='ocrx_word' id='word_1_84' title='bbox 727 1073 779 1121; x_wconf 90' lang='lat' dir='ltr'>et</span> <span class='ocrx_word' id='word_1_85' title='bbox 800 1080 1137 1136; x_wconf 71' lang='lat' dir='ltr'>quaecunque</span> <span class='ocrx_word' id='word_1_86' title='bbox 1166 1060 1494 1132; x_wconf 86' lang='lat' dir='ltr'>hujusmodi.</span> 
     </span>
    </p>
   </div>
   <div class='ocr_carea' id='block_1_12' title="bbox 1773 1177 2345 1234">
    <p class='ocr_par' dir='ltr' id='par_1_12' title="bbox 1773 1177 2345 1234">
     <span class='ocr_line' id='line_1_12' title="bbox 1773 1177 2345 1234; baseline -0.007 0"><span class='ocrx_word' id='word_1_87' title='bbox 1773 1177 2345 1234; x_wconf 82' lang='lat' dir='ltr'>COMMENTARIUS.</span> 
     </span>
    </p>
   </div>
   <div class='ocr_carea' id='block_1_13' title="bbox 457 1296 3756 1370">
    <p class='ocr_par' dir='ltr' id='par_1_13' title="bbox 457 1296 3756 1370">
     <span class='ocr_line' id='line_1_13' title="bbox 457 1296 3756 1370; baseline -0.004 -1"><span class='ocrx_word' id='word_1_88' title='bbox 457 1311 668 1369; x_wconf 85' lang='lat' dir='ltr'>centius</span> <span class='ocrx_word' id='word_1_89' title='bbox 716 1318 768 1366; x_wconf 91' lang='lat' dir='ltr'>et</span> <span class='ocrx_word' id='word_1_90' title='bbox 813 1308 1256 1366; x_wconf 81' lang='lat' dir='ltr'>honorificentius</span> <span class='ocrx_word' id='word_1_91' title='bbox 1306 1321 1489 1362; x_wconf 90' lang='lat' dir='ltr'>coram</span> <span class='ocrx_word' id='word_1_92' title='bbox 1532 1303 1882 1359; x_wconf 66' lang='lat' dir='ltr'>saecularibus</span> <span class='ocrx_word' id='word_1_93' title='bbox 1929 1300 2045 1355; x_wconf 86' lang='lat' dir='ltr'>istis</span> <span class='ocrx_word' id='word_1_94' title='bbox 2065 1309 2115 1366; x_wconf 84' lang='grc' dir='ltr'><strong>Α</strong></span> <span class='ocrx_word' id='word_1_95' title='bbox 2148 1298 2361 1370; x_wconf 86' lang='lat' dir='ltr'>possint</span> <span class='ocrx_word' id='word_1_96' title='bbox 2391 1298 2445 1353; x_wconf 92' lang='lat' dir='ltr'>in</span> <span class='ocrx_word' id='word_1_97' title='bbox 2475 1298 2610 1354; x_wconf 88' lang='lat' dir='ltr'>cella</span> <span class='ocrx_word' id='word_1_98' title='bbox 2643 1299 2789 1367; x_wconf 89' lang='lat' dir='ltr'>(nam</span> <span class='ocrx_word' id='word_1_99' title='bbox 2824 1296 2870 1352; x_wconf 91' lang='lat' dir='ltr'>si</span> <span class='ocrx_word' id='word_1_100' title='bbox 2901 1314 3040 1353; x_wconf 88' lang='lat' dir='ltr'>unus</span> <span class='ocrx_word' id='word_1_101' title='bbox 3069 1298 3136 1353; x_wconf 91' lang='lat' dir='ltr'>ad</span> <span class='ocrx_word' id='word_1_102' title='bbox 3184 1298 3239 1353; x_wconf 90' lang='lat' dir='ltr'>id</span> <span class='ocrx_word' id='word_1_103' title='bbox 3283 1314 3392 1354; x_wconf 91' lang='lat' dir='ltr'>non</span> <span class='ocrx_word' id='word_1_104' title='bbox 3414 1297 3756 1355; x_wconf 90' lang='lat' dir='ltr'>consituere-</span> 
     </span>
    </p>
   </div>
   <div class='ocr_carea' id='block_1_14' title="bbox 456 1389 2049 1472">
    <p class='ocr_par' dir='ltr' id='par_1_14' title="bbox 456 1389 2049 1472">
     <span class='ocr_line' id='line_1_14' title="bbox 456 1389 2049 1472; baseline -0.008 -16"><span class='ocrx_word' id='word_1_105' title='bbox 456 1400 892 1472; x_wconf 84' lang='lat' dir='ltr'>exsequendum,</span> <span class='ocrx_word' id='word_1_106' title='bbox 952 1398 1114 1468; x_wconf 88' lang='lat' dir='ltr'>paulo</span> <span class='ocrx_word' id='word_1_107' title='bbox 1162 1394 1468 1467; x_wconf 89' lang='lat' dir='ltr'>pretiosiori</span> <span class='ocrx_word' id='word_1_108' title='bbox 1498 1391 1831 1462; x_wconf 82' lang='lat' dir='ltr'>supellectile</span> <span class='ocrx_word' id='word_1_109' title='bbox 1878 1389 2049 1446; x_wconf 91' lang='lat' dir='ltr'>eccle-</span> 
     </span>
    </p>
   </div>
   <div class='ocr_carea' id='block_1_15' title="bbox 455 1477 2051 1556">
    <p class='ocr_par' dir='ltr' id='par_1_15' title="bbox 455 1477 2051 1556">
     <span class='ocr_line' id='line_1_15' title="bbox 455 1477 2051 1556; baseline -0.008 -13"><span class='ocrx_word' id='word_1_110' title='bbox 455 1489 705 1556; x_wconf 89' lang='lat' dir='ltr'>siastica,</span> <span class='ocrx_word' id='word_1_111' title='bbox 756 1487 916 1541; x_wconf 88' lang='lat' dir='ltr'>etiam</span> <span class='ocrx_word' id='word_1_112' title='bbox 947 1486 1001 1539; x_wconf 94' lang='lat' dir='ltr'>in</span> <span class='ocrx_word' id='word_1_113' title='bbox 1032 1484 1277 1540; x_wconf 86' lang='lat' dir='ltr'>ecclesiis</span> <span class='ocrx_word' id='word_1_114' title='bbox 1308 1480 1509 1537; x_wconf 88' lang='lat' dir='ltr'>nostris</span> <span class='ocrx_word' id='word_1_115' title='bbox 1540 1480 1633 1548; x_wconf 88' lang='lat' dir='ltr'>uti,</span> <span class='ocrx_word' id='word_1_116' title='bbox 1667 1478 1896 1533; x_wconf 85' lang='lat' dir='ltr'>maxime</span> <span class='ocrx_word' id='word_1_117' title='bbox 1926 1477 2051 1548; x_wconf 91' lang='lat' dir='ltr'>quia</span> 
     </span>
    </p>
   </div>
   <div class='ocr_carea' id='block_1_16' title="bbox 457 1567 2049 1643">
    <p class='ocr_par' dir='ltr' id='par_1_16' title="bbox 457 1567 2049 1643">
     <span class='ocr_line' id='line_1_16' title="bbox 457 1567 2049 1643; baseline -0.008 -12"><span class='ocrx_word' id='word_1_118' title='bbox 457 1577 650 1633; x_wconf 58' lang='lat' dir='ltr'>serica</span> <span class='ocrx_word' id='word_1_119' title='bbox 696 1583 876 1631; x_wconf 83' lang='lat' dir='ltr'>vestes</span> <span class='ocrx_word' id='word_1_120' title='bbox 922 1581 977 1629; x_wconf 91' lang='lat' dir='ltr'>et</span> <span class='ocrx_word' id='word_1_121' title='bbox 1028 1588 1157 1629; x_wconf 88' lang='lat' dir='ltr'>vasa</span> <span class='ocrx_word' id='word_1_122' title='bbox 1180 1579 1436 1643; x_wconf 88' lang='lat' dir='ltr'>argentea</span> <span class='ocrx_word' id='word_1_123' title='bbox 1480 1568 1557 1623; x_wconf 93' lang='lat' dir='ltr'>sic</span> <span class='ocrx_word' id='word_1_124' title='bbox 1603 1567 1906 1621; x_wconf 90' lang='lat' dir='ltr'>communia</span> <span class='ocrx_word' id='word_1_125' title='bbox 1938 1570 2049 1634; x_wconf 84' lang='lat' dir='ltr'>jam</span> 
     </span>
    </p>
   </div>
   <div class='ocr_carea' id='block_1_17' title="bbox 457 1654 2051 1733">
    <p class='ocr_par' dir='ltr' id='par_1_17' title="bbox 457 1654 2051 1733">
     <span class='ocr_line' id='line_1_17' title="bbox 457 1654 2051 1733; baseline -0.008 -13"><span class='ocrx_word' id='word_1_126' title='bbox 457 1672 644 1733; x_wconf 88' lang='lat' dir='ltr'>erant,</span> <span class='ocrx_word' id='word_1_127' title='bbox 696 1671 752 1717; x_wconf 93' lang='lat' dir='ltr'>ut</span> <span class='ocrx_word' id='word_1_128' title='bbox 782 1663 837 1716; x_wconf 91' lang='lat' dir='ltr'>in</span> <span class='ocrx_word' id='word_1_129' title='bbox 865 1668 1233 1731; x_wconf 90' lang='lat' dir='ltr'>contemptum</span> <span class='ocrx_word' id='word_1_130' title='bbox 1262 1658 1427 1713; x_wconf 79' lang='lat' dir='ltr'>divini</span> <span class='ocrx_word' id='word_1_131' title='bbox 1460 1656 1632 1713; x_wconf 91' lang='lat' dir='ltr'>cultus</span> <span class='ocrx_word' id='word_1_132' title='bbox 1666 1654 1989 1710; x_wconf 87' lang='lat' dir='ltr'>abstinentia</span> <span class='ocrx_word' id='word_1_133' title='bbox 2018 1669 2051 1708; x_wconf 90' lang='lat' dir='ltr'>a</span> 
     </span>
    </p>
   </div>
   <div class='ocr_carea' id='block_1_18' title="bbox 455 1742 2052 1819">
    <p class='ocr_par' dir='ltr' id='par_1_18' title="bbox 455 1742 2052 1819">
     <span class='ocr_line' id='line_1_18' title="bbox 455 1742 2052 1819; baseline -0.007 -11"><span class='ocrx_word' id='word_1_134' title='bbox 455 1752 699 1808; x_wconf 84' lang='lat' dir='ltr'>vestibus</span> <span class='ocrx_word' id='word_1_135' title='bbox 730 1750 922 1806; x_wconf 87' lang='lat' dir='ltr'>sericis</span> <span class='ocrx_word' id='word_1_136' title='bbox 967 1757 1019 1805; x_wconf 91' lang='lat' dir='ltr'>et</span> <span class='ocrx_word' id='word_1_137' title='bbox 1050 1746 1371 1819; x_wconf 87' lang='lat' dir='ltr'>supellectili</span> <span class='ocrx_word' id='word_1_138' title='bbox 1398 1753 1690 1817; x_wconf 85' lang='lat' dir='ltr'>argentea,</span> <span class='ocrx_word' id='word_1_139' title='bbox 1722 1742 1908 1798; x_wconf 91' lang='lat' dir='ltr'>venire</span> <span class='ocrx_word' id='word_1_140' title='bbox 1936 1757 2052 1797; x_wconf 87' lang='lat' dir='ltr'>me-</span> 
     </span>
    </p>
   </div>
   <div class='ocr_carea' id='block_1_19' title="bbox 457 1831 2049 1908">
    <p class='ocr_par' dir='ltr' id='par_1_19' title="bbox 457 1831 2049 1908">
     <span class='ocr_line' id='line_1_19' title="bbox 457 1831 2049 1908; baseline -0.008 -13"><span class='ocrx_word' id='word_1_141' title='bbox 457 1841 560 1895; x_wconf 87' lang='lat' dir='ltr'>rito</span> <span class='ocrx_word' id='word_1_142' title='bbox 591 1840 888 1894; x_wconf 86' lang='lat' dir='ltr'>timeretur.</span> <span class='ocrx_word' id='word_1_143' title='bbox 933 1838 991 1891; x_wconf 89' lang='lat' dir='ltr'>In</span> <span class='ocrx_word' id='word_1_144' title='bbox 1040 1835 1364 1908; x_wconf 88' lang='lat' dir='ltr'>quibusdam</span> <span class='ocrx_word' id='word_1_145' title='bbox 1417 1834 1575 1888; x_wconf 89' lang='lat' dir='ltr'>etiam</span> <span class='ocrx_word' id='word_1_146' title='bbox 1605 1831 1922 1902; x_wconf 80' lang='lat' dir='ltr'>regionibus</span> <span class='ocrx_word' id='word_1_147' title='bbox 1959 1846 2049 1885; x_wconf 89' lang='lat' dir='ltr'>res</span> 
     </span>
    </p>
   </div>
   <div class='ocr_carea' id='block_1_20' title="bbox 455 1922 2049 1999">
    <p class='ocr_par' dir='ltr' id='par_1_20' title="bbox 455 1922 2049 1999">
     <span class='ocr_line' id='line_1_20' title="bbox 455 1922 2049 1999; baseline -0.006 -16"><span class='ocrx_word' id='word_1_148' title='bbox 455 1945 556 1999; x_wconf 89' lang='lat' dir='ltr'>per</span> <span class='ocrx_word' id='word_1_149' title='bbox 584 1926 1029 1983; x_wconf 87' lang='lat' dir='ltr'>consuetudinem</span> <span class='ocrx_word' id='word_1_150' title='bbox 1057 1934 1365 1995; x_wconf 90' lang='lat' dir='ltr'>temporum</span> <span class='ocrx_word' id='word_1_151' title='bbox 1396 1938 1461 1977; x_wconf 91' lang='lat' dir='ltr'>eo</span> <span class='ocrx_word' id='word_1_152' title='bbox 1491 1922 1846 1985; x_wconf 89' lang='lat' dir='ltr'>devenerunt,</span> <span class='ocrx_word' id='word_1_153' title='bbox 1870 1928 1927 1972; x_wconf 91' lang='lat' dir='ltr'>ut</span> <span class='ocrx_word' id='word_1_154' title='bbox 1949 1935 2049 1973; x_wconf 69' lang='lat' dir='ltr'>sa:-</span> 
     </span>
    </p>
   </div>
   <div class='ocr_carea' id='block_1_21' title="bbox 457 2005 2049 2075">
    <p class='ocr_par' dir='ltr' id='par_1_21' title="bbox 457 2005 2049 2075">
     <span class='ocr_line' id='line_1_21' title="bbox 457 2005 2049 2075; baseline -0.009 -3"><span class='ocrx_word' id='word_1_155' title='bbox 457 2016 668 2072; x_wconf 85' lang='lat' dir='ltr'>culares</span> <span class='ocrx_word' id='word_1_156' title='bbox 698 2015 855 2071; x_wconf 90' lang='lat' dir='ltr'>valde</span> <span class='ocrx_word' id='word_1_157' title='bbox 886 2013 1410 2075; x_wconf 88' lang='lat' dir='ltr'>scandalizarentur,</span> <span class='ocrx_word' id='word_1_158' title='bbox 1464 2008 1567 2063; x_wconf 90' lang='lat' dir='ltr'>nisi</span> <span class='ocrx_word' id='word_1_159' title='bbox 1596 2009 1842 2063; x_wconf 86' lang='lat' dir='ltr'>viderent</span> <span class='ocrx_word' id='word_1_160' title='bbox 1872 2005 2049 2060; x_wconf 89' lang='lat' dir='ltr'>omnia</span> 
     </span>
    </p>
   </div>
   <div class='ocr_carea' id='block_1_22' title="bbox 457 2093 2050 2175">
    <p class='ocr_par' dir='ltr' id='par_1_22' title="bbox 457 2093 2050 2175">
     <span class='ocr_line' id='line_1_22' title="bbox 457 2093 2050 2175; baseline -0.006 -18"><span class='ocrx_word' id='word_1_161' title='bbox 457 2112 687 2175; x_wconf 91' lang='lat' dir='ltr'>argento</span> <span class='ocrx_word' id='word_1_162' title='bbox 730 2110 785 2157; x_wconf 91' lang='lat' dir='ltr'>et</span> <span class='ocrx_word' id='word_1_163' title='bbox 834 2117 966 2155; x_wconf 91' lang='lat' dir='ltr'>auro</span> <span class='ocrx_word' id='word_1_164' title='bbox 1015 2100 1228 2170; x_wconf 83' lang='lat' dir='ltr'>fulgere</span> <span class='ocrx_word' id='word_1_165' title='bbox 1276 2099 1329 2152; x_wconf 93' lang='lat' dir='ltr'>in</span> <span class='ocrx_word' id='word_1_166' title='bbox 1379 2096 1578 2153; x_wconf 86' lang='lat' dir='ltr'>nostris</span> <span class='ocrx_word' id='word_1_167' title='bbox 1627 2095 1885 2150; x_wconf 87' lang='lat' dir='ltr'>altaribus</span> <span class='ocrx_word' id='word_1_168' title='bbox 1915 2102 1967 2149; x_wconf 88' lang='lat' dir='ltr'>et</span> <span class='ocrx_word' id='word_1_169' title='bbox 1996 2093 2050 2147; x_wconf 92' lang='lat' dir='ltr'>in</span> 
     </span>
    </p>
   </div>
   <div class='ocr_carea' id='block_1_23' title="bbox 457 2188 1192 2261">
    <p class='ocr_par' dir='ltr' id='par_1_23' title="bbox 457 2188 1192 2261">
     <span class='ocr_line' id='line_1_23' title="bbox 457 2188 1192 2261; baseline -0.005 -16"><span class='ocrx_word' id='word_1_170' title='bbox 457 2190 778 2261; x_wconf 90' lang='lat' dir='ltr'>supellectili</span> <span class='ocrx_word' id='word_1_171' title='bbox 800 2188 1192 2245; x_wconf 89' lang='lat' dir='ltr'>ecclesiastica.</span> 
     </span>
    </p>
   </div>
   <div class='ocr_carea' id='block_1_24' title="bbox 526 2272 2050 2343">
    <p class='ocr_par' dir='ltr' id='par_1_24' title="bbox 526 2272 2050 2343">
     <span class='ocr_line' id='line_1_24' title="bbox 526 2272 2050 2343; baseline -0.006 -9"><span class='ocrx_word' id='word_1_172' title='bbox 526 2278 761 2334; x_wconf 87' lang='lat' dir='ltr'>Nimiam</span> <span class='ocrx_word' id='word_1_173' title='bbox 793 2276 1141 2331; x_wconf 87' lang='lat' dir='ltr'>nihilominus</span> <span class='ocrx_word' id='word_1_174' title='bbox 1170 2275 1225 2328; x_wconf 93' lang='lat' dir='ltr'>in</span> <span class='ocrx_word' id='word_1_175' title='bbox 1241 2275 1345 2329; x_wconf 85' lang='lat' dir='ltr'>hoc</span> <span class='ocrx_word' id='word_1_176' title='bbox 1368 2272 1836 2343; x_wconf 90' lang='lat' dir='ltr'>sumptuositatem</span> <span class='ocrx_word' id='word_1_177' title='bbox 1868 2285 2050 2341; x_wconf 81' lang='lat' dir='ltr'>repro-</span> 
     </span>
    </p>
   </div>
   <div class='ocr_carea' id='block_1_25' title="bbox 458 2362 2047 2435">
    <p class='ocr_par' dir='ltr' id='par_1_25' title="bbox 458 2362 2047 2435">
     <span class='ocr_line' id='line_1_25' title="bbox 458 2362 2047 2435; baseline -0.006 -14"><span class='ocrx_word' id='word_1_178' title='bbox 458 2368 670 2432; x_wconf 86' lang='lat' dir='ltr'>bamus,</span> <span class='ocrx_word' id='word_1_179' title='bbox 704 2366 936 2420; x_wconf 87' lang='lat' dir='ltr'>maxime</span> <span class='ocrx_word' id='word_1_180' title='bbox 968 2364 1097 2418; x_wconf 90' lang='lat' dir='ltr'>dum</span> <span class='ocrx_word' id='word_1_181' title='bbox 1128 2370 1327 2435; x_wconf 88' lang='lat' dir='ltr'>urgent</span> <span class='ocrx_word' id='word_1_182' title='bbox 1356 2362 1706 2417; x_wconf 86' lang='lat' dir='ltr'>necessitates</span> <span class='ocrx_word' id='word_1_183' title='bbox 1728 2375 2047 2430; x_wconf 88' lang='lat' dir='ltr'>pauperum,</span> 
     </span>
    </p>
   </div>
   <div class='ocr_carea' id='block_1_26' title="bbox 457 2448 2051 2526">
    <p class='ocr_par' dir='ltr' id='par_1_26' title="bbox 457 2448 2051 2526">
     <span class='ocr_line' id='line_1_26' title="bbox 457 2448 2051 2526; baseline -0.006 -17"><span class='ocrx_word' id='word_1_184' title='bbox 457 2471 556 2526; x_wconf 93' lang='lat' dir='ltr'>pro</span> <span class='ocrx_word' id='word_1_185' title='bbox 605 2454 802 2525; x_wconf 91' lang='lat' dir='ltr'>quibus</span> <span class='ocrx_word' id='word_1_186' title='bbox 832 2451 1180 2507; x_wconf 88' lang='lat' dir='ltr'>sublevandis</span> <span class='ocrx_word' id='word_1_187' title='bbox 1209 2450 1393 2506; x_wconf 91' lang='lat' dir='ltr'>omnia</span> <span class='ocrx_word' id='word_1_188' title='bbox 1439 2450 1540 2503; x_wconf 91' lang='lat' dir='ltr'>ista</span> <span class='ocrx_word' id='word_1_189' title='bbox 1583 2448 1809 2503; x_wconf 89' lang='lat' dir='ltr'>distrahi</span> <span class='ocrx_word' id='word_1_190' title='bbox 1850 2448 2051 2502; x_wconf 87' lang='lat' dir='ltr'>debent</span> 
     </span>
    </p>
   </div>
   <div class='ocr_carea' id='block_1_27' title="bbox 460 2528 2050 2610">
    <p class='ocr_par' dir='ltr' id='par_1_27' title="bbox 460 2528 2050 2610">
     <span class='ocr_line' id='line_1_27' title="bbox 460 2528 2050 2610; baseline -0.006 -12"><span class='ocrx_word' id='word_1_191' title='bbox 460 2552 512 2598; x_wconf 92' lang='lat' dir='ltr'>et</span> <span class='ocrx_word' id='word_1_192' title='bbox 556 2542 611 2596; x_wconf 94' lang='lat' dir='ltr'>in</span> <span class='ocrx_word' id='word_1_193' title='bbox 661 2542 812 2597; x_wconf 88' lang='lat' dir='ltr'>cibos</span> <span class='ocrx_word' id='word_1_194' title='bbox 860 2528 1077 2595; x_wconf 87' lang='lat' dir='ltr'>illorum</span> <span class='ocrx_word' id='word_1_195' title='bbox 1108 2539 1347 2610; x_wconf 85' lang='lat' dir='ltr'>erogari.</span> <span class='ocrx_word' id='word_1_196' title='bbox 1383 2538 1490 2594; x_wconf 89' lang='lat' dir='ltr'>Sed</span> <span class='ocrx_word' id='word_1_197' title='bbox 1516 2536 1638 2591; x_wconf 91' lang='lat' dir='ltr'>illas</span> <span class='ocrx_word' id='word_1_198' title='bbox 1684 2537 1875 2591; x_wconf 91' lang='lat' dir='ltr'>domos</span> <span class='ocrx_word' id='word_1_199' title='bbox 1908 2534 2050 2589; x_wconf 92' lang='lat' dir='ltr'>mul-</span> 
     </span>
    </p>
   </div>
   <div class='ocr_carea' id='block_1_28' title="bbox 458 2623 2050 2699">
    <p class='ocr_par' dir='ltr' id='par_1_28' title="bbox 458 2623 2050 2699">
     <span class='ocr_line' id='line_1_28' title="bbox 458 2623 2050 2699; baseline -0.006 -13"><span class='ocrx_word' id='word_1_200' title='bbox 458 2640 571 2686; x_wconf 89' lang='lat' dir='ltr'>tum</span> <span class='ocrx_word' id='word_1_201' title='bbox 619 2630 939 2694; x_wconf 89' lang='lat' dir='ltr'>laudamus,</span> <span class='ocrx_word' id='word_1_202' title='bbox 993 2645 1114 2699; x_wconf 76' lang='lat' dir='ltr'>qua:</span> <span class='ocrx_word' id='word_1_203' title='bbox 1162 2629 1401 2699; x_wconf 90' lang='lat' dir='ltr'>(servata</span> <span class='ocrx_word' id='word_1_204' title='bbox 1457 2635 1635 2681; x_wconf 91' lang='lat' dir='ltr'>tamen</span> <span class='ocrx_word' id='word_1_205' title='bbox 1690 2624 1745 2678; x_wconf 92' lang='lat' dir='ltr'>in</span> <span class='ocrx_word' id='word_1_206' title='bbox 1801 2623 2050 2679; x_wconf 91' lang='lat' dir='ltr'>omnibus</span> 
     </span>
    </p>
   </div>
   <div class='ocr_carea' id='block_1_29' title="bbox 456 2711 2052 2789">
    <p class='ocr_par' dir='ltr' id='par_1_29' title="bbox 456 2711 2052 2789">
     <span class='ocr_line' id='line_1_29' title="bbox 456 2711 2052 2789; baseline -0.006 -15"><span class='ocrx_word' id='word_1_207' title='bbox 456 2718 718 2789; x_wconf 87' lang='lat' dir='ltr'>religiosa</span> <span class='ocrx_word' id='word_1_208' title='bbox 748 2716 992 2772; x_wconf 89' lang='lat' dir='ltr'>decentia</span> <span class='ocrx_word' id='word_1_209' title='bbox 1032 2724 1082 2770; x_wconf 91' lang='lat' dir='ltr'>et</span> <span class='ocrx_word' id='word_1_210' title='bbox 1113 2716 1353 2770; x_wconf 90' lang='lat' dir='ltr'>locorum</span> <span class='ocrx_word' id='word_1_211' title='bbox 1382 2713 1615 2782; x_wconf 88' lang='lat' dir='ltr'>ratione)</span> <span class='ocrx_word' id='word_1_212' title='bbox 1654 2711 2052 2782; x_wconf 88' lang='lat' dir='ltr'>simplicitatem</span> 
     </span>
    </p>
   </div>
   <div class='ocr_carea' id='block_1_30' title="bbox 457 2799 1977 2877">
    <p class='ocr_par' dir='ltr' id='par_1_30' title="bbox 457 2799 1977 2877">
     <span class='ocr_line' id='line_1_30' title="bbox 457 2799 1977 2877; baseline -0.005 -17"><span class='ocrx_word' id='word_1_213' title='bbox 457 2806 731 2877; x_wconf 89' lang='lat' dir='ltr'>antiquam</span> <span class='ocrx_word' id='word_1_214' title='bbox 763 2805 979 2859; x_wconf 86' lang='lat' dir='ltr'>student</span> <span class='ocrx_word' id='word_1_215' title='bbox 1009 2819 1246 2874; x_wconf 90' lang='lat' dir='ltr'>semper,</span> <span class='ocrx_word' id='word_1_216' title='bbox 1278 2802 1437 2857; x_wconf 88' lang='lat' dir='ltr'>etiam</span> <span class='ocrx_word' id='word_1_217' title='bbox 1468 2803 1523 2855; x_wconf 91' lang='lat' dir='ltr'>in</span> <span class='ocrx_word' id='word_1_218' title='bbox 1552 2801 1689 2865; x_wconf 90' lang='lat' dir='ltr'>istis,</span> <span class='ocrx_word' id='word_1_219' title='bbox 1719 2799 1977 2855; x_wconf 62' lang='lat' dir='ltr'>aemulari.</span> 
     </span>
    </p>
   </div>
   <div class='ocr_carea' id='block_1_31' title="bbox 534 2888 2047 2963">
    <p class='ocr_par' dir='ltr' id='par_1_31' title="bbox 534 2888 2047 2963">
     <span class='ocr_line' id='line_1_31' title="bbox 534 2888 2047 2963; baseline -0.004 -15"><span class='ocrx_word' id='word_1_220' title='bbox 534 2896 704 2948; x_wconf 90' lang='lat' dir='ltr'>Porro</span> <span class='ocrx_word' id='word_1_221' title='bbox 750 2894 873 2963; x_wconf 88' lang='lat' dir='ltr'>plus</span> <span class='ocrx_word' id='word_1_222' title='bbox 920 2892 1011 2947; x_wconf 89' lang='lat' dir='ltr'>vel</span> <span class='ocrx_word' id='word_1_223' title='bbox 1057 2892 1236 2945; x_wconf 90' lang='lat' dir='ltr'>minus</span> <span class='ocrx_word' id='word_1_224' title='bbox 1282 2891 1337 2943; x_wconf 89' lang='lat' dir='ltr'>in</span> <span class='ocrx_word' id='word_1_225' title='bbox 1382 2891 1481 2944; x_wconf 87' lang='lat' dir='ltr'>hac</span> <span class='ocrx_word' id='word_1_226' title='bbox 1514 2888 1740 2943; x_wconf 87' lang='lat' dir='ltr'>materia</span> <span class='ocrx_word' id='word_1_227' title='bbox 1768 2888 2047 2953; x_wconf 88' lang='lat' dir='ltr'>adhibere,</span> 
     </span>
    </p>
   </div>
   <div class='ocr_carea' id='block_1_32' title="bbox 457 2976 2048 3049">
    <p class='ocr_par' dir='ltr' id='par_1_32' title="bbox 457 2976 2048 3049">
     <span class='ocr_line' id='line_1_32' title="bbox 457 2976 2048 3049; baseline -0.004 -13"><span class='ocrx_word' id='word_1_228' title='bbox 457 2982 591 3036; x_wconf 88' lang='lat' dir='ltr'>nihil</span> <span class='ocrx_word' id='word_1_229' title='bbox 643 2980 849 3037; x_wconf 83' lang='lat' dir='ltr'>confert</span> <span class='ocrx_word' id='word_1_230' title='bbox 895 2980 961 3034; x_wconf 89' lang='lat' dir='ltr'>ad</span> <span class='ocrx_word' id='word_1_231' title='bbox 1020 2978 1359 3049; x_wconf 90' lang='lat' dir='ltr'>personalem</span> <span class='ocrx_word' id='word_1_232' title='bbox 1410 2976 1810 3032; x_wconf 85' lang='lat' dir='ltr'>observantiam</span> <span class='ocrx_word' id='word_1_233' title='bbox 1856 2990 2048 3030; x_wconf 87' lang='lat' dir='ltr'>mona-</span> 
     </span>
    </p>
   </div>
   <div class='ocr_carea' id='block_1_33' title="bbox 456 3065 1761 3139">
    <p class='ocr_par' dir='ltr' id='par_1_33' title="bbox 456 3065 1761 3139">
     <span class='ocr_line' id='line_1_33' title="bbox 456 3065 1761 3139; baseline -0.005 -15"><span class='ocrx_word' id='word_1_234' title='bbox 456 3071 703 3137; x_wconf 91' lang='lat' dir='ltr'>chorum,</span> <span class='ocrx_word' id='word_1_235' title='bbox 739 3068 830 3139; x_wconf 91' lang='lat' dir='ltr'>qui</span> <span class='ocrx_word' id='word_1_236' title='bbox 860 3068 991 3121; x_wconf 88' lang='lat' dir='ltr'>nihil</span> <span class='ocrx_word' id='word_1_237' title='bbox 1022 3067 1147 3120; x_wconf 89' lang='lat' dir='ltr'>inde</span> <span class='ocrx_word' id='word_1_238' title='bbox 1177 3065 1448 3121; x_wconf 92' lang='lat' dir='ltr'>commodi</span> <span class='ocrx_word' id='word_1_239' title='bbox 1489 3065 1761 3119; x_wconf 88' lang='lat' dir='ltr'>hauriunt.</span> 
     </span>
    </p>
   </div>
   <div class='ocr_carea' id='block_1_34' title="bbox 524 3152 2051 3222">
    <p class='ocr_par' dir='ltr' id='par_1_34' title="bbox 524 3152 2051 3222">
     <span class='ocr_line' id='line_1_34' title="bbox 524 3152 2051 3222; baseline -0.005 -10"><span class='ocrx_word' id='word_1_240' title='bbox 524 3158 688 3212; x_wconf 89' lang='lat' dir='ltr'>Num.</span> <span class='ocrx_word' id='word_1_241' title='bbox 708 3162 760 3212; x_wconf 72' lang='lat'>2.</span> <span class='ocrx_word' id='word_1_242' title='bbox 791 3159 1209 3219; x_wconf 77' lang='lat' dir='ltr'>Feneratorum,</span> <span class='ocrx_word' id='word_1_243' title='bbox 1243 3162 1347 3209; x_wconf 90' lang='lat' dir='ltr'>etc.</span> <span class='ocrx_word' id='word_1_244' title='bbox 1374 3153 1452 3206; x_wconf 90' lang='lat' dir='ltr'>Ibi</span> <span class='ocrx_word' id='word_1_245' title='bbox 1484 3152 1691 3207; x_wconf 89' lang='lat' dir='ltr'>videtur</span> <span class='ocrx_word' id='word_1_246' title='bbox 1718 3166 1875 3222; x_wconf 90' lang='lat' dir='ltr'>quam</span> <span class='ocrx_word' id='word_1_247' title='bbox 1900 3166 2051 3206; x_wconf 87' lang='lat' dir='ltr'>scru-</span> 
     </span>
    </p>
   </div>
   <div class='ocr_carea' id='block_1_35' title="bbox 455 3238 2051 3315">
    <p class='ocr_par' dir='ltr' id='par_1_35' title="bbox 455 3238 2051 3315">
     <span class='ocr_line' id='line_1_35' title="bbox 455 3238 2051 3315; baseline -0.004 -16"><span class='ocrx_word' id='word_1_248' title='bbox 455 3246 647 3315; x_wconf 89' lang='lat' dir='ltr'>pulose</span> <span class='ocrx_word' id='word_1_249' title='bbox 696 3243 825 3299; x_wconf 87' lang='lat' dir='ltr'>Boni</span> <span class='ocrx_word' id='word_1_250' title='bbox 872 3243 1062 3298; x_wconf 87' lang='lat' dir='ltr'>Patres</span> <span class='ocrx_word' id='word_1_251' title='bbox 1107 3240 1311 3297; x_wconf 91' lang='lat' dir='ltr'>nollent</span> <span class='ocrx_word' id='word_1_252' title='bbox 1368 3240 1765 3296; x_wconf 89' lang='lat' dir='ltr'>communicare</span> <span class='ocrx_word' id='word_1_253' title='bbox 1814 3238 2051 3309; x_wconf 89' lang='lat' dir='ltr'>peccatis</span> 
     </span>
    </p>
   </div>
   <div class='ocr_carea' id='block_1_36' title="bbox 456 3332 672 3387">
    <p class='ocr_par' dir='ltr' id='par_1_36' title="bbox 456 3332 672 3387">
     <span class='ocr_line' id='line_1_36' title="bbox 456 3332 672 3387; baseline -0.009 0"><span class='ocrx_word' id='word_1_254' title='bbox 456 3332 672 3387; x_wconf 88' lang='lat' dir='ltr'>alienis.</span> 
     </span>
    </p>
   </div>
   <div class='ocr_carea' id='block_1_37' title="bbox 529 3466 2050 3542">
    <p class='ocr_par' dir='ltr' id='par_1_37' title="bbox 529 3466 2050 3542">
     <span class='ocr_line' id='line_1_37' title="bbox 529 3466 2050 3542; baseline -0.005 -15"><span class='ocrx_word' id='word_1_255' title='bbox 529 3474 659 3528; x_wconf 76' lang='lat' dir='ltr'>CAP.</span> <span class='ocrx_word' id='word_1_256' title='bbox 694 3471 833 3525; x_wconf 83' lang='lat' dir='ltr'><strong>XLI.</strong></span> <span class='ocrx_word' id='word_1_257' title='bbox 866 3500 935 3510; x_wconf 91' lang='lat'><strong>—</strong></span> <span class='ocrx_word' id='word_1_258' title='bbox 965 3473 1264 3542; x_wconf 83' lang='lat' dir='ltr'>Antequam</span> <span class='ocrx_word' id='word_1_259' title='bbox 1314 3469 1383 3523; x_wconf 89' lang='lat' dir='ltr'>ad</span> <span class='ocrx_word' id='word_1_260' title='bbox 1431 3468 1843 3539; x_wconf 80' lang='lat' dir='ltr'>explicationem</span> <span class='ocrx_word' id='word_1_261' title='bbox 1891 3466 2050 3535; x_wconf 90' lang='lat' dir='ltr'>hujus</span> 
     </span>
    </p>
   </div>
   <div class='ocr_carea' id='block_1_38' title="bbox 456 3554 2049 3631">
    <p class='ocr_par' dir='ltr' id='par_1_38' title="bbox 456 3554 2049 3631">
     <span class='ocr_line' id='line_1_38' title="bbox 456 3554 2049 3631; baseline -0.006 -14"><span class='ocrx_word' id='word_1_262' title='bbox 456 3560 673 3631; x_wconf 86' lang='lat' dir='ltr'>capituli</span> <span class='ocrx_word' id='word_1_263' title='bbox 710 3559 1082 3623; x_wconf 85' lang='lat' dir='ltr'>deveniamus,</span> <span class='ocrx_word' id='word_1_264' title='bbox 1109 3558 1357 3628; x_wconf 59' lang='lat' dir='ltr'>quadam</span> <span class='ocrx_word' id='word_1_265' title='bbox 1387 3557 1626 3611; x_wconf 89' lang='lat' dir='ltr'>notanda</span> <span class='ocrx_word' id='word_1_266' title='bbox 1655 3555 1897 3622; x_wconf 89' lang='lat' dir='ltr'>veniunt,</span> <span class='ocrx_word' id='word_1_267' title='bbox 1926 3554 2049 3626; x_wconf 90' lang='lat' dir='ltr'>qui-</span> 
     </span>
    </p>
   </div>
   <div class='ocr_carea' id='block_1_39' title="bbox 457 3642 2050 3719">
    <p class='ocr_par' dir='ltr' id='par_1_39' title="bbox 457 3642 2050 3719">
     <span class='ocr_line' id='line_1_39' title="bbox 457 3642 2050 3719; baseline -0.004 -16"><span class='ocrx_word' id='word_1_268' title='bbox 457 3650 558 3704; x_wconf 89' lang='lat' dir='ltr'>bus</span> <span class='ocrx_word' id='word_1_269' title='bbox 589 3649 658 3703; x_wconf 92' lang='lat' dir='ltr'>ad</span> <span class='ocrx_word' id='word_1_270' title='bbox 687 3664 906 3703; x_wconf 89' lang='lat' dir='ltr'>sensum</span> <span class='ocrx_word' id='word_1_271' title='bbox 938 3649 1007 3702; x_wconf 85' lang='lat' dir='ltr'>R.</span> <span class='ocrx_word' id='word_1_272' title='bbox 1047 3648 1104 3700; x_wconf 86' lang='lat' dir='ltr'>P.</span> <span class='ocrx_word' id='word_1_273' title='bbox 1140 3645 1408 3719; x_wconf 88' lang='lat' dir='ltr'>Guigonis</span> <span class='ocrx_word' id='word_1_274' title='bbox 1436 3646 1642 3715; x_wconf 88' lang='lat' dir='ltr'>absque</span> <span class='ocrx_word' id='word_1_275' title='bbox 1671 3644 1878 3699; x_wconf 89' lang='lat' dir='ltr'>erroris</span> <span class='ocrx_word' id='word_1_276' title='bbox 1906 3642 2050 3713; x_wconf 88' lang='lat' dir='ltr'>peri-</span> 
     </span>
    </p>
   </div>
   <div class='ocr_carea' id='block_1_40' title="bbox 454 3732 2049 3807">
    <p class='ocr_par' dir='ltr' id='par_1_40' title="bbox 454 3732 2049 3807">
     <span class='ocr_line' id='line_1_40' title="bbox 454 3732 2049 3807; baseline -0.004 -15"><span class='ocrx_word' id='word_1_277' title='bbox 454 3737 576 3793; x_wconf 91' lang='lat' dir='ltr'>culo</span> <span class='ocrx_word' id='word_1_278' title='bbox 606 3736 930 3807; x_wconf 88' lang='lat' dir='ltr'>capiendum</span> <span class='ocrx_word' id='word_1_279' title='bbox 963 3735 1133 3789; x_wconf 86' lang='lat' dir='ltr'>lector</span> <span class='ocrx_word' id='word_1_280' title='bbox 1162 3734 1501 3803; x_wconf 89' lang='lat' dir='ltr'>disponatur,</span> <span class='ocrx_word' id='word_1_281' title='bbox 1552 3741 1604 3786; x_wconf 89' lang='lat' dir='ltr'>et</span> <span class='ocrx_word' id='word_1_282' title='bbox 1647 3732 1771 3786; x_wconf 90' lang='lat' dir='ltr'>ideo</span> <span class='ocrx_word' id='word_1_283' title='bbox 1802 3747 1924 3802; x_wconf 60' lang='lat' dir='ltr'>qua:</span> <span class='ocrx_word' id='word_1_284' title='bbox 1953 3747 2049 3785; x_wconf 87' lang='lat' dir='ltr'>su-</span> 
     </span>
    </p>
   </div>
   <div class='ocr_carea' id='block_1_41' title="bbox 456 3819 2046 3895">
    <p class='ocr_par' dir='ltr' id='par_1_41' title="bbox 456 3819 2046 3895">
     <span class='ocr_line' id='line_1_41' title="bbox 456 3819 2046 3895; baseline -0.004 -16"><span class='ocrx_word' id='word_1_285' title='bbox 456 3825 641 3895; x_wconf 92' lang='lat' dir='ltr'>perius</span> <span class='ocrx_word' id='word_1_286' title='bbox 662 3824 959 3895; x_wconf 84' lang='lat' dir='ltr'>attigimus,</span> <span class='ocrx_word' id='word_1_287' title='bbox 986 3821 1073 3876; x_wconf 90' lang='lat' dir='ltr'>hic</span> <span class='ocrx_word' id='word_1_288' title='bbox 1103 3822 1300 3875; x_wconf 91' lang='lat' dir='ltr'>iterum</span> <span class='ocrx_word' id='word_1_289' title='bbox 1321 3828 1568 3890; x_wconf 90' lang='lat' dir='ltr'>repetere</span> <span class='ocrx_word' id='word_1_290' title='bbox 1592 3834 1697 3873; x_wconf 90' lang='lat' dir='ltr'>non</span> <span class='ocrx_word' id='word_1_291' title='bbox 1716 3819 2046 3873; x_wconf 89' lang='lat' dir='ltr'>dubitamus.</span> 
     </span>
    </p>
   </div>
   <div class='ocr_carea' id='block_1_42' title="bbox 528 3923 2047 3996">
    <p class='ocr_par' dir='ltr' id='par_1_42' title="bbox 528 3923 2047 3996">
     <span class='ocr_line' id='line_1_42' title="bbox 528 3923 2047 3996; baseline -0.003 -15"><span class='ocrx_word' id='word_1_292' title='bbox 528 3928 743 3993; x_wconf 89' lang='lat' dir='ltr'>Primo,</span> <span class='ocrx_word' id='word_1_293' title='bbox 797 3935 1005 3982; x_wconf 89' lang='lat' dir='ltr'>certum</span> <span class='ocrx_word' id='word_1_294' title='bbox 1050 3934 1131 3981; x_wconf 91' lang='lat' dir='ltr'>est</span> <span class='ocrx_word' id='word_1_295' title='bbox 1178 3925 1310 3979; x_wconf 88' lang='lat' dir='ltr'>nihil</span> <span class='ocrx_word' id='word_1_296' title='bbox 1359 3940 1482 3980; x_wconf 90' lang='lat' dir='ltr'>esse</span> <span class='ocrx_word' id='word_1_297' title='bbox 1524 3923 1702 3996; x_wconf 89' lang='lat' dir='ltr'>magis</span> <span class='ocrx_word' id='word_1_298' title='bbox 1741 3924 2047 3994; x_wconf 90' lang='lat' dir='ltr'>oppositum</span> 
     </span>
    </p>
   </div>
   <div class='ocr_carea' id='block_1_43' title="bbox 2155 1386 3748 1460">
    <p class='ocr_par' dir='ltr' id='par_1_43' title="bbox 2155 1386 3748 1460">
     <span class='ocr_line' id='line_1_43' title="bbox 2155 1386 3748 1460; baseline -0.001 -17"><span class='ocrx_word' id='word_1_299' title='bbox 2155 1399 2239 1444; x_wconf 87' lang='lat' dir='ltr'>tur</span> <span class='ocrx_word' id='word_1_300' title='bbox 2268 1403 2369 1457; x_wconf 88' lang='lat' dir='ltr'>pro</span> <span class='ocrx_word' id='word_1_301' title='bbox 2400 1386 2681 1452; x_wconf 91' lang='lat' dir='ltr'>omnibus,</span> <span class='ocrx_word' id='word_1_302' title='bbox 2716 1386 2917 1458; x_wconf 90' lang='lat' dir='ltr'>singuli</span> <span class='ocrx_word' id='word_1_303' title='bbox 2946 1386 3049 1441; x_wconf 88' lang='lat' dir='ltr'>sibi</span> <span class='ocrx_word' id='word_1_304' title='bbox 3078 1387 3366 1457; x_wconf 88' lang='lat' dir='ltr'>providere</span> <span class='ocrx_word' id='word_1_305' title='bbox 3395 1396 3748 1460; x_wconf 85' lang='lat' dir='ltr'>cogerentur,</span> 
     </span>
    </p>
   </div>
   <div class='ocr_carea' id='block_1_44' title="bbox 2152 1474 3750 1547">
    <p class='ocr_par' dir='ltr' id='par_1_44' title="bbox 2152 1474 3750 1547">
     <span class='ocr_line' id='line_1_44' title="bbox 2152 1474 3750 1547; baseline 0 -17"><span class='ocrx_word' id='word_1_306' title='bbox 2152 1484 2205 1531; x_wconf 90' lang='lat' dir='ltr'>et</span> <span class='ocrx_word' id='word_1_307' title='bbox 2236 1475 2311 1530; x_wconf 91' lang='lat' dir='ltr'>sic</span> <span class='ocrx_word' id='word_1_308' title='bbox 2341 1492 2531 1529; x_wconf 91' lang='lat' dir='ltr'>omnes</span> <span class='ocrx_word' id='word_1_309' title='bbox 2561 1491 2589 1527; x_wconf 91' lang='lat' dir='ltr'>a</span> <span class='ocrx_word' id='word_1_310' title='bbox 2618 1474 2829 1530; x_wconf 75' lang='lat' dir='ltr'>cellulae</span> <span class='ocrx_word' id='word_1_311' title='bbox 2860 1474 3038 1546; x_wconf 87' lang='lat' dir='ltr'>quiete</span> <span class='ocrx_word' id='word_1_312' title='bbox 3068 1477 3405 1545; x_wconf 88' lang='lat' dir='ltr'>arcerentur)</span> <span class='ocrx_word' id='word_1_313' title='bbox 3433 1494 3447 1541; x_wconf 89' lang='lat'><strong>;</strong></span> <span class='ocrx_word' id='word_1_314' title='bbox 3483 1476 3605 1547; x_wconf 90' lang='lat' dir='ltr'>qui,</span> <span class='ocrx_word' id='word_1_315' title='bbox 3658 1477 3750 1530; x_wconf 86' lang='lat' dir='ltr'>in-</span> 
     </span>
    </p>
   </div>
   <div class='ocr_carea' id='block_1_45' title="bbox 2153 1562 3749 1635">
    <p class='ocr_par' dir='ltr' id='par_1_45' title="bbox 2153 1562 3749 1635">
     <span class='ocr_line' id='line_1_45' title="bbox 2153 1562 3749 1635; baseline 0 -17"><span class='ocrx_word' id='word_1_316' title='bbox 2153 1579 2343 1635; x_wconf 88' lang='lat' dir='ltr'>quam,</span> <span class='ocrx_word' id='word_1_317' title='bbox 2399 1564 2469 1617; x_wconf 88' lang='lat' dir='ltr'>ad</span> <span class='ocrx_word' id='word_1_318' title='bbox 2517 1562 2825 1631; x_wconf 90' lang='lat' dir='ltr'>hujusmodi</span> <span class='ocrx_word' id='word_1_319' title='bbox 2873 1562 3106 1618; x_wconf 82' lang='lat' dir='ltr'>oﬂicium</span> <span class='ocrx_word' id='word_1_320' title='bbox 3156 1562 3479 1633; x_wconf 86' lang='lat' dir='ltr'>assumitur,</span> <span class='ocrx_word' id='word_1_321' title='bbox 3526 1564 3572 1617; x_wconf 91' lang='lat' dir='ltr'>si</span> <span class='ocrx_word' id='word_1_322' title='bbox 3602 1564 3749 1618; x_wconf 86' lang='lat' dir='ltr'>laxet</span> 
     </span>
    </p>
   </div>
   <div class='ocr_carea' id='block_1_46' title="bbox 2148 1651 3747 1723">
    <p class='ocr_par' dir='ltr' id='par_1_46' title="bbox 2148 1651 3747 1723">
     <span class='ocr_line' id='line_1_46' title="bbox 2148 1651 3747 1723; baseline 0.001 -18"><span class='ocrx_word' id='word_1_323' title='bbox 2148 1653 2388 1706; x_wconf 89' lang='lat' dir='ltr'>habenas</span> <span class='ocrx_word' id='word_1_324' title='bbox 2412 1651 2685 1722; x_wconf 89' lang='lat' dir='ltr'>cupiditati</span> <span class='ocrx_word' id='word_1_325' title='bbox 2720 1651 2973 1720; x_wconf 88' lang='lat' dir='ltr'>habendi,</span> <span class='ocrx_word' id='word_1_326' title='bbox 3008 1652 3323 1723; x_wconf 86' lang='lat' dir='ltr'>acquirendi</span> <span class='ocrx_word' id='word_1_327' title='bbox 3345 1659 3399 1707; x_wconf 92' lang='lat' dir='ltr'>et</span> <span class='ocrx_word' id='word_1_328' title='bbox 3428 1652 3747 1723; x_wconf 87' lang='lat' dir='ltr'>possidendi</span> 
     </span>
    </p>
   </div>
   <div class='ocr_carea' id='block_1_47' title="bbox 2152 1727 3746 1811">
    <p class='ocr_par' dir='ltr' id='par_1_47' title="bbox 2152 1727 3746 1811">
     <span class='ocr_line' id='line_1_47' title="bbox 2152 1727 3746 1811; baseline 0 -18"><span class='ocrx_word' id='word_1_329' title='bbox 2152 1740 2375 1811; x_wconf 87' lang='lat' dir='ltr'>quiquid</span> <span class='ocrx_word' id='word_1_330' title='bbox 2402 1747 2577 1810; x_wconf 89' lang='lat' dir='ltr'>potest</span> <span class='ocrx_word' id='word_1_331' title='bbox 2608 1746 2660 1793; x_wconf 92' lang='lat' dir='ltr'>et</span> <span class='ocrx_word' id='word_1_332' title='bbox 2690 1738 2905 1795; x_wconf 88' lang='lat' dir='ltr'>obvium</span> <span class='ocrx_word' id='word_1_333' title='bbox 2940 1739 3116 1805; x_wconf 88' lang='lat' dir='ltr'>venit,</span> <span class='ocrx_word' id='word_1_334' title='bbox 3168 1727 3506 1795; x_wconf 12' lang='lat' dir='ltr'>necesseiest</span> <span class='ocrx_word' id='word_1_335' title='bbox 3533 1748 3591 1794; x_wconf 89' lang='lat' dir='ltr'>ut</span> <span class='ocrx_word' id='word_1_336' title='bbox 3626 1749 3746 1794; x_wconf 88' lang='lat' dir='ltr'>sta-</span> 
     </span>
    </p>
   </div>
   <div class='ocr_carea' id='block_1_48' title="bbox 2152 1827 3749 1898">
    <p class='ocr_par' dir='ltr' id='par_1_48' title="bbox 2152 1827 3749 1898">
     <span class='ocr_line' id='line_1_48' title="bbox 2152 1827 3749 1898; baseline 0.002 -17"><span class='ocrx_word' id='word_1_337' title='bbox 2152 1828 2245 1882; x_wconf 90' lang='lat' dir='ltr'>tim</span> <span class='ocrx_word' id='word_1_338' title='bbox 2276 1844 2399 1882; x_wconf 90' lang='lat' dir='ltr'>sese</span> <span class='ocrx_word' id='word_1_339' title='bbox 2426 1828 2711 1897; x_wconf 86' lang='lat' dir='ltr'>immergat</span> <span class='ocrx_word' id='word_1_340' title='bbox 2741 1827 2794 1881; x_wconf 92' lang='lat' dir='ltr'>in</span> <span class='ocrx_word' id='word_1_341' title='bbox 2824 1827 3208 1898; x_wconf 89' lang='lat' dir='ltr'>dissipationes</span> <span class='ocrx_word' id='word_1_342' title='bbox 3229 1872 3241 1893; x_wconf 91' lang='lat'>,</span> <span class='ocrx_word' id='word_1_343' title='bbox 3274 1828 3549 1884; x_wconf 90' lang='lat' dir='ltr'>discursus</span> <span class='ocrx_word' id='word_1_344' title='bbox 3568 1869 3582 1897; x_wconf 95' lang='lat'>,</span> <span class='ocrx_word' id='word_1_345' title='bbox 3617 1843 3749 1884; x_wconf 90' lang='lat' dir='ltr'>eva-</span> 
     </span>
    </p>
   </div>
   <div class='ocr_carea' id='block_1_49' title="bbox 2151 1915 3747 1988">
    <p class='ocr_par' dir='ltr' id='par_1_49' title="bbox 2151 1915 3747 1988">
     <span class='ocr_line' id='line_1_49' title="bbox 2151 1915 3747 1988; baseline 0.001 -19"><span class='ocrx_word' id='word_1_346' title='bbox 2151 1916 2395 1988; x_wconf 86' lang='lat' dir='ltr'>gatioues</span> <span class='ocrx_word' id='word_1_347' title='bbox 2443 1924 2495 1971; x_wconf 89' lang='lat' dir='ltr'>et</span> <span class='ocrx_word' id='word_1_348' title='bbox 2544 1915 2738 1969; x_wconf 88' lang='lat' dir='ltr'>similia</span> <span class='ocrx_word' id='word_1_349' title='bbox 2787 1931 2908 1987; x_wconf 79' lang='lat' dir='ltr'>quae</span> <span class='ocrx_word' id='word_1_350' title='bbox 2937 1932 3091 1987; x_wconf 71' lang='lat' dir='ltr'>teque</span> <span class='ocrx_word' id='word_1_351' title='bbox 3122 1917 3391 1971; x_wconf 89' lang='lat' dir='ltr'>contraria</span> <span class='ocrx_word' id='word_1_352' title='bbox 3427 1924 3551 1970; x_wconf 90' lang='lat' dir='ltr'>sunt</span> <span class='ocrx_word' id='word_1_353' title='bbox 3578 1916 3747 1987; x_wconf 90' lang='lat' dir='ltr'>spiri-</span> 
     </span>
    </p>
   </div>
   <div class='ocr_carea' id='block_1_50' title="bbox 2151 2002 3746 2074">
    <p class='ocr_par' dir='ltr' id='par_1_50' title="bbox 2151 2002 3746 2074">
     <span class='ocr_line' id='line_1_50' title="bbox 2151 2002 3746 2074; baseline 0.001 -16"><span class='ocrx_word' id='word_1_354' title='bbox 2151 2004 2224 2058; x_wconf 89' lang='lat' dir='ltr'>tui</span> <span class='ocrx_word' id='word_1_355' title='bbox 2256 2020 2367 2059; x_wconf 78' lang='lat' dir='ltr'>suae</span> <span class='ocrx_word' id='word_1_356' title='bbox 2416 2002 2806 2074; x_wconf 84' lang='lat' dir='ltr'>professionis,</span> <span class='ocrx_word' id='word_1_357' title='bbox 2838 2019 2903 2059; x_wconf 89' lang='lat' dir='ltr'>ac</span> <span class='ocrx_word' id='word_1_358' title='bbox 2932 2003 3244 2073; x_wconf 89' lang='lat' dir='ltr'>strepitibus</span> <span class='ocrx_word' id='word_1_359' title='bbox 3290 2004 3603 2060; x_wconf 89' lang='lat' dir='ltr'>forensibus</span> <span class='ocrx_word' id='word_1_360' title='bbox 3650 2012 3746 2059; x_wconf 87' lang='lat' dir='ltr'>aut</span> 
     </span>
    </p>
   </div>
   <div class='ocr_carea' id='block_1_51' title="bbox 2152 2092 3746 2162">
    <p class='ocr_par' dir='ltr' id='par_1_51' title="bbox 2152 2092 3746 2162">
     <span class='ocr_line' id='line_1_51' title="bbox 2152 2092 3746 2162; baseline 0.003 -17"><span class='ocrx_word' id='word_1_361' title='bbox 2152 2092 2474 2146; x_wconf 86' lang='lat' dir='ltr'>militaribus</span> <span class='ocrx_word' id='word_1_362' title='bbox 2526 2092 2796 2147; x_wconf 88' lang='lat' dir='ltr'>exercitiis</span> <span class='ocrx_word' id='word_1_363' title='bbox 2843 2092 2958 2162; x_wconf 89' lang='lat' dir='ltr'>ipsa</span> <span class='ocrx_word' id='word_1_364' title='bbox 3005 2092 3215 2147; x_wconf 73' lang='lat' dir='ltr'>cellulae</span> <span class='ocrx_word' id='word_1_365' title='bbox 3261 2092 3527 2148; x_wconf 88' lang='lat' dir='ltr'>custodia.</span> <span class='ocrx_word' id='word_1_366' title='bbox 3588 2093 3746 2149; x_wconf 87' lang='lat' dir='ltr'>Unde</span> 
     </span>
    </p>
   </div>
   <div class='ocr_carea' id='block_1_52' title="bbox 2151 2172 3744 2250">
    <p class='ocr_par' dir='ltr' id='par_1_52' title="bbox 2151 2172 3744 2250">
     <span class='ocr_line' id='line_1_52' title="bbox 2151 2172 3744 2250; baseline 0 -14"><span class='ocrx_word' id='word_1_367' title='bbox 2151 2180 2375 2236; x_wconf 90' lang='lat' dir='ltr'>evidens</span> <span class='ocrx_word' id='word_1_368' title='bbox 2422 2188 2505 2234; x_wconf 91' lang='lat' dir='ltr'>est</span> <span class='ocrx_word' id='word_1_369' title='bbox 2546 2180 2696 2233; x_wconf 90' lang='lat' dir='ltr'>illum</span> <span class='ocrx_word' id='word_1_370' title='bbox 2727 2179 2918 2250; x_wconf 91' lang='lat' dir='ltr'>spiritu</span> <span class='ocrx_word' id='word_1_371' title='bbox 2966 2180 3325 2236; x_wconf 89' lang='lat' dir='ltr'>Carthusiano</span> <span class='ocrx_word' id='word_1_372' title='bbox 3366 2196 3489 2236; x_wconf 86' lang='lat' dir='ltr'>esse</span> <span class='ocrx_word' id='word_1_373' title='bbox 3519 2172 3744 2236; x_wconf 54' lang='lat' dir='ltr'>destitui-</span> 
     </span>
    </p>
   </div>
   <div class='ocr_carea' id='block_1_53' title="bbox 2151 2268 3745 2338">
    <p class='ocr_par' dir='ltr' id='par_1_53' title="bbox 2151 2268 3745 2338">
     <span class='ocr_line' id='line_1_53' title="bbox 2151 2268 3745 2338; baseline 0.001 -15"><span class='ocrx_word' id='word_1_374' title='bbox 2151 2277 2282 2333; x_wconf 92' lang='lat' dir='ltr'>tum,</span> <span class='ocrx_word' id='word_1_375' title='bbox 2334 2282 2396 2324; x_wconf 92' lang='lat' dir='ltr'>ac</span> <span class='ocrx_word' id='word_1_376' title='bbox 2439 2268 2669 2338; x_wconf 90' lang='lat' dir='ltr'>proinde</span> <span class='ocrx_word' id='word_1_377' title='bbox 2699 2283 2920 2323; x_wconf 91' lang='lat' dir='ltr'>cessare</span> <span class='ocrx_word' id='word_1_378' title='bbox 2949 2284 3071 2323; x_wconf 90' lang='lat' dir='ltr'>esse</span> <span class='ocrx_word' id='word_1_379' title='bbox 3102 2268 3533 2331; x_wconf 85' lang='lat' dir='ltr'>Carthusianum.</span> <span class='ocrx_word' id='word_1_380' title='bbox 3567 2270 3745 2324; x_wconf 90' lang='lat' dir='ltr'>statim</span> 
     </span>
    </p>
   </div>
   <div class='ocr_carea' id='block_1_54' title="bbox 2152 2351 3742 2428">
    <p class='ocr_par' dir='ltr' id='par_1_54' title="bbox 2152 2351 3742 2428">
     <span class='ocr_line' id='line_1_54' title="bbox 2152 2351 3742 2428; baseline 0.001 -17"><span class='ocrx_word' id='word_1_381' title='bbox 2152 2365 2315 2427; x_wconf 88' lang='lat' dir='ltr'>atque</span> <span class='ocrx_word' id='word_1_382' title='bbox 2364 2351 2626 2410; x_wconf 58' lang='lat' dir='ltr'>in&#39;istam</span> <span class='ocrx_word' id='word_1_383' title='bbox 2657 2356 3005 2427; x_wconf 86' lang='lat' dir='ltr'>cupiditatem</span> <span class='ocrx_word' id='word_1_384' title='bbox 3034 2356 3263 2426; x_wconf 91' lang='lat' dir='ltr'>decidit,</span> <span class='ocrx_word' id='word_1_385' title='bbox 3316 2373 3477 2428; x_wconf 90' lang='lat' dir='ltr'>quam</span> <span class='ocrx_word' id='word_1_386' title='bbox 3507 2357 3742 2414; x_wconf 88' lang='lat' dir='ltr'>radicem</span> 
     </span>
    </p>
   </div>
   <div class='ocr_carea' id='block_1_55' title="bbox 2151 2443 3747 2516">
    <p class='ocr_par' dir='ltr' id='par_1_55' title="bbox 2151 2443 3747 2516">
     <span class='ocr_line' id='line_1_55' title="bbox 2151 2443 3747 2516; baseline 0 -16"><span class='ocrx_word' id='word_1_387' title='bbox 2151 2445 2392 2500; x_wconf 88' lang='lat' dir='ltr'>omnium</span> <span class='ocrx_word' id='word_1_388' title='bbox 2443 2443 2716 2498; x_wconf 88' lang='lat' dir='ltr'>malorum</span> <span class='ocrx_word' id='word_1_389' title='bbox 2769 2444 2960 2499; x_wconf 90' lang='lat' dir='ltr'>merito</span> <span class='ocrx_word' id='word_1_390' title='bbox 2992 2453 3148 2500; x_wconf 87' lang='lat' dir='ltr'>vocat</span> <span class='ocrx_word' id='word_1_391' title='bbox 3173 2445 3492 2515; x_wconf 87' lang='lat' dir='ltr'>Apostolus,</span> <span class='ocrx_word' id='word_1_392' title='bbox 3544 2453 3596 2500; x_wconf 92' lang='lat' dir='ltr'>et</span> <span class='ocrx_word' id='word_1_393' title='bbox 3624 2454 3747 2516; x_wconf 91' lang='lat' dir='ltr'>post</span> 
     </span>
    </p>
   </div>
   <div class='ocr_carea' id='block_1_56' title="bbox 2149 2532 3745 2605">
    <p class='ocr_par' dir='ltr' id='par_1_56' title="bbox 2149 2532 3745 2605">
     <span class='ocr_line' id='line_1_56' title="bbox 2149 2532 3745 2605; baseline 0.001 -19"><span class='ocrx_word' id='word_1_394' title='bbox 2149 2533 2300 2587; x_wconf 91' lang='lat' dir='ltr'>illum</span> <span class='ocrx_word' id='word_1_395' title='bbox 2347 2533 2411 2587; x_wconf 86' lang='lat' dir='ltr'>R.</span> <span class='ocrx_word' id='word_1_396' title='bbox 2463 2533 2521 2587; x_wconf 88' lang='lat' dir='ltr'>P.</span> <span class='ocrx_word' id='word_1_397' title='bbox 2572 2532 2768 2602; x_wconf 82' lang='lat' dir='ltr'>Guigo.</span> <span class='ocrx_word' id='word_1_398' title='bbox 2820 2532 2925 2587; x_wconf 90' lang='lat' dir='ltr'>Sed</span> <span class='ocrx_word' id='word_1_399' title='bbox 2958 2534 3097 2588; x_wconf 91' lang='lat' dir='ltr'>hanc</span> <span class='ocrx_word' id='word_1_400' title='bbox 3145 2532 3382 2590; x_wconf 89' lang='lat' dir='ltr'>radicem</span> <span class='ocrx_word' id='word_1_401' title='bbox 3425 2534 3745 2605; x_wconf 89' lang='lat' dir='ltr'>perditionis</span> 
     </span>
    </p>
   </div>
   <div class='ocr_carea' id='block_1_57' title="bbox 2068 2620 3747 2720">
    <p class='ocr_par' dir='ltr' id='par_1_57' title="bbox 2068 2620 3747 2720">
     <span class='ocr_line' id='line_1_57' title="bbox 2068 2620 3747 2720; baseline 0 -44"><span class='ocrx_word' id='word_1_402' title='bbox 2068 2661 2121 2720; x_wconf 81' lang='grc' dir='ltr'><strong>Β</strong></span> <span class='ocrx_word' id='word_1_403' title='bbox 2152 2636 2351 2677; x_wconf 87' lang='lat' dir='ltr'>vocare</span> <span class='ocrx_word' id='word_1_404' title='bbox 2397 2636 2505 2676; x_wconf 89' lang='lat' dir='ltr'>non</span> <span class='ocrx_word' id='word_1_405' title='bbox 2533 2620 2720 2675; x_wconf 90' lang='lat' dir='ltr'>dubito</span> <span class='ocrx_word' id='word_1_406' title='bbox 2767 2636 2865 2691; x_wconf 93' lang='lat' dir='ltr'>pro</span> <span class='ocrx_word' id='word_1_407' title='bbox 2912 2620 3190 2676; x_wconf 91' lang='lat' dir='ltr'>monachis</span> <span class='ocrx_word' id='word_1_408' title='bbox 3215 2665 3227 2688; x_wconf 96' lang='lat'>,</span> <span class='ocrx_word' id='word_1_409' title='bbox 3261 2622 3495 2678; x_wconf 90' lang='lat' dir='ltr'>maxime</span> <span class='ocrx_word' id='word_1_410' title='bbox 3520 2623 3747 2678; x_wconf 87' lang='lat' dir='ltr'>Carthu-</span> 
     </span>
    </p>
   </div>
   <div class='ocr_carea' id='block_1_58' title="bbox 2154 2708 3745 2779">
    <p class='ocr_par' dir='ltr' id='par_1_58' title="bbox 2154 2708 3745 2779">
     <span class='ocr_line' id='line_1_58' title="bbox 2154 2708 3745 2779; baseline 0.002 -16"><span class='ocrx_word' id='word_1_411' title='bbox 2154 2709 2341 2775; x_wconf 89' lang='lat' dir='ltr'>sianis,</span> <span class='ocrx_word' id='word_1_412' title='bbox 2374 2725 2497 2764; x_wconf 90' lang='lat' dir='ltr'>cum</span> <span class='ocrx_word' id='word_1_413' title='bbox 2527 2725 2627 2779; x_wconf 90' lang='lat' dir='ltr'>per</span> <span class='ocrx_word' id='word_1_414' title='bbox 2656 2708 3050 2779; x_wconf 86' lang='lat' dir='ltr'>professionem</span> <span class='ocrx_word' id='word_1_415' title='bbox 3081 2710 3438 2766; x_wconf 89' lang='lat' dir='ltr'>monasticam</span> <span class='ocrx_word' id='word_1_416' title='bbox 3466 2718 3516 2766; x_wconf 88' lang='lat' dir='ltr'>et</span> <span class='ocrx_word' id='word_1_417' title='bbox 3544 2718 3745 2766; x_wconf 89' lang='lat' dir='ltr'>statum</span> 
     </span>
    </p>
   </div>
   <div class='ocr_carea' id='block_1_59' title="bbox 2155 2796 3743 2870">
    <p class='ocr_par' dir='ltr' id='par_1_59' title="bbox 2155 2796 3743 2870">
     <span class='ocr_line' id='line_1_59' title="bbox 2155 2796 3743 2870; baseline 0.001 -19"><span class='ocrx_word' id='word_1_418' title='bbox 2155 2813 2187 2851; x_wconf 90' lang='lat' dir='ltr'>a</span> <span class='ocrx_word' id='word_1_419' title='bbox 2251 2814 2310 2851; x_wconf 91' lang='lat' dir='ltr'>se</span> <span class='ocrx_word' id='word_1_420' title='bbox 2374 2796 2542 2852; x_wconf 89' lang='lat' dir='ltr'>libere</span> <span class='ocrx_word' id='word_1_421' title='bbox 2591 2805 2903 2867; x_wconf 91' lang='lat' dir='ltr'>susceptum</span> <span class='ocrx_word' id='word_1_422' title='bbox 2932 2797 3018 2852; x_wconf 89' lang='lat' dir='ltr'>isti</span> <span class='ocrx_word' id='word_1_423' title='bbox 3046 2797 3432 2854; x_wconf 71' lang='lat' dir='ltr'>infelicissima:</span> <span class='ocrx_word' id='word_1_424' title='bbox 3462 2799 3743 2870; x_wconf 90' lang='lat' dir='ltr'>cupiditati</span> 
     </span>
    </p>
   </div>
   <div class='ocr_carea' id='block_1_60' title="bbox 2153 2884 3744 2958">
    <p class='ocr_par' dir='ltr' id='par_1_60' title="bbox 2153 2884 3744 2958">
     <span class='ocr_line' id='line_1_60' title="bbox 2153 2884 3744 2958; baseline 0.002 -20"><span class='ocrx_word' id='word_1_425' title='bbox 2153 2885 2465 2940; x_wconf 88' lang='lat' dir='ltr'>renuntiare</span> <span class='ocrx_word' id='word_1_426' title='bbox 2497 2886 2611 2940; x_wconf 89' lang='lat' dir='ltr'>Deo</span> <span class='ocrx_word' id='word_1_427' title='bbox 2640 2884 3027 2956; x_wconf 90' lang='lat' dir='ltr'>promiserint,</span> <span class='ocrx_word' id='word_1_428' title='bbox 3080 2901 3244 2957; x_wconf 91' lang='lat' dir='ltr'>quam</span> <span class='ocrx_word' id='word_1_429' title='bbox 3289 2895 3481 2958; x_wconf 90' lang='lat' dir='ltr'>postea</span> <span class='ocrx_word' id='word_1_430' title='bbox 3528 2887 3583 2941; x_wconf 89' lang='lat' dir='ltr'>in</span> <span class='ocrx_word' id='word_1_431' title='bbox 3632 2903 3744 2942; x_wconf 76' lang='lat' dir='ltr'>sua:</span> 
     </span>
    </p>
   </div>
   <div class='ocr_carea' id='block_1_61' title="bbox 2152 2972 3747 3045">
    <p class='ocr_par' dir='ltr' id='par_1_61' title="bbox 2152 2972 3747 3045">
     <span class='ocr_line' id='line_1_61' title="bbox 2152 2972 3747 3045; baseline 0.003 -20"><span class='ocrx_word' id='word_1_432' title='bbox 2152 2972 2506 3043; x_wconf 89' lang='lat' dir='ltr'>professionis</span> <span class='ocrx_word' id='word_1_433' title='bbox 2562 2980 2927 3044; x_wconf 89' lang='lat' dir='ltr'>contemptum</span> <span class='ocrx_word' id='word_1_434' title='bbox 2976 2974 3131 3045; x_wconf 90' lang='lat' dir='ltr'>sequi</span> <span class='ocrx_word' id='word_1_435' title='bbox 3160 2973 3434 3041; x_wconf 90' lang='lat' dir='ltr'>volentes,</span> <span class='ocrx_word' id='word_1_436' title='bbox 3469 2984 3747 3030; x_wconf 89' lang='lat' dir='ltr'>merentur</span> 
     </span>
    </p>
   </div>
   <div class='ocr_carea' id='block_1_62' title="bbox 2154 3060 3178 3131">
    <p class='ocr_par' dir='ltr' id='par_1_62' title="bbox 2154 3060 3178 3131">
     <span class='ocr_line' id='line_1_62' title="bbox 2154 3060 3178 3131; baseline 0.002 -17"><span class='ocrx_word' id='word_1_437' title='bbox 2154 3076 2184 3114; x_wconf 91' lang='lat' dir='ltr'>a</span> <span class='ocrx_word' id='word_1_438' title='bbox 2215 3062 2330 3116; x_wconf 92' lang='lat' dir='ltr'>Deo</span> <span class='ocrx_word' id='word_1_439' title='bbox 2359 3060 2498 3115; x_wconf 88' lang='lat' dir='ltr'>tradi</span> <span class='ocrx_word' id='word_1_440' title='bbox 2527 3061 2580 3114; x_wconf 91' lang='lat' dir='ltr'>in</span> <span class='ocrx_word' id='word_1_441' title='bbox 2613 3062 2905 3131; x_wconf 89' lang='lat' dir='ltr'>rcprobum</span> <span class='ocrx_word' id='word_1_442' title='bbox 2936 3078 3178 3117; x_wconf 83' lang='lat' dir='ltr'>sensum.</span> 
     </span>
    </p>
   </div>
   <div class='ocr_carea' id='block_1_63' title="bbox 2221 3148 3741 3223">
    <p class='ocr_par' dir='ltr' id='par_1_63' title="bbox 2221 3148 3741 3223">
     <span class='ocr_line' id='line_1_63' title="bbox 2221 3148 3741 3223; baseline 0.001 -20"><span class='ocrx_word' id='word_1_443' title='bbox 2221 3149 2417 3215; x_wconf 92' lang='lat' dir='ltr'>Tertio,</span> <span class='ocrx_word' id='word_1_444' title='bbox 2450 3148 2518 3202; x_wconf 90' lang='lat' dir='ltr'>ad</span> <span class='ocrx_word' id='word_1_445' title='bbox 2548 3149 2929 3219; x_wconf 88' lang='lat' dir='ltr'>temperandas</span> <span class='ocrx_word' id='word_1_446' title='bbox 2977 3150 3368 3206; x_wconf 89' lang='lat' dir='ltr'>sollicitudines</span> <span class='ocrx_word' id='word_1_447' title='bbox 3415 3165 3603 3207; x_wconf 87' lang='lat' dir='ltr'>eorum</span> <span class='ocrx_word' id='word_1_448' title='bbox 3650 3149 3741 3223; x_wconf 90' lang='lat' dir='ltr'>qui</span> 
     </span>
    </p>
   </div>
   <div class='ocr_carea' id='block_1_64' title="bbox 2152 3236 3744 3307">
    <p class='ocr_par' dir='ltr' id='par_1_64' title="bbox 2152 3236 3744 3307">
     <span class='ocr_line' id='line_1_64' title="bbox 2152 3236 3744 3307; baseline 0.002 -16"><span class='ocrx_word' id='word_1_449' title='bbox 2152 3237 2223 3291; x_wconf 88' lang='lat' dir='ltr'>ad</span> <span class='ocrx_word' id='word_1_450' title='bbox 2252 3236 2651 3307; x_wconf 90' lang='lat' dir='ltr'>providendum</span> <span class='ocrx_word' id='word_1_451' title='bbox 2678 3237 3091 3293; x_wconf 89' lang='lat' dir='ltr'>necessitatibus</span> <span class='ocrx_word' id='word_1_452' title='bbox 3120 3239 3281 3293; x_wconf 90' lang='lat' dir='ltr'>totius</span> <span class='ocrx_word' id='word_1_453' title='bbox 3311 3248 3606 3296; x_wconf 90' lang='lat' dir='ltr'>conventus</span> <span class='ocrx_word' id='word_1_454' title='bbox 3655 3255 3744 3294; x_wconf 84' lang='lat' dir='ltr'>so-</span> 
     </span>
    </p>
   </div>
   <div class='ocr_carea' id='block_1_65' title="bbox 2152 3324 3745 3397">
    <p class='ocr_par' dir='ltr' id='par_1_65' title="bbox 2152 3324 3745 3397">
     <span class='ocr_line' id='line_1_65' title="bbox 2152 3324 3745 3397; baseline 0.002 -18"><span class='ocrx_word' id='word_1_455' title='bbox 2152 3324 2450 3379; x_wconf 90' lang='lat' dir='ltr'>litariorum</span> <span class='ocrx_word' id='word_1_456' title='bbox 2475 3368 2490 3391; x_wconf 94' lang='lat'>,</span> <span class='ocrx_word' id='word_1_457' title='bbox 2529 3324 2619 3396; x_wconf 89' lang='lat' dir='ltr'>qui</span> <span class='ocrx_word' id='word_1_458' title='bbox 2681 3340 2783 3381; x_wconf 89' lang='lat' dir='ltr'>nec</span> <span class='ocrx_word' id='word_1_459' title='bbox 2842 3326 3224 3397; x_wconf 85' lang='lat' dir='ltr'>temporalium</span> <span class='ocrx_word' id='word_1_460' title='bbox 3266 3344 3472 3397; x_wconf 90' lang='lat' dir='ltr'>rerum,</span> <span class='ocrx_word' id='word_1_461' title='bbox 3529 3344 3632 3384; x_wconf 91' lang='lat' dir='ltr'>nec</span> <span class='ocrx_word' id='word_1_462' title='bbox 3660 3328 3745 3383; x_wconf 89' lang='lat' dir='ltr'>sui</span> 
     </span>
    </p>
   </div>
   <div class='ocr_carea' id='block_1_66' title="bbox 2150 3412 3745 3482">
    <p class='ocr_par' dir='ltr' id='par_1_66' title="bbox 2150 3412 3745 3482">
     <span class='ocr_line' id='line_1_66' title="bbox 2150 3412 3745 3482; baseline 0.003 -16"><span class='ocrx_word' id='word_1_463' title='bbox 2150 3413 2395 3482; x_wconf 90' lang='lat' dir='ltr'>ipsorum</span> <span class='ocrx_word' id='word_1_464' title='bbox 2442 3412 2609 3467; x_wconf 93' lang='lat' dir='ltr'>ullam</span> <span class='ocrx_word' id='word_1_465' title='bbox 2638 3412 3059 3469; x_wconf 91' lang='lat' dir='ltr'>sollicitudinem</span> <span class='ocrx_word' id='word_1_466' title='bbox 3107 3415 3310 3470; x_wconf 88' lang='lat' dir='ltr'>habere</span> <span class='ocrx_word' id='word_1_467' title='bbox 3339 3416 3537 3471; x_wconf 91' lang='lat' dir='ltr'>debent</span> <span class='ocrx_word' id='word_1_468' title='bbox 3565 3433 3630 3471; x_wconf 89' lang='lat' dir='ltr'>ex</span> <span class='ocrx_word' id='word_1_469' title='bbox 3660 3416 3745 3471; x_wconf 89' lang='lat' dir='ltr'>sui</span> 
     </span>
    </p>
   </div>
   <div class='ocr_carea' id='block_1_67' title="bbox 2150 3500 3743 3573">
    <p class='ocr_par' dir='ltr' id='par_1_67' title="bbox 2150 3500 3743 3573">
     <span class='ocr_line' id='line_1_67' title="bbox 2150 3500 3743 3573; baseline 0.004 -20"><span class='ocrx_word' id='word_1_470' title='bbox 2150 3500 2374 3555; x_wconf 89' lang='lat' dir='ltr'>instituti</span> <span class='ocrx_word' id='word_1_471' title='bbox 2402 3501 2751 3571; x_wconf 73' lang='lat' dir='ltr'>praescripto,</span> <span class='ocrx_word' id='word_1_472' title='bbox 2785 3509 2943 3573; x_wconf 89' lang='lat' dir='ltr'>atque</span> <span class='ocrx_word' id='word_1_473' title='bbox 2973 3502 3039 3557; x_wconf 90' lang='lat' dir='ltr'>ad</span> <span class='ocrx_word' id='word_1_474' title='bbox 3068 3503 3493 3558; x_wconf 89' lang='lat' dir='ltr'>subveniendum</span> <span class='ocrx_word' id='word_1_475' title='bbox 3526 3504 3743 3560; x_wconf 68' lang='lat' dir='ltr'>familia</span> 
     </span>
    </p>
   </div>
   <div class='ocr_carea' id='block_1_68' title="bbox 2150 3588 3743 3661">
    <p class='ocr_par' dir='ltr' id='par_1_68' title="bbox 2150 3588 3743 3661">
     <span class='ocr_line' id='line_1_68' title="bbox 2150 3588 3743 3661; baseline 0.003 -20"><span class='ocrx_word' id='word_1_476' title='bbox 2150 3588 2378 3661; x_wconf 72' lang='lat' dir='ltr'>integra:</span> <span class='ocrx_word' id='word_1_477' title='bbox 2408 3604 2474 3645; x_wconf 91' lang='lat' dir='ltr'>ac</span> <span class='ocrx_word' id='word_1_478' title='bbox 2503 3589 2760 3644; x_wconf 90' lang='lat' dir='ltr'>oneribus</span> <span class='ocrx_word' id='word_1_479' title='bbox 2781 3599 2889 3644; x_wconf 90' lang='lat' dir='ltr'>tum</span> <span class='ocrx_word' id='word_1_480' title='bbox 2921 3590 3080 3646; x_wconf 91' lang='lat' dir='ltr'>certis</span> <span class='ocrx_word' id='word_1_481' title='bbox 3101 3598 3215 3645; x_wconf 89' lang='lat' dir='ltr'>tum</span> <span class='ocrx_word' id='word_1_482' title='bbox 3243 3591 3554 3647; x_wconf 88' lang='lat' dir='ltr'>casualibus</span> <span class='ocrx_word' id='word_1_483' title='bbox 3582 3593 3743 3648; x_wconf 90' lang='lat' dir='ltr'>totius</span> 
     </span>
    </p>
   </div>
   <div class='ocr_carea' id='block_1_69' title="bbox 2152 3676 3741 3745">
    <p class='ocr_par' dir='ltr' id='par_1_69' title="bbox 2152 3676 3741 3745">
     <span class='ocr_line' id='line_1_69' title="bbox 2152 3676 3741 3745; baseline 0.004 -16"><span class='ocrx_word' id='word_1_484' title='bbox 2152 3676 2492 3745; x_wconf 89' lang='lat' dir='ltr'>monasterii,</span> <span class='ocrx_word' id='word_1_485' title='bbox 2542 3684 2751 3732; x_wconf 91' lang='lat' dir='ltr'>certum</span> <span class='ocrx_word' id='word_1_486' title='bbox 2789 3686 2871 3733; x_wconf 90' lang='lat' dir='ltr'>est</span> <span class='ocrx_word' id='word_1_487' title='bbox 2912 3678 3222 3733; x_wconf 88' lang='lat' dir='ltr'>habendam</span> <span class='ocrx_word' id='word_1_488' title='bbox 3278 3696 3400 3735; x_wconf 89' lang='lat' dir='ltr'>esse</span> <span class='ocrx_word' id='word_1_489' title='bbox 3456 3681 3741 3736; x_wconf 87' lang='lat' dir='ltr'>honestam</span> 
     </span>
    </p>
   </div>
   <div class='ocr_carea' id='block_1_70' title="bbox 2150 3764 3742 3837">
    <p class='ocr_par' dir='ltr' id='par_1_70' title="bbox 2150 3764 3742 3837">
     <span class='ocr_line' id='line_1_70' title="bbox 2150 3764 3742 3837; baseline 0.004 -18"><span class='ocrx_word' id='word_1_490' title='bbox 2150 3764 2522 3820; x_wconf 71' lang='lat' dir='ltr'>sufﬁcientiam</span> <span class='ocrx_word' id='word_1_491' title='bbox 2550 3766 2813 3821; x_wconf 87' lang='lat' dir='ltr'>bonorum</span> <span class='ocrx_word' id='word_1_492' title='bbox 2838 3766 3231 3837; x_wconf 88' lang='lat' dir='ltr'>temporalium.</span> <span class='ocrx_word' id='word_1_493' title='bbox 3256 3769 3549 3824; x_wconf 88' lang='lat' dir='ltr'>Honestam</span> <span class='ocrx_word' id='word_1_494' title='bbox 3580 3784 3742 3837; x_wconf 72' lang='lat' dir='ltr'>voco,</span> 
     </span>
    </p>
   </div>
   <div class='ocr_carea' id='block_1_71' title="bbox 2151 3852 3745 3924">
    <p class='ocr_par' dir='ltr' id='par_1_71' title="bbox 2151 3852 3745 3924">
     <span class='ocr_line' id='line_1_71' title="bbox 2151 3852 3745 3924; baseline 0.003 -17"><span class='ocrx_word' id='word_1_495' title='bbox 2151 3870 2272 3924; x_wconf 69' lang='lat' dir='ltr'>qua:</span> <span class='ocrx_word' id='word_1_496' title='bbox 2318 3852 2605 3924; x_wconf 90' lang='lat' dir='ltr'>quamdam</span> <span class='ocrx_word' id='word_1_497' title='bbox 2658 3854 3034 3910; x_wconf 89' lang='lat' dir='ltr'>rationabilem</span> <span class='ocrx_word' id='word_1_498' title='bbox 3080 3855 3376 3911; x_wconf 86' lang='lat' dir='ltr'>latudinem</span> <span class='ocrx_word' id='word_1_499' title='bbox 3421 3856 3637 3923; x_wconf 87' lang='lat' dir='ltr'>habeat,</span> <span class='ocrx_word' id='word_1_500' title='bbox 3669 3857 3745 3912; x_wconf 82' lang='lat' dir='ltr'>ita</span> 
     </span>
    </p>
   </div>
   <div class='ocr_carea' id='block_1_72' title="bbox 2148 3941 3743 4015">
    <p class='ocr_par' dir='ltr' id='par_1_72' title="bbox 2148 3941 3743 4015">
     <span class='ocr_line' id='line_1_72' title="bbox 2148 3941 3743 4015; baseline 0.003 -20"><span class='ocrx_word' id='word_1_501' title='bbox 2148 3950 2205 3995; x_wconf 91' lang='lat' dir='ltr'>ut</span> <span class='ocrx_word' id='word_1_502' title='bbox 2236 3941 2488 4011; x_wconf 90' lang='lat' dir='ltr'>quando,</span> <span class='ocrx_word' id='word_1_503' title='bbox 2536 3941 2650 3996; x_wconf 87' lang='lat' dir='ltr'>sive</span> <span class='ocrx_word' id='word_1_504' title='bbox 2677 3958 2773 4012; x_wconf 90' lang='lat' dir='ltr'>per</span> <span class='ocrx_word' id='word_1_505' title='bbox 2801 3942 3132 3999; x_wconf 86' lang='lat' dir='ltr'>calamitates</span> <span class='ocrx_word' id='word_1_506' title='bbox 3162 3959 3479 3999; x_wconf 90' lang='lat' dir='ltr'>communes</span> <span class='ocrx_word' id='word_1_507' title='bbox 3509 3945 3623 4000; x_wconf 89' lang='lat' dir='ltr'>sive</span> <span class='ocrx_word' id='word_1_508' title='bbox 3644 3960 3743 4015; x_wconf 91' lang='lat' dir='ltr'>per</span> 
     </span>
    </p>
   </div>
   <div class='ocr_carea' id='block_1_73' title="bbox 454 4006 3739 4087">
    <p class='ocr_par' dir='ltr' id='par_1_73' title="bbox 454 4006 3739 4087">
     <span class='ocr_line' id='line_1_73' title="bbox 454 4006 3739 4087; baseline 0.001 -16"><span class='ocrx_word' id='word_1_509' title='bbox 454 4016 710 4071; x_wconf 85' lang='lat' dir='ltr'>solitariae</span> <span class='ocrx_word' id='word_1_510' title='bbox 740 4016 861 4070; x_wconf 76' lang='lat' dir='ltr'>Viue</span> <span class='ocrx_word' id='word_1_511' title='bbox 888 4013 1295 4084; x_wconf 81' lang='lat' dir='ltr'>professoribus</span> <span class='ocrx_word' id='word_1_512' title='bbox 1314 4054 1329 4081; x_wconf 90' lang='lat'>,</span> <span class='ocrx_word' id='word_1_513' title='bbox 1365 4029 1525 4085; x_wconf 90' lang='lat' dir='ltr'>quam</span> <span class='ocrx_word' id='word_1_514' title='bbox 1555 4012 1821 4082; x_wconf 91' lang='lat' dir='ltr'>cupiditas</span> <span class='ocrx_word' id='word_1_515' title='bbox 1859 4011 2052 4083; x_wconf 91' lang='lat' dir='ltr'>acqui-</span> <span class='ocrx_word' id='word_1_516' title='bbox 2075 4006 2122 4066; x_wconf 83' lang='grc' dir='ltr'><strong>Ο</strong></span> <span class='ocrx_word' id='word_1_517' title='bbox 2151 4006 2422 4084; x_wconf 64' lang='grc' dir='ltr'>(ιρι-έοιυηι</span> <span class='ocrx_word' id='word_1_518' title='bbox 2450 4006 2733 4085; x_wconf 49' lang='lat' dir='ltr'>solution-is</span> <span class='ocrx_word' id='word_1_519' title='bbox 2764 4046 2796 4084; x_wconf 70' lang='grc' dir='ltr'>α</span> <span class='ocrx_word' id='word_1_520' title='bbox 2825 4030 3245 4087; x_wconf 50' lang='lat' dir='ltr'>conductoribus</span> <span class='ocrx_word' id='word_1_521' title='bbox 3296 4048 3478 4087; x_wconf 65' lang='lat' dir='ltr'>rerum</span> <span class='ocrx_word' id='word_1_522' title='bbox 3523 4006 3739 4087; x_wconf 60' lang='grc' dir='ltr'>ηοειῖιε-</span> 
     </span>
    </p>
   </div>
   <div class='ocr_carea' id='block_1_74' title="bbox 455 4099 2048 4174">
    <p class='ocr_par' dir='ltr' id='par_1_74' title="bbox 455 4099 2048 4174">
     <span class='ocr_line' id='line_1_74' title="bbox 455 4099 2048 4174; baseline -0.003 -15"><span class='ocrx_word' id='word_1_523' title='bbox 455 4104 610 4159; x_wconf 87' lang='lat' dir='ltr'>rendi</span> <span class='ocrx_word' id='word_1_524' title='bbox 643 4111 695 4159; x_wconf 87' lang='lat' dir='ltr'>et</span> <span class='ocrx_word' id='word_1_525' title='bbox 740 4101 1055 4174; x_wconf 89' lang='lat' dir='ltr'>possidendi</span> <span class='ocrx_word' id='word_1_526' title='bbox 1087 4102 1226 4155; x_wconf 90' lang='lat' dir='ltr'>bona</span> <span class='ocrx_word' id='word_1_527' title='bbox 1258 4100 1595 4171; x_wconf 89' lang='lat' dir='ltr'>temporalia,</span> <span class='ocrx_word' id='word_1_528' title='bbox 1629 4100 1762 4154; x_wconf 90' lang='lat' dir='ltr'>ultra</span> <span class='ocrx_word' id='word_1_529' title='bbox 1810 4099 1865 4155; x_wconf 87' lang='lat' dir='ltr'>id</span> <span class='ocrx_word' id='word_1_530' title='bbox 1904 4099 2048 4171; x_wconf 90' lang='lat' dir='ltr'>quod</span> 
     </span>
    </p>
   </div>
   <div class='ocr_carea' id='block_1_75' title="bbox 453 4187 2049 4260">
    <p class='ocr_par' dir='ltr' id='par_1_75' title="bbox 453 4187 2049 4260">
     <span class='ocr_line' id='line_1_75' title="bbox 453 4187 2049 4260; baseline -0.004 -12"><span class='ocrx_word' id='word_1_531' title='bbox 453 4191 821 4248; x_wconf 89' lang='lat' dir='ltr'>necessarium</span> <span class='ocrx_word' id='word_1_532' title='bbox 853 4198 935 4245; x_wconf 90' lang='lat' dir='ltr'>est</span> <span class='ocrx_word' id='word_1_533' title='bbox 962 4190 1027 4244; x_wconf 82' lang='lat' dir='ltr'>ad</span> <span class='ocrx_word' id='word_1_534' title='bbox 1055 4190 1281 4244; x_wconf 88' lang='lat' dir='ltr'>honeste</span> <span class='ocrx_word' id='word_1_535' title='bbox 1326 4196 1380 4243; x_wconf 88' lang='lat' dir='ltr'>et</span> <span class='ocrx_word' id='word_1_536' title='bbox 1429 4189 1606 4260; x_wconf 87' lang='lat' dir='ltr'>quiete</span> <span class='ocrx_word' id='word_1_537' title='bbox 1657 4187 1946 4243; x_wconf 89' lang='lat' dir='ltr'>vivendum</span> <span class='ocrx_word' id='word_1_538' title='bbox 1994 4189 2049 4243; x_wconf 92' lang='lat' dir='ltr'>in</span> 
     </span>
    </p>
   </div>
   <div class='ocr_carea' id='block_1_76' title="bbox 456 4277 2043 4347">
    <p class='ocr_par' dir='ltr' id='par_1_76' title="bbox 456 4277 2043 4347">
     <span class='ocr_line' id='line_1_76' title="bbox 456 4277 2043 4347; baseline -0.004 -11"><span class='ocrx_word' id='word_1_539' title='bbox 456 4297 556 4336; x_wconf 92' lang='lat' dir='ltr'>suo</span> <span class='ocrx_word' id='word_1_540' title='bbox 588 4288 723 4335; x_wconf 91' lang='lat' dir='ltr'>statu</span> <span class='ocrx_word' id='word_1_541' title='bbox 748 4323 761 4346; x_wconf 94' lang='lat'>,</span> <span class='ocrx_word' id='word_1_542' title='bbox 814 4277 1171 4335; x_wconf 87' lang='lat' dir='ltr'>consideratis</span> <span class='ocrx_word' id='word_1_543' title='bbox 1202 4277 1621 4333; x_wconf 88' lang='lat' dir='ltr'>circumstantiis</span> <span class='ocrx_word' id='word_1_544' title='bbox 1671 4292 2043 4347; x_wconf 87' lang='lat' dir='ltr'>personarum,</span> 
     </span>
    </p>
   </div>
   <div class='ocr_carea' id='block_1_77' title="bbox 454 4365 2047 4439">
    <p class='ocr_par' dir='ltr' id='par_1_77' title="bbox 454 4365 2047 4439">
     <span class='ocr_line' id='line_1_77' title="bbox 454 4365 2047 4439; baseline -0.001 -16"><span class='ocrx_word' id='word_1_545' title='bbox 454 4378 762 4439; x_wconf 91' lang='lat' dir='ltr'>temporum</span> <span class='ocrx_word' id='word_1_546' title='bbox 794 4376 846 4423; x_wconf 91' lang='lat' dir='ltr'>et</span> <span class='ocrx_word' id='word_1_547' title='bbox 875 4367 1183 4439; x_wconf 83' lang='lat' dir='ltr'>regionum.</span> <span class='ocrx_word' id='word_1_548' title='bbox 1213 4367 1296 4421; x_wconf 83' lang='lat' dir='ltr'>Ad</span> <span class='ocrx_word' id='word_1_549' title='bbox 1326 4366 1455 4437; x_wconf 90' lang='lat' dir='ltr'>quid</span> <span class='ocrx_word' id='word_1_550' title='bbox 1487 4366 1629 4421; x_wconf 90' lang='lat' dir='ltr'>enim</span> <span class='ocrx_word' id='word_1_551' title='bbox 1661 4365 1807 4421; x_wconf 90' lang='lat' dir='ltr'>venit</span> <span class='ocrx_word' id='word_1_552' title='bbox 1851 4381 2047 4421; x_wconf 86' lang='lat' dir='ltr'>mona-</span> 
     </span>
    </p>
   </div>
   <div class='ocr_carea' id='block_1_78' title="bbox 456 4453 2048 4521">
    <p class='ocr_par' dir='ltr' id='par_1_78' title="bbox 456 4453 2048 4521">
     <span class='ocr_line' id='line_1_78' title="bbox 456 4453 2048 4521; baseline -0.004 -8"><span class='ocrx_word' id='word_1_553' title='bbox 456 4458 591 4513; x_wconf 91' lang='lat' dir='ltr'>chus</span> <span class='ocrx_word' id='word_1_554' title='bbox 620 4457 688 4510; x_wconf 88' lang='lat' dir='ltr'>ad</span> <span class='ocrx_word' id='word_1_555' title='bbox 717 4456 990 4519; x_wconf 88' lang='lat' dir='ltr'>cellulam,</span> <span class='ocrx_word' id='word_1_556' title='bbox 1016 4454 1061 4508; x_wconf 90' lang='lat' dir='ltr'>si</span> <span class='ocrx_word' id='word_1_557' title='bbox 1092 4455 1167 4509; x_wconf 92' lang='lat' dir='ltr'>ibi</span> <span class='ocrx_word' id='word_1_558' title='bbox 1194 4454 1456 4521; x_wconf 91' lang='lat' dir='ltr'>inclusus,</span> <span class='ocrx_word' id='word_1_559' title='bbox 1481 4461 1661 4509; x_wconf 87' lang='lat' dir='ltr'>mente</span> <span class='ocrx_word' id='word_1_560' title='bbox 1692 4462 1744 4508; x_wconf 89' lang='lat' dir='ltr'>et</span> <span class='ocrx_word' id='word_1_561' title='bbox 1764 4453 2048 4509; x_wconf 90' lang='lat' dir='ltr'>desideriis</span> 
     </span>
    </p>
   </div>
   <div class='ocr_carea' id='block_1_79' title="bbox 455 4542 2048 4615">
    <p class='ocr_par' dir='ltr' id='par_1_79' title="bbox 455 4542 2048 4615">
     <span class='ocr_line' id='line_1_79' title="bbox 455 4542 2048 4615; baseline -0.002 -16"><span class='ocrx_word' id='word_1_562' title='bbox 455 4546 525 4599; x_wconf 85' lang='lat' dir='ltr'>ad</span> <span class='ocrx_word' id='word_1_563' title='bbox 541 4544 871 4615; x_wconf 86' lang='lat' dir='ltr'>possidenda</span> <span class='ocrx_word' id='word_1_564' title='bbox 890 4544 1201 4614; x_wconf 88' lang='lat' dir='ltr'>temporalia</span> <span class='ocrx_word' id='word_1_565' title='bbox 1217 4543 1468 4599; x_wconf 81' lang='lat' dir='ltr'>anhelet?</span> <span class='ocrx_word' id='word_1_566' title='bbox 1491 4542 1776 4610; x_wconf 90' lang='lat' dir='ltr'>Quomodo</span> <span class='ocrx_word' id='word_1_567' title='bbox 1798 4542 1867 4596; x_wconf 90' lang='lat' dir='ltr'>ad</span> <span class='ocrx_word' id='word_1_568' title='bbox 1878 4542 2048 4613; x_wconf 91' lang='lat' dir='ltr'>pedes</span> 
     </span>
    </p>
   </div>
   <div class='ocr_carea' id='block_1_80' title="bbox 456 4630 2048 4702">
    <p class='ocr_par' dir='ltr' id='par_1_80' title="bbox 456 4630 2048 4702">
     <span class='ocr_line' id='line_1_80' title="bbox 456 4630 2048 4702; baseline -0.002 -14"><span class='ocrx_word' id='word_1_569' title='bbox 456 4632 652 4688; x_wconf 89' lang='lat' dir='ltr'>Christi</span> <span class='ocrx_word' id='word_1_570' title='bbox 708 4649 767 4687; x_wconf 92' lang='lat' dir='ltr'>se</span> <span class='ocrx_word' id='word_1_571' title='bbox 824 4648 945 4686; x_wconf 92' lang='lat' dir='ltr'>cum</span> <span class='ocrx_word' id='word_1_572' title='bbox 1000 4632 1171 4685; x_wconf 85' lang='lat' dir='ltr'>Maria</span> <span class='ocrx_word' id='word_1_573' title='bbox 1220 4632 1477 4702; x_wconf 88' lang='lat' dir='ltr'>recipiet,</span> <span class='ocrx_word' id='word_1_574' title='bbox 1538 4638 1590 4685; x_wconf 88' lang='lat' dir='ltr'>et</span> <span class='ocrx_word' id='word_1_575' title='bbox 1635 4630 1725 4700; x_wconf 92' lang='lat' dir='ltr'>pio</span> <span class='ocrx_word' id='word_1_576' title='bbox 1774 4631 1890 4699; x_wconf 89' lang='lat' dir='ltr'>ejus</span> <span class='ocrx_word' id='word_1_577' title='bbox 1937 4630 2048 4685; x_wconf 93' lang='lat' dir='ltr'>otio</span> 
     </span>
    </p>
   </div>
   <div class='ocr_carea' id='block_1_81' title="bbox 455 4718 2047 4784">
    <p class='ocr_par' dir='ltr' id='par_1_81' title="bbox 455 4718 2047 4784">
     <span class='ocr_line' id='line_1_81' title="bbox 455 4718 2047 4784; baseline -0.003 -9"><span class='ocrx_word' id='word_1_578' title='bbox 455 4720 661 4776; x_wconf 87' lang='lat' dir='ltr'>fruetur</span> <span class='ocrx_word' id='word_1_579' title='bbox 688 4720 958 4775; x_wconf 87' lang='lat' dir='ltr'>audiendo</span> <span class='ocrx_word' id='word_1_580' title='bbox 980 4719 1143 4774; x_wconf 89' lang='lat' dir='ltr'>verba</span> <span class='ocrx_word' id='word_1_581' title='bbox 1166 4718 1383 4784; x_wconf 90' lang='lat' dir='ltr'>Christi,</span> <span class='ocrx_word' id='word_1_582' title='bbox 1409 4718 1452 4771; x_wconf 88' lang='lat' dir='ltr'>si</span> <span class='ocrx_word' id='word_1_583' title='bbox 1483 4726 1665 4773; x_wconf 90' lang='lat' dir='ltr'>mente</span> <span class='ocrx_word' id='word_1_584' title='bbox 1694 4725 1745 4772; x_wconf 92' lang='lat' dir='ltr'>et</span> <span class='ocrx_word' id='word_1_585' title='bbox 1766 4718 2047 4773; x_wconf 90' lang='lat' dir='ltr'>desideriis</span> 
     </span>
    </p>
   </div>
   <div class='ocr_carea' id='block_1_82' title="bbox 453 4804 2047 4879">
    <p class='ocr_par' dir='ltr' id='par_1_82' title="bbox 453 4804 2047 4879">
     <span class='ocr_line' id='line_1_82' title="bbox 453 4804 2047 4879; baseline -0.003 -15"><span class='ocrx_word' id='word_1_586' title='bbox 453 4826 553 4879; x_wconf 89' lang='lat' dir='ltr'>per</span> <span class='ocrx_word' id='word_1_587' title='bbox 599 4809 858 4863; x_wconf 89' lang='lat' dir='ltr'>mundum</span> <span class='ocrx_word' id='word_1_588' title='bbox 908 4807 1242 4879; x_wconf 80' lang='lat' dir='ltr'>divagetur‘?</span> <span class='ocrx_word' id='word_1_589' title='bbox 1284 4808 1404 4861; x_wconf 90' lang='lat' dir='ltr'>Non</span> <span class='ocrx_word' id='word_1_590' title='bbox 1457 4814 1663 4859; x_wconf 91' lang='lat' dir='ltr'>tantum</span> <span class='ocrx_word' id='word_1_591' title='bbox 1693 4804 1915 4871; x_wconf 91' lang='lat' dir='ltr'>inutile,</span> <span class='ocrx_word' id='word_1_592' title='bbox 1950 4805 2047 4859; x_wconf 92' lang='lat' dir='ltr'>sed</span> 
     </span>
    </p>
   </div>
   <div class='ocr_carea' id='block_1_83' title="bbox 455 4891 2046 4959">
    <p class='ocr_par' dir='ltr' id='par_1_83' title="bbox 455 4891 2046 4959">
     <span class='ocr_line' id='line_1_83' title="bbox 455 4891 2046 4959; baseline -0.004 -8"><span class='ocrx_word' id='word_1_593' title='bbox 455 4897 613 4951; x_wconf 91' lang='lat' dir='ltr'>etiam</span> <span class='ocrx_word' id='word_1_594' title='bbox 645 4897 865 4951; x_wconf 90' lang='lat' dir='ltr'>stultum</span> <span class='ocrx_word' id='word_1_595' title='bbox 897 4912 1018 4950; x_wconf 91' lang='lat' dir='ltr'>esse</span> <span class='ocrx_word' id='word_1_596' title='bbox 1048 4894 1336 4949; x_wconf 87' lang='lat' dir='ltr'>dicendum</span> <span class='ocrx_word' id='word_1_597' title='bbox 1370 4901 1470 4959; x_wconf 88' lang='lat' dir='ltr'>est,</span> <span class='ocrx_word' id='word_1_598' title='bbox 1503 4910 1561 4947; x_wconf 92' lang='lat' dir='ltr'>se</span> <span class='ocrx_word' id='word_1_599' title='bbox 1606 4893 1659 4946; x_wconf 94' lang='lat' dir='ltr'>in</span> <span class='ocrx_word' id='word_1_600' title='bbox 1706 4891 1841 4947; x_wconf 90' lang='lat' dir='ltr'>cella</span> <span class='ocrx_word' id='word_1_601' title='bbox 1871 4892 2046 4948; x_wconf 91' lang='lat' dir='ltr'>inclu-</span> 
     </span>
    </p>
   </div>
   <div class='ocr_carea' id='block_1_84' title="bbox 455 4981 1865 5053">
    <p class='ocr_par' dir='ltr' id='par_1_84' title="bbox 455 4981 1865 5053">
     <span class='ocr_line' id='line_1_84' title="bbox 455 4981 1865 5053; baseline -0.004 -15"><span class='ocrx_word' id='word_1_602' title='bbox 455 4985 624 5051; x_wconf 91' lang='lat' dir='ltr'>sisse,</span> <span class='ocrx_word' id='word_1_603' title='bbox 660 4993 716 5038; x_wconf 92' lang='lat' dir='ltr'>ut</span> <span class='ocrx_word' id='word_1_604' title='bbox 748 4986 826 5039; x_wconf 93' lang='lat' dir='ltr'>sic</span> <span class='ocrx_word' id='word_1_605' title='bbox 856 4982 1312 5053; x_wconf 86' lang='lat' dir='ltr'>concupiscentiae</span> <span class='ocrx_word' id='word_1_606' title='bbox 1342 4981 1497 5036; x_wconf 87' lang='lat' dir='ltr'>frena</span> <span class='ocrx_word' id='word_1_607' title='bbox 1542 4981 1865 5035; x_wconf 88' lang='lat' dir='ltr'>laxarentur.</span> 
     </span>
    </p>
   </div>
   <div class='ocr_carea' id='block_1_85' title="bbox 531 5085 2047 5159">
    <p class='ocr_par' dir='ltr' id='par_1_85' title="bbox 531 5085 2047 5159">
     <span class='ocr_line' id='line_1_85' title="bbox 531 5085 2047 5159; baseline -0.003 -15"><span class='ocrx_word' id='word_1_608' title='bbox 531 5090 803 5155; x_wconf 90' lang='lat' dir='ltr'>Secundo,</span> <span class='ocrx_word' id='word_1_609' title='bbox 839 5105 975 5159; x_wconf 90' lang='lat' dir='ltr'>quas</span> <span class='ocrx_word' id='word_1_610' title='bbox 1008 5087 1419 5150; x_wconf 90' lang='lat' dir='ltr'>sollicitudines,</span> <span class='ocrx_word' id='word_1_611' title='bbox 1454 5094 1583 5156; x_wconf 90' lang='lat' dir='ltr'>quot</span> <span class='ocrx_word' id='word_1_612' title='bbox 1612 5085 1828 5140; x_wconf 89' lang='lat' dir='ltr'>labores</span> <span class='ocrx_word' id='word_1_613' title='bbox 1854 5093 1906 5140; x_wconf 89' lang='lat' dir='ltr'>et</span> <span class='ocrx_word' id='word_1_614' title='bbox 1936 5093 2047 5140; x_wconf 91' lang='lat' dir='ltr'>stu-</span> 
     </span>
    </p>
   </div>
   <div class='ocr_carea' id='block_1_86' title="bbox 452 5173 2045 5248">
    <p class='ocr_par' dir='ltr' id='par_1_86' title="bbox 452 5173 2045 5248">
     <span class='ocr_line' id='line_1_86' title="bbox 452 5173 2045 5248; baseline -0.003 -17"><span class='ocrx_word' id='word_1_615' title='bbox 452 5177 540 5231; x_wconf 87' lang='lat' dir='ltr'>dia</span> <span class='ocrx_word' id='word_1_616' title='bbox 572 5178 806 5248; x_wconf 89' lang='lat' dir='ltr'>requirat</span> <span class='ocrx_word' id='word_1_617' title='bbox 838 5176 1212 5246; x_wconf 85' lang='lat' dir='ltr'>temporalium</span> <span class='ocrx_word' id='word_1_618' title='bbox 1243 5190 1417 5228; x_wconf 90' lang='lat' dir='ltr'>rerum</span> <span class='ocrx_word' id='word_1_619' title='bbox 1451 5189 1575 5228; x_wconf 91' lang='lat' dir='ltr'>cura</span> <span class='ocrx_word' id='word_1_620' title='bbox 1596 5215 1609 5242; x_wconf 92' lang='lat'>,</span> <span class='ocrx_word' id='word_1_621' title='bbox 1660 5182 1789 5244; x_wconf 91' lang='lat' dir='ltr'>quot</span> <span class='ocrx_word' id='word_1_622' title='bbox 1829 5173 2045 5228; x_wconf 90' lang='lat' dir='ltr'>discur-</span> 
     </span>
    </p>
   </div>
   <div class='ocr_carea' id='block_1_87' title="bbox 457 5260 2047 5332">
    <p class='ocr_par' dir='ltr' id='par_1_87' title="bbox 457 5260 2047 5332">
     <span class='ocr_line' id='line_1_87' title="bbox 457 5260 2047 5332; baseline -0.002 -13"><span class='ocrx_word' id='word_1_623' title='bbox 457 5282 549 5320; x_wconf 90' lang='lat' dir='ltr'>sus</span> <span class='ocrx_word' id='word_1_624' title='bbox 596 5273 648 5319; x_wconf 90' lang='lat' dir='ltr'>et</span> <span class='ocrx_word' id='word_1_625' title='bbox 685 5264 1018 5320; x_wconf 74' lang='lat' dir='ltr'>difﬁcultates</span> <span class='ocrx_word' id='word_1_626' title='bbox 1080 5262 1249 5332; x_wconf 87' lang='lat' dir='ltr'>pariat</span> <span class='ocrx_word' id='word_1_627' title='bbox 1296 5260 1664 5331; x_wconf 88' lang='lat' dir='ltr'>experimento</span> <span class='ocrx_word' id='word_1_628' title='bbox 1734 5261 2047 5331; x_wconf 89' lang='lat' dir='ltr'>quotidiano</span> 
     </span>
    </p>
   </div>
   <div class='ocr_carea' id='block_1_88' title="bbox 449 5347 2118 5421">
    <p class='ocr_par' dir='ltr' id='par_1_88' title="bbox 449 5347 2118 5421">
     <span class='ocr_line' id='line_1_88' title="bbox 449 5347 2118 5421; baseline -0.004 -12"><span class='ocrx_word' id='word_1_629' title='bbox 449 5355 679 5409; x_wconf 89' lang='lat' dir='ltr'>videtur.</span> <span class='ocrx_word' id='word_1_630' title='bbox 732 5352 834 5421; x_wconf 88' lang='lat' dir='ltr'>Qui</span> <span class='ocrx_word' id='word_1_631' title='bbox 879 5368 1009 5421; x_wconf 84' lang='lat' dir='ltr'>ergo</span> <span class='ocrx_word' id='word_1_632' title='bbox 1054 5367 1120 5405; x_wconf 91' lang='lat' dir='ltr'>ex</span> <span class='ocrx_word' id='word_1_633' title='bbox 1170 5350 1421 5404; x_wconf 89' lang='lat' dir='ltr'>solitariis</span> <span class='ocrx_word' id='word_1_634' title='bbox 1472 5349 1688 5420; x_wconf 86' lang='lat' dir='ltr'>eligitur</span> <span class='ocrx_word' id='word_1_635' title='bbox 1718 5348 1785 5402; x_wconf 90' lang='lat' dir='ltr'>ad</span> <span class='ocrx_word' id='word_1_636' title='bbox 1814 5347 2118 5415; x_wconf 72' lang='lat' dir='ltr'>oﬁiciumD</span> 
     </span>
    </p>
   </div>
   <div class='ocr_carea' id='block_1_89' title="bbox 449 5436 2048 5508">
    <p class='ocr_par' dir='ltr' id='par_1_89' title="bbox 449 5436 2048 5508">
     <span class='ocr_line' id='line_1_89' title="bbox 449 5436 2048 5508; baseline -0.003 -12"><span class='ocrx_word' id='word_1_637' title='bbox 449 5442 681 5508; x_wconf 88' lang='lat' dir='ltr'>ordinis,</span> <span class='ocrx_word' id='word_1_638' title='bbox 706 5440 790 5496; x_wconf 92' lang='lat' dir='ltr'>cui</span> <span class='ocrx_word' id='word_1_639' title='bbox 821 5453 1035 5494; x_wconf 86' lang='lat' dir='ltr'>annexa</span> <span class='ocrx_word' id='word_1_640' title='bbox 1064 5444 1148 5492; x_wconf 90' lang='lat' dir='ltr'>est</span> <span class='ocrx_word' id='word_1_641' title='bbox 1176 5454 1300 5492; x_wconf 90' lang='lat' dir='ltr'>cura</span> <span class='ocrx_word' id='word_1_642' title='bbox 1330 5436 1653 5508; x_wconf 90' lang='lat' dir='ltr'>providendi</span> <span class='ocrx_word' id='word_1_643' title='bbox 1684 5436 1833 5504; x_wconf 90' lang='lat' dir='ltr'>aliis,</span> <span class='ocrx_word' id='word_1_644' title='bbox 1867 5444 1924 5490; x_wconf 92' lang='lat' dir='ltr'>ut</span> <span class='ocrx_word' id='word_1_645' title='bbox 1950 5453 2048 5506; x_wconf 90' lang='lat' dir='ltr'>per</span> 
     </span>
    </p>
   </div>
   <div class='ocr_carea' id='block_1_90' title="bbox 449 5525 2042 5584">
    <p class='ocr_par' dir='ltr' id='par_1_90' title="bbox 449 5525 2042 5584">
     <span class='ocr_line' id='line_1_90' title="bbox 449 5525 2042 5584; baseline -0.003 -1"><span class='ocrx_word' id='word_1_646' title='bbox 449 5531 605 5584; x_wconf 89' lang='lat' dir='ltr'>unius</span> <span class='ocrx_word' id='word_1_647' title='bbox 656 5527 1013 5584; x_wconf 87' lang='lat' dir='ltr'>ministerium</span> <span class='ocrx_word' id='word_1_648' title='bbox 1063 5526 1243 5583; x_wconf 57' lang='lat' dir='ltr'>caeteri</span> <span class='ocrx_word' id='word_1_649' title='bbox 1288 5525 1469 5580; x_wconf 71' lang='lat' dir='ltr'>Mariae</span> <span class='ocrx_word' id='word_1_650' title='bbox 1527 5525 1785 5581; x_wconf 84' lang='lat' dir='ltr'>exercitio</span> <span class='ocrx_word' id='word_1_651' title='bbox 1844 5540 2042 5581; x_wconf 86' lang='lat' dir='ltr'>vacare</span> 
     </span>
    </p>
   </div>
   <div class='ocr_carea' id='block_1_91' title="bbox 2154 4117 3741 4192">
    <p class='ocr_par' dir='ltr' id='par_1_91' title="bbox 2154 4117 3741 4192">
     <span class='ocr_line' id='line_1_91' title="bbox 2154 4117 3741 4192; baseline 0.003 -21"><span class='ocrx_word' id='word_1_652' title='bbox 2154 4134 2300 4185; x_wconf 91' lang='lat' dir='ltr'>rum,</span> <span class='ocrx_word' id='word_1_653' title='bbox 2350 4117 2559 4172; x_wconf 89' lang='lat' dir='ltr'>reditus</span> <span class='ocrx_word' id='word_1_654' title='bbox 2588 4134 2799 4173; x_wconf 89' lang='lat' dir='ltr'>annuus</span> <span class='ocrx_word' id='word_1_655' title='bbox 2829 4134 2938 4173; x_wconf 92' lang='lat' dir='ltr'>non</span> <span class='ocrx_word' id='word_1_656' title='bbox 2967 4118 3179 4192; x_wconf 90' lang='lat' dir='ltr'>integre</span> <span class='ocrx_word' id='word_1_657' title='bbox 3208 4121 3507 4191; x_wconf 90' lang='lat' dir='ltr'>percipitur</span> <span class='ocrx_word' id='word_1_658' title='bbox 3527 4164 3539 4188; x_wconf 92' lang='lat'>,</span> <span class='ocrx_word' id='word_1_659' title='bbox 3568 4120 3741 4192; x_wconf 89' lang='lat' dir='ltr'>possit</span> 
     </span>
    </p>
   </div>
   <div class='ocr_carea' id='block_1_92' title="bbox 2149 4205 3742 4281">
    <p class='ocr_par' dir='ltr' id='par_1_92' title="bbox 2149 4205 3742 4281">
     <span class='ocr_line' id='line_1_92' title="bbox 2149 4205 3742 4281; baseline 0.003 -22"><span class='ocrx_word' id='word_1_660' title='bbox 2149 4205 2500 4261; x_wconf 91' lang='lat' dir='ltr'>nihilominus</span> <span class='ocrx_word' id='word_1_661' title='bbox 2545 4206 2921 4262; x_wconf 91' lang='lat' dir='ltr'>communibus</span> <span class='ocrx_word' id='word_1_662' title='bbox 2970 4207 3285 4280; x_wconf 90' lang='lat' dir='ltr'>indigentiis</span> <span class='ocrx_word' id='word_1_663' title='bbox 3332 4210 3525 4265; x_wconf 89' lang='lat' dir='ltr'>domus</span> <span class='ocrx_word' id='word_1_664' title='bbox 3559 4209 3742 4281; x_wconf 88' lang='lat' dir='ltr'>provi-</span> 
     </span>
    </p>
   </div>
   <div class='ocr_carea' id='block_1_93' title="bbox 2150 4294 3741 4367">
    <p class='ocr_par' dir='ltr' id='par_1_93' title="bbox 2150 4294 3741 4367">
     <span class='ocr_line' id='line_1_93' title="bbox 2150 4294 3741 4367; baseline 0.004 -19"><span class='ocrx_word' id='word_1_665' title='bbox 2150 4294 2268 4349; x_wconf 84' lang='lat' dir='ltr'>deri</span> <span class='ocrx_word' id='word_1_666' title='bbox 2288 4295 2496 4366; x_wconf 88' lang='lat' dir='ltr'>absque</span> <span class='ocrx_word' id='word_1_667' title='bbox 2513 4295 2747 4367; x_wconf 85' lang='lat' dir='ltr'>vagandi</span> <span class='ocrx_word' id='word_1_668' title='bbox 2768 4302 2820 4350; x_wconf 89' lang='lat' dir='ltr'>et</span> <span class='ocrx_word' id='word_1_669' title='bbox 2836 4296 3114 4367; x_wconf 59' lang='lat' dir='ltr'>quaerendi</span> <span class='ocrx_word' id='word_1_670' title='bbox 3134 4298 3553 4353; x_wconf 90' lang='lat' dir='ltr'>necessitudine.</span> <span class='ocrx_word' id='word_1_671' title='bbox 3580 4297 3741 4367; x_wconf 87' lang='lat' dir='ltr'>Quod</span> 
     </span>
    </p>
   </div>
   <div class='ocr_carea' id='block_1_94' title="bbox 2150 4382 3740 4458">
    <p class='ocr_par' dir='ltr' id='par_1_94' title="bbox 2150 4382 3740 4458">
     <span class='ocr_line' id='line_1_94' title="bbox 2150 4382 3740 4458; baseline 0.003 -21"><span class='ocrx_word' id='word_1_672' title='bbox 2150 4399 2214 4437; x_wconf 90' lang='lat' dir='ltr'>eo</span> <span class='ocrx_word' id='word_1_673' title='bbox 2264 4382 2463 4452; x_wconf 90' lang='lat' dir='ltr'>justius</span> <span class='ocrx_word' id='word_1_674' title='bbox 2519 4382 2573 4437; x_wconf 90' lang='lat' dir='ltr'>in</span> <span class='ocrx_word' id='word_1_675' title='bbox 2616 4382 2867 4439; x_wconf 90' lang='lat' dir='ltr'>domibus</span> <span class='ocrx_word' id='word_1_676' title='bbox 2913 4384 3113 4441; x_wconf 91' lang='lat' dir='ltr'>nostris</span> <span class='ocrx_word' id='word_1_677' title='bbox 3144 4386 3307 4442; x_wconf 89' lang='lat' dir='ltr'>debet</span> <span class='ocrx_word' id='word_1_678' title='bbox 3334 4387 3579 4453; x_wconf 90' lang='lat' dir='ltr'>admitti,</span> <span class='ocrx_word' id='word_1_679' title='bbox 3630 4402 3740 4458; x_wconf 85' lang='lat' dir='ltr'>quo</span> 
     </span>
    </p>
   </div>
   <div class='ocr_carea' id='block_1_95' title="bbox 2150 4471 3741 4542">
    <p class='ocr_par' dir='ltr' id='par_1_95' title="bbox 2150 4471 3741 4542">
     <span class='ocr_line' id='line_1_95' title="bbox 2150 4471 3741 4542; baseline 0.003 -17"><span class='ocrx_word' id='word_1_680' title='bbox 2150 4471 2448 4527; x_wconf 89' lang='lat' dir='ltr'>secundum</span> <span class='ocrx_word' id='word_1_681' title='bbox 2471 4471 2718 4542; x_wconf 90' lang='lat' dir='ltr'>spiritum</span> <span class='ocrx_word' id='word_1_682' title='bbox 2742 4471 3094 4542; x_wconf 90' lang='lat' dir='ltr'>professionis</span> <span class='ocrx_word' id='word_1_683' title='bbox 3117 4483 3318 4531; x_wconf 87' lang='lat' dir='ltr'>nostrae</span> <span class='ocrx_word' id='word_1_684' title='bbox 3345 4475 3590 4533; x_wconf 89' lang='lat' dir='ltr'>tenacius</span> <span class='ocrx_word' id='word_1_685' title='bbox 3613 4475 3741 4530; x_wconf 90' lang='lat' dir='ltr'>hor-</span> 
     </span>
    </p>
   </div>
   <div class='ocr_carea' id='block_1_96' title="bbox 2150 4559 3743 4635">
    <p class='ocr_par' dir='ltr' id='par_1_96' title="bbox 2150 4559 3743 4635">
     <span class='ocr_line' id='line_1_96' title="bbox 2150 4559 3743 4635; baseline 0.003 -23"><span class='ocrx_word' id='word_1_686' title='bbox 2150 4575 2268 4613; x_wconf 88' lang='lat' dir='ltr'>rere</span> <span class='ocrx_word' id='word_1_687' title='bbox 2298 4559 2560 4614; x_wconf 90' lang='lat' dir='ltr'>debemus</span> <span class='ocrx_word' id='word_1_688' title='bbox 2588 4560 2656 4613; x_wconf 88' lang='lat' dir='ltr'>ab</span> <span class='ocrx_word' id='word_1_689' title='bbox 2686 4560 2944 4616; x_wconf 90' lang='lat' dir='ltr'>exercitio</span> <span class='ocrx_word' id='word_1_690' title='bbox 2973 4562 3230 4634; x_wconf 83' lang='lat' dir='ltr'>vagandi,</span> <span class='ocrx_word' id='word_1_691' title='bbox 3260 4563 3541 4635; x_wconf 71' lang='lat' dir='ltr'>quaerendi</span> <span class='ocrx_word' id='word_1_692' title='bbox 3570 4570 3622 4617; x_wconf 92' lang='lat' dir='ltr'>et</span> <span class='ocrx_word' id='word_1_693' title='bbox 3652 4578 3743 4617; x_wconf 86' lang='lat' dir='ltr'>ex-</span> 
     </span>
    </p>
   </div>
   <div class='ocr_carea' id='block_1_97' title="bbox 2149 4646 3741 4721">
    <p class='ocr_par' dir='ltr' id='par_1_97' title="bbox 2149 4646 3741 4721">
     <span class='ocr_line' id='line_1_97' title="bbox 2149 4646 3741 4721; baseline 0.004 -22"><span class='ocrx_word' id='word_1_694' title='bbox 2149 4654 2424 4702; x_wconf 90' lang='lat' dir='ltr'>ternorum</span> <span class='ocrx_word' id='word_1_695' title='bbox 2463 4646 2676 4703; x_wconf 87' lang='lat' dir='ltr'>favores</span> <span class='ocrx_word' id='word_1_696' title='bbox 2707 4656 2759 4704; x_wconf 88' lang='lat' dir='ltr'>et</span> <span class='ocrx_word' id='word_1_697' title='bbox 2790 4649 2935 4703; x_wconf 90' lang='lat' dir='ltr'>dona</span> <span class='ocrx_word' id='word_1_698' title='bbox 2962 4649 3119 4704; x_wconf 90' lang='lat' dir='ltr'>nobis</span> <span class='ocrx_word' id='word_1_699' title='bbox 3148 4649 3492 4718; x_wconf 90' lang='lat' dir='ltr'>conciliandi,</span> <span class='ocrx_word' id='word_1_700' title='bbox 3525 4659 3582 4705; x_wconf 91' lang='lat' dir='ltr'>ut</span> <span class='ocrx_word' id='word_1_701' title='bbox 3610 4666 3741 4721; x_wconf 90' lang='lat' dir='ltr'>pos-</span> 
     </span>
    </p>
   </div>
   <div class='ocr_carea' id='block_1_98' title="bbox 2149 4735 3740 4804">
    <p class='ocr_par' dir='ltr' id='par_1_98' title="bbox 2149 4735 3740 4804">
     <span class='ocr_line' id='line_1_98' title="bbox 2149 4735 3740 4804; baseline 0.005 -17"><span class='ocrx_word' id='word_1_702' title='bbox 2149 4735 2318 4788; x_wconf 91' lang='lat' dir='ltr'>simus</span> <span class='ocrx_word' id='word_1_703' title='bbox 2339 4735 2635 4791; x_wconf 90' lang='lat' dir='ltr'>subsistere</span> <span class='ocrx_word' id='word_1_704' title='bbox 2662 4755 2675 4802; x_wconf 88' lang='lat'><strong>;</strong></span> <span class='ocrx_word' id='word_1_705' title='bbox 2709 4745 2759 4791; x_wconf 93' lang='lat' dir='ltr'>et</span> <span class='ocrx_word' id='word_1_706' title='bbox 2780 4736 2972 4792; x_wconf 89' lang='lat' dir='ltr'>merito</span> <span class='ocrx_word' id='word_1_707' title='bbox 2990 4778 3005 4804; x_wconf 92' lang='lat'>,</span> <span class='ocrx_word' id='word_1_708' title='bbox 3039 4752 3164 4792; x_wconf 88' lang='lat' dir='ltr'>nam</span> <span class='ocrx_word' id='word_1_709' title='bbox 3186 4738 3239 4793; x_wconf 91' lang='lat' dir='ltr'>id</span> <span class='ocrx_word' id='word_1_710' title='bbox 3262 4738 3517 4794; x_wconf 69' lang='lat' dir='ltr'>solitariae</span> <span class='ocrx_word' id='word_1_711' title='bbox 3536 4746 3740 4795; x_wconf 61' lang='lat' dir='ltr'>nostra)</span> 
     </span>
    </p>
   </div>
   <div class='ocr_carea' id='block_1_99' title="bbox 2148 4821 3740 4897">
    <p class='ocr_par' dir='ltr' id='par_1_99' title="bbox 2148 4821 3740 4897">
     <span class='ocr_line' id='line_1_99' title="bbox 2148 4821 3740 4897; baseline 0.003 -22"><span class='ocrx_word' id='word_1_712' title='bbox 2148 4821 2475 4892; x_wconf 87' lang='lat' dir='ltr'>professioni</span> <span class='ocrx_word' id='word_1_713' title='bbox 2505 4832 2557 4877; x_wconf 90' lang='lat' dir='ltr'>et</span> <span class='ocrx_word' id='word_1_714' title='bbox 2586 4823 2827 4879; x_wconf 89' lang='lat' dir='ltr'>instituto</span> <span class='ocrx_word' id='word_1_715' title='bbox 2857 4824 3222 4881; x_wconf 90' lang='lat' dir='ltr'>Carthusiensi</span> <span class='ocrx_word' id='word_1_716' title='bbox 3263 4843 3488 4897; x_wconf 91' lang='lat' dir='ltr'>prorsus</span> <span class='ocrx_word' id='word_1_717' title='bbox 3518 4835 3740 4882; x_wconf 89' lang='lat' dir='ltr'>contra-</span> 
     </span>
    </p>
   </div>
   <div class='ocr_carea' id='block_1_100' title="bbox 2148 4904 3737 4987">
    <p class='ocr_par' dir='ltr' id='par_1_100' title="bbox 2148 4904 3737 4987">
     <span class='ocr_line' id='line_1_100' title="bbox 2148 4904 3737 4987; baseline 0.004 -24"><span class='ocrx_word' id='word_1_718' title='bbox 2148 4909 2287 4964; x_wconf 88' lang='lat' dir='ltr'>rium</span> <span class='ocrx_word' id='word_1_719' title='bbox 2326 4917 2427 4964; x_wconf 90' lang='lat' dir='ltr'>est.</span> <span class='ocrx_word' id='word_1_720' title='bbox 2473 4910 2627 4966; x_wconf 88' lang='lat' dir='ltr'>Unde</span> <span class='ocrx_word' id='word_1_721' title='bbox 2659 4912 2902 4982; x_wconf 89' lang='lat' dir='ltr'>sequitur</span> <span class='ocrx_word' id='word_1_722' title='bbox 2928 4928 3095 4968; x_wconf 91' lang='lat' dir='ltr'>unum</span> <span class='ocrx_word' id='word_1_723' title='bbox 3126 4930 3156 4969; x_wconf 92' lang='lat' dir='ltr'>e</span> <span class='ocrx_word' id='word_1_724' title='bbox 3183 4904 3394 4969; x_wconf 75' lang='lat' dir='ltr'>duabus</span> <span class='ocrx_word' id='word_1_725' title='bbox 3423 4915 3737 4987; x_wconf 86' lang='lat' dir='ltr'>eligendum</span> 
     </span>
    </p>
   </div>
   <div class='ocr_carea' id='block_1_101' title="bbox 2149 4998 3739 5069">
    <p class='ocr_par' dir='ltr' id='par_1_101' title="bbox 2149 4998 3739 5069">
     <span class='ocr_line' id='line_1_101' title="bbox 2149 4998 3739 5069; baseline 0.004 -18"><span class='ocrx_word' id='word_1_726' title='bbox 2149 5014 2303 5064; x_wconf 89' lang='lat' dir='ltr'>esse,</span> <span class='ocrx_word' id='word_1_727' title='bbox 2336 5006 2424 5052; x_wconf 87' lang='lat' dir='ltr'>aut</span> <span class='ocrx_word' id='word_1_728' title='bbox 2472 4998 2715 5054; x_wconf 89' lang='lat' dir='ltr'>instituto</span> <span class='ocrx_word' id='word_1_729' title='bbox 2745 4999 3113 5057; x_wconf 79' lang='lat' dir='ltr'>Carthusiensi</span> <span class='ocrx_word' id='word_1_730' title='bbox 3142 5003 3480 5069; x_wconf 87' lang='lat' dir='ltr'>renuntiare,</span> <span class='ocrx_word' id='word_1_731' title='bbox 3514 5012 3607 5057; x_wconf 90' lang='lat' dir='ltr'>aut</span> <span class='ocrx_word' id='word_1_732' title='bbox 3631 5003 3739 5057; x_wconf 90' lang='lat' dir='ltr'>ha-</span> 
     </span>
    </p>
   </div>
   <div class='ocr_carea' id='block_1_102' title="bbox 2148 5086 3738 5159">
    <p class='ocr_par' dir='ltr' id='par_1_102' title="bbox 2148 5086 3738 5159">
     <span class='ocr_line' id='line_1_102' title="bbox 2148 5086 3738 5159; baseline 0.004 -21"><span class='ocrx_word' id='word_1_733' title='bbox 2148 5086 2277 5141; x_wconf 89' lang='lat' dir='ltr'>bere</span> <span class='ocrx_word' id='word_1_734' title='bbox 2305 5087 2682 5156; x_wconf 90' lang='lat' dir='ltr'>possessiones</span> <span class='ocrx_word' id='word_1_735' title='bbox 2710 5103 2775 5143; x_wconf 91' lang='lat' dir='ltr'>ac</span> <span class='ocrx_word' id='word_1_736' title='bbox 2806 5088 3011 5143; x_wconf 88' lang='lat' dir='ltr'>reditus</span> <span class='ocrx_word' id='word_1_737' title='bbox 3043 5089 3134 5159; x_wconf 91' lang='lat' dir='ltr'>qui</span> <span class='ocrx_word' id='word_1_738' title='bbox 3164 5089 3453 5157; x_wconf 67' lang='lat' dir='ltr'>sufficiant,</span> <span class='ocrx_word' id='word_1_739' title='bbox 3483 5091 3644 5145; x_wconf 91' lang='lat' dir='ltr'>modo</span> <span class='ocrx_word' id='word_1_740' title='bbox 3683 5090 3738 5145; x_wconf 91' lang='lat' dir='ltr'>in</span> 
     </span>
    </p>
   </div>
   <div class='ocr_carea' id='block_1_103' title="bbox 2148 5173 3739 5243">
    <p class='ocr_par' dir='ltr' id='par_1_103' title="bbox 2148 5173 3739 5243">
     <span class='ocr_line' id='line_1_103' title="bbox 2148 5173 3739 5243; baseline 0.004 -16"><span class='ocrx_word' id='word_1_741' title='bbox 2148 5174 2336 5228; x_wconf 89' lang='lat' dir='ltr'>morali</span> <span class='ocrx_word' id='word_1_742' title='bbox 2367 5173 2647 5230; x_wconf 89' lang='lat' dir='ltr'>latitudine</span> <span class='ocrx_word' id='word_1_743' title='bbox 2675 5176 2991 5243; x_wconf 89' lang='lat' dir='ltr'>constituta,</span> <span class='ocrx_word' id='word_1_744' title='bbox 3017 5176 3084 5231; x_wconf 89' lang='lat' dir='ltr'>ad</span> <span class='ocrx_word' id='word_1_745' title='bbox 3107 5178 3553 5234; x_wconf 85' lang='lat' dir='ltr'>sustentationem</span> <span class='ocrx_word' id='word_1_746' title='bbox 3576 5179 3739 5234; x_wconf 90' lang='lat' dir='ltr'>totius</span> 
     </span>
    </p>
   </div>
   <div class='ocr_carea' id='block_1_104' title="bbox 2149 5264 3311 5336">
    <p class='ocr_par' dir='ltr' id='par_1_104' title="bbox 2149 5264 3311 5336">
     <span class='ocr_line' id='line_1_104' title="bbox 2149 5264 3311 5336; baseline 0.004 -20"><span class='ocrx_word' id='word_1_747' title='bbox 2149 5271 2447 5317; x_wconf 89' lang='lat' dir='ltr'>conventus</span> <span class='ocrx_word' id='word_1_748' title='bbox 2478 5270 2531 5317; x_wconf 89' lang='lat' dir='ltr'>et</span> <span class='ocrx_word' id='word_1_749' title='bbox 2559 5264 2629 5317; x_wconf 91' lang='lat' dir='ltr'>ad</span> <span class='ocrx_word' id='word_1_750' title='bbox 2652 5278 2813 5319; x_wconf 88' lang='lat' dir='ltr'>onera</span> <span class='ocrx_word' id='word_1_751' title='bbox 2842 5264 2983 5319; x_wconf 92' lang='lat' dir='ltr'>illius</span> <span class='ocrx_word' id='word_1_752' title='bbox 3024 5266 3311 5336; x_wconf 83' lang='lat' dir='ltr'>portanda.</span> 
     </span>
    </p>
   </div>
   <div class='ocr_carea' id='block_1_105' title="bbox 2220 5350 3741 5420">
    <p class='ocr_par' dir='ltr' id='par_1_105' title="bbox 2220 5350 3741 5420">
     <span class='ocr_line' id='line_1_105' title="bbox 2220 5350 3741 5420; baseline 0.006 -18"><span class='ocrx_word' id='word_1_753' title='bbox 2220 5350 2314 5403; x_wconf 86' lang='lat' dir='ltr'>His</span> <span class='ocrx_word' id='word_1_754' title='bbox 2362 5350 2552 5420; x_wconf 90' lang='lat' dir='ltr'>positis</span> <span class='ocrx_word' id='word_1_755' title='bbox 2587 5351 2877 5407; x_wconf 90' lang='lat' dir='ltr'>dicendum</span> <span class='ocrx_word' id='word_1_756' title='bbox 2908 5360 2990 5407; x_wconf 90' lang='lat' dir='ltr'>est</span> <span class='ocrx_word' id='word_1_757' title='bbox 3035 5361 3271 5409; x_wconf 83' lang='lat' dir='ltr'>mentem</span> <span class='ocrx_word' id='word_1_758' title='bbox 3320 5352 3377 5409; x_wconf 89' lang='lat' dir='ltr'>S.</span> <span class='ocrx_word' id='word_1_759' title='bbox 3419 5354 3741 5412; x_wconf 86' lang='lat' dir='ltr'>institutoris</span> 
     </span>
    </p>
   </div>
   <div class='ocr_carea' id='block_1_106' title="bbox 2145 5438 3742 5513">
    <p class='ocr_par' dir='ltr' id='par_1_106' title="bbox 2145 5438 3742 5513">
     <span class='ocr_line' id='line_1_106' title="bbox 2145 5438 3742 5513; baseline 0.005 -22"><span class='ocrx_word' id='word_1_760' title='bbox 2145 5438 2348 5505; x_wconf 86' lang='lat' dir='ltr'>nostri,</span> <span class='ocrx_word' id='word_1_761' title='bbox 2394 5445 2447 5493; x_wconf 90' lang='lat' dir='ltr'>et</span> <span class='ocrx_word' id='word_1_762' title='bbox 2473 5447 2596 5509; x_wconf 91' lang='lat' dir='ltr'>post</span> <span class='ocrx_word' id='word_1_763' title='bbox 2624 5439 2776 5494; x_wconf 91' lang='lat' dir='ltr'>illum</span> <span class='ocrx_word' id='word_1_764' title='bbox 2806 5440 2871 5495; x_wconf 86' lang='lat' dir='ltr'>R.</span> <span class='ocrx_word' id='word_1_765' title='bbox 2904 5440 3075 5495; x_wconf 90' lang='lat' dir='ltr'>Patris</span> <span class='ocrx_word' id='word_1_766' title='bbox 3107 5439 3392 5513; x_wconf 85' lang='lat' dir='ltr'>Guigonis,</span> <span class='ocrx_word' id='word_1_767' title='bbox 3423 5442 3481 5498; x_wconf 91' lang='lat' dir='ltr'>in</span> <span class='ocrx_word' id='word_1_768' title='bbox 3505 5442 3613 5513; x_wconf 89' lang='lat' dir='ltr'>illis</span> <span class='ocrx_word' id='word_1_769' title='bbox 3644 5443 3742 5499; x_wconf 86' lang='lat' dir='ltr'>tri-</span> 
     </span>
    </p>
   </div>
   <div class='ocr_carea' id='block_1_107' title="bbox 2145 5526 3739 5601">
    <p class='ocr_par' dir='ltr' id='par_1_107' title="bbox 2145 5526 3739 5601">
     <span class='ocr_line' id='line_1_107' title="bbox 2145 5526 3739 5601; baseline 0.006 -23"><span class='ocrx_word' id='word_1_770' title='bbox 2145 5526 2245 5579; x_wconf 87' lang='lat' dir='ltr'>bus</span> <span class='ocrx_word' id='word_1_771' title='bbox 2292 5541 2459 5597; x_wconf 87' lang='lat' dir='ltr'>supra</span> <span class='ocrx_word' id='word_1_772' title='bbox 2502 5526 2696 5584; x_wconf 87' lang='lat' dir='ltr'>notatis</span> <span class='ocrx_word' id='word_1_773' title='bbox 2742 5526 3043 5585; x_wconf 89' lang='lat' dir='ltr'>consistere</span> <span class='ocrx_word' id='word_1_774' title='bbox 3068 5570 3083 5597; x_wconf 94' lang='lat'>,</span> <span class='ocrx_word' id='word_1_775' title='bbox 3135 5530 3282 5601; x_wconf 90' lang='lat' dir='ltr'>quod</span> <span class='ocrx_word' id='word_1_776' title='bbox 3327 5546 3392 5586; x_wconf 89' lang='lat' dir='ltr'>ex</span> <span class='ocrx_word' id='word_1_777' title='bbox 3433 5536 3551 5599; x_wconf 86' lang='lat' dir='ltr'>jam</span> <span class='ocrx_word' id='word_1_778' title='bbox 3579 5530 3739 5589; x_wconf 86' lang='lat' dir='ltr'>dictis</span> 
     </span>
    </p>
   </div>
  </div>
