3978 6050
303 236 401 289 721
1649 238 1908 295 00ΝὲοἚ

2022 239 2248 297 DINES-
3495 251 3599 306 ’722

375 360 431 410 2.
463 356 635 412 Simili
666 357 827 413 etiam
857 366 1045 415 tenore
1076 361 1338 417 sancitum
1370 371 1470 428 est,
1505 370 1563 417 ut
1600 362 1870 417 neminem
1918 379 2163 435 prorsus,
2214 367 2327 421 sive
2371 366 2529 435 intra,
2569 368 2683 423 sive
2716 378 2869 425 extra
2917 387 3158 427 eremum
3206 372 3363 427 istam
3392 372 3578 427 defun-

305 460 454 507 ctum
486 470 583 508 suo
611 454 877 525 sepeliant
904 455 958 510 in
992 459 1325 525 coemeterio,
1357 461 1459 515 nisi
1489 459 1627 515 forte
1655 460 1889 530 aliquem
1921 461 2080 530 hujus
2111 463 2376 533 propositi
2406 464 2495 519 hic
2525 465 2674 520 obire
2705 467 3010 538 contigerit.

379 553 431 603 3.
465 550 573 604 Sed
602 558 653 605 et
683 559 1002 606 ceterarum
1035 554 1375 626 religionum,
1410 556 1456 610 si
1488 556 1607 627 quis
1638 555 1723 611 hic
1753 554 2038 611 defunctus
2069 555 2249 625 fuerit,
2282 575 2443 630 quem
2486 576 2582 614 sua
2620 563 2974 635 congregatio
3023 562 3150 619 hinc
3176 570 3476 634 asportare,
3511 571 3603 618 aut

304 646 631 717 nequiverit,
665 654 753 701 aut
782 649 1103 721 neglexerit,
1137 650 1281 705 hunc
1310 652 1591 721 sepelicnt.

382 745 432 799 4.
464 745 673 800 Nomen
704 762 835 801 vero
867 748 1184 819 cujusquam
1216 748 1271 802 in
1302 765 1400 805 suo
1439 766 1549 805 non
1593 751 1830 806 scribent
1874 751 2284 825 Martyrologio,
2339 769 2440 809 nec
2489 755 2805 827 cujusquam
2856 758 3289 815 anniversarium
3338 776 3403 815 ex
3451 775 3604 816 more

305 835 528 895 facient.
560 840 880 897 Audivimus
910 842 1074 909 enim,
1108 844 1253 915 quod
1280 856 1392 899 non
1419 846 1731 916 probamus,
1764 846 2057 919 plerosque
2088 849 2245 903 toties
2278 848 2563 919 splendide
2587 852 2881 919 convivari,
2905 853 3209 926 missasque
3240 854 3419 910 facere
3448 870 3608 925 para-

306 945 413 1001 tos,
447 936 656 1008 quoties
686 936 848 1009 aliqui
875 954 975 1009 pro
1006 939 1117 994 suis
1146 940 1225 994 eis
1255 941 1526 996 voluerint
1556 942 1815 998 exhibere
1846 943 2135 999 defunctis.
2171 944 2304 1013 Quae
2336 948 2673 1003 consuetudo
2694 957 2746 1003 et
2776 949 3155 1004 abstinentiam
3186 950 3323 1005 tollit
3351 959 3405 1005 et
3434 965 3605 1006 vena-

305 1026 389 1087 les
420 1031 547 1087 facit
577 1033 867 1099 orationes,
900 1034 1029 1089 dum
1060 1044 1255 1108 quotus
1284 1046 1535 1106 pastuum
1564 1054 1818 1093 numerus
1850 1047 1989 1094 totus
2021 1048 2103 1094 est
2132 1048 2181 1093 et
2214 1041 2538 1107 missarum;
2564 1058 2666 1098 nec
2684 1043 2849 1096 ullum
2866 1043 2942 1097 ibi
2968 1044 3054 1098 vel
3070 1045 3347 1113 jejunandi
3378 1055 3605 1113 certum,

307 1129 397 1184 vel
426 1129 751 1185 obsecrandi
784 1140 996 1186 constat
1024 1133 1379 1203 prOpositum,
1413 1134 1502 1189 ubi
1533 1150 1641 1189 non
1672 1135 1961 1191 devotione
2008 1135 2278 1204 facientis,
2330 1138 2428 1192 sed
2458 1139 2526 1193 de
2576 1141 2847 1209 pascentis
2892 1140 3071 1211 potius
3112 1142 3312 1212 pendet
3360 1143 3603 1199 arbitrio.

305 1225 468 1279 Nulla
499 1225 697 1297 quippe
727 1227 813 1282 die
844 1228 1157 1283 convivium
1186 1229 1271 1284 vel
1300 1229 1464 1284 missa
1496 1231 1689 1299 deerit,
1724 1230 1770 1286 si
1804 1232 1894 1303 qui
1922 1240 2111 1302 pascat
2141 1249 2413 1304 nunquam
2445 1234 2694 1289 defuerit.
2729 1236 2888 1304 Quod
2919 1237 2965 1291 si
3012 1237 3133 1309 quis
3175 1238 3339 1293 talem
3369 1254 3605 1295 consue-

307 1322 551 1377 tudinem
579 1326 916 1380 contentiose
939 1326 1084 1394 jurat
1116 1327 1460 1394 laudabilem,
1495 1344 1600 1384 non
1634 1330 1956 1395 resistimus,
1989 1338 2114 1399 agat
2147 1340 2201 1384 ut
2232 1331 2379 1397 libet,
2414 1333 2723 1387 redditurus
2770 1334 2844 1387 illi
2892 1334 3167 1399 rationem,
3222 1336 3311 1407 qui
3361 1346 3609 1393 scrutans

309 1421 477 1476 corda
511 1430 560 1478 et
590 1423 828 1492 probans
856 1440 1017 1479 renes
1049 1423 1240 1479 reddet
1269 1425 1557 1498 unicuique
1582 1426 1735 1495 juxta
1766 1426 1905 1481 viam
1940 1436 1992 1482 et
2014 1428 2167 1495 juxta
2196 1429 2426 1484 fructum
2458 1431 2899 1486 adinventionum
2931 1447 3173 1486 suarum.

1689 1574 2259 1651 COMMENTARIUS.

306 1699 522 1770 probari
550 1708 747 1771 potest,
777 1710 831 1755 et
864 1718 929 1757 ex
954 1701 1089 1756 infra
1116 1701 1363 1757 dicendis
1392 1699 1621 1771 amplius
1650 1700 1907 1772 probabi-
1927 1708 1982 1766 Α
2013 1710 2112 1769 est,
2149 1703 2326 1774 quoad
2361 1702 2496 1757 alias
2526 1702 2718 1758 domos
2756 1703 2979 1773 ordinis,
3028 1704 3133 1759 nisi
3166 1705 3294 1759 talia
3326 1706 3459 1760 intra
3494 1715 3611 1762 ter-

307 1796 435 1853 tur;
470 1805 534 1843 ex
560 1790 673 1857 jam
703 1791 861 1845 dictis
890 1799 1069 1845 autem
1114 1798 1327 1846 constat
1361 1808 1374 1843 :

386 1877 586 1945 Primo,
637 1879 781 1949 quod
818 1878 974 1949 primi
1022 1880 1206 1933 Patres
1258 1877 1661 1933 renuntiassent
1690 1877 1912 1933 odibili-

308 1965 431 2031 bus,
482 1974 538 2019 nt
586 1966 753 2033 aiunt,
800 1967 1036 2040 vagandi
1087 1976 1139 2022 et
1183 1966 1461 2038 quaerendi
1504 1966 1793 2031 exercitiis,
1844 1966 1913 2020 ad

309 2054 460 2125 quod
487 2069 713 2109 necesse
746 2062 859 2109 erat
891 2061 947 2108 ut
987 2056 1252 2109 haberent
1295 2056 1439 2109 unde
1487 2054 1541 2107 in
1572 2069 1671 2107 sua
1719 2053 1912 2108 solitu-

308 2142 456 2209 dine,
488 2142 692 2213 absque
723 2142 811 2197 illa
841 2143 1234 2209 vicissitudine,
1268 2140 1492 2213 paciﬁce
1522 2142 1803 2209 viverent;

384 2229 656 2296 Secundo,
722 2231 865 2303 quod
916 2231 1117 2286 vellent
1158 2239 1541 2302 procuratores
1586 2230 1793 2284 ordinis
1843 2230 1911 2283 ad

310 2317 465 2374 cellae
494 2319 731 2389 quietem
762 2327 814 2374 et
862 2327 1131 2374 secretum
1178 2335 1395 2388 semper
1441 2317 1685 2388 aspirare
1716 2325 1769 2372 et
1818 2334 1911 2373 re-

311 2422 571 2472 currere;
606 2407 771 2461 veluti
801 2407 870 2461 ad
903 2407 1089 2461 salutis
1122 2424 1233 2461 sua:
1262 2415 1477 2476 portum
1513 2420 1525 2459 :

379 2494 583 2559 Tertio,
616 2495 759 2565 quod
790 2495 1058 2549 haberent
1080 2492 1459 2549 sufficientiam
1482 2510 1663 2549 rerum
1697 2501 1912 2563 tempo-

311 2582 526 2649 ralium,
559 2600 621 2637 ea
651 2584 841 2638 morali
889 2582 1169 2637 latitudine
1207 2591 1497 2652 sumptam,
1540 2598 1701 2652 quam
1749 2597 1912 2651 supra

312 2671 691 2741 explicuimus.
713 2672 851 2726 Nam
871 2671 1128 2725 habuisse
1169 2670 1291 2725 illos
1331 2678 1543 2726 constat
1567 2670 1709 2725 unde
1733 2670 1834 2723 sibi
1860 2678 1913 2724 et

310 2759 619 2830 hospitibus
649 2767 700 2814 et
735 2759 950 2814 familia:
996 2758 1363 2829 providerent,
1390 2766 1551 2829 atque
1584 2758 1743 2813 etiam
1777 2758 1913 2813 elee-

313 2863 572 2917 mosynas
603 2848 935 2918 pauperibus
958 2854 1267 2918 erogarent.

382 2936 544 2990 Num.
579 2940 629 2989 1.
667 2936 1003 3008 Cupiditatis
1025 2936 1359 3003 occasiones,
1377 2942 1479 2989 etc.
1509 2934 1794 3004 locihujus
1821 2932 1916 2988 ha-

313 3024 598 3112 bitatores,
666 3032 769 3079 etc.
812 3023 910 3112 Hic
960 3040 1081 3112 pro
1107 3024 1270 3078 domo
1305 3022 1611 3112 ACarthusim
1659 3020 1985 3112 speciftceB

311 3111 585 3182 loquitur;
636 3128 759 3166 nam
826 3111 941 3166 fere
1010 3111 1125 3166 sola
1173 3118 1255 3165 est
1300 3110 1441 3165 inter
1488 3125 1678 3165 omnes
1722 3110 1914 3163 domos

314 3200 523 3255 ordinis
552 3200 607 3253 in
638 3209 789 3255 vasta
808 3214 993 3255 eremo
1010 3199 1294 3255 constituta
1323 3217 1338 3265 ;
1370 3206 1421 3254 et
1442 3214 1560 3269 quae
1592 3198 1713 3252 ideo
1744 3197 1916 3267 possit

314 3288 527 3359 amplos
559 3288 758 3342 habere
805 3288 1086 3353 terminos,
1129 3287 1269 3341 intra
1317 3302 1455 3357 quos
1505 3285 1634 3339 nulli
1664 3300 1913 3354 compos-

315 3392 565 3431 sessores
595 3376 957 3446 reperiantur,
990 3375 1134 3446 quod
1166 3383 1314 3429 certe
1343 3374 1593 3429 domibus
1624 3373 1745 3427 aliis
1777 3388 1913 3427 con-

313 3463 499 3519 venire
563 3479 673 3518 non
736 3463 926 3534 potuit.
978 3462 1373 3517 Fundatoribus
1438 3462 1582 3517 enim
1630 3461 1912 3514 domorum

312 3552 549 3607 liberum
579 3567 685 3607 non
720 3559 855 3620 erat,
885 3551 964 3607 sic
1002 3551 1057 3604 in
1085 3568 1247 3604 unum
1296 3550 1462 3605 veluti
1509 3549 1751 3621 globum,
1786 3564 1912 3618 pos-

314 3640 591 3696 sessiones
620 3639 957 3695 necessarias
987 3639 1055 3694 ad
1077 3639 1272 3693 domus
1301 3637 1743 3692 sustentationem
1774 3652 1910 3691 con-

314 3744 544 3799 gregare
569 3746 582 3795 ;
615 3728 757 3782 unde
779 3728 848 3783 ad
878 3726 1223 3781 fundationes
1253 3727 1539 3781 domorum
1570 3725 1909 3780 constituen-

313 3818 413 3871 das
443 3817 571 3871 dare
599 3816 769 3871 coacti
803 3815 1019 3870 fuerunt
1047 3815 1248 3869 reditus
1278 3815 1381 3868 huc
1411 3813 1646 3884 illucque
1693 3812 1908 3882 disper—

314 3921 426 3960 sos.
474 3906 541 3959 Et
586 3904 703 3959 hmo
750 3913 830 3959 est
878 3904 1056 3974 prima
1101 3919 1262 3958 causa
1293 3918 1407 3966 cur,
1458 3900 1647 3971 primis
1696 3900 1908 3955 saeculis

313 3993 541 4057 ordinis,
574 3992 807 4048 licentiae
848 3992 1115 4061 speciales
1157 3992 1294 4045 datae
1341 3989 1537 4045 fuerint
1582 3989 1907 4060 quibusdam

311 4081 564 4136 domibus
593 4080 797 4135 ordinis
826 4080 1029 4150 aliquid
1060 4088 1213 4134 extra
1261 4078 1520 4133 terminos
1568 4076 1903 4147 possidendi,

315 4186 437 4241 qua:
468 4178 648 4223 tamen
687 4168 879 4221 similia
909 4168 1053 4222 bona
1097 4167 1152 4220 in
1200 4164 1614 4237 emphyteusim,
1650 4173 1905 4235 quantum

313 4265 580 4329 poterant,
613 4256 739 4310 dare
771 4255 1037 4323 solebant,
1070 4263 1128 4308 ut
1157 4255 1236 4310 sic
1283 4254 1426 4308 curis
1456 4268 1513 4307 se
1559 4252 1902 4306 extricarent.

313 4346 531 4400 Certum
560 4353 742 4398 tamen
772 4352 853 4399 est
883 4344 937 4397 in
969 4343 1159 4398 ordine
1208 4341 1375 4395 fuisse
1419 4340 1673 4411 religiose
1714 4356 1903 4393 serva-

2015 1790 2190 1845 minos
2221 1791 2326 1845 sint
2361 1807 2372 1844 :
2407 1807 2529 1845 nam
2572 1791 2639 1845 de
2688 1792 2996 1860 hujusmodi
3042 1793 3206 1847 rebus
3245 1801 3395 1848 extra
3424 1795 3613 1849 termi-

2015 1894 2115 1933 nos
2144 1895 2253 1932 non
2284 1880 2652 1949 possidendis,
2687 1879 2771 1933 hic
2804 1888 3009 1934 tantum
3040 1881 3237 1953 agitur.

2086 1968 2220 2022 Ibid.
2237 1969 2390 2023 Nihil
2410 1970 2637 2025 omnino
2650 1969 2993 2040 possideant,
3008 1970 3066 2023 id
3078 1974 3289 2024 estnon
3305 1987 3483 2039 agros,
3505 1978 3610 2026 etc.

2014 2072 2355 2129 quaecunque
2378 2057 2721 2127 hujusmodi.
2756 2058 2898 2111 Inter
2925 2057 3026 2110 ista
3057 2056 3388 2127 specificata,
3415 2058 3612 2129 quibus

2015 2141 2208 2194 domus
2267 2141 2567 2195 Carthasim
2612 2140 2816 2195 incolas
2864 2156 2965 2210 pro
3012 2156 3071 2195 se
3129 2148 3179 2195 et
3226 2142 3335 2195 suis
3382 2142 3615 2212 posteris

2014 2229 2357 2283 renuntiasse
2388 2229 2581 2283 asserit
2612 2229 2696 2284 vir
2726 2236 2966 2297 sanctus,
2998 2245 3105 2283 non
3137 2230 3287 2299 ponit
3315 2244 3513 2298 pascua
3544 2230 3613 2284 ad

2014 2317 2267 2371 animalia
2318 2316 2623 2383 nutrienda,
2674 2333 2775 2373 nec
2812 2318 2974 2371 etiam
3028 2325 3207 2373 certos
3248 2318 3470 2381 reditus,
3522 2318 3614 2389 qui

2014 2406 2219 2475 absque
2242 2405 2389 2459 fundi
2422 2406 2752 2475 proprietate
2782 2413 2873 2459 aut
2912 2406 3018 2459 ulla
3049 2406 3398 2475 possessione
3429 2405 3617 2460 haberi

2012 2502 2257 2562 possunt,
2322 2501 2485 2563 prout
2532 2502 2611 2547 est
2655 2493 2950 2564 assignatio
3011 2494 3142 2548 certi
3189 2494 3351 2547 annui
3416 2509 3615 2548 census

2014 2598 2181 2650 super
2228 2581 2477 2651 qumdam
2536 2582 2652 2637 loca
2684 2590 2776 2635 aut
2824 2582 3026 2650 praedia
3074 2581 3392 2651 recipiendi,
3445 2590 3537 2635 aut
3583 2597 3617 2636 a

2015 2669 2248 2739 quadam
2280 2670 2580 2723 cathedrali
2612 2678 2702 2723 aut
2733 2668 3023 2739 collegiata
3068 2669 3295 2723 ecclesia
3343 2669 3611 2723 solvendi.

2015 2756 2149 2824 Quae
2206 2765 2332 2811 tunc
2383 2757 2722 2811 Carthusiam
2772 2757 3102 2827 possedisse,
3147 2773 3255 2810 non
3285 2764 3490 2811 tantum
3522 2772 3614 2811 ra-

2013 2846 2157 2899 tione
2186 2846 2283 2899 sed
2313 2846 2646 2915 experientia
2677 2846 2959 2916 probatur,
2995 2861 3117 2899 nam
3151 2846 3229 2916 (ut
3278 2861 3441 2915 supra
3471 2844 3613 2898 dixi-

2013 2950 2132 2987 mus
2188 2950 2307 3003 cap.
2364 2936 2450 3001 19)
2501 2942 2742 3004 tempore
2786 2935 2849 2990 ll.
2928 2935 2984 2987 P.
3035 2933 3321 3003 Guigonis,
3389 2933 3614 2988 domum

2015 3022 2312 3077 Carthasim
2342 3023 2595 3077 habuisse
2640 3030 2846 3078 certum
2898 3031 2979 3077 est
3025 3037 3229 3093 pascua
3275 3029 3326 3075 et
3369 3022 3492 3090 jura
3521 3038 3615 3091 pa-

2014 3125 2268 3165 scuorum
2300 3111 2367 3163 ad
2415 3111 2583 3181 pedes
2630 3112 2865 3181 rupium,
2900 3118 2951 3165 et
2996 3118 3143 3164 extra
3197 3108 3460 3164 terminos
3490 3109 3609 3171 sita,

2015 3207 2178 3268 atque
2207 3199 2467 3269 grangias
2515 3206 2873 3263 constructas,
2925 3199 2993 3252 ad
3040 3214 3175 3268 quas
3224 3213 3450 3251 necesse
3499 3204 3615 3251 erat

2015 3285 2289 3340 deducere
2319 3286 2573 3340 animalia
2603 3287 2670 3339 ad
2720 3286 3085 3349 hiemandum,
3134 3301 3256 3341 cum
3305 3285 3358 3339 in
3388 3284 3616 3355 rupibus

2014 3374 2313 3428 Carthusize
2333 3374 2403 3427 ab
2424 3374 2573 3428 initio
2604 3375 2809 3428 mensis
2828 3374 3153 3429 Novembris
3174 3389 3345 3443 usque
3366 3373 3432 3427 ad
3454 3372 3616 3428 finem

2012 3462 2216 3517 mensis
2248 3462 2370 3516 Maii
2400 3478 2506 3517 non
2536 3462 2883 3532 reperiantur
2930 3461 3131 3526 herbae,
3181 3462 3375 3532 quibus
3403 3461 3614 3515 anima-

2012 3550 2080 3605 lia
2110 3550 2301 3604 nutriri
2326 3551 2555 3620 possint,
2608 3550 2750 3604 unde
2782 3566 3008 3604 necesse
3059 3556 3139 3603 est
3167 3548 3312 3603 foras
3344 3565 3613 3619 quaarere,

2010 3647 2068 3693 ut
2107 3639 2237 3692 satis
2268 3639 2499 3708 explicat
2534 3638 2652 3709 ipse
2682 3639 2745 3693 R.
2782 3639 2841 3691 Ρ.
2879 3636 3080 3707 Guigo.

2081 3727 2270 3795 Quoad
2301 3727 2507 3781 reditus
2537 3727 2679 3792 illos,
2730 3726 2936 3797 absque
2986 3724 3136 3779 fundi
3178 3724 3514 3794 proprietate
3562 3731 3617 3779 et

2008 3815 2376 3885 possessione,
2412 3815 2465 3869 id
2496 3816 2655 3869 etiam
2710 3814 3084 3884 experimento
3134 3820 3345 3867 constat
3392 3829 3489 3883 per
3518 3828 3616 3867 eos

2009 3903 2203 3973 quibus
2233 3904 2407 3957 adhuc
2452 3904 2566 3958 hinc
2596 3902 2788 3957 domus
2831 3901 3126 3956 Carthusia:
3174 3901 3395 3972 gaudet,
3441 3908 3493 3953 et
3524 3900 3615 3971 qui

2005 4006 2036 4045 a
2065 3992 2311 4061 capitulis
2339 4000 2451 4045 tum
2482 3990 2811 4045 cathedralis
2843 3989 3108 4054 ecclesiae,
3144 3997 3258 4042 tum
3288 3989 3345 4043 S.
3379 3988 3613 4042 Andreae

2008 4079 2517 4149 Gratianopolitanis
2560 4078 2611 4133 ei
2653 4079 2832 4133 adhuc
2877 4077 3167 4149 quotannis
3215 4076 3516 4131 solvuntur.
3551 4077 3619 4129 Et

2008 4176 2158 4222 certe
2189 4168 2279 4237 qui
2310 4176 2505 4221 statum
2534 4166 2704 4221 eremi
2753 4166 3055 4221 Carthusiaa
3103 4171 3386 4226 noverunt,
3421 4179 3523 4233 pro
3552 4179 3613 4217 re

2007 4256 2313 4311 indubitata
2341 4254 2500 4308 facile
2533 4254 2811 4307 habebunt
2861 4254 3080 4306 domum
3130 4250 3427 4306 Carthusiaz
3468 4266 3612 4304 nun-

2010 4360 2173 4415 quam
2204 4343 2446 4413 potuisse
2475 4357 2598 4396 cum
2644 4342 2762 4394 istis
2805 4340 3063 4394 oneribus
3098 4340 3366 4408 hospitum
3398 4346 3450 4393 et
3479 4354 3617 4409 pau-

313 4442 446 4498 tum,
482 4441 537 4487 ut
564 4433 697 4488 certi
743 4432 955 4487 termini
1001 4431 1409 4502 assignarentur
1456 4428 1685 4499 singulis
1733 4427 1911 4481 domi-
1936 4402 1980 4461 C
2015 4448 2207 4503 perum
2240 4430 2556 4493 subsistere,
2602 4429 2707 4482 nisi
2746 4429 2849 4482 ista
2896 4427 3139 4481 subsidia
3169 4435 3320 4481 extra
3370 4442 3615 4481 eremum

316 4522 439 4586 bus,
472 4529 617 4575 extra
671 4537 806 4591 quos
854 4519 1233 4589 possessiones
1281 4533 1540 4589 agrorum
1589 4515 1773 4569 haberi
1805 4531 1912 4569 non

314 4617 558 4680 possent,
594 4617 650 4662 ut
674 4610 786 4678 jam
817 4623 934 4677 cap.
972 4610 1056 4671 15,
1088 4622 1237 4660 num.
1276 4606 1325 4671 4,
1359 4605 1619 4659 diximus.

385 4698 527 4751 Dum
557 4697 670 4751 hrec
701 4695 964 4750 scriberet
992 4695 1054 4750 R.
1089 4695 1149 4748 Ρ.
1202 4692 1402 4765 Guigo,
1454 4693 1597 4747 bona
1627 4692 1732 4747 fide
1762 4693 1913 4747 illum

311 4792 537 4856 putasse
568 4784 917 4838 indubitatum
950 4790 1051 4842 est.
1085 4781 1231 4852 quod
1256 4796 1321 4836 ea
1352 4798 1473 4852 quae
1505 4790 1632 4836 tunc
1662 4782 1902 4851 posside-

316 4874 445 4927 bant
466 4873 649 4926 Patres
672 4872 840 4926 nostri
864 4871 997 4923 intra
1028 4886 1268 4924 eremum
1293 4870 1612 4934 Carthusiaa,
1647 4869 1915 4936 adjunctis

314 4960 437 5015 aliis
467 4960 535 5014 de
566 4960 761 5031 quibus
792 4958 971 5012 statim
1020 4958 1245 5025 dicetur,
1282 4956 1528 5012 sufficere
1568 4973 1785 5026 semper
1813 4957 1914 5011 de-

317 5048 565 5103 buissent
592 5048 658 5101 ad
689 5048 871 5118 quiete
902 5046 1190 5101 vivendum
1230 5053 1284 5100 et
1331 5061 1500 5100 onera
1543 5045 1736 5099 domus
1781 5060 1915 5114 por-

316 5137 481 5191 tanda
524 5136 577 5189 in
621 5151 682 5189 ea
746 5134 1137 5199 mediocritate,
1189 5150 1351 5205 quam
1394 5133 1618 5188 inferius
1667 5134 1918 5203 exprimit

316 5225 582 5280 dicendo:
608 5226 871 5279 Nostrum
892 5224 1278 5294 qualecunque
1314 5224 1422 5277 vile
1442 5224 1793 5294 propositum
1814 5236 1917 5291 pe-

317 5316 571 5378 nuriam,
593 5313 701 5367 Deo
721 5313 961 5381 gratias,
985 5328 1115 5366 raro
1137 5312 1336 5379 sentit,
1362 5316 1462 5365 aut
1476 5311 1913 5365 abundantiam.

316 5403 386 5456 Et
414 5401 708 5455 notandum
741 5408 824 5453 est
853 5400 1000 5471 quod
1029 5400 1129 5453 ista
1158 5399 1486 5454 renuntiatio
1516 5406 1769 5452 versetur
1800 5406 1919 5451 tan-

319 5498 430 5543 tum
462 5489 603 5543 circa
633 5502 698 5541 ea
730 5504 849 5557 quze
877 5496 999 5541 sunt
1039 5496 1189 5559 extra
1236 5488 1492 5542 terminos
1526 5503 1537 5540 :
1573 5487 1713 5539 unde
1745 5486 1798 5538 in
1829 5502 1918 5539 re-

318 5579 422 5639 bus
460 5592 595 5653 quas
640 5576 820 5633 statim
858 5575 1171 5631 nominatim
1213 5576 1441 5651 explicat
1488 5573 1920 5631 subaudiendum

2016 4519 2312 4585 habuisset,
2348 4517 2493 4589 quod
2525 4517 2647 4571 ideo
2678 4516 2729 4570 in
2762 4516 2971 4570 statutis
3019 4516 3255 4587 antiquis
3285 4516 3484 4571 clarius
3514 4530 3615 4570 ex-

2016 4624 2264 4679 pressum
2300 4606 2414 4660 fuit.

2086 4697 2246 4750 Num.
2280 4701 2334 4752 2.
2364 4696 2655 4751 Neminem
2676 4709 2924 4765 prorsus,
2961 4700 3065 4748 etc.
3101 4692 3361 4763 Loquitur
3392 4690 3616 4746 relative

2017 4784 2085 4838 ad
2120 4800 2277 4838 usum
2308 4782 2567 4853 temporis
2588 4782 2749 4845 illius,
2776 4796 2903 4851 quo,
2933 4796 3033 4850 pro
3055 4779 3482 4849 sepulturisjura
3514 4778 3619 4832 sibi

2018 4872 2327 4943 specialiter
2358 4871 2611 4925 attributa
2642 4870 2828 4923 stricte
2859 4868 3087 4927 servari,
3122 4883 3221 4921 nec
3251 4867 3301 4919 in
3333 4866 3442 4920 ulla
3470 4874 3618 4935 parte

2017 4961 2139 5015 laedi
2171 4959 2426 5013 volebant
2455 4958 2640 5012 clerici
2672 4966 2725 5011 et
2753 4956 2995 5026 parochi,
3018 4971 3119 5026 qua
3151 4956 3220 5008 de
3248 4969 3413 5008 causa
3435 4952 3619 5025 jurgia

2018 5057 2067 5102 et
2100 5048 2220 5101 lites
2248 5056 2371 5101 tunc
2404 5046 2561 5101 facile
2580 5046 2941 5100 movebantur
2974 5061 2986 5096 :
3022 5050 3185 5114 atque
3208 5042 3369 5096 etiam
3392 5042 3618 5097 relative

2020 5136 2087 5189 ad
2120 5143 2316 5189 nostra:
2343 5135 2465 5189 vitae
2497 5134 2748 5187 solitaria:
2778 5140 2993 5194 statum,
3043 5146 3203 5201 quem
3235 5130 3493 5185 nolebant
3522 5146 3620 5200 per

2020 5224 2327 5293 sepulturas
2384 5222 2725 5277 saecularium
2772 5219 3133 5273 interturbari.
3185 5219 3243 5272 Id
3292 5218 3371 5273 sic
3417 5218 3617 5272 intelli-

2019 5312 2259 5384 gendum
2290 5326 2411 5365 esse
2442 5310 2571 5363 satis
2600 5308 2838 5363 innuitur
2875 5324 2975 5377 per
3021 5307 3324 5361 libertatem
3373 5306 3459 5359 hic
3488 5304 3619 5358 reli-

2021 5408 2160 5454 ctam
2192 5398 2489 5469 sepeliendi
2528 5413 2636 5451 non
2685 5404 2889 5449 tantum
2921 5396 3155 5466 aliquem
3204 5393 3465 5463 propositi
3516 5407 3620 5445 no-

2022 5489 2138 5553 stri,
2174 5488 2226 5540 id
2260 5496 2341 5541 est
2364 5500 2742 5557 quamcunque
2781 5499 3070 5554 personam
3116 5482 3318 5537 ordinis
3350 5480 3492 5533 diem
3520 5496 3619 5533 ex-

2022 5585 2253 5632 tremum
2281 5576 2368 5629 hic
2400 5574 2759 5637 claudentem,
2805 5572 2903 5626 sed
2948 5571 3109 5627 etiam
3147 5568 3436 5640 religiosos
3484 5584 3619 5641 qua~
