3978 6050
438 232 543 288 723
1254 230 1598 290 GUIGONIS
1644 233 1667 287 Ι
1711 230 2050 289 CARTHUSI

2162 230 2459 288 MAIORIS
2502 229 2779 288 PRIORIS
2826 232 2891 287 γ.
3625 232 3739 289 724

509 355 563 409 5.
593 353 849 409 Nostrum
879 352 1252 426 qualecunque
1280 355 1388 411 vile
1417 355 1768 427 propositum,
1798 354 2098 426 penuriam,
2141 356 2258 411 Deo
2312 355 2531 427 gratias,
2581 370 2707 411 raro
2736 353 2900 411 sentit
2944 360 3037 408 aut
3081 350 3483 407 abundantiam.
3514 351 3653 408 Nam
3687 354 3739 409 si

439 449 731 522 quisquam
758 449 916 503 nobis
943 450 1124 520 pisces
1151 458 1245 506 aut
1273 452 1581 521 hujusmodi
1611 451 1820 507 miserit
1849 450 2071 523 aliquid,
2102 466 2168 507 ea
2197 466 2474 521 mensura,
2508 460 2562 508 et
2590 452 2679 508 die
2709 449 3019 507 reﬁciendis
3044 447 3273 505 infertur
3300 448 3581 521 fratribus,
3624 467 3740 526 qua

440 546 777 620 pr0positum
805 545 980 618 poscit
1006 554 1059 603 et
1098 548 1378 604 institutio.
3013 527 3019 533 ⁷

1784 645 2178 702 CAPITULUM
2224 645 2390 701 XLII.

1518 744 1595 799 De
1621 744 1809 800 divino
1838 744 2017 814 ofﬁcio
2044 746 2296 814 fratrum
2330 743 2623 800 (uicorum.

509 841 560 892 1.
594 836 728 906 Quae
755 836 823 891 ad
852 838 1242 893 monachorum
1290 839 1559 909 pertinent
1608 837 2050 905 consuetudines,
2105 846 2264 909 prout
2309 838 2602 910 potuimus,
2648 838 2949 911 explicatis,
3000 856 3065 896 ea
3113 857 3235 913 qua:
3279 840 3536 897 laicorum
3588 848 3738 908 sunt,

439 949 576 1006 quos
603 950 897 991 conversos
934 950 1213 1002 vocamus,
1256 936 1487 991 Domino
1512 937 1756 1005 juvante,
1791 935 2055 991 dicamus.
2090 937 2317 1007 Semper
2344 952 2468 991 cum
2496 936 2565 991 ad
2596 937 2885 993 matutinas
2930 939 3269 1010 surgendum
3316 947 3418 1006 est,
3452 939 3536 994 bis
3562 953 3740 1010 parvo

437 1032 756 1104 interposito
786 1031 957 1103 spatio
986 1033 1201 1105 signum
1228 1034 1491 1104 pulsatur.
1526 1032 1702 1088 Primo
1732 1040 2125 1103 przeparantur,
2159 1033 2403 1090 secundo
2433 1034 2503 1089 ad
2531 1034 2821 1092 ecclesiam
2841 1042 3055 1091 servata
3084 1037 3352 1107 gravitate
3383 1043 3733 1094 concurrunt.

436 1129 507 1184 Et
536 1128 582 1183 si
610 1127 831 1199 quidem
860 1129 1176 1195 monachus,
1212 1129 1303 1201 qui
1334 1129 1412 1184 eis
1441 1128 1767 1199 praepositus
1797 1136 1899 1195 est,
1933 1129 2088 1184 adest
2118 1145 2383 1201 praesens,
2405 1129 2647 1185 divinum
2676 1131 2757 1187 eis
2780 1130 3034 1198 ofﬁcium,
3053 1147 3195 1203 pene
3215 1140 3273 1187 ut
3291 1134 3740 1206 suprascriptum

432 1235 531 1298 est,
564 1226 903 1284 festinantius
932 1234 1135 1294 tamen,
1167 1228 1446 1298 persolvit.
1482 1229 1657 1297 Quem
1686 1229 1790 1300 ipsi
1819 1245 2031 1285 summo
2062 1228 2260 1297 studio,
2293 1230 2574 1286 silentium
2606 1230 2949 1305 quietemque
2999 1241 3296 1301 servantes,
3329 1232 3400 1288 ad
3427 1231 3729 1288 inclinatio-

430 1339 530 1379 nes
550 1332 603 1379 et
622 1332 851 1380 caeteros
880 1322 1167 1396 religiosos
1184 1324 1430 1395 corporis
1442 1333 1620 1381 motus
1636 1327 1826 1382 sedulo
1844 1327 2139 1382 imitantur.

499 1428 553 1481 2.
586 1424 668 1478 Ex
698 1424 891 1494 quibus
920 1424 977 1478 in
1007 1422 1206 1494 vigiliis
1236 1424 1657 1491 solemnitatum,
1709 1425 1762 1481 in
1806 1426 2005 1499 quibus
2056 1426 2350 1498 capitulum
2401 1435 2636 1496 tenetur,
2684 1429 2969 1500 medietas,
3018 1437 3181 1501 prout
3228 1445 3421 1486 eorum
3461 1428 3743 1501 patiuntur

435 1519 781 1587 obedientiaa,
816 1521 887 1576 ad
916 1536 1210 1592 vesperum
1235 1537 1359 1576 cum
1388 1537 1421 1577 a
1452 1522 1565 1577 suis
1596 1522 1979 1596 disjunguntur
2007 1524 2306 1595 laboribus,
2342 1526 2413 1582 ad
2443 1526 2780 1609 superiorem
2809 1527 3182 1584 conscendunt
3210 1526 3520 1598 ecclesiam,
3551 1534 3739 1583 matu-

436 1617 581 1675 tinas
611 1626 663 1674 et
694 1626 952 1675 caeterum
983 1634 1197 1675 sacrum
1227 1618 1467 1677 ofﬁcium
1496 1620 1728 1677 audituri
1754 1640 1768 1688 ;
1801 1621 1984 1693 ibique
2012 1631 2134 1694 post
2162 1625 2556 1681 monachorum
2576 1624 2886 1696 capitulum,
2919 1625 3148 1682 verbum
3170 1623 3271 1682 Dei
3299 1640 3331 1679 a
3357 1622 3539 1696 priore
3567 1622 3655 1680 vel
3669 1622 3741 1679 ab

436 1732 503 1779 eo
535 1715 624 1773 cui
651 1716 756 1773 hoc
792 1716 910 1789 ipse
930 1716 1221 1788 injunxerit
1249 1717 1493 1787 audiunt,
1529 1725 1582 1774 et
1603 1718 1649 1773 si
1676 1733 1812 1791 quas
1839 1719 2044 1775 habent
2070 1720 2400 1777 conﬁtentur
2427 1720 2685 1779 offensas.

1812 1868 2386 1927 COMMENTARIUS.

436 2007 774 2064 rumcunque
802 1991 1151 2064 religionum,
1183 1992 1230 2047 si
1249 1992 1373 2048 illos
1399 1994 1487 2051 hic
1516 1993 1668 2050 obire
1697 1993 2037 2068 contigisset.
2068 1997 2123 2056 A
2213 1995 2522 2067 Capitulum
2553 1994 2697 2050 istud
2727 1995 2956 2051 relatum
2991 1994 3225 2050 habetur
3273 1994 3328 2050 in
3360 1993 3593 2065 antiquis
3623 2000 3743 2047 sta-

507 2082 672 2137 Num.
705 2082 757 2135 4.
790 2082 1003 2137 Nomen
1023 2097 1149 2137 vero
1180 2083 1538 2155 cujusquam,
1566 2090 1672 2138 etc.
1703 2099 1809 2140 nec
1838 2084 2037 2154 cujus-
2140 2084 2268 2139 tutis
2299 2084 2539 2141 secunda
2559 2091 2736 2155 parte,
2766 2100 2885 2155 cap.
2920 2087 3005 2149 19,
3027 2099 3177 2138 num.
3213 2086 3237 2137 1
3267 2101 3281 2148 ;
3314 2098 3442 2155 cap.
3472 2085 3538 2138 49
3556 2082 3746 2152 primae

440 2185 608 2242 quam
628 2170 1089 2225 anniversarium
1109 2186 1184 2225 ea:
1204 2186 1358 2226 more
1395 2172 1634 2241 facient,
1658 2178 1762 2227 etc.
1812 2171 2051 2228 Audivi-
2139 2173 2336 2245 partis,
2370 2189 2518 2229 num.
2549 2175 2636 2228 20.
2668 2176 2732 2230 21
2765 2180 2817 2228 et
2848 2174 2934 2240 17,
2950 2179 3003 2228 et
3032 2187 3151 2246 cap.
3178 2172 3245 2227 14
3274 2171 3526 2231 secundae
3545 2169 3740 2244 partis,

443 2257 1032 2327 musenimquosdam,
1062 2265 1163 2313 etc.
1195 2257 1572 2314 Hicrationem
1586 2257 2042 2315 aﬁ'ertR.P.Gui-
2141 2278 2295 2316 num.
2333 2264 2424 2317 20.

441 2361 514 2419 go
539 2360 636 2402 cur
656 2344 759 2400 ista
777 2345 1145 2401 anniversaria
1165 2346 1494 2417 repudiaret.
1522 2346 1868 2403 Consuetudo
1898 2348 2045 2403 enim

439 2434 559 2489 istis
590 2433 927 2504 temporibus
953 2433 1192 2506 vigebat,
1245 2434 1313 2490 de
1343 2450 1451 2506 qua
1482 2435 1592 2504 jam
1642 2451 1760 2505 cap.
1796 2437 1862 2490 14
1907 2435 2044 2490 dixi-

439 2538 583 2588 mus,
625 2529 679 2577 et
723 2521 800 2576 ibi
850 2521 1207 2593 explicuimus
1256 2522 1484 2595 qualiter
1532 2522 1918 2594 intelligendus
1964 2531 2047 2579 est

444 2610 599 2666 locus
625 2610 738 2680 ille,
771 2627 901 2667 raro
919 2611 1008 2667 hic
1030 2613 1208 2667 missa
1228 2614 1479 2679 canitur,
1514 2612 1661 2683 quod
1681 2612 1768 2668 hic
1800 2620 2046 2685 repetere

446 2698 779 2769 superﬂuum
808 2706 972 2754 esset.

517 2786 655 2841 Ibid.
682 2788 813 2856 Qua:
832 2788 1174 2844 consuetudo
1196 2788 1607 2844 abstinentiam
1643 2789 1791 2844 tollit
1810 2791 1867 2843 et
1887 2803 2049 2843 vena-

447 2876 545 2939 les,
594 2881 699 2930 etc.
739 2873 877 2930 Hinc
924 2882 1074 2946 patet
1122 2891 1230 2946 quo
1278 2892 1494 2947 semper
1551 2876 1667 2931 zelo
1699 2875 2050 2949 ﬂagraverint

451 2964 635 3020 Patres
667 2962 861 3029 nostri,
895 2979 1056 3034 quem
1105 2963 1267 3018 etiam
1313 2964 1368 3017 in
1416 2964 1647 3028 statutis,
1681 2972 1786 3018 tam
1818 2963 2051 3035 antiquis

448 3067 607 3125 quam
625 3051 903 3106 modernis
926 3067 1244 3122 expressum
1277 3052 1544 3120 videmus,
1566 3053 1634 3107 ad
1663 3052 2053 3107 eliminandum

448 3155 483 3195 a
511 3139 671 3194 nobis
713 3138 974 3210 quidquid
1020 3148 1239 3210 pactum
1286 3140 1495 3196 redolet
1524 3155 1625 3211 pro
1657 3139 1934 3195 beneﬁciis
1964 3140 2054 3199 de-

445 3227 773 3283 functorum.
822 3227 923 3282 Hic
967 3236 1150 3283 autem
1196 3227 1406 3283 videtur
1452 3244 1573 3302 qua
1605 3237 1657 3284 et
1705 3228 1882 3300 qualis
1932 3237 2049 3284 erat

2214 2349 2345 2404 CAP.
2370 2349 2539 2405 XLII.
2564 2380 2629 2391 —
2652 2350 2817 2405 Num.
2841 2352 2892 2405 1.
2915 2349 2985 2404 Et
3005 2349 3054 2404 si
3074 2348 3297 2422 quidem
3318 2348 3626 2405 monachus
3646 2349 3745 2422 qui

2146 2438 2225 2494 eis
2248 2437 2608 2510 praepositus,
2626 2446 2731 2494 etc.
2756 2439 3021 2493 Divinum
3037 2440 3116 2493 eis
3129 2437 3390 2508 oﬂicium,
3403 2453 3547 2509 pene
3559 2441 3623 2493 ut
3643 2454 3741 2492 su.

2142 2543 2249 2599 pra
2270 2527 2548 2599 scriptum
2567 2530 2671 2593 est,
2696 2527 3076 2597 festinantius
3100 2529 3311 2592 tamen,
3332 2526 3618 2597 persolvit.
3640 2525 3744 2579 Per

2143 2615 2466 2670 monachum
2494 2622 2902 2686 procuratorem
2946 2613 3214 2685 intelligit,
3255 2621 3309 2669 et
3353 2630 3419 2669 ex
3463 2613 3565 2669 hoc
3617 2611 3741 2669 loco

2146 2702 2331 2776 colligi
2361 2709 2540 2774 potest
2571 2702 2715 2774 quod
2745 2701 2903 2773 primi
2934 2703 3121 2757 Patres
3167 2709 3319 2757 recto
3362 2710 3489 2757 tono
3533 2700 3741 2772 psalle-

2145 2798 2281 2846 rent.
2314 2791 2451 2846 Nam
2479 2806 2603 2847 cum
2635 2798 2845 2846 certum
2875 2789 2944 2845 sit
2990 2798 3397 2860 procuratorem
3428 2789 3605 2844 solum
3633 2804 3741 2844 non

2148 2879 2389 2949 potuisse
2418 2895 2541 2935 cum
2572 2878 2712 2934 notis
2743 2886 2911 2933 totum
2937 2877 3169 2934 officium
3189 2877 3503 2949 persolvere
3528 2895 3543 2944 ;
3576 2885 3629 2932 et
3657 2877 3744 2932 hic

2151 2967 2361 3023 dicatur
2392 2968 2540 3038 quod
2576 2966 2815 3022 divinum
2842 2964 3079 3021 ofﬁcium
3111 2965 3190 3021 eis
3232 2965 3494 3037 persolvit
3523 2981 3662 3037 pene
3690 2973 3747 3021 ut

2154 3070 2321 3124 supra
2351 3056 2606 3126 scriptum
2638 3062 2719 3110 est
2748 3054 2816 3110 de
2844 3054 3145 3122 monachis,
3194 3069 3257 3109 ea
3286 3060 3494 3109 tantum
3534 3061 3745 3108 servata

2154 3137 2470 3204 differentia,
2503 3146 2560 3193 ut
2607 3136 2945 3193 festinantius
2992 3135 3231 3193 ofﬁcium
3276 3137 3590 3208 persolvat,-
3620 3136 3746 3191 inde

2154 3227 2435 3283 evidenter
2462 3234 2688 3298 apparet
2708 3225 2853 3297 quod
2880 3233 3205 3296 procurator
3251 3232 3401 3281 recto
3446 3232 3571 3280 tono
3619 3240 3746 3281 can-

447 3315 785 3372 consuetudo
851 3324 1038 3371 contra
1099 3332 1263 3388 quam
1328 3317 1602 3372 invehitur
1657 3317 1742 3373 vir
1808 3324 2045 3383 sanctus,
2070 3353 2122 3414 B
2156 3323 2312 3382 taret,
2346 3315 2485 3372 sicut
2534 3315 2587 3369 in
2635 3313 2869 3386 antiquis
2917 3313 3129 3369 statutis
3175 3321 3361 3384 aperte
3408 3313 3741 3384 exprimitur.

447 3404 694 3459 modeste
724 3411 924 3472 tamen,
947 3419 1073 3459 nam
1095 3404 1278 3459 statim
1300 3404 1484 3459 subdit
1515 3420 1527 3459 :
1567 3405 1717 3475 Quod
1742 3406 1792 3461 si
1809 3405 1931 3477 quis
1954 3409 2047 3460 ta-
2070 3401 2121 3414 ”
2149 3405 2341 3459 Exstat
2369 3411 2552 3458 tamen
2582 3402 2802 3474 quidam
2833 3401 3093 3475 prologus
3113 3402 3167 3456 in
3190 3402 3363 3473 capite
3392 3401 3749 3473 quorumdam

452 3494 562 3548 lem
601 3493 1072 3549 consuetudinem
1109 3494 1460 3550 contentiosa
1482 3496 1650 3566 jurat
1686 3492 2046 3562 laudabilem,

450 3596 565 3637 non
586 3584 930 3644 resistimus.
951 3589 1060 3637 etc.
1088 3581 1195 3637 Sed
1215 3581 1718 3637 nihilominusintra
1730 3581 1926 3637 limites
1947 3597 2050 3653 ge-

450 3669 631 3726 nerosi
660 3669 761 3725 zeli
792 3677 940 3725 stare
971 3686 1079 3725 non
1112 3670 1341 3736 desistit,
1375 3686 1680 3741 provocans
1710 3670 1893 3724 talium
1921 3685 2052 3725 con-

449 3757 791 3812 suetudinum
839 3765 1093 3813 auctores
1140 3765 1191 3812 et
1238 3756 1472 3813 fautores
1527 3758 1598 3814 ad
1641 3757 1904 3828 judicium
1950 3757 2051 3813 Dei

449 3845 927 3902 considerandum.

521 3934 687 3988 Num.
721 3936 774 3988 5.
825 3935 1089 3991 Nostrum
1131 3934 1537 4007 qualecunque,
1589 3941 1693 3989 etc.
1721 3934 2047 4005 penuriam,

451 4023 560 4077 Deo
582 4021 820 4092 gratias,
846 4038 974 4077 raro
996 4023 1173 4078 sentit
1200 4026 1302 4077 aut
1321 4020 1754 4077 abundantiam.
1779 4020 1879 4077 Hic
1893 4021 2037 4077 vide-

452 4116 540 4163 tur
564 4123 728 4181 quam
758 4109 1002 4165 modeste
1033 4117 1086 4164 et
1106 4108 1382 4165 humiliter
1410 4108 1478 4164 de
1510 4125 1570 4164 se
1602 4109 1864 4165 sentirent
1893 4108 2052 4182 primi

453 4198 637 4253 Patres
665 4197 858 4263 nostri,
893 4197 983 4269 qui
1012 4197 1236 4253 vilitatis
1293 4198 1593 4269 epithetum
1634 4214 1731 4253 suo
1774 4198 2052 4269 proposito

452 4292 726 4351 attexunt,
787 4293 843 4340 ut
888 4286 1238 4342 ostenderent
1267 4295 1523 4358 quantum
1554 4286 1813 4341 distarent
1865 4286 1934 4340 ab
1963 4287 2052 4340 in-

448 4373 689 4429 tentione
713 4372 1023 4445 opinionem
1070 4374 1347 4430 hominum
1403 4374 1508 4429 sibi
1535 4374 1661 4429 inde
1706 4374 2048 4440 conciliandi,

453 4468 507 4518 et
556 4469 814 4533 quantum
877 4462 1172 4529 humilitas,
1229 4463 1463 4532 abjectio
1510 4471 1563 4517 et
1610 4462 1785 4518 vilitas
1833 4479 1865 4517 a
1907 4461 2053 4519 veris

453 4549 818 4605 Carthusianis
848 4558 1030 4605 essent
1077 4567 1295 4622 semper
1322 4551 1377 4605 in
1424 4550 1596 4621 pretio
1624 4550 1905 4606 habendae.
1935 4552 2051 4621 Ap-

454 4645 610 4711 paret
676 4637 838 4693 etiam
886 4638 1032 4710 quod
1080 4655 1165 4693 res
1202 4646 1416 4694 nostras
1462 4638 1519 4692 in
1568 4654 1633 4693 ea
1683 4638 2052 4694 mediocritate

2149 3490 2663 3562 Antiphonariorum
2692 3490 2921 3562 positus,
2954 3490 3047 3562 qui
3085 3490 3149 3546 R.
3182 3491 3249 3544 Ρ.
3287 3490 3522 3562 Guigoni
3552 3489 3747 3544 tribui-

2150 3589 2251 3635 tur.
2286 3580 2394 3635 Sed
2423 3596 2546 3634 cum
2577 3578 2653 3633 ibi
2689 3587 2894 3634 tantum
2946 3578 3016 3633 de
3060 3577 3431 3649 Antiphonarii
3460 3578 3750 3649 ,composi-

2150 3669 2295 3724 tione
2326 3675 2535 3739 agatur,
2571 3675 2624 3721 et
2664 3675 2850 3722 cantus
2897 3666 3135 3721 studium
3180 3667 3382 3721 ibidem
3429 3664 3748 3736 parvipendi

2150 3756 2417 3823 videatur,
2461 3755 2647 3810 fortior
2693 3754 2906 3810 videtur
2951 3754 3239 3825 praesentis
3285 3753 3389 3810 loci
3428 3754 3748 3819 auctoritas,

2150 3860 2307 3916 quam
2337 3839 2554 3916 prologi
2581 3842 2757 3908 istius,
2791 3841 2881 3914 qui
2909 3842 2978 3897 de
3020 3842 3139 3898 solo
3169 3842 3374 3898 selectu
3404 3850 3457 3898 et
3484 3841 3752 3912 composi-

2152 3933 2295 3987 tione
2326 3931 2521 3987 littera:
2547 3929 2924 4001 Antiphonarii
2950 3929 3179 4002 intelligi
3227 3938 3425 4001 potest,
3459 3930 3546 3985 vel
3573 3929 3619 3984 si
3646 3928 3750 3984 ali-

2154 4036 2312 4092 quem
2345 4027 2561 4076 cantum
2598 4018 2862 4087 admittat,
2911 4016 3186 4073 diversum
3213 4034 3245 4072 a
3273 4017 3610 4091 Gregoriano
3638 4033 3751 4089 quo

2152 4123 2296 4164 nunc
2316 4108 2531 4175 utimur,
2565 4114 2618 4162 et
2664 4121 2729 4163 eo
2777 4105 3193 4163 succinctiorem
3248 4105 3416 4163 fuisse
3445 4122 3554 4162 non
3582 4105 3749 4161 dubi-

2152 4204 2328 4251 tamus
2340 4237 2354 4251 .

2224 4284 2362 4339 Ibid.
2397 4284 2567 4353 Quem
2597 4284 2709 4356 ipsi
2737 4300 2954 4341 summo
2974 4283 3183 4341 studio.
3216 4284 3297 4339 Ex
3328 4284 3432 4341 hoc
3458 4282 3577 4341 loco
3606 4292 3657 4339 et
3678 4299 3747 4339 ex

2153 4372 2399 4445 sequenti
2438 4372 2674 4443 capitulo
2719 4380 2940 4444 apparet
2990 4372 3154 4443 quod,
3206 4381 3477 4443 praesente
3522 4371 3744 4438 clerico,

2155 4461 2245 4534 qui
2291 4460 2532 4517 divinum
2580 4458 2815 4516 ofﬁcium
2856 4459 2935 4516 eis
2974 4460 3053 4517 sic
3094 4460 3453 4530 persolveret,
3504 4460 3635 4515 nihil
3681 4475 3750 4515 ex

2155 4566 2248 4604 sua
2277 4557 2430 4620 parte
2457 4549 2720 4615 dicerent,
2772 4548 2870 4605 sed
2916 4548 3034 4604 sola
3076 4549 3402 4617 assistentia,
3453 4548 3748 4605 attentione

2156 4645 2208 4693 et
2272 4637 2723 4693 caeremoniarum
2770 4636 3086 4706 imitatione,
3130 4653 3263 4708 quas
3309 4653 3409 4708 per
3463 4638 3750 4708 religiosos

456 4725 711 4782 constitui
748 4725 968 4794 vellent,
1019 4741 1185 4797 quam
1212 4742 1242 4780 a
1270 4727 1385 4781 Deo
1432 4726 1649 4796 petebat
1675 4725 1934 4780 Salomon
1963 4726 2051 4780 di-
2084 4716 2129 4776 Ο
2150 4730 2335 4783 motus
2364 4725 2616 4797 exprimit
2645 4724 2979 4781 reverendus
3008 4724 3257 4797 scriptor,
3310 4723 3492 4781 ofﬁcio
3535 4724 3749 4780 satisfa-

456 4829 589 4870 cens
616 4829 627 4867 :
648 4813 1069 4869 Mendicitatem
1092 4818 1147 4870 et
1168 4815 1396 4870 divitias
1418 4829 1488 4869 ne
1512 4812 1727 4870 dederis
1756 4813 1918 4882 mihi,
1944 4821 2048 4869 etc.

460 4903 643 4971 (Prov.
673 4916 816 4969 xxx,
850 4901 924 4973 8).

530 4990 667 5044 Ibid.
682 4991 824 5045 Nam
844 4990 894 5044 si
909 4990 1033 5061 quis
1045 4989 1202 5045 nobis
1217 4991 1401 5060 pisces
1422 4994 1523 5045 aut
1544 4989 1864 5060 hujusmodi
1884 4991 2051 5045 mise-

457 5080 536 5135 rit
568 5078 801 5149 aliquid,
837 5084 938 5132 etc.
970 5077 1070 5132 Hic
1098 5076 1337 5149 loquitur
1363 5094 1464 5149 per
1491 5077 1887 5148 oppositionem
1918 5093 2052 5133 con-

459 5165 733 5223 suetudini
762 5164 839 5219 illi
868 5182 1027 5235 quam
1057 5181 1220 5235 supra
1270 5166 1619 5235 reprehendit
1655 5164 1709 5219 in
1742 5165 1938 5220 missas
1964 5165 2052 5220 fa-

457 5271 583 5315 cere
613 5252 811 5325 paratis
842 5252 1001 5308 toties
1030 5269 1227 5323 nempe
1256 5253 1539 5324 splendide
1561 5254 1812 5324 epulandi
1842 5254 2054 5326 quoties

457 5342 623 5415 aliqui
650 5358 749 5413 pro
800 5341 912 5395 suis
955 5341 1034 5396 eis
1073 5341 1339 5395 voluerint
1367 5341 1622 5397 exhibere
1663 5342 1968 5408 defunctis;
2003 5351 2056 5397 et

459 5429 714 5502 exprimit
742 5427 972 5501 qualiter
1001 5428 1260 5482 utendum
1303 5428 1461 5483 nobis
1502 5429 1571 5483 sit
1623 5429 1938 5485 muneribus
1988 5429 2056 5484 ad

460 5534 564 5574 nos
609 5516 793 5572 missis
835 5532 937 5587 pro
973 5522 1136 5587 pastu
1181 5524 1499 5587 conventus,
1547 5533 1667 5589 qua:
1721 5517 1804 5571 his
1850 5525 2054 5574 tantum

461 5605 655 5666 diebus
683 5604 1071 5672 ministrantur,
1106 5603 1302 5680 quibus
1331 5621 1429 5683 per
1457 5613 1653 5662 statuta
1682 5604 1831 5665 licet.

2153 4822 2360 4872 cerent.

2202 4904 2363 4958 Num.
2386 4905 2441 4960 2.
2460 4903 2547 4958 Ea:
2568 4903 2763 4975 quibus
2778 4902 2841 4957 in
2861 4902 3066 4973 vigilii.
3090 4902 3519 4958 solemnitatum
3539 4884 3603 4958 in
3621 4904 3750 4975 qui-

2152 4992 2252 5047 bus
2282 4992 2600 5063 capitulum
2634 4994 2879 5056 tcnetur,
2905 4998 3009 5045 etc.
3031 4989 3110 5043 Ex
3141 4989 3243 5044 hoc
3273 4989 3395 5045 loco
3424 4990 3648 5045 evidens
3669 4998 3752 5045 est

2154 5075 2300 5146 quod
2330 5076 2393 5131 ll.
2427 5075 2487 5128 P.
2512 5073 2690 5146 Guigo
2710 5074 3059 5147 quidcunque
3081 5071 3274 5129 festum
3298 5073 3515 5146 capituli
3544 5074 3750 5130 solem-

2153 5163 2378 5219 nitatem
2407 5170 2580 5219 vocat.

2226 5253 2246 5305 l
2254 5251 2363 5305 bid.
2391 5252 2697 5306 Matutinus
2719 5255 2776 5306 et
2795 5254 3063 5307 caeterum
3084 5266 3311 5306 sacrum
3332 5251 3576 5322 cilicium
3592 5252 3755 5308 audi-

2157 5342 2294 5407 turi,
2328 5346 2430 5395 etc.
2462 5339 2543 5393 De
2574 5338 2758 5393 auditu
2788 5338 2904 5392 solo
2944 5336 3108 5393 officii
3154 5338 3242 5394 hic
3273 5336 3330 5392 ﬁt
3357 5339 3579 5405 mentio,
3637 5354 3747 5395 non

2156 5426 2472 5483 recitatione
2504 5426 2705 5497 aliqua.
2737 5426 2845 5480 Cur
2881 5433 3060 5481 autem
3113 5424 3167 5479 id
3196 5433 3458 5481 mutatum
3489 5426 3667 5493 fuerit,
3699 5434 3755 5482 et

2155 5531 2301 5571 nunc
2344 5514 2515 5570 nostri
2581 5513 2851 5569 conversi.
2898 5520 3126 5569 canente
3172 5522 3460 5581 conventu,
3509 5514 3751 5571 ofﬁcium

2158 5619 2312 5661 suum
2339 5602 2671 5680 persolvant,
2720 5609 2879 5675 prout
2933 5602 3158 5661 absente
3204 5601 3408 5664 clerico
3455 5603 3578 5661 illos
3624 5610 3752 5664 tunc
