3978 6050
340 151 449 209 ’725
1672 156 1898 215 CONSU

2017 161 2256 217 JDINES
2269 200 2283 215 .
3526 169 3631 224 ’726

416 283 467 334 3.
500 282 793 337 Ascensuri
822 291 1019 350 autem,
1051 285 1119 340 ad
1150 286 1522 359 coquinarium
1552 285 1790 349 veniunt,
1826 289 2028 339 etcum
2063 285 2179 354 ejus
2206 284 2445 351 licentia,
2478 292 2693 340 servato
2723 292 2955 357 pergant
2975 285 3209 351 silentio,
3243 288 3388 359 quod
3416 305 3623 360 praece-

343 376 486 446 perit
514 380 811 448 portaturi;
846 380 919 435 ibi
951 397 1185 454 quoque,
1214 383 1269 438 id
1298 392 1379 439 est
1412 384 1680 455 superius,
1712 382 1847 438 sicut
1866 381 2086 454 ubique,
2121 397 2151 435 a
2183 381 2536 453 completorio
2586 397 2760 453 usque
2789 390 2915 453 post
2944 382 3194 453 primam,
3228 392 3279 439 et
3309 401 3340 439 a
3387 386 3626 456 capitulo

344 490 519 546 usque
548 484 670 545 post
699 492 918 547 nonam,
953 478 1006 533 in
1055 480 1269 535 silentio
1298 489 1696 551 permanentes.

415 572 469 625 4.
502 572 830 644 Coquinario
861 581 1041 630 tamen
1071 584 1123 631 et
1155 577 1402 646 adjutori,
1436 578 1549 633 sive
1580 578 1917 647 adjutoribus
1947 578 2083 646 ejus,
2115 579 2183 632 de
2227 577 2557 632 necessariis
2606 577 2755 650 loqui
2808 578 2954 634 licet.
3016 580 3151 634 Cum
3206 580 3418 636 silentio
3461 580 3623 638 etiam

337 666 700 739 descendunt,
726 671 870 744 quod
895 672 1033 743 jussi
1062 673 1259 729 fuerint
1289 682 1652 746 reportantes,
1685 690 1947 745 vesperas
1976 673 2032 728 in
2060 675 2270 744 capella
2298 690 2328 728 a
2357 675 2612 746 deputato
2643 674 2747 729 sibi
2775 677 3039 731 monacho
3083 674 3340 730 audituri.

1684 797 2080 854 CAPITULUM
2108 796 2279 850 XLIII

1148 896 1291 950 Item
1320 896 1385 951 de
1415 896 1607 952 eadem
1638 912 1718 964 re,
1742 900 1796 951 et
1826 911 1930 967 quo
1964 898 2210 965 tempore
2242 893 2312 947 ad
2345 893 2516 949 lectos
2547 894 2804 949 redeant.

411 987 461 1040 4.
498 985 722 1055 Quoties
749 997 927 1045 autem
957 997 1082 1045 sunt
1108 990 1227 1046 sine
1258 991 1481 1058 clerico,
1515 990 1830 1046 Orationem
1863 990 2200 1047 Dominicam
2230 1005 2327 1061 pro
2357 990 2583 1061 psalmis
2603 992 2825 1061 habent,
2861 1000 2913 1049 et
2941 993 3010 1049 de
3041 1009 3103 1051 ea
3132 995 3299 1049 horas
3329 1009 3542 1060 omnes,
3577 1001 3631 1048 et

333 1088 524 1149 totum,
556 1084 864 1157 ubicunque
894 1087 1020 1155 sint,
1066 1080 1341 1159 complent
1385 1088 1639 1143 officium.

400 1183 453 1235 2.
489 1181 548 1235 In
578 1182 853 1237 matutinis
881 1183 1069 1255 igitur,
1100 1184 1147 1238 si
1176 1185 1463 1240 duodecim
1507 1185 1804 1242 lectionum
1834 1185 2029 1241 festum
2061 1194 2161 1251 est,
2198 1185 2439 1241 inclinati
2468 1194 2699 1252 tantum,
2731 1187 2864 1241 alias
2893 1187 3034 1243 enim
3068 1203 3232 1257 super
3264 1186 3469 1241 formas
3517 1202 3623 1241 se-

330 1276 455 1343 mel,
482 1278 654 1333 Pater
682 1284 873 1335 noster
891 1296 1015 1337 cum
1046 1296 1249 1354 magna
1278 1282 1463 1338 dicunt
1491 1284 1783 1337 attentione
1808 1302 1821 1349 ;
1855 1283 2051 1338 deinde
2084 1283 2252 1337 erecti
2283 1284 2531 1337 eamdem
2561 1284 2740 1338 sexies
2771 1291 3018 1354 repetunt
3047 1284 3365 1348 orationem,
3385 1300 3486 1354 per
3509 1284 3594 1338 sin

329 1371 491 1443 gulas
511 1374 896 1443 supplicantes,
930 1384 983 1431 et
1018 1378 1205 1433 Gloria
1236 1380 1399 1435 Patri
1429 1380 1691 1435 dicentes.
1725 1379 1934 1434 Deinde
1982 1379 2271 1434 considunt
2316 1386 2369 1435 et
2418 1379 2663 1434 eamdem
2694 1374 2995 1434 Orationem
3025 1379 3109 1433 bis
3147 1388 3200 1434 et
3229 1380 3404 1451 vigies
3462 1374 3635 1450 repe-V

330 1472 468 1520 tunt.
500 1467 567 1520 Et
595 1476 788 1537 postea
818 1478 1109 1542 surgentes
1140 1472 1385 1528 eamdem
1417 1489 1539 1529 cum
1571 1475 1985 1546 supplicatione,
2020 1483 2092 1541 et,
2122 1476 2310 1531 Gloria
2332 1477 2496 1531 Patri
2524 1475 2704 1531 sexies
2724 1476 2938 1543 iterant,
2961 1491 3024 1531 ac
3053 1477 3312 1547 deinceps
3344 1477 3399 1531 in
3428 1478 3623 1533 stando

330 1574 749 1634 perseverantes
779 1566 951 1638 ipsam
979 1570 1231 1625 eamdem
1269 1570 1386 1627 sine
1418 1573 1609 1629 Gloria
1640 1580 1693 1629 et
1733 1572 2128 1643 supplicatione
2155 1572 2347 1645 viginti
2378 1580 2430 1628 et
2486 1573 2695 1628 duabus
2725 1572 2937 1629 vicibus
2982 1573 3186 1629 dicunt.
3220 1573 3397 1643 Quam
3452 1574 3617 1630 etiam

331 1676 430 1731 pro
459 1663 686 1719 collecta
718 1665 887 1721 semel
924 1666 1276 1739 subjungunt.

399 1764 451 1814 3.
486 1762 612 1816 Post
641 1763 929 1818 matutinas
957 1764 1025 1819 ad
1045 1765 1346 1821 orationem
1389 1766 1733 1822 constitutam
1789 1766 2063 1822 festinant.
2100 1766 2276 1834 Quam
2306 1766 2430 1823 ideo
2487 1767 2730 1823 scribere
2777 1766 3050 1835 nolumus,
3094 1767 3238 1839 quia,
3304 1768 3624 1841 vulgaribus

326 1858 532 1926 verbis,
564 1859 683 1913 aliis
714 1860 780 1913 ab
812 1861 930 1915 aliis
960 1862 1276 1917 insinuatur.

401 1956 450 2009 4.
485 1957 552 2010 Et
583 1957 709 2029 quia
739 1973 771 2012 a
798 1958 1058 2013 Kalendis
1090 1958 1341 2015 Octobris
1374 1974 1548 2029 usque
1577 1956 1647 2011 ad
1678 1956 1886 2011 Pascha
1932 1971 2040 2010 non
2071 1954 2277 2010 reditur
2304 1954 2373 2009 ad
2401 1955 2591 2018 lectos,
2622 1953 2674 2009 in
2706 1959 2880 2027 spatio
2913 1961 3058 2032 quod
3091 1976 3263 2032 usque
3294 1961 3362 2016 ad
3391 1962 3622 2032 primam

325 2062 584 2121 remanet,
615 2070 713 2124 pro
744 2056 1039 2126 quantitate
1070 2056 1308 2111 noctium
1340 2056 1562 2127 longum
1595 2053 1680 2109 vel
1712 2053 1893 2116 breve,
1928 2060 2108 2107 vestes
2139 2067 2262 2104 suas
2291 2058 2468 2119 suunt,
2503 2051 2587 2105 vel
2620 2052 2890 2109 sotulares
2944 2064 3171 2127 ungunt,
3206 2057 3291 2112 vel
3324 2074 3482 2128 rapas
3527 2075 3618 2111 ra-

325 2147 480 2215 dunt,
515 2150 598 2205 vel
631 2151 827 2223 siquid
856 2152 999 2206 aliud
1031 2153 1110 2207 eis
1139 2152 1439 2221 injunctum
1465 2158 1567 2218 est,
1601 2150 1717 2205 sine
1747 2148 1974 2220 strepitu
2004 2148 2278 2215 duntaxat,
2312 2156 2620 2220 operantur.
2672 2150 2729 2205 Si
2783 2152 2915 2206 nihil
2949 2154 3054 2208 tale
3092 2162 3271 2226 urget,
3327 2137 3624 2209 intendunl

327 2246 561 2301 orationi
604 2257 864 2319 quantum
912 2258 1158 2320 possunt.

401 2347 458 2398 5.
496 2348 541 2399 Α
572 2346 782 2402 Pascha
811 2364 984 2419 usque
1014 2348 1085 2403 ad
1114 2347 1387 2403 Kalendas
1418 2345 1671 2402 Octobris
1702 2345 1769 2399 ad
1787 2344 1955 2400 lectos
1972 2344 2220 2410 redeunt,
2246 2343 2301 2397 in
2329 2359 2435 2415 quo
2464 2351 2575 2399 toto
2598 2346 2855 2416 temporis
2885 2348 3077 2418 spatio,
3113 2357 3230 2405 orto
3279 2349 3394 2405 sole
3444 2350 3624 2420 prima

325 2441 592 2511 pulsatur.
618 2444 675 2498 In
706 2461 886 2500 messe
917 2452 1123 2515 tamen,
1152 2452 1313 2515 prout
1342 2443 1639 2499 necessitas
1668 2442 1924 2513 postulat,
1966 2441 2144 2496 citius.
2178 2440 2389 2497 Abinde
2418 2458 2590 2513 usque
2620 2443 2685 2497 ad
2717 2444 2922 2501 Pascha
2961 2462 3174 2500 summo
3204 2462 3361 2502 mane
3391 2446 3623 2517 primam

323 2538 400 2598 ita
430 2540 689 2611 incipiunt
722 2556 735 2596 :
769 2543 1129 2615 Adjutorium
1160 2547 1421 2599 nostrum
1442 2543 1505 2596 in
1536 2540 1766 2596 nomine
1796 2539 2037 2603 Domini,
2064 2539 2158 2610 qui
2186 2541 2325 2609 fecit
2348 2539 2547 2594 caelum
2579 2546 2635 2595 et
2663 2545 2918 2609 terram;
2956 2542 3173 2611 deinde,
3208 2545 3380 2599 Pater
3422 2549 3620 2601 nostra

324 2658 449 2698 cum
504 2640 691 2697 Gloria
725 2642 910 2707 Patri,
945 2647 998 2694 et
1029 2639 1211 2705 venia,
1248 2638 1338 2695 vel
1368 2637 1760 2708 supplicatione
1793 2636 2092 2692 secundum
2114 2643 2346 2706 tempus,
2382 2636 2576 2704 tertio;
2605 2645 2795 2708 quarto
2822 2639 2983 2693 etiam
3006 2656 3105 2709 pro
3141 2641 3388 2696 collecta.
3414 2642 3473 2695 In
3504 2658 3616 2697 caa-

325 2738 457 2793 teris
487 2736 637 2792 horis
659 2735 927 2805 similiter,
952 2743 1179 2808 cxcepto
1210 2735 1356 2807 quod
1386 2736 1440 2789 in
1467 2734 1713 2806 vesperis
1741 2750 1907 2788 unum
1941 2733 2155 2788 additur
2184 2737 2356 2789 Pater
2376 2739 2589 2790 noster.
2617 2735 2743 2789 Post
2764 2736 3171 2806 completorium
3192 2738 3365 2795 lectos
3393 2740 3615 2810 adeunt,

319 2843 391 2901 et,
425 2842 481 2889 ut
511 2833 798 2901 dormiant,
835 2841 1109 2907 satagunt,
1141 2850 1210 2888 ne
1242 2832 1399 2898 forte,
1427 2847 1550 2888 cum
1585 2831 1810 2904 vigilare
1851 2830 2158 2900 debuerint,
2217 2831 2455 2886 dormire
2485 2832 2897 2903 compellantur.

1687 2955 2259 3009 COMMENTARIUS.

315 3055 498 3110 facere
528 3052 784 3108 debuisse
829 3053 888 3107 in
932 3052 1177 3125 sequenti
1208 3052 1443 3124 capitulo
1473 3051 1818 3108 describitur.
1854 3052 1909 3105 Id
1933 3055 1985 3112 A
2084 3052 2247 3106 Num.
2269 3054 2320 3106 4.
2352 3054 2608 3124 I’esperas
2630 3055 2691 3108 in
2712 3055 2950 3126 capella,
2976 3062 3100 3120 etc.,
3119 3054 3392 3111 audituri.
3418 3055 3611 3114 Adhuc

315 3141 634 3214 provenisse
700 3141 1030 3196 arbitramur
1077 3158 1143 3196 ex
1183 3140 1557 3196 dissuetudine
1606 3140 1915 3193 introducta
2015 3139 2082 3193 de
2115 3139 2346 3209 simplici
2376 3139 2559 3194 auditu
2588 3141 2677 3196 hic
2707 3140 2764 3195 fit
2792 3142 3014 3197 mentio.

315 3230 617 3286 aedificandi
675 3229 731 3284 in
789 3229 989 3285 nostris
1048 3228 1301 3284 domibus
1369 3229 1561 3284 domos
1606 3227 1909 3283 inferiores.

2084 3227 2277 3281 Totum
2309 3229 2413 3283 hoc
2459 3229 2753 3299 capitulum
2801 3230 3031 3285 relatum
3072 3230 3243 3285 habes
3281 3231 3336 3286 in
3374 3232 3607 3306 antiquis

312 3320 469 3377 Unde
500 3318 699 3373 factum
739 3325 820 3373 est
849 3326 908 3372 ut
936 3333 1126 3373 omnes
1171 3318 1423 3373 conversi
1472 3318 1526 3370 in
1557 3317 1721 3371 domo
1752 3333 1915 3387 supe—
2013 3316 2226 3369 statutis
2255 3323 2407 3385 parte
2438 3331 2517 3381 ιιι,
2553 3332 2674 3387 cap.
2714 3322 2761 3383 1,
2796 3334 2943 3373 num.
2980 3323 3001 3371 1
3040 3328 3092 3373 et
3121 3336 3275 3391 seqq.

316 3407 444 3462 riori
478 3407 768 3462 existentes
795 3405 869 3460 ibi
912 3406 1191 3461 nocturnis
1221 3404 1411 3461 ofﬁciis
1439 3406 1706 3460 interesse
1736 3405 1911 3459 debe-

312 3504 450 3560 rent,
494 3495 692 3566 quibus
749 3511 811 3550 ex
877 3502 1036 3549 cantu
1093 3494 1476 3565 prolixioribus
1534 3492 1762 3559 eflectis,
1809 3494 1911 3547 ista

310 3599 539 3655 precum
569 3582 839 3639 vocalium
869 3582 1152 3653 occupatio
1183 3583 1262 3638 eis
1296 3582 1570 3653 assignata
1600 3582 1715 3647 fuit,
1749 3598 1816 3635 ne
1853 3581 1909 3635 in

309 3672 500 3737 otium,
533 3681 624 3726 aut
656 3671 891 3737 taedium,
923 3678 1011 3724 aut
1042 3686 1312 3737 somnum,
1348 3670 1670 3725 durantibus
1700 3669 1911 3723 matuti-

310 3762 415 3823 nis,
449 3760 783 3815 deciderent.

377 3848 515 3903 Ibid.
542 3851 609 3903 Et
631 3849 679 3903 si
698 3864 835 3920 quas
857 3848 1066 3903 habent
1105 3848 1301 3918 culpas
1327 3846 1694 3914 conﬁtentur.
1720 3845 1779 3899 Id
1801 3860 1903 3915 po-

310 3945 416 3992 test
445 3935 671 4007 intelligi
719 3944 829 3989 tum
860 3936 927 3990 de
958 3934 1301 3990 confessione
1348 3933 1739 3999 sacramentali,
1792 3941 1905 3987 tum

304 4027 373 4081 de
398 4025 614 4095 publica
636 4024 1008 4095 recognitione
1038 4023 1339 4094 culparum,
1364 4040 1487 4077 nam
1508 4030 1734 4094 utraque
1767 4021 1904 4075 solet

305 4113 422 4169 ﬁeri
452 4113 593 4184 apud
622 4128 721 4167 nos
749 4120 871 4183 post
900 4112 1216 4182 capitulum.
1260 4112 1498 4166 Sabbato
1531 4111 1751 4181 quidem
1779 4118 1904 4181 post

306 4201 709 4258 recordationes
739 4200 807 4254 ad
852 4200 1251 4255 confessionem
1285 4199 1729 4255 sacramentalem
1760 4206 1901 4253 tem-

299 4308 405 4361 pus
434 4288 711 4344 monachis
739 4289 1055 4361 assignatur
1085 4303 1249 4358 supra
1280 4303 1401 4358 cap.
1432 4291 1485 4352 7,
1519 4303 1667 4341 num.
1701 4291 1754 4342 2.
1792 4286 1901 4341 Sed

2083 3404 2216 3458 CAP.
2250 3404 2442 3458 XLIII.
2478 3434 2547 3443 -
2576 3405 2738 3458 Num.
2775 3409 2823 3459 l.
2858 3408 3076 3475 Quoties
3105 3413 3313 3465 autem.
3340 3409 3470 3464 Inde
3494 3410 3607 3464 cvi-

2010 3492 2146 3546 dens
2173 3499 2254 3546 est
2287 3492 2432 3563 quod
2463 3492 2689 3548 absente
2719 3500 2922 3548 tantum
2952 3503 3310 3564 procuratore
3330 3504 3457 3551 tunc
3480 3497 3603 3567 ipsi-

2008 3588 2118 3634 met
2147 3580 2439 3634 matutinas
2477 3581 2870 3651 persolverent,
2915 3590 2965 3636 et
2996 3598 3095 3651 pro
3126 3583 3349 3652 psalmis
3380 3583 3597 3640 Oratio-

2008 3685 2133 3722 nem
2166 3668 2493 3723 dominicam
2545 3669 2836 3735 haberent,
2868 3670 3017 3723 illam
3049 3671 3331 3725 recitantes
3359 3672 3522 3727 modo
3552 3681 3606 3728 et

2007 3772 2236 3812 numero
2285 3756 2376 3828 qui
2423 3756 2510 3811 hic
2554 3758 2886 3827 exprimitur.
2938 3759 3093 3814 Unde
3125 3766 3337 3814 constat
3367 3759 3610 3816 officium'

2006 3854 2316 3900 nostrorum
2366 3861 2755 3900 conversorum
2804 3854 2930 3900 tunc
2974 3846 3142 3901 fuisse
3200 3847 3363 3918 longe
3422 3849 3601 3905 minus

2005 3934 2271 4004 prolixum
2305 3950 2466 4005 quam
2495 3949 2639 3989 nunc
2669 3942 2769 3988 est.
2800 3935 2941 3989 Nam
2979 3942 3104 3991 tunc
3132 3940 3199 3989 58
3234 3936 3439 3991 vicibus
3466 3938 3599 3992 Ora—

2005 4023 2204 4078 tionem
2250 4022 2589 4077 Dominicam
2634 4022 2950 4093 repetebant
2991 4032 3043 4079 et
3074 4028 3138 4079 l2
3170 4024 3376 4079 vicibus
3410 4026 3599 4081 Gloria

2004 4114 2166 4167 Patri
2193 4127 2294 4182 pro
2328 4119 2435 4166 toto
2466 4110 2639 4166 ofﬁcio
2660 4120 2961 4178 nocturno;
2994 4128 3095 4182 pro
3112 4113 3308 4167 diurno
3328 4122 3505 4168 autem
3527 4118 3596 4171 25

2002 4200 2211 4255 vicibus
2241 4199 2557 4254 Orationem
2589 4199 2948 4265 Dominicam,
2984 4207 3032 4254 et
3069 4203 3137 4256 24
3170 4201 3358 4257 Gloria
3388 4203 3551 4257 Patri
3580 4223 3598 4258 :

2000 4288 2132 4341 nihil
2163 4303 2290 4342 vero
2321 4287 2619 4341 reddebant
2647 4302 2745 4356 pro
2778 4286 2953 4342 oﬂicio
2984 4289 3051 4342 de
3081 4290 3139 4341 Β.
3176 4289 3366 4343 Maria.

301 4378 429 4450 quia
458 4377 709 4433 conversi
739 4385 865 4431 tunc
896 4392 1003 4431 non
1035 4376 1255 4431 aderant
1286 4384 1339 4431 et
1369 4375 1512 4431 circa
1534 4376 1641 4429 alia
1663 4390 1896 4445 occupa-
1927 4408 1977 4466 Β
2069 4377 2232 4430 Num.
2266 4379 2317 4429 3.
2353 4378 2483 4430 Post
2511 4375 2833 4430 matutinas
2868 4377 2938 4429 ad
2961 4377 3277 4432 orationem
3312 4380 3596 4434 constitu-

295 4468 510 4533 bantur,
557 4466 704 4521 aliud
746 4472 976 4536 tempus,
1027 4481 1224 4535 nempe
1271 4472 1389 4535 post
1450 4464 1766 4534 capitulum,
1818 4463 1896 4517 eis

300 4555 633 4626 assignatur.

374 4644 537 4698 Num.
570 4647 622 4698 3.
658 4643 960 4698 Ascensuri
994 4649 1191 4697 autem
1230 4641 1301 4696 ad
1339 4641 1752 4712 coquinarium,
1789 4648 1890 4694 etc.

301 4732 423 4786 Iam
452 4731 686 4785 diximus
714 4731 860 4801 quod
889 4730 1233 4802 coquinarius
1264 4737 1379 4783 erat
1400 4728 1567 4783 veluti
1587 4728 1892 4799 praecipuus

302 4834 637 4885 oeconomus,
689 4819 782 4890 qui
811 4818 969 4873 etiam
1008 4818 1157 4873 vices
1195 4817 1557 4889 procuratoris
1587 4817 1805 4887 agebat,
1839 4824 1892 4871 et

298 4910 355 4963 in
384 4908 568 4962 multis
596 4907 839 4963 licentias
869 4907 1053 4961 dabat.

374 4996 511 5050 Ibid.
548 4997 624 5052 Ibi
652 5012 881 5068 quoque,
920 4996 978 5050 id
1011 5000 1095 5050 est
1131 4998 1410 5067 superius,
1452 4996 1598 5049 sicut
1639 4994 1836 5065 ubique
1858 5008 1892 5047 a

297 5085 679 5156 completorio,
705 5090 810 5139 etc.
844 5087 900 5139 et
917 5101 952 5138 a
972 5085 1240 5155 capitulo,
1266 5090 1368 5137 etc.
1396 5082 1601 5137 Sensus
1622 5082 1764 5135 illius
1784 5081 1889 5136 loci

295 5182 378 5228 est
409 5173 557 5243 quod
586 5172 776 5227 fratres
816 5170 872 5225 in
901 5172 1062 5227 domo
1094 5171 1363 5240 superiori
1394 5170 1707 5235 existentes,
1742 5186 1773 5223 a
1800 5185 1890 5224 ca-

292 5261 465 5332 pitulo
496 5277 668 5330 usque
709 5268 831 5331 post
858 5275 1074 5325 nonam,
1122 5260 1323 5314 debent
1352 5258 1543 5314 eodem
1572 5258 1734 5312 modo
1766 5275 1889 5313 ser-

295 5365 429 5405 vare
458 5348 750 5414 silentium,
794 5364 902 5419 quo
950 5348 1149 5420 ubique
1187 5356 1337 5402 extra
1375 5348 1594 5402 domum
1637 5347 1889 5416 superio-

293 5453 413 5493 rem
448 5437 761 5505 existentes,
814 5436 947 5491 illud
976 5452 1200 5493 servare
1237 5436 1435 5493 debent
1465 5451 1497 5493 a
1536 5435 1888 5509 completorio

292 5542 468 5601 usque
497 5533 619 5599 post
644 5524 875 5599 primam
888 5566 901 5580 .

2001 4468 2138 4527 tam,
2183 4471 2285 4518 etc.
2337 4464 2433 4518 Hic
2480 4462 2653 4533 agitur
2699 4462 2767 4515 de
2816 4463 3051 4533 quadam
3107 4463 3341 4520 formula
3384 4466 3594 4522 devota:

1996 4552 2254 4606 orationis
2295 4568 2454 4623 quam
2485 4552 2659 4605 adhuc
2699 4555 3021 4606 maternam
3060 4562 3276 4619 vocant,
3312 4556 3438 4626 quia
3469 4571 3591 4609 ma—

1996 4648 2152 4694 terna
2181 4641 2369 4712 lingua
2401 4638 2475 4708 fit,
2508 4649 2559 4694 ct
2588 4640 2656 4694 ab
2686 4639 2917 4694 invicem
2952 4640 3099 4694 illam
3128 4643 3434 4698 addiscunt.

2065 4729 2228 4783 Num.
2265 4731 2316 4783 4.
2348 4732 2418 4783 Et
2459 4730 2590 4800 quia
2620 4746 2654 4782 a
2691 4728 2957 4783 Kalendis
3000 4730 3266 4796 Octobris,
3315 4739 3418 4786 etc.
3466 4731 3591 4785 Non

1994 4832 2132 4886 Opus
2163 4824 2272 4871 erat
2302 4824 2425 4870 tunc
2446 4823 2503 4869 ut
2533 4815 2769 4869 redirent
2797 4815 2864 4868 ad
2894 4816 3079 4884 lectos,
3124 4818 3249 4889 quia
3278 4819 3439 4873 ritum
3470 4834 3592 4872 m0-

1994 4905 2294 4959 nachorum
2335 4904 2627 4970 imitantes,
2675 4904 2882 4975 absque
2922 4903 3312 4976 interruptione
3342 4909 3587 4968 dormie-

1994 4993 2123 5046 bant
2153 5001 2413 5063 quantum
2444 4993 2592 5047 satis.

2064 5082 2197 5135 Ibid.
2235 5082 2546 5136 Intendunt
2568 5081 2815 5137 orationi
2844 5085 3121 5150 quantum
3156 5091 3408 5154 possunt.
3441 5090 3586 5145 Nihil

1992 5169 2069 5225 eis
2100 5170 2152 5223 in
2182 5172 2283 5225 hac
2314 5178 2465 5241 parte
2495 5169 2659 5224 ﬁxum
2709 5169 3041 5238 assignatur,
3075 5171 3203 5240 quia
3226 5173 3377 5241 juxta
3407 5194 3585 5246 quan-

1990 5259 2197 5313 titatem
2226 5275 2449 5330 operum
2480 5258 2806 5312 manualium
2840 5260 3262 5314 etnecessitates
3295 5279 3590 5320 occurren-

1990 5356 2070 5402 tes
2101 5348 2223 5419 plus
2262 5349 2346 5402 vel
2378 5348 2554 5401 minus
2585 5346 2677 5401 otii
2709 5347 3001 5403 habebant.

2059 5438 2221 5490 Num.
2256 5440 2307 5491 £3.
2339 5438 2378 5490 A
2413 5435 2628 5490 Pascha
2654 5450 2822 5504 usque
2852 5438 2923 5491 ad
2941 5437 3217 5491 Kalendas
3245 5437 3491 5494 Octobris
3513 5444 3586 5498 ad

1994 5527 2161 5582 lectos
2194 5525 2453 5591 redeunt,
2487 5531 2589 5580 etc.
2626 5523 2735 5578 Cur
2779 5524 2885 5579 illis
2913 5525 2967 5580 id
2997 5524 3405 5597 permitteretur
3434 5532 3582 5607 quod
