3978 6050
407 195 513 249 727
1228 189 1569 245 GUIGONIS
1620 189 1639 241 Ι
1689 187 2097 243 CARTHUSIE
2146 184 2438 240 MAJORIS
2486 183 2762 239 PRIORIS
2802 184 2865 236 V.
3591 178 3704 232 728

481 318 532 368 6.
579 313 703 369 Sive
756 320 933 369 autem
981 312 1249 367 dormiant
1298 312 1411 368 sive
1458 311 1698 384 vigilent,
1751 311 1929 382 quiete
1978 326 2044 365 ac
2095 309 2210 363 sine
2258 308 2387 373 ullo,
2437 314 2693 379 quantum
2722 311 2899 376 potest
2931 303 3066 371 fieri,
3102 302 3326 374 strepitu
3360 316 3581 355 manere
3605 300 3698 368 ju-

413 411 621 466 bentur.

1732 477 2127 532 CAPITULUM
2156 476 2343 530 XLIV.

1507 574 1601 640 Qui
1625 574 1927 645 prwsidere
1951 576 2033 629 vel
2063 574 2395 645 respondere
2418 573 2631 628 debeat.

486 679 536 728 1.
569 673 811 745 Cumque
840 672 1063 726 absente
1092 671 1184 743 qui
1217 670 1320 725 sibi
1348 670 1605 741 praelatus
1637 678 1719 724 est
1749 672 2037 739 monacho,
2068 671 2136 724 ad
2176 670 2459 725 ecclesiam
2492 668 2838 735 conveniunt,
2872 665 2918 721 is
2947 674 3145 738 prmest
3178 663 3352 720 officio
3382 663 3472 735 qui
3502 670 3705 733 prmest

410 770 623 827 ordine.
659 769 916 824 Similiter
948 778 999 823 et
1031 770 1085 822 in
1115 768 1323 823 caeteris
1355 768 1488 821 locis
1521 767 1606 821 vel
1636 768 1913 837 operibus,
1962 766 2066 820 nisi
2098 766 2234 821 forte
2283 765 2610 833 obedientia,
2644 764 2697 818 in
2728 780 2831 834 qua
2862 762 3076 831 fuerint,
3107 761 3265 816 alicui
3295 759 3601 830 specialiter
3630 758 3703 812 sit

412 867 670 935 injuncta.
704 867 853 921 Tune
882 864 1023 919 enim
1056 863 1140 919 cui
1171 863 1387 934 proprie
1419 863 1657 931 injuncta
1688 870 1769 917 est
1797 864 2008 918 caeteris
2038 863 2312 933 praesidet,
2349 862 2758 932 tacentibusque
2790 860 2911 915 aliis
2934 858 3350 915 adventantibus
3372 856 3456 911 vel
3478 855 3704 911 obvian-

415 962 559 1017 tibus
592 962 909 1031 respondet.

484 1063 537 1114 2.
571 1059 690 1112 Non
722 1057 862 1111 enim
890 1058 1091 1128 passim
1124 1057 1208 1111 vel
1240 1056 1355 1110 sine
1384 1057 1618 1122 licentia,
1652 1058 1773 1112 licet
1804 1058 1900 1116 eis.
1940 1056 2105 1127 quod,
2139 1056 2224 1111 vel
2257 1072 2377 1111 eum
2409 1056 2621 1127 quibus,
2656 1054 2741 1109 vel
2773 1054 3005 1125 quandiu
3035 1052 3321 1118 voluerint,
3352 1051 3517 1122 loqui.

486 1156 538 1205 3.
572 1152 724 1207 Unde
755 1152 1035 1206 obviantes
1064 1152 1150 1207 vel
1180 1151 1621 1221 supervenientes
1652 1152 1906 1207 inclinato
1936 1160 2142 1207 tantum
2172 1152 2297 1209 licet
2327 1154 2501 1224 capite
2548 1153 2861 1215 resalutare,
2891 1151 3032 1204 viam
3085 1150 3390 1215 ostendere,
3421 1148 3488 1202 ad
3530 1146 3703 1200 inter-

414 1256 623 1320 rogata,
674 1255 757 1303 est
794 1248 879 1303 vel
927 1264 1054 1312 non,
1108 1248 1465 1318 respondere,
1518 1256 1569 1302 et
1622 1250 1765 1320 quod
1819 1249 2049 1319 amplius
2089 1248 2348 1320 loquendi
2388 1266 2509 1305 cum
2541 1250 2618 1304 eis
2646 1248 2917 1305 licentiam
2947 1262 3057 1303 non
3084 1247 3280 1302 habent
3311 1244 3408 1317 [αι.
3442 1241 3699 1314 habeant]

416 1361 701 1403 excusare.

1722 1416 2115 1472 CAPITULUM
2143 1418 2305 1474 XLV.

1422 1528 1569 1596 Quod
1598 1544 1729 1583 cum
1746 1530 1983 1600 praelato
2012 1547 2111 1587 suo
2140 1532 2415 1601 fratribus
2448 1533 2595 1604 loqui
2627 1533 2813 1587 liceat.

492 1660 541 1711 1.
574 1655 634 1709 In
665 1653 901 1725 qualibet
932 1660 1109 1706 autem
1140 1652 1413 1708 constituti
1445 1652 1774 1717 obedientia,
1809 1668 1931 1708 eum
1962 1651 2184 1723 praelato
2216 1652 2319 1707 sibi
2348 1660 2576 1723 possunt
2604 1652 2671 1706 de
2704 1650 3029 1706 necessariis
3060 1649 3209 1721 loqui
3239 1648 3436 1704 fratres
3465 1646 3561 1717 [αι.
3604 1644 3707 1699 fra-

420 1752 540 1824 tre],
586 1751 754 1822 petita
797 1766 893 1820 per
941 1749 1159 1819 signum
1212 1748 1445 1803 licentia.
1497 1750 1706 1804 Habent
1755 1750 1898 1804 enim
1947 1750 2105 1821 signa
2147 1751 2403 1820 pleraque
2443 1748 2740 1815 rusticana,
2790 1756 2843 1803 et
2873 1748 2940 1803 ab
2971 1746 3117 1802 omni
3148 1745 3341 1801 facetia
3369 1743 3455 1799 vel
3483 1741 3706 1797 lascivia

421 1851 620 1916 aliena,
670 1865 768 1919 per
812 1864 931 1920 quae
962 1848 1030 1902 de
1078 1848 1160 1902 his
1191 1863 1308 1919 qua:
1338 1847 1407 1902 ad
1440 1864 1534 1901 sua
1565 1848 1839 1918 pertinent
1870 1846 2066 1913 oﬁicia,
2100 1848 2263 1903 rebus
2296 1846 2379 1902 vel
2412 1846 2783 1902 instrumentis
2812 1853 3039 1917 possunt
3069 1844 3135 1899 ad
3164 1842 3399 1898 invicem
3425 1840 3541 1894 sine
3571 1853 3705 1893 voce

418 1961 850 2002 commemorari.

488 2048 541 2101 2.
574 2044 762 2099 Aliena
790 2050 967 2097 autem
1000 2042 1213 2098 discere
1241 2040 1413 2112 signa,
1450 2041 1534 2096 vel
1568 2057 1667 2096 sua
1696 2041 1898 2097 docere
1927 2042 2133 2097 alienos
2164 2042 2368 2098 licitum
2399 2057 2506 2097 non
2538 2048 2619 2096 est
2651 2041 2747 2096 eis.

1745 2166 2137 2222 CAPITULUM
2174 2168 2360 2222 XLVI.

1841 2264 1916 2317 De
1946 2266 2293 2334 coquinaria.

491 2367 541 2417 1.
574 2362 732 2416 Nune
760 2375 857 2430 per
886 2358 1131 2431 singulas
1180 2373 1455 2413 curramus
1505 2358 1863 2414 obedientias.
1899 2361 2156 2433 Coquinae
2188 2362 2441 2432 prazsidet
2470 2378 2609 2417 unus
2640 2378 2669 2416 e
2689 2360 2969 2425 fratribus,
3007 2359 3097 2431 qui
3128 2358 3314 2414 solitos
3345 2358 3513 2423 cibos,
3546 2358 3709 2430 legu-

420 2459 566 2514 mina
595 2457 800 2513 scilicet
845 2464 897 2510 et
943 2455 1270 2523 hujusmodi,
1321 2454 1577 2508 fratribus
1623 2465 1892 2526 przeparat
1938 2465 1990 2512 et
2032 2458 2331 2529 dispensat.
2384 2461 2543 2515 Horis
2591 2458 3019 2529 competentibus
3050 2456 3265 2529 signum
3297 2456 3493 2526 pulsat.
3527 2457 3572 2509 Α
3604 2470 3709 2525 quo

420 2555 579 2611 etiam
630 2570 842 2623 panem,
897 2552 1077 2607 vinum
1129 2552 1341 2605 statutis
1374 2552 1586 2620 diebus,
1623 2552 1722 2619 sal,
1755 2554 2027 2621 cochlear,
2059 2557 2333 2623 scutellas,
2368 2556 2651 2624 lumbaria,
2682 2572 2857 2620 acum,
2891 2554 3061 2620 filum,
3096 2568 3283 2609 ceram
3313 2553 3380 2606 ad
3412 2552 3708 2607 cerandum

421 2651 712 2721 accipiunt.
754 2650 914 2704 Aliud
963 2657 1145 2703 autem
1193 2649 1485 2719 quidquam
1529 2657 1721 2718 praeter
1762 2653 2133 2721 procuratoris
2174 2653 2445 2709 licentiam
2488 2653 2567 2707 eis
2596 2653 2729 2707 dare
2778 2667 2887 2706 non
2929 2657 3124 2721 potest.
3155 2647 3347 2717 Qualia
3376 2655 3555 2703 autem
3588 2648 3708 2703 aliis

421 2747 754 2820 generaliter
775 2746 1061 2811 ministrat,
1096 2744 1219 2798 talia
1246 2745 1407 2798 sumit
1432 2754 1483 2799 et
1514 2745 1636 2800 sibi.

492 2850 545 2902 2.
578 2846 717 2898 Dare
749 2844 832 2898 vel
862 2844 1109 2911 accipere
1140 2843 1206 2896 ab
1238 2842 1322 2895 his
1353 2843 1443 2912 qui
1471 2843 1665 2897 domus
1697 2842 1854 2909 hujus
1885 2856 1992 2894 non
2037 2848 2181 2904 sunt,
2233 2839 2349 2894 sine
2397 2840 2764 2909 procuratoris
2807 2849 3077 2911 praecepto
3125 2843 3256 2896 nihil
3300 2843 3482 2899 audet.
3533 2842 3634 2911 Qui
3664 2844 3709 2897 si

421 2942 562 2997 forte
591 2940 823 2994 abfuerit
862 2948 914 2994 et
943 2940 1119 3009 aliqua
1166 2938 1381 2992 interim
1433 2939 1731 2993 necessitas
1778 2936 2057 3001 acciderit,
2091 2936 2160 2989 ita
2192 2933 2349 2989 faciet
2377 2935 2829 3005 quemadmodum
2863 2936 3060 3006 ipsum,
3094 2938 3138 2991 si
3170 2939 3404 3001 adesset,
3446 2939 3710 2993 facturum

421 3035 588 3091 fuisse
637 3034 1036 3099 existimaverit,
1084 3034 1436 3104 redeuntique
1486 3034 1615 3104 quid
1661 3043 1711 3087 et
1760 3033 2033 3104 quomodo
2081 3032 2253 3105 egerit
2302 3030 2579 3086 iudicabit.
2630 3032 2876 3086 Fratrum
2925 3034 3161 3103 aliquem
3186 3034 3239 3087 in
3271 3034 3574 3105 eoquinam,
3610 3034 3711 3088 nisi

416 3133 573 3199 justaa
605 3144 773 3184 causa
822 3129 1161 3184 necessitatis
1209 3128 1465 3182 inducere
1508 3144 1616 3181 non
1650 3134 1847 3197 potest,
1878 3127 2266 3198 inductumque
2298 3136 2568 3184 transacta
2599 3131 2920 3185 necessitate
2974 3132 3149 3186 statim
3196 3132 3405 3213 emittit,
3440 3132 3710 3201 inviolato,

424 3234 679 3299 quantum
714 3242 800 3281 res
834 3226 979 3290 sinit,
1013 3225 1245 3280 silentio.

1878 3293 2445 3352 COMMENTARIUS.

421 3402 548 3448 tunc
576 3393 855 3448 monachis
885 3409 993 3447 non
1024 3402 1137 3447 erat
1166 3408 1485 3448 concessum
1505 3392 1689 3459 ?Quia
1710 3391 2010 3457 conversis,
2035 3395 2090 3451 A
2195 3392 2324 3446 CAP.
2359 3394 2521 3449 XLV.
2558 3424 2625 3433 —
2656 3396 2817 3449 Num.
2857 3400 2905 3450 1.
2942 3398 3155 3453 Habent
3202 3400 3355 3453 enim
3402 3400 3566 3470 signa
3596 3400 3715 3470 ple-

424 3481 703 3536 laboribus
752 3497 1009 3535 manuum
1056 3481 1325 3551 deputatis
1385 3480 1634 3535 dormitio
1683 3480 1871 3533 diurna
1910 3495 2020 3533 non

426 3577 541 3625 erat
571 3569 858 3639 permissa,
893 3576 1001 3623 tota
1031 3571 1173 3623 enim
1202 3569 1289 3622 die
1310 3568 1480 3621 labori
1507 3568 1909 3622 incumbebant.

503 3658 639 3711 Ibid.
693 3660 823 3711 Post
864 3658 1295 3728 completorium
1345 3658 1533 3723 lectos,
1563 3664 1665 3709 etc.
1714 3655 1824 3708 Illis
1857 3654 2020 3708 etiam

426 3744 793 3815 praescribitur
824 3752 879 3797 ut
910 3754 1122 3813 tempus
1151 3744 1461 3798 dormitioni
1492 3744 1798 3813 deputatum
1834 3742 2022 3795 sedulo

427 3832 760 3901 impendant,
811 3839 861 3884 et
928 3832 1007 3887 sic
1053 3832 1234 3885 omnia
1277 3839 1329 3885 et
1372 3830 1587 3901 singula
1644 3846 1742 3883 suo
1796 3845 2023 3900 quaeque

430 3927 676 3988 tempore
707 3919 951 3972 ordinate
984 3918 1361 3988 perficiantur;

501 4007 649 4060 Idem
683 4006 972 4076 capitulum
1023 4007 1248 4059 relatum
1299 4006 1465 4059 habes
1497 4007 1547 4058 in
1580 4006 1813 4076 antiquis
1846 4013 2023 4059 statu-

430 4095 499 4149 tis
528 4102 667 4164 part.
701 4109 780 4161 m,
815 4108 934 4163 cap.
968 4098 1020 4155 2,
1057 4110 1110 4147 n.
1148 4098 1196 4147 1.

504 4183 635 4236 CAP.
669 4182 857 4236 XLIV.
891 4212 958 4221 --
998 4183 1158 4235 Num.
1195 4186 1243 4235 1,
1276 4180 1519 4253 Cumque
1545 4183 1771 4236 absente
1797 4183 1892 4253 qui
1922 4182 2027 4236 sibi

429 4272 725 4343 prwlatus,
779 4279 881 4324 etc.
933 4271 1163 4324 Nomine
1211 4285 1341 4340 ergo
1392 4270 1598 4339 prmlati
1638 4272 1700 4325 Β.
1756 4272 1809 4323 P.
1848 4270 2026 4341 Guigo

430 4358 679 4428 intelligit
709 4374 829 4411 eum
862 4359 951 4428 qui
984 4358 1103 4411 aliis
1152 4358 1475 4428 praepositus
1508 4366 1608 4423 est,
1644 4359 1757 4411 sive
1790 4374 2027 4412 conver-

432 4446 508 4498 sis
537 4448 591 4497 in
624 4460 826 4514 genere
854 4452 910 4497 ut
937 4453 1017 4499 est
1048 4454 1383 4514 procurator,
1418 4446 1531 4498 sive
1563 4446 1886 4515 quibusdam
1919 4454 2029 4498 tan-

434 4541 546 4586 tum
574 4540 630 4585 ut
662 4540 743 4585 est
789 4548 1102 4599 conversus,
1148 4534 1234 4588 cui
1282 4550 1377 4603 per
1405 4534 1767 4587 obedientiam
1800 4534 2027 4586 deman-

434 4621 621 4674 datum
652 4628 734 4674 est
769 4620 985 4690 aliquod
1016 4637 1173 4690 opus,
1207 4622 1274 4674 ad
1307 4622 1451 4691 quod
1484 4619 1870 4690 perficiendum
1902 4622 2032 4674 (lan-

435 4714 519 4759 tur
547 4705 623 4758 illi
664 4705 959 4772 adjutores,
994 4713 1121 4759 tunc
1149 4706 1194 4757 is
1242 4705 1328 4759 cui
1375 4704 1495 4757 talis
1533 4705 1855 4759 obedientiae
1884 4706 2031 4758 dire-

434 4792 541 4847 ctio
573 4800 655 4845 est
694 4791 948 4860 injuncta,
1001 4792 1336 4860 adjutoribus
1382 4793 1482 4845 sibi
1528 4793 1804 4847 concessis
1835 4792 2030 4847 dicitur

432 4880 689 4949 praelatus
720 4881 773 4933 in
801 4881 894 4935 illo
924 4897 1110 4949 Opere.

507 4969 640 5021 Ibid.
676 4970 1108 5040 Tacentibusque
1129 4970 1259 5022 aliis
1280 4969 1719 5023 adventantibus
1737 4973 1794 5023 et
1813 4970 2033 5024 obuiau-

438 5056 585 5109 tibus
618 5057 935 5127 respondet.
974 5056 1254 5110 Silentium
1294 5056 1429 5109 illud
1466 5065 1588 5110 tunc
1617 5058 1942 5111 servandum
1963 5058 2028 5111 ad

434 5142 784 5197 advenientes
806 5145 889 5198 vel
907 5153 1257 5200 occurrentes
1281 5151 1505 5213 spectat,
1525 5160 1631 5197 non
1650 5154 1829 5198 autem
1849 5146 1916 5199 ad
1931 5145 2031 5199 fra-

437 5238 546 5285 tres
579 5230 737 5284 simul
781 5230 1111 5298 laborantes,
1155 5248 1279 5284 nam
1309 5240 1433 5285 tunc
1461 5232 1606 5301 loqui
1638 5232 1778 5286 inter
1808 5250 1866 5287 se
1898 5250 2029 5303 pos-

438 5326 582 5381 sunt,
617 5327 836 5372 servato
867 5318 1251 5381 moderamine,
1286 5319 1353 5371 de
1385 5335 1489 5389 quo
1520 5319 1573 5371 in
1614 5321 1861 5390 sequenti
1883 5322 2030 5390 capi-

436 5406 569 5460 tulo.
598 5408 654 5459 In
687 5408 791 5461 hoc
823 5416 1003 5460 autem
1035 5407 1270 5475 capitulo
1302 5416 1353 5461 et
1385 5407 1437 5460 in
1457 5409 1702 5477 sequenti
1722 5409 2031 5478 assignatur

438 5496 718 5548 conversis
749 5495 940 5549 modus
972 5494 1227 5564 loquendi
1260 5505 1311 5548 et
1339 5496 1574 5561 tacendi,
1610 5504 1661 5550 et
1692 5496 1910 5550 relatum
1936 5499 2031 5551 ha-

437 5580 593 5635 betur
624 5583 675 5636 in
708 5583 941 5655 antiquis
967 5582 1178 5637 statutis
1210 5591 1361 5654 parte
1394 5600 1471 5649 tu,
1497 5598 1615 5655 cap.
1650 5588 1699 5649 3,
1734 5602 1787 5638 n.
1826 5590 1879 5639 1.

2121 3504 2293 3559 raque
2323 3486 2636 3548 rusticana,
2664 3492 2768 3540 etc.
2794 3485 2924 3539 Inde
2948 3486 3241 3540 notandum
3265 3495 3346 3541 est
3367 3486 3571 3557 primos
3593 3501 3719 3541 eon-

2121 3593 2312 3632 versos
2357 3576 2552 3631 domus
2601 3574 2901 3627 Carthusize
2940 3572 3107 3627 fuisse
3152 3583 3207 3628 ut
3258 3575 3550 3645 plurimum
3597 3574 3716 3643 pios

2121 3666 2354 3719 rusticos
2385 3681 2449 3718 ex
2481 3663 2673 3717 eadem
2705 3661 2969 3733 regione;
3006 3662 3150 3733 quod
3180 3662 3266 3717 hic
3297 3670 3617 3716 annotamus
3648 3661 3717 3715 ad

2123 3752 2423 3807 faciliorem
2463 3750 2872 3822 intelligentiam
2919 3766 3037 3820 cap.
3085 3753 3151 3804 53
3208 3750 3432 3805 istarum
3479 3765 3718 3805 consue-

2123 3841 2363 3895 tudinum
2378 3881 2389 3894 .

2194 3947 2356 4000 Num.
2390 3949 2442 3999 2.
2470 3947 2670 4000 Aliena
2688 3950 2879 4000 autem
2902 3945 3113 4001 disrcre
3137 3946 3316 4017 signa,
3345 3954 3449 4001 etc.
3469 3947 3527 4000 Id
3550 3945 3714 4000 refer-

2124 4043 2210 4088 tur
2238 4034 2307 4089 ad
2340 4050 2400 4088 ea
2432 4051 2572 4106 quae,
2606 4049 2723 4103 cap.
2759 4036 2846 4100 31,
2874 4034 2986 4101 jam
3020 4050 3281 4104 expressa
3311 4042 3433 4088 sunt
3463 4050 3563 4105 pro
3595 4050 3718 4087 mo-

2125 4124 2330 4178 nachis.
2366 4123 2420 4176 Si
2462 4123 2606 4175 enim
2650 4122 2806 4193 signa
2848 4121 3095 4193 quaedam
3126 4139 3156 4176 a
3187 4139 3246 4177 se
3275 4122 3507 4177 invicem
3538 4123 3717 4178 disce-

2127 4220 2263 4279 rent,
2296 4220 2519 4281 possent
2562 4210 2641 4265 sic
2671 4210 2772 4264 sibi
2804 4218 2989 4264 mutuo
3028 4210 3175 4282 loqui
3220 4227 3285 4265 ex
3330 4211 3500 4282 signis
3530 4209 3719 4266 condi-

2126 4300 2248 4364 etis,
2283 4300 2420 4353 sicut
2450 4315 2571 4354 cum
2602 4298 2761 4351 mutis
2799 4297 2916 4352 ﬁeri
2947 4299 3102 4365 solet,
3138 4300 3282 4370 quod
3311 4308 3456 4354 esset
3486 4315 3517 4353 a
3547 4299 3717 4353 silen-

2128 4388 2185 4441 tii
2216 4387 2319 4441 fine
2349 4395 2399 4441 et
2431 4388 2711 4457 proposito
2742 4387 3000 4441 alienum.

2200 4511 2332 4563 CAP.
2367 4511 2625 4565 XLVI.—
2640 4512 2801 4565 Num.
2838 4515 2888 4564 1.
2919 4512 3021 4578 Qui
3051 4512 3246 4566 solitos
3265 4512 3432 4577 cibos,
3456 4519 3583 4576 ete.,
3608 4514 3722 4581 [ra-

2132 4599 2310 4653 tribus
2339 4603 2625 4669 pra'parat
2660 4604 2715 4653 ct
2746 4600 3056 4670 dispensat,
3095 4607 3199 4653 etc.
3224 4600 3520 4655 Monachos
3536 4600 3721 4670 coqui-

2131 4703 2253 4740 nam
2282 4686 2385 4739 sibi
2430 4686 2607 4740 facere
2640 4687 2695 4740 in
2725 4687 2858 4741 cella
2906 4686 3157 4756 superius
3201 4686 3450 4751 vidimus,
3485 4687 3582 4741 sed
3614 4702 3722 4741 non

2133 4776 2210 4829 sic
2239 4791 2362 4830 cum
2394 4775 2674 4829 conversis
2713 4775 2910 4845 agitur,
2958 4775 3084 4845 quia
3131 4774 3199 4828 ad
3230 4775 3468 4829 laborem
3502 4790 3722 4827 manua-

2132 4863 2238 4917 lem
2286 4865 2392 4918 huc
2439 4863 2673 4934 illucque
2714 4862 2948 4931 dispersi
2998 4879 3105 4917 non
3151 4872 3396 4932 poterant
3439 4863 3723 4933 coquinam

2134 4952 2235 5005 sibi
2265 4951 2462 5017 facere,
2496 4952 2547 5004 Id
2580 4966 2711 5022 ergo
2743 4950 2865 5004 facit
2910 4966 3005 5020 pro
3050 4951 3300 5005 omnibus
3331 4950 3501 5006 frater
3531 4950 3719 5020 coqui-

2132 5055 2337 5093 nartus.

2202 5146 2364 5199 Num.
2398 5150 2450 5200 2.
2486 5147 2627 5200 Dare
2658 5147 2741 5199 vel
2762 5147 3039 5217 accipere,
3064 5154 3167 5200 etc.
3194 5145 3421 5215 Semper
3449 5153 3501 5199 et
3532 5144 3585 5197 in
3610 5159 3729 5199 om—

2134 5234 2290 5287 nibus
2348 5234 2721 5302 praescribitur
2773 5234 2976 5287 nostris
3037 5234 3213 5287 forma
3260 5234 3571 5299 obediendi,
3622 5248 3731 5286 non

2132 5329 2336 5375 tantum
2386 5322 2568 5375 dando
2616 5322 2711 5375 sed
2756 5330 2809 5374 et
2852 5322 3190 5391 accipiendo,
3251 5322 3378 5393 quia
3422 5320 3727 5376 obedientia

2133 5410 2296 5463 veluti
2326 5410 2549 5463 instituti
2593 5409 2996 5463 Carthusiensis
3046 5410 3387 5479 principium,
3441 5418 3525 5465 est
3554 5417 3729 5462 atten—

2132 5498 2311 5552 denda
2342 5506 2392 5551 et
2436 5498 2855 5557 consideranda.
2891 5506 2947 5551 ut
2977 5498 3178 5553 diserte
3211 5498 3463 5568 exprimit
3493 5498 3610 5571 ipse
3644 5497 3715 5553 R.

2136 5587 2193 5639 P.
2226 5586 2404 5655 Guigo
2434 5602 2600 5654 supra
2629 5600 2750 5655 cap.
2786 5589 2872 5639 35.
