3978 6050
296 209 400 263 729
1666 206 2275 262 CONSUETUDINES.
3505 209 3609 262 730

377 335 429 385 3.
460 329 766 387 Ecclesiam
797 331 1051 398 custodit,
1083 338 1255 402 portae
1285 337 1503 402 praeest,
1534 330 1950 387 advenientibus
1980 331 2292 402 respondet,
2346 330 2673 385 ferramenta
2703 329 3011 385 communia
3058 338 3273 395 servat;
3308 330 3503 385 domus
3554 332 3608 386 et

311 428 582 484 universa:
611 428 915 484 communis
944 428 1299 499 supellectilis
1327 445 1511 486 curam
1538 428 1700 501 gerit.
1748 430 1829 483 Ex
1867 428 2065 500 quibus
2110 429 2381 494 omnibus,
2429 428 2475 482 si
2521 428 2725 499 aliquid
2774 427 3085 498 deperierit,
3132 435 3407 499 postratus
3451 429 3601 484 humi

306 542 460 582 reum
491 542 549 580 se
579 526 1015 597 culpabilcmque
1045 527 1314 583 clamabit.
1348 529 1475 583 Haec
1506 528 1699 583 eadem
1734 535 1913 582 servat
1941 526 2248 598 quicunque
2279 527 2424 582 vices
2455 527 2592 596 ejus,
2644 525 2973 597 exsequitur.

378 625 433 677 4.
465 624 525 677 In
554 623 745 677 diebus
774 623 1107 679 solemnibus
1136 625 1222 680 vel
1249 624 1386 696 ipse,
1419 624 1505 679 vel
1535 624 1626 696 qui
1656 624 1868 695 supplet
1896 623 2074 679 locum
2105 625 2239 693 ejus,
2272 623 2683 679 advenientibus
2721 624 2787 678 de
2820 623 2942 678 villa
2981 622 3227 693 proxima
3269 622 3400 677 nihil
3436 622 3602 677 habet

303 719 441 773 dare
471 717 557 773 vel
585 720 955 785 commodare,
987 720 1086 776 sed
1115 728 1321 776 tantum
1348 728 1405 776 ut
1435 721 1716 787 recedant,
1742 721 1960 790 jubetur
1985 721 2339 790 respondere,
2375 736 2441 774 ne
2472 735 2573 790 per
2602 718 2737 773 tales
2766 718 2884 774 dies
2915 727 3231 775 assuescant
3263 717 3594 790 inquietudi-

306 833 432 871 nem
457 824 508 872 et
537 817 839 874 molestiam
871 817 1071 875 facere.

1651 886 2046 943 CAPITULUM
2079 887 2290 941 XLVII.

1782 986 1857 1039 De
1884 986 2096 1056 pistore
2108 1024 2122 1038 .

378 1083 553 1138 Pistor
581 1097 853 1138 annonam
884 1082 1094 1153 recipit,
1128 1081 1313 1148 siccat,
1345 1080 1596 1146 custodit,
1633 1080 1873 1148 ventilat,
1908 1079 2078 1145 molit,
2111 1096 2278 1152 panes
2309 1081 2521 1137 conficit
2554 1090 2605 1136 et
2636 1082 2762 1136 dato
2793 1081 3061 1150 adjutorio
3091 1080 3291 1151 coquit,
3326 1087 3377 1134 et
3406 1078 3601 1150 coqui-

304 1180 466 1236 nario
496 1180 551 1235 in
580 1180 811 1251 pistrino
843 1179 1035 1235 reddit.

1603 1248 1995 1304 CAPITULUM
2025 1249 2263 1304 XLVIII.

1794 1346 1870 1401 De
1892 1350 2103 1402 sutore.

379 1465 541 1520 Sutor
569 1464 713 1521 coria
743 1471 909 1531 tenet,
940 1463 1147 1529 incidit,
1180 1462 1447 1518 sotulares
1477 1461 1601 1517 facit
1632 1474 1696 1515 ac
1728 1459 1919 1515 reﬁcit.

1649 1601 2046 1657 CAPITULUM
2086 1601 2279 1656 XLIX.

1535 1702 1609 1756 De
1634 1702 1935 1773 praeposito
1963 1700 2354 1770 agriculturae.

383 1818 489 1887 Qui
537 1827 736 1891 praeest
783 1820 1148 1892 agriculturae,
1196 1818 1441 1893 grangiae
1486 1825 1540 1873 et
1587 1817 1772 1882 boum,
1842 1822 1895 1870 et
1956 1822 2293 1881 cunctorum,
2358 1828 2477 1883 quae
2536 1812 2600 1865 ad
2672 1810 2819 1866 illam
2884 1810 3157 1882 pertinent
3225 1812 3608 1884 obedientiam,

312 1918 652 1991 diligentiam
682 1919 864 1976 habet.

1730 1984 2128 2040 CAPITULUM
2160 1984 2218 2038 L.

1587 2086 1663 2142 De
1702 2083 1973 2152 magistro
2017 2084 2335 2153 pastorum.

386 2206 442 2256 1.
484 2202 761 2256 Pastorum
790 2200 1055 2272 magister
1083 2207 1305 2256 cunctas
1335 2199 1481 2254 illius
1511 2199 1836 2256 obedientiae
1862 2213 1955 2252 res
2001 2203 2055 2249 et
2100 2194 2461 2249 instrumenta
2514 2193 2765 2249 custodit.
2812 2194 2881 2247 Et
2925 2192 3175 2257 emendo,
3227 2201 3281 2247 et
3326 2195 3614 2251 vendendo

312 2300 382 2354 ad
412 2315 568 2353 suum
606 2298 928 2370 pertinentia
972 2297 1353 2363 ministerium,
1415 2313 1539 2353 cum
1588 2294 1861 2353 extraneis
1904 2291 2289 2348 commercium
2337 2290 2482 2345 facit.
2535 2290 2613 2345 De
2667 2291 2835 2345 rebus
2881 2290 2999 2343 aliis
3046 2289 3315 2345 fabulandi
3367 2308 3489 2347 cum
3537 2294 3617 2349 eis

311 2396 587 2452 licentiam
608 2412 715 2451 non
748 2396 931 2452 habet.
965 2395 1061 2450 Cui
1090 2394 1311 2467 negotio
1341 2395 1425 2450 vel
1457 2395 1658 2464 verbis,
1692 2394 1984 2454 sociorum,
2019 2388 2124 2443 nisi
2155 2402 2315 2458 quem
2349 2385 2716 2455 advocaverit,
2768 2386 2947 2440 nullus
2978 2402 3037 2440 se
3083 2386 3454 2444 intermisceat
3501 2388 3581 2461 [al
3592 2431 3606 2445 .

313 2492 689 2567 intermiscet].

382 2594 437 2645 2.
467 2592 590 2662 Ipse
628 2606 761 2646 vero
816 2590 1143 2659 juramenta,
1188 2588 1491 2657 mendacia,
1541 2588 1762 2644 fraudes
1793 2596 1844 2643 et
1896 2595 2092 2644 caetera
2155 2600 2276 2656 quae
2325 2582 2522 2637 talibus
2585 2584 2848 2639 interesse
2913 2586 3089 2641 solent
3131 2585 3384 2657 negotiis,
3442 2587 3614 2643 vitare

315 2685 628 2755 praecipitur
656 2685 820 2752 mala,
855 2684 1354 2755 sempiternamque
1384 2684 1578 2740 anima:
1621 2701 1730 2740 sua;
1777 2685 2007 2738 salutem
2052 2680 2439 2751 temporalibus
2484 2680 2651 2735 rebus
2695 2688 2748 2735 et
2802 2683 3104 2743 commodis
3151 2681 3444 2738 anteferre.
3494 2684 3618 2755 Ipse

314 2778 477 2833 etiam
508 2787 559 2834 et
583 2780 713 2835 socii
747 2781 861 2848 ejus
891 2780 1178 2852 grangiam
1209 2795 1408 2851 magna
1430 2796 1495 2835 ex
1516 2789 1666 2850 parte
1697 2779 2027 2835 custodiunt.
2060 2779 2267 2832 Domus
2293 2778 2347 2831 in
2369 2795 2473 2848 qua
2491 2778 2621 2831 fiunt
2651 2778 2819 2845 casei,
2849 2794 3015 2849 quam
3051 2796 3307 2835 vocamus
3336 2780 3613 2848 arcellam,

313 2876 381 2930 ad
412 2892 602 2931 eorum
634 2876 849 2947 proprie
880 2892 1068 2931 curam
1094 2876 1393 2945 pertinens,
1425 2876 1561 2932 sicut
1587 2877 1762 2948 aliqua
1795 2878 1863 2931 de
1893 2876 2046 2931 cellis
2076 2877 2344 2931 servanda
2367 2875 2697 2946 praecipitur.
2730 2876 3077 2933 Generaliter
3102 2887 3282 2933 autem
3311 2878 3367 2933 in
3395 2878 3618 2933 alterius

317 2972 511 3027 cellam
532 2973 713 3027 nullus
757 2972 859 3027 nisi
904 2973 1090 3042 jussus
1136 2972 1452 3044 ingreditur.
1498 2973 1631 3027 Cum
1671 2973 1739 3027 ad
1782 2972 2134 3028 hiemandum
2180 2973 2329 3028 foras
2394 2980 2610 3038 exeunt,
2680 2971 2815 3027 nihil
2858 2974 2945 3028 vel
3009 2972 3258 3044 accipere
3330 2974 3417 3031 vel
3483 2975 3617 3031 dare

313 3078 645 3139 praeceptum
677 3070 896 3124 habent.
931 3072 975 3123 A
998 3083 1169 3139 puero
1196 3068 1536 3124 mercenario
1567 3069 1657 3141 qui
1688 3080 1771 3124 est
1800 3086 1923 3125 cum
1953 3070 2032 3124 eis
2062 3070 2131 3123 ad
2160 3068 2672 3134 molendinumitur,
2706 3069 2861 3139 panis
2883 3070 3151 3139 coquitur,
3186 3070 3369 3125 vinum
3402 3072 3613 3136 emitur,

314 3180 384 3219 ne
405 3164 529 3235 ipsi,
564 3176 706 3236 quod
736 3166 1105 3236 periculosum
1143 3173 1244 3228 est,
1280 3165 1348 3218 ad
1382 3165 1559 3229 villas,
1591 3166 1644 3220 in
1664 3175 1924 3237 quantum
1967 3165 2125 3219 vitari
2154 3173 2353 3235 potest,
2402 3164 2483 3219 ire
2533 3173 2843 3233 c0gantur.-
2872 3166 3049 3221 Tertia
3103 3166 3236 3221 feria
3284 3174 3337 3221 et
3379 3168 3616 3224 Sabbato

316 3262 457 3323 ultra
520 3279 862 3319 communem
922 3261 1149 3316 fratrum
1214 3277 1420 3316 morem
1470 3262 1653 3316 vinum
1702 3263 1919 3328 habent,
1960 3262 2043 3315 Ea
2092 3275 2307 3332 quoque
2370 3260 2459 3314 die
2506 3275 2615 3331 qua
2658 3260 2837 3315 locum
2874 3270 3097 3328 mutant,
3147 3262 3273 3333 quia
3315 3263 3470 3319 cibos
3514 3264 3615 3320 sibi

314 3377 622 3437 praeparare
653 3375 760 3413 non
792 3366 1038 3429 possunt,
1064 3356 1241 3413 vinum
1277 3356 1566 3428 accipiunt.
1601 3358 1727 3413 Haec
1758 3365 1937 3412 autem
1966 3356 2344 3413 misericordia
2373 3363 2599 3428 propter
2645 3357 2930 3413 continuos
2975 3358 3191 3415 labores
3218 3366 3271 3415 et
3299 3361 3468 3416 multa
3496 3377 3615 3434 qua:

313 3461 389 3516 ibi
417 3459 690 3532 patiuntur
718 3454 1082 3520 incommoda,
1118 3455 1197 3509 eis
1228 3453 1572 3526 impenditur.

1676 3549 2252 3607 COMMENTARIUS.

388 3674 551 3728 Num.
576 3672 627 3725 4.
665 3668 1105 3725 Advenientibus
1132 3668 1199 3725 de
1228 3669 1363 3723 villa
1391 3668 1677 3738 proxima,
1712 3674 1815 3722 etc.
1850 3667 1909 3720 Id
1932 3670 1985 3726 Α
2013 3666 2131 3738 agri
2162 3665 2237 3719 illi
2265 3681 2491 3719 avenam
2522 3672 2729 3719 tantum
2766 3664 2959 3730 ferunt,
3014 3672 3067 3719 et
3116 3665 3413 3737 aliquando
3458 3667 3614 3724 favas

316 3768 407 3817 est
430 3760 499 3815 de
529 3774 673 3831 pago
702 3758 1019 3820 Carthusize,
1068 3756 1209 3811 inter
1249 3771 1416 3826 rupes
1464 3755 1765 3810 Carthusiaa
1815 3754 1917 3809 sito

319 3865 511 3904 versus
541 3844 996 3915 Gratianopolim,
1047 3844 1138 3915 qui
1182 3844 1346 3898 hodie
1392 3843 1611 3897 nomine
1642 3842 1917 3913 parochias

318 3934 620 3993 Carthasim
650 3940 894 3997 vocatur,
928 3932 996 3985 ad
1026 3930 1428 3987 distinctionem
1457 3931 1652 3985 domus
1683 3931 1916 3985 Carthu-

317 4024 433 4079 siaz.
500 4024 614 4077 IIoc
674 4020 961 4091 capitulum
1015 4018 1250 4075 refertur
1296 4018 1349 4072 in
1406 4018 1641 4090 antiquis
1707 4017 1917 4072 statutis

315 4120 460 4183 part.
496 4126 576 4178 ιιι,
610 4125 732 4179 cap.
769 4112 854 4176 11,
888 4124 982 4162 nn.
1018 4110 1068 4174 1,
1102 4111 1156 4171 2,
1184 4108 1215 4160 4
1244 4115 1298 4161 et
1326 4110 1377 4162 5.

391 4201 521 4255 CAP.
555 4198 768 4253 XLVII.
791 4227 860 4235 —
886 4196 1001 4251 Hoc
1045 4195 1340 4265 capitulum
1389 4195 1619 4249 relatum
1665 4194 1835 4249 habes
1864 4193 1919 4247 in

322 4287 560 4358 antiquis
591 4284 803 4340 statutis
825 4292 967 4355 part.
1002 4299 1083 4349 ιιι,
1113 4299 1236 4353 cap.
1291 4288 1378 4350 12,
1410 4300 1465 4337 n.
1500 4286 1551 4337 1.
1587 4282 1710 4336 Istis
1741 4291 1918 4336 autem

319 4374 689 4447 singularibus
719 4372 915 4427 ofﬁciis
946 4387 1246 4426 conversus
1286 4371 1664 4441 deputabatur,
1700 4371 1790 4441 qui
1819 4386 1919 4439 per

319 4481 379 4519 se
410 4480 548 4533 Opus
578 4461 906 4531 complebat,
938 4460 1063 4513 dato
1094 4466 1273 4514 tamen
1318 4458 1419 4512 sibi
1466 4457 1754 4527 adjutorio,
1796 4473 1917 4513 cum

321 4552 473 4608 solus
510 4567 675 4619 opera
696 4548 964 4619 perﬁcere
992 4563 1101 4601 non
1132 4555 1366 4617 poterat.

394 4640 526 4693 CAP.
550 4638 789 4692 XLVIII.
812 4667 878 4675 —
901 4638 1005 4689 Per
1019 4634 1541 4706 sotularesintellige
1563 4634 1799 4690 calceos.
1824 4634 1919 4688 llis

321 4727 506 4783 verbis
526 4726 775 4780 utebatur
791 4724 872 4778 vir
882 4724 1017 4778 alias
1039 4723 1457 4787 eruditissimus,
1474 4722 1601 4793 quia
1618 4740 1683 4777 ex
1707 4721 1914 4794 vulgari

320 4833 422 4869 usu
455 4814 761 4868 introducta
791 4821 965 4876 erant,
1000 4820 1052 4865 et
1100 4810 1309 4866 Gallico
1357 4810 1601 4865 idiomati
1633 4810 1916 4875 similiora,

320 4903 428 4957 illis
460 4901 793 4971 temporibus
840 4900 1055 4955 facilius
1103 4898 1566 4970 intelligebantur.
1613 4899 1727 4953 Nec
1758 4914 1919 4953 vere-

323 4992 483 5046 batur
512 4991 579 5043 de
608 4996 859 5058 corrupta
890 4987 1147 5041 latinitate
1195 4988 1373 5059 argui,
1406 4988 1543 5042 sicut
1571 5002 1673 5042 nec
1703 4987 1771 5041 de
1803 5002 1918 5042 ser-
1940 5020 1989 5077 B

320 5079 499 5133 monis
531 5076 801 5147 elegantia
830 5074 1080 5146 cupiebat
1120 5074 1354 5129 laudari.

396 5168 547 5221 Idem
648 5162 878 5219 refertur
946 5162 999 5216 in
1056 5162 1294 5236 antiquis
1352 5163 1561 5218 statutis
1625 5171 1765 5233 part.
1831 5179 1911 5233 ιιι,

319 5271 443 5325 cap.
482 5258 563 5308 13.

394 5344 527 5397 CAP.
576 5340 771 5395 XLIX.
805 5370 871 5378 —
920 5338 1261 5411 Agricultura
1310 5339 1402 5394 illa
1459 5340 1809 5395 exercebatur
1863 5339 1917 5393 in

319 5432 443 5486 loco
503 5429 593 5501 qui
646 5437 870 5483 vocatur
922 5430 1391 5493 Chartroussette,
1435 5428 1524 5482 ubi
1591 5428 1765 5483 adhuc
1814 5436 1917 5483 stat

322 5519 556 5589 grangia
587 5518 769 5583 boum,
793 5525 952 5587 atque
972 5517 1132 5570 etiam
1155 5516 1207 5569 in
1232 5517 1428 5570 montis
1451 5516 1776 5582 declivitate,
1800 5534 1917 5588 qua:

322 5624 352 5669 a
382 5606 637 5663 Correria
666 5620 835 5677 usque
883 5604 949 5657 ad
992 5604 1363 5660 molendinum
1407 5604 1768 5678 protenditur.
1811 5605 1916 5660 Sed

2019 3762 2073 3810 et
2101 3753 2317 3819 similia,
2349 3754 2589 3809 triticum
2620 3769 2750 3808 vero
2781 3769 3077 3824 nunquam.

2089 3842 2221 3896 CAP.
2254 3843 2312 3897 L.
2346 3873 2413 3883 ——
2445 3844 2505 3896 In
2536 3843 2653 3896 istis
2686 3851 2911 3913 apparet
2941 3843 3309 3898 (economicus
3339 3843 3535 3914 agendi
3564 3851 3617 3898 et

2019 3946 2108 3984 res
2152 3930 2477 4001 disponendi
2541 3930 2756 3999 modus,
2808 3947 2971 4002 quem
3016 3932 3061 3986 R
3107 3932 3166 3985 P.
3215 3932 3392 4003 Guigo
3440 3941 3493 3987 et
3535 3931 3615 3986 sui

2017 4019 2453 4089 praedecessores
2483 4018 2883 4084 ordinaverant,
2918 4027 2973 4073 ut
3005 4036 3122 4073 rem
3152 4019 3466 4075 familiarem
3497 4036 3621 4091 pro-

2019 4115 2303 4162 moverent
2334 4116 2386 4162 et
2413 4124 2442 4161 a
2474 4107 2866 4177 disperditione
2898 4116 3197 4173 servarent,
3249 4116 3461 4163 servato
3492 4108 3619 4163 reli-

2017 4195 2175 4266 gioso
2205 4204 2257 4249 et
2293 4195 2513 4249 innoxio
2558 4194 2757 4266 agendi
2787 4195 2969 4259 modo,
3003 4194 3093 4266 qui
3141 4195 3229 4251 hic
3268 4196 3614 4262 describitur,

2020 4291 2071 4338 et
2091 4300 2155 4337 ex
2188 4282 2547 4353 simplicitatis
2578 4282 2841 4354 fragranti
2878 4282 3044 4338 odore
3091 4284 3302 4353 piorum
3348 4284 3615 4340 lectorum

2020 4370 2232 4425 animos
2263 4386 2370 4425 non
2402 4371 2614 4425 modice
2656 4370 2924 4425 recreabit
3412 4430 3431 4440 δ

2091 4459 2253 4512 Num.
2279 4462 2327 4512 1.
2356 4458 2492 4513 Cum
2512 4460 2808 4514 extraneis
2820 4461 3220 4515 commercium
3241 4462 3403 4531 facit.
3427 4464 3502 4517 De
3524 4479 3617 4519 re-

2020 4547 2120 4601 bus
2149 4548 2280 4602 aliis
2310 4547 2626 4617 fabulandi,
2652 4554 2756 4601 etc.
2791 4544 2966 4613 Quam
2997 4548 3278 4618 pulchrum
3302 4558 3447 4605 esset
3477 4567 3617 4605 nunc

2022 4634 2207 4689 videre
2238 4635 2375 4689 tales
2404 4642 2755 4700 mercatores,
2780 4634 3051 4706 quietiam
3073 4635 3126 4689 in
3157 4652 3255 4691 suo
3287 4638 3616 4694 commercio

2021 4738 2049 4775 a
2080 4724 2263 4777 verbis
2293 4724 2361 4777 ad
2394 4740 2505 4777 rem
2528 4739 2637 4777 non
2666 4724 3063 4792 pertinentibus
3093 4725 3451 4780 abstinebant.

2092 4811 2252 4865 Num.
2285 4814 2337 4867 2.
2372 4814 2495 4883 Ipse
2528 4827 2651 4867 vero
2672 4814 3010 4882 juramenta
3039 4817 3093 4867 et
3115 4814 3284 4867 mcnd
3305 4816 3449 4877 acia,
3484 4821 3611 4881 etc.,

2021 4915 2141 4970 qua:
2166 4900 2369 4954 talibus
2390 4901 2662 4954 interesse
2682 4901 3137 4969 solentnegotiis,
3164 4909 3267 4954 etc.
3292 4902 3430 4955 Ecce
3451 4916 3619 4971 quam

2022 4988 2234 5041 sincere
2265 4987 2319 5040 in
2348 4988 2459 5041 suis
2491 4987 2725 5041 innoxiis
2772 4988 3114 5043 commerciis
3155 4997 3372 5043 nostros
3421 4990 3620 5044 vellent

2020 5091 2204 5147 agere,
2239 5083 2290 5129 et
2320 5091 2352 5129 a
2392 5075 2738 5130 saecularibus
2787 5076 2987 5147 agendi
3035 5084 3085 5129 et
3134 5075 3392 5149 loquendi
3442 5078 3619 5134 modis

2024 5163 2245 5218 omnino
2274 5163 2564 5218 abstinere.

2090 5251 2227 5306 Ibid.
2266 5252 2399 5307 Cum
2432 5252 2502 5306 ad
2534 5251 2901 5307 hiemandum
2921 5253 3075 5322 foras
3097 5258 3335 5317 exeunt,
3370 5256 3517 5309 nihil
3537 5256 3621 5310 vel

2025 5343 2297 5411 accipere,
2332 5348 2438 5395 etc.
2471 5340 2570 5395 Hic
2601 5339 2880 5394 evidenter
2900 5348 3124 5410 apparet
3158 5342 3303 5411 quod
3320 5343 3432 5409 jam
3464 5358 3623 5411 supra

2026 5429 2304 5502 attigimus
2334 5445 2453 5500 cap.
2491 5432 2577 5483 41.
2616 5428 2781 5481 Foras
2835 5428 3069 5497 exibant,
3105 5429 3157 5482 id
3189 5439 3289 5491 est,
3323 5438 3477 5483 extra
3508 5438 3622 5484 ter-

2027 5518 2201 5573 minos
2232 5518 2399 5573 eremi
2430 5526 2481 5571 et
2509 5532 2709 5587 pecora
2740 5516 2805 5569 ad
2840 5517 3071 5571 hiemem
3121 5516 3525 5588 transigendam
3554 5519 3624 5573 ad

2028 5606 2200 5663 vicina
2231 5606 2352 5662 loca
2384 5605 2742 5660 deducebant.
2778 5606 2857 5659 Ex
2906 5604 3267 5676 prohibitione
3309 5612 3491 5661 autem
3518 5606 3623 5666 ali-
