3978 6050
418 276 514 331 731

1259 271 1600 330 GUIGONIS
1639 274 1660 327 Ι
1699 269 2107 327 (ΖΑΒΤΗΗΞΙᾸΞ
2146 267 2438 325 MAIORIS
2477 268 2752 326 PRIORIS
2792 270 2855 324 V.

3607 271 3719 325 732

1797 420 2191 476 CAPITULUM
2230 419 2315 474 LI.

1493 545 1604 611 Quo
1634 548 1879 616 tempore
1912 546 2105 601 vinum
2132 549 2345 618 fratres
2372 548 2633 604 habeant.

490 673 540 723 1.
576 668 766 725 Crateri
795 676 972 724 autem
1003 669 1193 724 fratres
1226 668 1315 739 qui
1336 666 1481 722 domi
1514 675 1656 735 sunt,
1691 667 1876 738 quinta
1905 674 2113 722 tantum
2145 668 2300 737 feria,
2337 678 2389 725 et
2418 670 2471 724 in
2503 670 2931 726 solemnitatibus
2970 685 3091 741 quae
3138 668 3429 740 capitulum
3487 671 3712 738 habent,

419 766 587 820 semel
626 767 680 820 in
728 767 814 821 die
866 767 1051 822 vinum
1116 766 1406 835 accipiunt.
1458 766 1516 818 In
1559 765 1739 819 Natali
1788 772 1967 819 tamen
2024 766 2240 819 Domini
2299 766 2491 821 diebus
2540 775 2792 839 quatuor,
2845 766 3284 833 Circumcisione,
3331 767 3709 837 Apparitione,

421 863 816 930 Purificatione,
849 863 1291 927 Annuntiatione,
1326 863 1371 915 si
1402 861 1682 929 Dominica
1713 862 1799 917 die
1843 862 2155 936 contigerit,
2187 865 2410 919 Paschae
2436 864 2627 918 diebus
2657 872 2902 935 quatuor,
2952 863 3308 929 Ascensione,
3361 864 3713 919 Pentecostes

417 961 609 1016 diebus
641 960 826 1025 tribus,
862 960 1203 1015 solemnitate
1235 960 1291 1014 S.
1323 960 1564 1025 Joannis,
1599 959 1966 1029 apostolorum
2016 960 2156 1014 Petri
2188 968 2239 1015 et
2288 961 2458 1025 Pauli,
2494 959 2910 1031 Assumptionis,
2962 957 3349 1025 Dedicationis,
3400 959 3716 1014 Nativitatis

420 1059 478 1113 B.
512 1059 710 1125 Mariae,
745 1058 926 1112 Sancti
957 1057 1251 1123 Michaelis,
1286 1056 1540 1112 Omnium
1572 1057 1911 1124 Sanctorum,
1945 1056 2028 1110 bis
2058 1058 2257 1112 habent
2288 1057 2493 1112 vinum.

440 1142 443 1143 ν
493 1160 546 1213 2.
581 1155 1017 1211 Ascendentibus
1066 1155 1229 1209 etiam
1278 1162 1497 1225 propter
1537 1153 1759 1223 aliquod
1804 1152 2001 1207 festam
2049 1154 2101 1207 in
2152 1155 2385 1209 crastino
2421 1154 2831 1219 celebrandum,
2882 1153 2929 1207 si
2977 1154 3271 1209 monachos
3318 1154 3373 1208 in
3418 1153 3709 1210 refectorio

422 1268 639 1309 camare
670 1252 975 1325 contigerit,
1009 1252 1190 1307 vinum
1223 1252 1399 1305 datur.
1432 1252 1545 1306 Hoc
1575 1259 1755 1306 autem
1785 1266 1893 1306 non
1925 1251 2103 1306 evenit
2133 1251 2237 1305 nisi
2269 1252 2373 1307 duo
2404 1251 2559 1317 festa,
2584 1251 2781 1323 quibus
2824 1250 2878 1305 in
2922 1250 3205 1307 refectorio
3251 1251 3571 1320 comeditur,
3606 1252 3713 1308 sibi

421 1350 762 1408 cohaeserint.

1774 1498 2345 1556 COMMENTARIUS.

427 1648 556 1720 quid
585 1648 657 1702 ibi
686 1648 988 1718 accipiendi
1017 1655 1107 1703 aut
1130 1648 1292 1703 dandi
1321 1650 1479 1704 nobis
1503 1650 1785 1720 indicatur,
1820 1659 2017 1724 quanta
2039 1654 2084 1712 A
2119 1659 2280 1707 creta:
2334 1650 2706 1721 intelligentiae
2768 1652 2972 1723 regulis
3032 1667 3312 1724 nunquam
3354 1654 3705 1710 recedebant.

426 1752 561 1792 cura
588 1736 749 1807 primi
779 1737 967 1791 Patres
998 1736 1200 1791 vellent
1229 1745 1447 1794 nostros
1477 1741 1779 1806 retrahere,
1811 1748 1863 1794 et
1894 1756 2018 1794 ser-

427 1841 555 1881 vare
602 1841 634 1880 a
694 1824 1057 1881 familiaritate
1124 1826 1463 1881 smeularium
1538 1828 1855 1883 attrahenda
1922 1846 2020 1899 per

428 1913 749 1968 munuscula
795 1914 919 1968 data
969 1923 1059 1968 aut
1106 1923 1348 1985 accepta.
1401 1917 1657 1971 Sciebant
1697 1917 1842 1971 enim
1891 1917 2020 1988 quid

428 2001 656 2073 periculi
686 2002 797 2056 suis
844 2002 1121 2057 conversis
1160 2020 1225 2056 ex
1271 2004 1370 2057 ista
1409 2003 1769 2059 familiaritate
1816 2006 2019 2059 sensim

429 2089 609 2144 enasci
636 2097 838 2159 posset,
873 2090 963 2159 qui
991 2107 1056 2144 ex
1101 2090 1205 2145 loci
1249 2092 1410 2161 paulo
1456 2092 1738 2147 amoeniori
1781 2093 1904 2158 situ,
1956 2110 2019 2147 ex

427 2177 648 2242 relictis,
681 2178 806 2232 licet
836 2177 1086 2249 exigente
1124 2179 1469 2248 necessitate,
1518 2181 1834 2236 monasterii
1866 2197 2019 2236 com-

431 2265 681 2318 munibus
711 2265 999 2333 exercitiis,
1031 2266 1076 2319 si
1124 2266 1209 2319 his
1254 2275 1533 2323 contracta
1579 2284 1703 2324 cum
1751 2269 2021 2325 extraneis

434 2351 772 2408 familiaritas
826 2354 1227 2425 adjungeretur,
1278 2354 1434 2410 facile
1482 2365 1703 2426 possent
1744 2358 1921 2428 primo
1966 2359 2022 2412 in

362 2456 365 2459 ‘
432 2449 638 2497 naturae
686 2441 912 2513 laqueos
970 2442 1213 2497 laborem
1288 2442 1543 2514 fugientis
1606 2454 1658 2499 et
1720 2448 2022 2516 appetentis

431 2529 818 2585 relaxationem
869 2530 1127 2601 incidere,
1160 2539 1211 2587 et
1255 2539 1445 2603 postea
1475 2532 1530 2587 in
1568 2533 1770 2589 diaboli
1796 2535 2021 2607 laqueos

432 2618 590 2674 etiam
621 2618 894 2673 decidere.

502 2707 719 2762 Utinam
751 2723 969 2777 semper
998 2724 1107 2778 pra:
1137 2708 1307 2763 oculis
1356 2710 1651 2764 habeamus
1681 2712 1783 2767 hoc
1811 2712 2020 2782 primo-

433 2811 552 2849 rum
582 2795 798 2849 Patrum
829 2796 1132 2866 exemplum
1194 2804 1246 2851 et
1276 2798 1343 2850 ab
1386 2797 1477 2852 illo
1519 2816 1794 2870 nunquam
1847 2800 2021 2855 defle-

433 2892 581 2938 ctere
614 2891 943 2956 satagamus,
976 2885 1203 2940 sollicite
1220 2894 1492 2951 curantes,
1526 2895 1583 2940 ut
1612 2888 1681 2941 ad
1713 2889 2021 2959 exemplum

432 2972 644 3026 illorum
679 2972 947 3027 neminem
981 2989 1011 3028 e
1041 2973 1239 3027 nostris
1288 2981 1440 3028 extra
1484 2976 1877 3031 monasterium
1919 2978 2019 3033 de-
2043 3005 2093 3063 Β

431 3076 565 3132 gere
594 3061 985 3131 permittamus,
1037 3061 1143 3115 nisi
1190 3071 1442 3132 quantum
1474 3072 1526 3116 et
1575 3064 1808 3134 quandiu
1857 3066 2022 3136 exigit

431 3149 757 3205 inevitabilis
804 3150 1119 3215 necessitas,
1186 3151 1317 3222 quia
1363 3151 1488 3206 inde
1538 3153 1789 3223 graviora
1842 3154 2023 3209 ordini

430 3238 627 3292 damna
658 3238 713 3292 in
742 3246 972 3309 utroque
1002 3246 1144 3293 statu
1190 3240 1475 3310 temporali
1523 3249 1575 3296 et
1607 3242 1866 3313 spirituali
1896 3259 2020 3298 eve-

430 3326 550 3382 nire
581 3341 743 3396 posse
770 3326 1129 3383 indubitatum
1159 3336 1262 3384 est.

498 3414 640 3481 Dixi,
701 3414 1066 3471 inevitabilem
1121 3418 1524 3489 necessitatem,
1577 3419 1722 3491 quia,
1781 3421 2020 3491 quandiu

429 3502 588 3558 vitari
617 3511 812 3575 potest,
845 3512 933 3559 aut
961 3522 1061 3575 per
1109 3506 1346 3577 aliquam
1394 3508 1711 3563 industriam
1760 3509 2019 3579 suppleri,

429 3592 482 3646 id
521 3608 617 3663 pro
640 3593 874 3648 maximo
922 3592 1090 3662 lucro,
1127 3595 1200 3661 id,
1227 3596 1445 3666 inquam
1478 3613 1580 3667 pro
1609 3597 1845 3651 maximo
1874 3598 2022 3653 lucro

429 3681 806 3736 azstimandum
841 3689 937 3736 est.
974 3681 1218 3737 Sufficiat
1261 3684 1350 3739 hic
1396 3701 1555 3739 unam
1587 3701 1687 3755 pro
1718 3685 1900 3740 multis
1929 3701 2021 3739 ra-

426 3770 627 3825 tionem
650 3771 763 3838 jam
801 3770 855 3823 in
886 3771 1255 3840 superioribus
1303 3772 1520 3828 allatam
1551 3773 1740 3828 iterum
1770 3781 2017 3846 tangere.

426 3858 687 3912 Homines
752 3858 1061 3913 monasterii
1111 3860 1382 3914 exercitiis
1431 3860 1653 3931 assueti,
1704 3870 1756 3915 et
1804 3862 1881 3935 ab;
1918 3862 2021 3917 ob-

419 3946 579 4014 jectis
609 3946 958 4000 saecularibus
987 3946 1236 4001 videndis
1265 3964 1328 4001 ex
1362 3948 1613 4003 solitariae
1656 3950 1772 4003 vitae
1810 3949 2022 4019 profes-

428 4034 581 4088 sione
599 4034 793 4089 remoti
813 4041 865 4088 et
886 4034 1131 4099 dissueti,
1157 4035 1226 4089 ab
1247 4035 1378 4105 ipsis
1399 4044 1586 4106 postea
1610 4038 2022 4092 occurrentibus

428 4122 671 4178 vivacius
702 4131 754 4177 et
800 4123 1172 4178 vehementius
1220 4132 1539 4197 tanguntur,
1591 4142 1751 4196 quam
1796 4127 1885 4198 qui
1915 4128 2021 4181 illis

429 4210 676 4265 videndis
707 4218 829 4265 sunt
858 4211 1057 4265 assueti
1084 4229 1097 4276 ;
1128 4212 1196 4265 ab
1254 4213 1485 4268 assuetis
1540 4214 1703 4279 enim,
1736 4222 1794 4268 ut
1836 4214 2024 4270 dicunt

428 4299 754 4369 philosophi,
786 4315 891 4354 non
927 4298 985 4353 fit
1014 4300 1216 4369 passio,
1251 4308 1303 4354 et
1346 4301 1469 4357 ideo
1500 4302 1569 4355 ab
1599 4302 1705 4356 illis
1735 4310 1859 4357 sunt
1889 4320 2021 4357 cau-

430 4386 535 4440 tius
563 4387 798 4455 vitanda,
832 4387 1045 4456 rejectis
1092 4388 1241 4443 mille
1272 4387 1545 4462 figmentis
1575 4392 1778 4445 amoris
1808 4391 2017 4462 privati,

431 4466 624 4546 quibus
655 4476 1013 4531 necessitates
1060 4476 1270 4549 fingere
1317 4479 1483 4545 novit,
1534 4479 1624 4533 ubi
1657 4495 1845 4534 revera
1876 4479 2021 4533 nulla

427 4563 657 4620 occurrit

498 4651 634 4705 Ibid.
661 4653 696 4706 A
717 4669 890 4723 puero
911 4655 1281 4718 mercenaria,
1317 4662 1419 4709 etc.
1443 4654 1678 4707 Turbam
1701 4654 2020 4709 famulorum

426 4748 553 4795 tunc
599 4748 721 4812 post
769 4757 827 4795 se
876 4757 985 4796 non
1032 4742 1315 4795 trahebant
1363 4741 1549 4811 optimi
1599 4742 1867 4812 Opiliones
1912 4743 2018 4809 isti,

429 4828 526 4882 sed
558 4845 656 4899 per
687 4845 744 4883 se
774 4830 955 4883 omnia
1002 4828 1283 4884 faciebant.
1347 4829 1599 4901 Alioquin
1660 4838 1872 4884 tenuem
1906 4847 2023 4885 rem

431 4916 770 4982 familiarem,
805 4917 1075 4988 integram
1108 4934 1207 4986 per
1225 4917 1590 4971 mercenaries
1619 4917 1725 4972 cito
1755 4919 2021 4973 devoras—

429 5012 568 5058 sent.
602 5005 685 5059 Ad
716 5006 817 5060 hoc
838 5012 1041 5058 tantum
1063 5020 1230 5074 opera
1251 5005 1404 5075 pueri
1426 5006 1748 5060 mercenarii
1769 5008 2018 5074 dabatur,

429 5108 503 5147 ne
524 5092 648 5162 ipsi,
676 5094 816 5164 quod
831 5094 1215 5164 periculosum
1239 5097 1340 5157 est,
1367 5094 1437 5148 ad
1454 5095 1638 5159 villas,
1664 5096 1725 5149 in
1744 5101 2021 5167 quantum

424 5181 595 5236 vitari
624 5184 831 5251 potest,
865 5183 948 5236 ire
977 5186 1270 5250 cogantur.
1324 5182 1690 5237 Periculosum
1738 5184 2023 5239 videbatur

431 5269 549 5322 istis
581 5267 779 5321 sanctis
819 5268 950 5322 viris
1004 5268 1281 5339 piissimos
1339 5285 1635 5325 conversos
1692 5279 1817 5327 tunc
1872 5280 2021 5326 extra

432 5355 817 5411 monasterium
867 5356 932 5409 ad
975 5365 1203 5427 tempus,
1255 5358 1406 5428 quasi
1455 5366 1632 5414 tamen
1681 5359 2023 5415 habitualiter

427 5446 595 5516 (quod
622 5445 937 5513 notandum)
968 5446 1248 5518 degentes,
1275 5447 1449 5501 sinere
1467 5447 1535 5501 ad
1564 5448 1841 5518 proximas
1869 5449 2022 5503 villas

430 5533 528 5607 ire,
562 5535 622 5587 in.
652 5538 949 5605 quantum,
976 5542 1033 5589 ut
1062 5534 1226 5602 aiunt,
1252 5537 1423 5591 vitari
1441 5540 1619 5613 potest
1656 5553 1667 5589 :
1701 5552 1824 5592 nam
1857 5553 1889 5591 a
1918 5537 2021 5593 dis:

2120 1740 2415 1794 Videamus
2443 1755 2604 1805 nunc,
2638 1740 2683 1793 si
2733 1741 2891 1794 tantis
2949 1741 3081 1795 viris
3132 1757 3233 1796 nos
3289 1742 3542 1798 meliores
3588 1760 3711 1799 esse

2122 1828 2431 1894 credamus,
2464 1836 2520 1882 ut
2560 1828 2855 1883 timendum
2906 1828 3020 1897 jam
3064 1829 3224 1883 nobis
3270 1845 3378 1884 non
3435 1831 3522 1895 sit,
3569 1832 3710 1902 quod

2120 1923 2245 1971 tunc
2274 1916 2349 1969 illi
2378 1916 2657 1984 timebant,
2691 1924 2743 1971 et
2770 1923 2921 1971 tanta
2976 1932 3105 1972 cura
3150 1918 3412 1972 cavebant
3471 1935 3572 1989 pro
3600 1919 3712 1973 suis

2121 2012 2267 2058 extra
2297 2004 2702 2069 monasterium,
2737 2005 2890 2074 quasi
2936 2004 3295 2071 habitualiter,
3346 2006 3526 2077 aliquo
3569 2016 3711 2063 tem-

2120 2108 2251 2162 pore
2280 2092 2622 2164 degentibus.
2656 2092 2799 2146 Alibi
2826 2092 3077 2163 loquetur
3123 2094 3186 2148 R.
3222 2094 3285 2147 P.
3326 2094 3506 2165 Guigo
3533 2095 3602 2151 de
3631 2096 3715 2150 his

2123 2181 2213 2252 qui
2244 2181 2298 2234 in
2319 2181 2437 2235 solo
2466 2180 2714 2247 transitu,
2748 2188 2900 2235 extra
2928 2180 3126 2236 limites
3156 2182 3257 2237 iter
3282 2182 3540 2254 agebant.

2194 2286 2327 2341 lbid.
2354 2288 2538 2342 Tertia
2558 2288 2705 2356 feria
2729 2291 2783 2342 et
2806 2287 3037 2343 Sabbato
3052 2288 3208 2342 ultra
3228 2303 3583 2345 communem
3599 2293 3714 2360 fra-

2125 2379 2278 2430 trum
2310 2391 2539 2439 morem,
2575 2382 2678 2430 etc.
2714 2377 2792 2429 De
2821 2375 2925 2430 hoc
2954 2390 3107 2430 more
3137 2375 3350 2431 dicetur
3375 2376 3431 2430 in
3462 2378 3713 2448 sequenti

2124 2462 2381 2534 capitulo.
2438 2462 2824 2518 Misericordia:
2891 2472 3071 2517 autem
3126 2464 3344 2520 nomine
3399 2465 3716 2537 intelligitur

2121 2551 2459 2622 indulgentia
2486 2550 2687 2622 aliqua,
2723 2567 2842 2623 qua:
2869 2566 2933 2605 ex
2954 2558 3134 2606 mente
3162 2552 3465 2622 primorum
3496 2554 3715 2609 Patrum

2123 2640 2356 2695 discrete
2386 2639 2716 2703 conceditur,
2770 2646 2929 2708 prout
2984 2639 3071 2695 hic
3127 2640 3359 2706 videtur,
3415 2641 3625 2713 quoties
3656 2642 3713 2696 id

2122 2727 2353 2798 postulat
2386 2726 2717 2781 rationabilis
2746 2742 2928 2793 causa,
2989 2727 3057 2780 ab
3112 2728 3368 2782 extremis
3415 2728 3557 2783 enim
3590 2744 3713 2784 om-

2124 2816 2283 2869 nibus
2313 2815 2597 2884 cavebant,
2630 2822 2682 2869 et
2704 2815 2910 2884 justum
2939 2814 3179 2869 medium
3203 2816 3586 2887 sequebantur.

2195 2940 2327 2994 CAP.
2360 2940 2443 2994 LI.
2476 2970 2546 2979 —
2575 2940 2738 2995 Num.
2773 2943 2821 2994 1.
2862 2942 3070 3009 Quinta
3101 2944 3330 2996 tantum
3359 2944 3529 3012 feria,
3560 2946 3617 2998 et
3649 2943 3713 2998 in

2122 3029 2574 3084 solemnitatibus
2594 3045 2715 3100 qua:
2742 3030 3060 3099 capitulum
3092 3027 3298 3084 habent
3317 3031 3489 3085 semel
3508 3031 3568 3085 in
3600 3031 3713 3096 die,

2122 3126 2226 3172 etc.
2259 3116 2489 3171 Nomine
2511 3116 2929 3182 solemnitatum,
2954 3125 3010 3170 ut
3034 3117 3146 3186 jam
3178 3118 3501 3182 notavimus,
3535 3118 3717 3173 omnia

2121 3205 2256 3260 festa
2273 3204 2838 3276 capituliintelligebat
2867 3206 2930 3260 R.
2957 3206 3013 3258 Ρ.
3041 3204 3241 3276 Guigo.
3274 3206 3398 3260 Non
3428 3212 3509 3260 est
3535 3214 3715 3261 autem

2120 3293 2420 3364 putandum
2455 3293 2602 3364 quod
2639 3293 2822 3347 vinum
2866 3292 2953 3348 hic
3007 3293 3175 3347 semel
3205 3292 3259 3346 in
3313 3293 3401 3348 die
3454 3293 3717 3349 fratribus

2121 3381 2538 3437 ministrandum
2571 3396 2636 3435 ea
2664 3388 2871 3435 tantum
2896 3396 3150 3435 mensura
3195 3380 3419 3435 daretur
3449 3398 3569 3452 quae
3600 3381 3716 3436 suf-

2122 3470 2304 3525 ticeret
2334 3470 2425 3524 uni
2454 3468 2755 3533 refectioni,
2815 3468 2913 3524 sed
2971 3485 3092 3539 quae
3149 3470 3378 3538 prandio
3437 3477 3489 3523 et
3546 3485 3717 3525 comae

2124 3558 2412 3621 sufficeret,
2448 3565 2504 3611 ut
2535 3574 2597 3611 ex
2621 3556 2765 3611 infra
2792 3556 3036 3611 dicendis
3065 3557 3289 3627 patebit,
3323 3565 3376 3612 et
3403 3573 3469 3612 ex
3497 3558 3717 3630 antiqua

2123 3646 2513 3702 consuetudine
2558 3646 2718 3714 hujus
2766 3645 2960 3700 domus
3005 3645 3304 3700 Carthusiae
3351 3646 3529 3701 adhuc
3576 3662 3713 3717 pro-

2123 3734 2294 3800 batur,
2328 3749 2432 3805 qua
2459 3733 2716 3787 fratribus
2763 3732 3165 3788 ministrabatur
3211 3732 3395 3788 vinum
3428 3750 3527 3804 pro
3559 3741 3714 3789 utra-

2122 3838 2226 3894 que
2256 3822 2570 3887 refectione,
2604 3822 2748 3893 quod
2778 3822 2831 3875 in
2863 3822 2999 3877 cella
3032 3822 3173 3892 apud
3206 3838 3266 3877 se
3296 3823 3604 3877 servabant.

2194 3911 2299 3965 Cur
2327 3918 2503 3965 autem
2534 3909 2790 3964 fratribus
2818 3909 3082 3980 gravibus
3139 3925 3400 3964 manuum
3457 3910 3717 3980 operibus

2120 3998 2368 4065 addictis,
2404 4014 2511 4053 non
2544 4006 2650 4053 tam
2673 3997 2988 4069 frequenter
3010 3998 3191 4053 vinum
3221 3998 3528 4071 assignetur
3555 4015 3716 4068 quam

2119 4086 2449 4142 monachis?
2481 4086 2621 4155 Quia
2676 4086 2833 4141 labor
2886 4086 3081 4141 mentis
3137 4085 3301 4157 longe
3357 4085 3578 4157 gravior
3634 4094 3717 4141 est

2121 4192 2280 4246 quam
2312 4175 2571 4245 corporis,
2606 4183 2659 4230 et
2713 4175 2897 4230 vinum
2956 4174 3282 4245 reparationi
3326 4175 3716 4229 exhaustorum

2122 4266 2409 4335 spirituum
2439 4263 2663 4317 multum
2703 4262 2933 4319 confert.

2192 4370 2327 4425 Ibid.
2363 4372 2427 4424 In
2457 4370 2648 4424 Natali
2662 4373 2855 4424 tamen
2869 4370 3110 4433 Domini,
3139 4376 3248 4423 etc.
3266 4410 3278 4434 ,
3301 4369 3382 4424 bis
3397 4370 3590 4423 vinum
3612 4370 3713 4424 ha-

2126 4459 2277 4513 bent.
2295 4457 2392 4512 Hic
2403 4465 2618 4511 enarrat
2630 4457 2692 4511 Β.
2712 4459 2769 4511 P.
2786 4455 2963 4527 Guigo
2976 4457 3245 4527 praecipua
3268 4456 3422 4523 festa,
3439 4473 3558 4527 quae
3569 4473 3715 4513 nunc

2125 4545 2493 4600 solemnitates
2516 4561 2791 4613 vocamus,
2826 4545 2895 4599 ad
2912 4544 3269 4599 differentiam
3299 4543 3562 4599 festorum
3594 4560 3715 4614 qua:

2125 4642 2247 4686 sunt
2277 4641 2481 4686 tantum
2513 4633 2751 4702 capituli.
2812 4632 2907 4687 His
2964 4648 3100 4704 ergo
3146 4633 3358 4697 diebus,
3392 4648 3513 4687 cum
3546 4632 3630 4685 bis
3660 4632 3713 4685 in

2123 4720 2413 4776 refectorio
2443 4721 2838 4783 eomederetur,
2870 4734 3031 4775 mane
3076 4720 3331 4775 videlicet
3360 4727 3415 4775 et
3461 4735 3711 4790 vespere,

2123 4810 2206 4863 bis
2238 4809 2398 4864 etiam
2428 4808 2681 4863 fratribus
2703 4808 2887 4863 vinum
2916 4806 3343 4862 ministrabatur.

2193 4916 2353 4970 Num.
2378 4919 2430 4971 2.
2447 4915 2886 4970 Aseendentibus
2900 4917 3094 4977 etiam,
3115 4921 3241 4979 etc.,
3264 4914 3321 4970 Si
3337 4915 3633 4970 monachos
3651 4916 3714 4969 in

2124 5006 2439 5075 refectorio,
2461 5011 2563 5059 etc.
2586 5004 2643 5057 Id
2658 5018 2779 5058 cum
2801 5002 3234 5073 praecedentibus
3247 5002 3560 5067 concordat,
3586 5018 3710 5056 nam

2124 5093 2249 5164 quia
2278 5099 2403 5145 tunc
2432 5091 2681 5147 monachi
2710 5090 2765 5144 in
2821 5090 3110 5146 refectorio
3158 5090 3466 5157 comedunt,
3528 5090 3714 5145 vinum

2123 5181 2277 5236 etiam
2311 5179 2645 5235 ministratur
2693 5179 2943 5233 fratribus
2974 5180 3043 5234 ad
3098 5179 3319 5233 domum
3377 5177 3715 5248 superiorem

2123 5268 2562 5333 ascendentibus,
2597 5276 2653 5322 ut
2709 5267 2786 5324 sic
2828 5267 2917 5322 fiat
2972 5268 3218 5339 qumdam
3274 5266 3631 5321 observantiae
3660 5266 3715 5319 in

2122 5357 2362 5428 utrisque
2391 5356 2768 5411 conformatio.

2194 5465 2307 5518 lloc
2339 5471 2517 5516 autem
2551 5462 2846 5532 capitulum
2891 5462 3119 5518 relatum
3170 5462 3342 5517 habes
3372 5461 3426 5515 in
3480 5460 3715 5537 antiquis

2123 5551 2354 5616 statutis,
2387 5567 2441 5623 p.
2475 5566 2554 5615 ιιι,
2588 5566 2707 5625 cap.
2745 5553 2829 5608 19.
