3978 6050
352 220 473 275 733,

1709 209 2317 266 CONSUETUDINES.

3567 210 3671 267 73b

1640 360 2172 417 CAPITULUM
2239 362 2402 417 LII.

1711 486 1786 541 De
1812 484 2035 555 jejunio
2071 488 2344 555 fratrum.

432 620 482 669 1.
517 615 680 670 Sexta
711 628 927 684 semper
955 612 1092 668 feria
1120 627 1263 683 pane
1292 619 1345 666 et
1371 626 1514 682 aqua
1543 617 1595 665 et
1620 608 1731 665 sale
1762 607 2001 665 contenti
2030 616 2171 675 sunt,
2207 610 2447 680 exceptis
2478 611 2928 668 solemnitatibus.
2962 615 3043 667 -ln
3090 613 3327 669 adventu
3359 629 3575 685 quoque
3606 622 3660 669 ct

359 710 827 784 Quinquagesima
858 718 911 765 et
934 710 1153 780 jejuniis
1182 709 1423 779 Quatuor
1479 709 1827 779 Temporum,
1889 715 2077 778 quarta
2107 705 2268 761 etiam
2304 705 2436 759 feria
2465 707 2717 762 eamdem
2746 708 3127 765 abstinentiam
3160 710 3381 768 faciunt.
3442 710 3658 782 Vigiliis

360 808 600 873 Paschae,
654 806 1041 873 Ascensionis,
1096 807 1480 871 Pentecostes,
1524 804 1697 859 sancti
1750 803 2006 869 Joannis,
2052 802 2194 858 Petri
2224 810 2276 857 et
2324 803 2505 869 Pauli,
2539 806 2976 875 Assumptionis,
3023 805 3276 862 Omnium
3310 807 3650 876 Sanctorum,

357 903 568 958 Natalis
598 903 814 958 Domini
843 902 1092 957 similiter
1120 902 1325 959 vivunt.

430 1006 483 1057 2.
518 1002 578 1055 In
626 1001 827 1073 vigiliis
859 1016 990 1055 vero
1019 1000 1387 1071 apostolorum
1435 997 1642 1063 Jacobi,
1675 995 2081 1059 Bartholomaei,
2114 994 2348 1049 Matthzei
2375 1038 2387 1061 ,
2423 994 2659 1050 Simonis
2691 1003 2743 1050 et
2772 997 2922 1053 Iuda:
2949 1041 2961 1064 ,
2994 998 3258 1065 Andreae,
3295 1000 3351 1055 S.
3383 999 3659 1055 Laurentii

360 1097 641 1168 martyris,
669 1096 840 1151 semel
871 1097 1090 1168 quidem
1124 1097 1433 1162 comedunt,
1454 1096 1552 1151 sed
1583 1096 1919 1167 pulmentum
1949 1094 2167 1148 habent.
2192 1092 2413 1148 Caeteris
2443 1100 2624 1147 autem
2654 1095 2867 1163 diebus,
2886 1112 2954 1152 ne
2980 1096 3147 1152 nimio
3175 1096 3364 1152 labore
3396 1096 3657 1169 frangan-

356 1204 464 1261 tur,
499 1195 584 1249 bis
614 1194 924 1260 comedunt,
957 1196 1056 1250 sed
1088 1194 1259 1250 semel
1288 1202 1496 1249 tantum
1528 1194 1864 1264 pulmentum
1894 1193 2190 1264 accipiunt.

428 1295 480 1345 3.
516 1291 856 1347 Generaliter
885 1300 1066 1347 autem
1097 1308 1413 1347 communes
1444 1291 1604 1358 hujus
1634 1290 1828 1345 domus
1860 1289 1966 1345 cibi
1994 1289 2103 1343 sale
2134 1296 2341 1343 tantum
2370 1288 2711 1344 condiuntur.
2747 1289 2941 1358 Quinta
2971 1291 3105 1346 feria
3137 1300 3189 1347 et
3220 1291 3654 1348 solemnitatibus

356 1387 595 1458 capituli,
654 1387 791 1443 ultra
822 1397 1140 1444 consuetum
1163 1432 1175 1455 ,
1209 1387 1410 1460 aliquid
1455 1386 1698 1442 melioris
1746 1402 1887 1442 esca:
1915 1386 2235 1456 suscipiunt.
2272 1387 2492 1442 Paschae
2522 1394 2702 1441 tamen
2732 1396 2785 1443 et
2814 1390 3163 1445 Pentecostes
3208 1389 3337 1444 feria
3371 1390 3570 1461 quinta,
3605 1396 3659 1444 et

357 1483 531 1539 altera
557 1492 681 1554 post
711 1483 909 1540 festum
936 1486 1289 1541 Innocentum
1319 1484 1426 1551 die,
1458 1484 1503 1538 si
1534 1485 1662 1548 hac,
1694 1482 1749 1537 id
1778 1491 1860 1538 est
1889 1482 2073 1554 quinta
2120 1483 2273 1550 feria,
2307 1483 2381 1538 ibi
2438 1484 2756 1557 contigerit,
2790 1486 2975 1541 vinum
3012 1486 3131 1541 sine
3179 1487 3357 1558 aliqua
3384 1485 3482 1558 [αι.
3525 1484 3653 1559 alia]

355 1582 583 1655 pitantia
614 1592 850 1640 sumunt.

1712 1652 2285 1709 COMMENTARIUS.

429 1780 559 1836 CAP.
610 1778 722 1834 LIl.
753 1808 823 1819 —-
852 1778 1015 1833 Num.
1052 1782 1103 1833 1.
1135 1778 1316 1834 Sexta
1357 1794 1578 1850 semper
1623 1779 1790 1848 feria,
1825 1785 1952 1843 etc.,
1983 1776 2244 1838 Aherbis
2274 1777 2486 1843 crudis,
2538 1776 2800 1833 fructibus
2830 1784 2923 1832 aut
2966 1776 3235 1833 radicibus
3282 1786 3653 1849 pascerentur,

354 1870 609 1940 exceptis
629 1867 1107 1935 solemnitatibus,
1142 1875 1251 1921 etc.
1293 1866 1473 1921 Semel
1504 1881 1639 1938 ergo
1670 1873 1877 1919 tantum
1899 1866 1953 1919 in

354 1957 702 2011 hebdomade.
721 1955 1103 2011 abstinentiam
1124 1954 1414 2021 faciebant,
1435 1955 1599 2026 idque
1620 1954 1758 2009 feria
1779 1962 1951 2018 sexta,

351 2044 459 2099 nisi
488 2044 685 2100 festum
735 2044 956 2115 capituli
985 2051 1334 2108 occurreret,
1388 2051 1513 2098 tunc
1562 2042 1705 2097 enim
1753 2042 1823 2097 ab
1862 2042 1955 2096 illa

354 2133 682 2189 abstinentia
712 2132 1104 2200 eximebantur,
1131 2132 1277 2203 quod
1307 2132 1466 2187 etiam
1488 2132 1632 2187 circa
1660 2130 1954 2185 monachos

355 2221 697 2276 observatum
728 2220 896 2275 fuisse
924 2220 1283 2275 indubitatum
1314 2228 1414 2275 est.
1449 2221 1556 2273 Cur
1583 2220 1727 2274 enim
1756 2233 1955 2273 mona-

355 2310 443 2366 chi
474 2326 580 2366 non
612 2309 841 2364 fuissent
869 2310 1062 2365 eadem
1093 2309 1304 2364 ratione
1336 2310 1589 2379 exempti,
1625 2308 1717 2379 qui
1748 2316 1857 2362 tres
1900 2307 1956 2360 in

353 2398 701 2454 hebdomade
764 2397 1035 2454 faciebant
1098 2398 1489 2466 abstinentias,
1548 2413 1672 2452 cum
1734 2396 1951 2462 fratres,

354 2487 447 2559 qui
476 2502 641 2541 unam
661 2494 866 2541 tantum
889 2486 1280 2551 observabant,
1314 2486 1382 2539 ab
1415 2501 1511 2551 ea,
1546 2485 1749 2540 ratione
1772 2501 1957 2555 super-

354 2576 624 2631 venientis
688 2575 811 2629 festi
865 2574 1087 2645 capituli
1136 2575 1225 2630 hic
1274 2574 1625 2629 eximantur?
1680 2574 1842 2627 Nulla
1882 2572 1956 2638 fit

354 2665 559 2719 mentio
612 2663 981 2719 translationis
1034 2663 1403 2727 abstinentiae,
1435 2663 1579 2717 unde
1606 2663 1952 2733 perspicuum

354 2761 438 2809 est
469 2753 613 2823 quod
658 2768 723 2807 eo
773 2768 901 2807 casu
934 2752 1278 2806 inobservata
1311 2751 1596 2817 transiret;
1648 2766 1791 2806 nunc
1822 2767 1953 2806 vero

353 2856 463 2895 non
495 2841 606 2905 sic,
660 2857 782 2894 nam
817 2840 1033 2912 quando
1063 2839 1262 2895 festum
1290 2840 1508 2910 capituli
1554 2839 1791 2894 occurrit
1819 2838 1954 2894 feria

355 2937 528 2994 sexta,
562 2929 887 2984 abstinentia
917 2928 983 2981 ad
1029 2927 1193 2982 aliam
1224 2928 1368 2983 diem
1398 2927 1735 2982 transfertur.

428 3017 563 3072 Ibid.
590 3019 655 3072 In
676 3018 931 3072 Adventu
951 3034 1179 3089 quoque,
1202 3025 1328 3081 etc.,
1354 3020 1555 3089 quarta
1578 3018 1751 3071 etiam
1783 3018 1950 3086 feria.

352 3107 414 3160 Id
444 3105 599 3161 etiam
632 3122 773 3160 nunc
802 3105 1157 3171 observatur,
1206 3105 1506 3175 iisdemque
1536 3104 1729 3158 diebus
1778 3105 1952 3159 absti-

2056 1882 2180 1922 cum
2228 1866 2334 1920 illis
2378 1868 2572 1922 eadem
2602 1867 2888 1921 laborandi
2935 1867 3151 1922 adesset
3198 1868 3497 1923 necessitas
3538 1884 3658 1939 qua:

2056 1955 2178 2009 aliis
2206 1955 2417 2011 diebus.

2126 2045 2287 2099 Num.
2321 2049 2372 2097 3.
2410 2044 2762 2099 Generaliter
2781 2048 2974 2099 autem
3008 2061 3332 2100 communes
3365 2045 3533 2115 hujus
3561 2046 3657 2103 do-

2055 2149 2181 2187 mus
2197 2132 2307 2187 cibi
2326 2133 2442 2187 sale
2462 2136 2693 2187 tantum
2714 2134 3081 2188 condiuntur.
3115 2134 3238 2186 Erat
3268 2149 3472 2205 magna
3501 2133 3656 2188 diffe-

2055 2220 2230 2275 rentia
2275 2220 2418 2274 inter
2464 2220 2684 2274 modum
2715 2221 2993 2276 esculenta
3022 2221 3312 2277 condiendi
3360 2221 3466 2275 illis
3516 2230 3652 2276 tem-

2054 2309 2301 2379 poribus,
2327 2316 2376 2363 et
2399 2324 2520 2363 eum
2557 2324 2719 2379 quem
2741 2325 2883 2364 nunc
2904 2309 3105 2380 ubique
3136 2309 3346 2364 servari
3375 2309 3651 2377 videmus;

2055 2414 2165 2452 non
2208 2398 2352 2453 enim
2399 2406 2525 2452 tunc
2570 2399 2907 2453 habebantur
2958 2399 3169 2469 species
3218 2406 3555 2465 aromatum,
3602 2408 3655 2455 et
3692 2455 3699 2463 ,

2056 2487 2308 2557 butyrum
2358 2487 2447 2540 vix
2494 2495 2612 2541 erat
2666 2487 2719 2541 in
2764 2504 2885 2541 usu.
2920 2489 3070 2543 Tunc
3100 2488 3262 2542 etiam
3291 2496 3436 2555 erat,
3488 2496 3650 2558 prout

2054 2592 2198 2630 nunc
2242 2576 2519 2644 videmus,
2571 2575 2624 2628 in
2672 2576 2836 2631 variis
2866 2576 3211 2646 regionibus,
3257 2592 3460 2647 magna
3503 2576 3651 2632 circa

2054 2680 2171 2719 rem
2202 2664 2360 2718 istam
2403 2664 2719 2729 diversitas,
2770 2664 3069 2719 secundum
3099 2664 3523 2720 consuetudines
3552 2681 3650 2721 va-

2054 2752 2162 2806 rias
2190 2752 2342 2808 cibos
2372 2752 2690 2818 condiendi,
2724 2768 2789 2807 ex
2819 2768 3049 2823 quarum
3078 2768 3177 2807 usu
3208 2769 3316 2823 quo
3349 2754 3520 2808 semel
3553 2769 3651 2808 na—

2053 2849 2177 2895 tura
2206 2841 2413 2894 imbuta
2444 2848 2557 2907 est,
2611 2840 2855 2895 nascitur
2882 2856 3081 2895 nausea
3129 2840 3277 2896 circa
3317 2840 3470 2896 cibos
3500 2841 3653 2897 aliter

2051 2936 2418 2999 prmparalos,
2471 2936 2524 2983 et
2572 2928 2696 2983 talis
2726 2944 2930 2983 nausea
2960 2944 3082 2998 quae
3131 2929 3215 2982 vix
3263 2929 3407 2984 vinci
3456 2929 3646 2999 possit.

2055 3016 2211 3085 Quod
2242 3017 2295 3071 in
2326 3018 2427 3071 hac
2474 3024 2660 3071 nostra
2706 3017 2869 3071 domo
2916 3016 3288 3086 experimento
3332 3032 3441 3071 non
3481 3018 3651 3073 semel

2052 3105 2402 3176 probavimus
2433 3112 2677 3175 tempore
2708 3105 2926 3175 capituli
2955 3106 3256 3177 generalis,
3307 3122 3432 3160 cum
3463 3107 3652 3161 Patres

351 3194 537 3248 nentia
565 3193 622 3247 tit
650 3210 679 3247 a
712 3193 991 3258 fratribus,
1026 3209 1091 3248 eo
1120 3194 1283 3248 modo
1315 3208 1421 3263 quo
1450 3208 1595 3248 nunc
1626 3193 1727 3248 iste
1775 3193 1947 3247 absti-
1978 3186 2031 3245 B
2055 3194 2337 3259 Germani,
2371 3193 2510 3259 Itali,
2544 3194 2786 3264 Hispani,
2822 3194 3020 3264 Belgae,
3054 3194 3263 3259 Poloni,
3300 3194 3457 3259 Galli,
3493 3194 3653 3249 simul

351 3283 657 3337 nentiarum
688 3283 820 3337 ritus
852 3291 1097 3338 servatur
1143 3282 1285 3353 apud
1330 3297 1450 3335 nos.

422 3372 585 3426 Num.
618 3373 762 3428 2.1a
785 3372 997 3443 vigiliis
1042 3372 1419 3442 apostolorum
1462 3369 1670 3435 Jacobi,
1696 3378 1799 3425 etc.
1846 3371 1949 3426 Sed

348 3461 714 3531 pulmentum
746 3459 982 3523 habent,
1034 3467 1134 3514 etc.
1188 3457 1452 3512 Pulmenti
1482 3458 1699 3512 nomine
1729 3458 1947 3528 pitantia

348 3547 687 3618 intelligitur,
715 3562 841 3601 nam
865 3547 1021 3618 quasi
1050 3562 1349 3618 synonyma
1379 3548 1480 3601 ista
1508 3563 1632 3601 esse
1662 3562 1728 3601 ex
1755 3547 1946 3602 eodem

349 3635 585 3706 capitulo
634 3637 933 3691 innotescet
960 3655 974 3703 ;
1020 3644 1071 3691 et
1100 3636 1225 3690 inde
1256 3636 1434 3707 magis
1464 3636 1748 3706 probatum
1777 3636 1948 3689 habe-

351 3725 435 3778 bis
483 3725 626 3795 quod
672 3740 840 3795 supra
887 3724 1148 3789 diximus,
1204 3724 1305 3778 sub
1348 3740 1466 3794 cap.
1498 3728 1592 3789 33,
1638 3732 1691 3778 et
1722 3724 1948 3795 qualiter

345 3812 695 3884 intelligenda
727 3813 833 3867 sint
864 3813 967 3867 ista
988 3814 1158 3869 verba
1179 3815 1241 3869 R.
1268 3814 1324 3867 Ρ.
1351 3813 1635 3884 Guigonis,
1662 3830 1715 3867 n.
1742 3816 1773 3865 5
1805 3814 1946 3881 ejus-

346 3902 471 3956 dem
494 3902 727 3972 capituli,
753 3902 824 3956 ad
846 3918 1085 3967 orenam,
1102 3904 1187 3957 vel
1210 3902 1280 3956 ad
1298 3901 1608 3973 prandium
1621 3919 1747 3957 cum
1770 3903 1945 3957 semel

351 3991 585 4055 edimus,
628 3990 822 4045 herbas
854 3990 1060 4045 crudas
1080 3992 1165 4045 vel
1185 3992 1437 4061 fructus,
1463 3992 1515 4044 si
1536 3990 1755 4054 adsint,
1790 3992 1939 4045 acci-

348 4080 555 4150 pimus.
604 4078 814 4131 Herbas
844 4078 1040 4133 crudas
1072 4085 1227 4132 vocat
1259 4077 1329 4131 ad
1361 4076 1718 4132 differentiam
1754 4086 1943 4133 cocta-

347 4183 488 4221 rum.
522 4166 827 4220 Absurdum
877 4174 1057 4220 autem
1101 4173 1243 4220 esset
1291 4166 1519 4221 credere
1571 4166 1713 4235 quod
1740 4166 1943 4220 herbas

346 4254 476 4309 istas
509 4255 707 4308 crudas
745 4256 1098 4310 comederent
1149 4254 1355 4325 absque
1403 4254 1515 4308 ullo
1571 4254 1938 4319 condimento,

347 4350 509 4412 prout
538 4358 569 4396 a
603 4342 792 4397 bestiis
837 4343 1223 4408 comeduntur,
1276 4358 1402 4396 nam
1433 4342 1674 4413 quaedam
1728 4343 1945 4398 illorum

339 4430 553 4485 sanitati
587 4431 809 4484 multum
840 4430 1160 4485 obfuissent.

416 4518 551 4572 Ibid.
590 4519 816 4573 Cceteris
851 4524 1044 4573 autem
1079 4518 1291 4585 diebus,
1335 4526 1463 4585 etc.,
1504 4519 1587 4575 bis
1616 4520 1935 4584 comedunt,

342 4608 438 4662 sed
457 4609 629 4662 semel
653 4611 883 4663 tantum
914 4609 1272 4677 pulmentum
1289 4608 1599 4679 accipiunt.
1625 4608 1828 4663 Sensus
1858 4616 1939 4663 est

345 4696 489 4766 quod
502 4695 701 4764 jejunia
718 4694 945 4759 ordinis,
962 4711 1081 4765 quae
1099 4702 1385 4750 servantur
1400 4710 1432 4749 a
1451 4697 1734 4751 monachis
1755 4713 1784 4750 a
1802 4696 1939 4753 festo

340 4783 698 4837 Exaltationis
728 4784 783 4837 S.
812 4784 1009 4848 crucis,
1043 4784 1294 4838 conversi
1324 4800 1431 4837 non
1454 4792 1688 4849 servant,
1714 4794 1938 4855 excepto

342 4871 621 4926 Adventus
668 4879 944 4941 tempore,
1004 4872 1172 4926 semel
1221 4879 1401 4925 tamen
1455 4872 1560 4925 illis
1608 4872 1940 4927 ministratur

342 4959 586 5028 pitantia,
621 4967 675 5012 et
704 4958 924 5029 insuper
955 4959 1181 5027 herbas,
1213 4969 1304 5013 aut
1334 4959 1553 5026 fructus,
1609 4969 1701 5015 aut
1730 4962 1940 5017 radices

340 5046 611 5115 accipiunt
641 5062 740 5115 pro
785 5063 970 5115 coena,
1007 5063 1127 5118 quae
1158 5047 1319 5101 etiam
1362 5048 1639 5117 pulmento
1686 5049 1740 5103 in
1770 5066 1938 5120 pran-

343 5133 433 5186 dio
477 5134 745 5188 adduntur
771 5135 961 5189 diebus
984 5134 1207 5203 jejunii,
1256 5138 1471 5206 quando
1518 5145 1718 5191 tantum
1769 5139 1940 5193 semel

343 5222 666 5286 comedunt,
720 5225 862 5294 quod
910 5224 1014 5277 illis
1064 5223 1248 5278 verbis
1294 5224 1702 5295 intelligendum
1735 5234 1844 5293 est,
1878 5228 1939 5281 in

340 5309 581 5381 prandio
603 5312 651 5365 si
679 5313 851 5366 semel
881 5312 1199 5367 comedunt.
1236 5313 1369 5367 Cum
1400 5314 1543 5367 enim
1579 5330 1605 5367 a
1630 5314 1834 5381 jejunio
1857 5330 1942 5368 or-

340 5397 483 5450 dinis
514 5415 579 5451 ex
610 5399 856 5468 professo
885 5400 1278 5467 eximerentur,
1327 5418 1394 5456 ne
1424 5402 1587 5456 nimio
1619 5402 1806 5456 labore
1835 5403 1937 5457 de-

340 5483 699 5553 bilitarentur,
733 5487 1089 5558 incongruum
1122 5498 1266 5544 esset
1295 5491 1519 5545 credere
1551 5491 1695 5562 quod
1743 5491 1936 5545 diebus

333 5572 553 5643 jejunii,
603 5574 798 5648 quibus
845 5577 1013 5634 semel
1045 5578 1335 5635 comedere
1386 5579 1590 5636 licitum
1638 5587 1750 5650 est,
1804 5579 1934 5637 solis

2051 3282 2416 3347 conveniunt;
2449 3282 2539 3353 qui
2570 3290 2753 3335 tamen
2783 3281 3007 3336 Gallicae
3037 3282 3415 3337 consuetudini
3445 3282 3501 3336 in
3546 3283 3652 3339 hoc

2050 3370 2259 3426 facilius
2286 3376 2604 3424 assuescunt
2626 3412 2638 3435 ,
2674 3384 2839 3441 quam
2868 3370 3095 3423 aliarum
3129 3370 3436 3439 regionum.
3487 3372 3552 3425 Et
3596 3379 3654 3426 ut

2049 3459 2279 3514 vicinius
2301 3474 2417 3512 rem
2444 3465 2752 3529 tangamus,
2778 3458 2904 3512 boni
2934 3459 3121 3513 Patres
3141 3458 3368 3528 Hispani
3395 3458 3650 3528 butyrum

2048 3547 2103 3601 in
2151 3547 2509 3603 condimentis
2557 3547 2647 3601 vix
2695 3546 2840 3602 ferre
2887 3554 3146 3617 possunt,
3193 3547 3485 3617 piscesque
3529 3563 3650 3601 cum

2049 3651 2193 3707 aqua
2213 3678 2225 3701 ,
2259 3635 2403 3701 sale,
2439 3635 2622 3690 herbis
2651 3643 2703 3690 et
2724 3635 2990 3689 similibus
3012 3635 3150 3690 cocti
3180 3635 3260 3689 cis
3292 3635 3526 3705 sapiunt,
3553 3635 3650 3690 sed

2050 3740 2173 3779 cum
2204 3724 2331 3779 vino
2353 3731 2537 3779 coctos
2558 3724 2839 3778 mirantur.
2865 3722 2999 3791 Quae
3029 3723 3116 3778 hic
3147 3731 3354 3778 tantum
3376 3731 3647 3790 notamus,

2048 3822 2105 3866 ut
2135 3813 2452 3867 advertatur
2500 3812 2901 3867 distinctionem
2949 3812 3005 3866 in
3045 3811 3317 3865 similibus
3345 3811 3650 3867 faciendam

2048 3918 2171 3956 esse
2195 3902 2350 3970 juxta
2378 3900 2715 3955 differentias
2743 3908 3071 3971 temporum,
3110 3901 3391 3972 regionum
3421 3908 3474 3956 et
3518 3917 3649 3956 con-

2048 3990 2417 4044 suetudinum.
2489 3990 2662 4043 Porro
2718 3989 2807 4044 hic
2864 3989 3101 4061 loquitur
3143 3990 3212 4044 de
3271 3990 3649 4045 communibus

2047 4078 2213 4145 cibis,
2265 4094 2367 4133 nec
2410 4078 2536 4133 inde
2566 4085 2742 4148 potest
2769 4078 3057 4148 concludi,
3111 4077 3257 4149 quod
3309 4077 3364 4131 in
3395 4076 3648 4131 omnibus

2047 4182 2148 4221 nec
2194 4167 2347 4233 oleo,
2395 4183 2497 4221 nec
2540 4166 2726 4221 herbis
2752 4166 2821 4220 ad
2849 4166 3183 4221 condiendas
3228 4166 3480 4236 pitantias
3523 4173 3645 4220 ute-

2047 4263 2244 4309 rentur.
2296 4255 2417 4309 Sale
2464 4262 2669 4309 tantum
2700 4254 2987 4309 utebantur
3033 4262 3085 4309 et
3132 4270 3242 4309 non
3270 4253 3389 4307 aliis
3426 4269 3647 4308 aroma-

2045 4350 2158 4396 tum
2186 4341 2505 4411 speciebus,
2559 4358 2680 4411 quaa
2710 4348 2834 4396 tunc
2866 4358 3003 4396 rara:
3035 4350 3185 4397 erant
3211 4385 3223 4408 ,
3276 4341 3387 4397 imo
3416 4341 3645 4397 forsitan

2046 4447 2074 4483 a
2104 4430 2386 4500 splendide
2417 4438 2469 4484 et
2499 4429 2730 4485 delicate
2759 4430 3177 4485 convivantibus
3206 4438 3412 4485 tantum
3442 4431 3647 4501 impen-

2045 4519 2333 4573 debantur.

2113 4608 2248 4661 Ibid.
2286 4607 2491 4674 Quinta
2510 4608 2659 4677 feria
2676 4610 2731 4661 et
2750 4608 3206 4663 solemnitatibus
3226 4610 3465 4681 capituli
3483 4652 3498 4675 ,
3533 4616 3637 4663 etc.

2042 4698 2121 4751 De
2150 4695 2439 4766 pulmentis
2489 4695 2653 4750 etiam
2683 4695 2873 4749 diebus
2896 4695 3087 4763 jejunii
3135 4696 3425 4750 ministrari
3466 4696 3640 4751 solitis

2041 4801 2203 4854 supra
2250 4783 2308 4837 fit
2355 4784 2585 4849 mentio,
2637 4793 2687 4838 et
2735 4784 2822 4838 hic
2852 4784 3013 4838 etiam
3044 4784 3180 4838 feria
3217 4784 3403 4855 quinta
3434 4784 3641 4855 aliquid

2041 4874 2183 4927 ultra
2231 4880 2547 4928 consuetum
2594 4873 2712 4927 dari
2755 4873 3085 4943 perhibetur.
3140 4871 3281 4939 Quid
3327 4874 3431 4927 hoc
3494 4881 3637 4927 esset

2043 4961 2362 5033 ignoramus
2396 4976 2408 5013 :
2441 4961 2537 5015 sed
2566 4969 2777 5015 certum
2806 4970 2888 5016 est
2937 4960 3081 5031 quod
3128 4960 3271 5014 ultra
3318 4969 3635 5015 consuetum

2042 5050 2245 5120 aliquid
2272 5049 2509 5103 melioris
2541 5066 2682 5104 escas
2711 5050 3064 5119 susciperent.

2115 5138 2249 5191 ibid.
2273 5137 2504 5192 Pascha:
2521 5142 2714 5192 tamen
2737 5142 2795 5193 et
2814 5140 3190 5203 Pentecostes,
3216 5144 3341 5202 etc.,
3358 5140 3502 5204 sine,
3527 5146 3632 5194 etc.

2042 5226 2154 5279 Illis
2204 5226 2583 5279 festivitatibus
2610 5227 2663 5279 in
2697 5227 2860 5280 domo
2892 5225 3155 5295 superiori
3184 5235 3334 5279 erant
3361 5235 3414 5281 et
3443 5227 3635 5281 diebus

2042 5314 2127 5368 hic
2159 5314 2357 5369 notatis
2388 5313 2511 5368 inde
2543 5314 2869 5368 recedebant
2896 5355 2909 5383 ,
2961 5321 3016 5366 ut
3064 5313 3130 5367 ad
3162 5313 3382 5368 domum
3414 5314 3635 5368 inferio-

2038 5419 2149 5457 rem
2185 5402 2460 5464 redirent,
2504 5402 2597 5455 ubi
2626 5403 2705 5456 eis
2752 5409 3014 5457 consueta
3062 5402 3530 5467 ministrabantur,
3583 5410 3637 5456 et

2036 5492 2153 5546 haec
2184 5498 2264 5545 est
2295 5490 2430 5544 ratio
2478 5506 2577 5545 cur
2616 5490 2798 5549 vinum
2833 5498 3038 5548 tantum
3069 5497 3122 5544 et
3152 5488 3282 5542 nihil
3313 5488 3456 5542 aliud
3486 5488 3633 5551 reci-

2034 5586 2227 5652 perent
2255 5579 2338 5633 his
2369 5578 2579 5633 diebus.
