3978 6050
298 184 404 237 ’137

1639 188 1779 245 CON
1784 191 2133 247 SUETUDIN
2138 191 2240 246 ES.

3506 203 3611 256 738

1559 315 2090 371 CAPITULUM
2156 316 2324 371 LIV.

1604 412 1685 466 De
1722 413 2045 468 minutione
2077 429 2291 467 eorum.

374 503 423 553 1.
460 498 666 567 Quater
692 501 746 556 in
778 518 922 558 anno
936 503 1268 576 minuuntur,
1302 506 1447 562 circa
1461 506 1735 561 Kalendas
1766 507 2068 573 Maii,cirea
2088 508 2214 561 ldus
2243 507 2386 573 Julii,
2411 507 2555 563 circa
2568 507 2845 565 Kalendas
2865 510 3139 578 Octobris,
3162 513 3304 569 circa
3327 514 3598 569 Kalendas

299 596 593 653 Februarii.
618 599 831 654 Minutis
854 601 1028 655 tribus
1049 602 1241 658 diebus
1258 603 1481 674 pitantia
1499 620 1676 671 mane,
1697 604 1882 661 vinum
1908 612 2089 659 autem
2113 604 2194 658 bis
2207 604 2386 659 datur.
2402 604 2625 659 Duobus
2647 606 2917 677 prioribus
2930 608 3141 675 diebus,
3159 609 3285 677 tria,
3313 609 3357 663 si
3378 609 3597 677 adsunt,

297 707 404 748 ova
423 695 693 751 adduntur
722 713 912 754 cinna}.

370 795 423 847 2.
460 792 515 847 Si
546 793 775 848 sitierint
803 804 925 866 post
952 798 1260 867 prandium,
1295 799 1477 855 vinum
1508 800 1718 865 bibunt,
1753 815 1862 855 non
1892 807 2073 855 tamen
2102 800 2156 857 in
2187 800 2410 857 alterius
2449 801 2605 858 cella.
2641 802 2754 858 Hoc
2797 803 2939 859 enim
2999 819 3343 876 nequaquam
3401 818 3600 860 conce-

295 885 463 955 ditur,
489 897 545 943 ut
578 890 803 962 quilibet
827 893 881 948 in
912 895 1199 965 cujuslibet
1231 897 1366 952 cella
1398 897 1694 969 quidquam
1726 897 1810 952 vel
1841 898 1987 951 bibat
2017 897 2102 953 vel
2124 897 2389 952 comedat.
2423 900 2466 952 A
2497 898 2777 955 laboribus
2808 909 3019 968 vacant,
3051 901 3319 961 ad.lectos
3347 902 3597 967 redeunt,

295 1000 327 1039 a
354 995 479 1056 post
508 990 796 1058 prandium
825 1009 997 1065 usque
1027 995 1095 1049 ad
1124 1012 1380 1067 vesperas
1416 995 1745 1067 colloquium
1786 996 1853 1050 de
1883 995 2040 1050 bonis
2070 994 2289 1049 faciunt.
2354 993 2459 1063 Qui
2505 1012 2637 1053 vero
2689 1014 2797 1055 non
2853 999 3112 1054 minuitur
3140 999 3391 1055 eamdem
3434 1013 3599 1071 quam

294 1083 485 1139 minuti
513 1087 860 1158 compellitur
888 1092 1139 1163 accipere
1170 1092 1549 1150 refectionem.

1671 1160 2068 1215 CAPITULUM
2115 1158 2225 1214 LV.

1581 1259 1656 1312 De
1667 1258 1896 1313 silentio
1908 1256 1979 1311 ad
1998 1255 2325 1327 prandium.

370 1344 423 1395 1.
454 1341 712 1409 Edentes,
743 1342 1053 1417 ubicunque
1079 1346 1204 1413 sint,
1230 1347 1503 1404 silentium
1535 1360 1755 1419 tenent;
1788 1352 1934 1424 quod
1965 1352 2089 1406 licet
2146 1358 2197 1405 et
2238 1348 2406 1419 prius,
2466 1354 2649 1401 tamen
2676 1353 2800 1416 post
2837 1344 3143 1415 exemplum
3199 1343 3597 1399 reverendissi-

292 1451 509 1492 morum
537 1453 602 1495 ac
630 1440 746 1494 Deo
777 1441 1102 1497 dilectarum
1135 1444 1574 1502 Cisterciensium
1603 1449 1701 1520 [αι.
1737 1450 1852 1504 Deo
1881 1447 2359 1505 dilectissimorum
2404 1441 2825 1513 Cistellensium]
2882 1440 3300 1509 monachorum,
3359 1456 3495 1529 quos
3545 1450 3600 1498 et

295 1534 569 1607 religione
602 1545 653 1592 et
684 1554 913 1594 numero
944 1540 997 1594 in
1028 1540 1183 1596 brevi
1212 1542 1440 1598 multum
1471 1546 1711 1602 crevisse
1724 1547 2049 1619 gaudemus,
2107 1542 2400 1615 perfectius
2456 1539 2811 1597 custodimus.
2864 1539 3105 1609 Ipsorum
3138 1537 3281 1594 enim
3309 1537 3429 1594 laici
3485 1538 3600 1594 sive

295 1634 549 1691 monachi
576 1649 686 1689 non
714 1634 1010 1706 loquuntur
1040 1637 1093 1690 in
1123 1638 1379 1707 prandio.

369 1737 423 1790 2.
478 1732 664 1789 Nostri
721 1731 905 1799 etiam,
962 1732 1016 1787 in
1064 1749 1385 1806 quacunque
1429 1732 1739 1790 obedientia
1816 1731 2111 1800 constituti,
2174 1745 2298 1787 cum
2353 1730 2575 1788 alterius
2608 1728 2932 1786 obedientize
2978 1728 3236 1786 fratribus
3288 1730 3437 1803 loqui
3493 1748 3601 1788 non

298 1829 519 1885 habent.

1651 1899 2046 1955 CAPITULUM
2076 1899 2211 1954 LVI.

1460 1994 1600 2061 Quid
1644 2003 1920 2066 agendum
1938 1997 2016 2051 sit
2047 1996 2111 2049 in
2140 1994 2431 2066 periculis.

374 2087 431 2141 Si
459 2085 655 2142 alicubi
682 2084 769 2142 vel
798 2084 975 2141 morbi
1030 2085 1319 2157 subitanei,
1373 2089 1462 2147 vel
1492 2090 1652 2162 ignis,
1690 2092 1774 2148 vel
1805 2092 2033 2162 alicujus
2070 2091 2191 2147 talis
2236 2089 2461 2162 periculi
2506 2088 2806 2145 necessitas
2859 2088 3142 2162 ingruerit,
3201 2088 3376 2146 soluto
3433 2090 3599 2147 silen-

299 2184 397 2254 tio,
430 2183 520 2255 qui
537 2182 684 2255 prius
696 2190 875 2255 potest
896 2183 1181 2239 succurrit.

1687 2259 2083 2316 CAPITULUM
2113 2259 2271 2316 LVII.

1288 2356 1363 2411 De
1393 2358 1602 2413 vestitu
1631 2360 1888 2428 fratrum
1927 2363 1983 2414 et
2023 2358 2366 2415 utensilibus
2411 2358 2587 2413 cellar.

372 2450 423 2502 1.
482 2444 566 2501 Ad
613 2444 866 2502 vestitum
914 2444 1115 2502 habent
1153 2450 1367 2506 tunicas
1424 2459 1556 2522 tres,
1610 2452 1913 2524 caligarum
1965 2455 2119 2525 paria
2174 2454 2289 2521 tria,
2349 2452 2623 2525 pedulium
2694 2452 2831 2518 duo,
2893 2449 3162 2506 solutares
3198 2456 3492 2505 nocturnos
3549 2458 3600 2506 et

1676 2576 2249 2633 COMMENTARIUS.

298 2661 451 2718 simae
479 2663 809 2721 ministretur
839 2666 1097 2724 fratribus
1133 2668 1267 2724 feria
1303 2671 1547 2727 secunda
1587 2672 1642 2728 in
1672 2674 1900 2744 prandio
1920 2679 1976 2738 Α
2004 2690 2130 2729 nem
2151 2689 2215 2727 ex
2230 2673 2379 2741 justa
2407 2682 2571 2724 causa
2610 2664 2759 2730 abiit,
2780 2671 2833 2719 et
2863 2669 3007 2718 esset
3044 2661 3246 2733 aliquid
3295 2659 3594 2733 singulare,

295 2750 599 2821 placentula
651 2755 857 2810 triticea
892 2800 905 2822 ,
966 2757 1184 2813 modico
1239 2762 1360 2814 oleo
1421 2768 1473 2814 et
1524 2761 1637 2816 sale
1714 2764 1895 2830 mista,

296 2841 367 2894 de
397 2857 500 2912 qua
548 2844 836 2899 comedere
877 2853 1106 2916 possunt
1147 2862 1248 2917 per
1277 2854 1442 2902 totam
1478 2849 1897 2918 hebdomadam,

297 2944 428 2982 nam
457 2928 602 2984 illam
625 2932 768 3002 apud
792 2948 851 2987 se
882 2942 1103 2989 servant
1153 2936 1293 2991 sicut
1321 2943 1374 2991 et
1408 2953 1625 3007 panem.
1658 2940 1741 2993 Ex
1783 2939 1899 2994 istis

294 3016 449 3071 tortis
478 3017 683 3089 pluries
725 3021 1084 3077 comedimus.

370 3105 518 3161 Idem
548 3107 774 3163 relatum
804 3110 975 3166 habes
1006 3111 1062 3165 in
1089 3112 1325 3185 antiquis
1369 3115 1600 3183 statutis,
1632 3124 1772 3186 part.
1814 3131 1895 3182 ιιι,

297 3208 422 3265 cap.
452 3198 541 3262 20,
573 3212 721 3252 num.
759 3201 845 3255 l2.

372 3282 503 3338 Car.
529 3284 738 3341 LIV.——
766 3286 932 3342 Num.
969 3291 1020 3342 1.
1049 3288 1259 3355 Quater
1284 3291 1349 3345 in
1377 3308 1552 3357 anno,
1594 3299 1697 3347 etc.
1723 3292 1899 3360 Quin-

296 3371 452 3441 quies
497 3373 877 3429 minuebantur
916 3378 1190 3444 monachi,
1250 3379 1500 3435 conversi
1535 3387 1730 3452 quater
1779 3388 1899 3434 tan-

294 3466 430 3528 tum,
465 3476 532 3516 ea
563 3460 791 3517 forsitan
838 3464 1064 3532 ratione,
1105 3465 1232 3537 quia
1261 3483 1361 3537 per
1407 3467 1650 3523 laborem
1694 3468 1901 3525 violen-

296 3556 408 3602 tum
427 3564 485 3604 se
516 3549 726 3607 facilius
775 3553 845 3607 ab
884 3554 1203 3609 humoribus
1242 3556 1532 3626 superﬂuis
1574 3558 1896 3613 vacuabant.

296 3636 398 3692 Hic
427 3654 555 3693 vero
587 3640 964 3711 exprimuntur
993 3642 1234 3698 subsidia
1264 3645 1566 3715 corporalia
1596 3653 1649 3700 et
1686 3661 1903 3702 recrea-

295 3723 490 3796 tiones,
527 3744 649 3799 quas
694 3729 802 3784 illis
850 3731 1303 3799 concedebantur,
1354 3732 1433 3788 eis
1470 3750 1580 3789 non
1621 3734 1900 3791 absimiles

298 3830 431 3884 quas
452 3818 739 3873 monachis
769 3834 1063 3875 concessas
1092 3820 1259 3877 fuisse
1283 3822 1537 3889 vidimus,
1581 3839 1701 3895 cap.
1737 3826 1825 3878 39.

366 3903 530 3959 Num.
562 3909 616 3962 2.
676 3907 780 3973 Qui
803 3925 930 3965 vero
962 3926 1078 3965 non
1117 3912 1407 3967 minuitur
1445 3913 1699 3969 eamdem
1735 3929 1903 3985 quam

295 3991 509 4047 minuti
525 3996 907 4066 compellitur,
934 4004 1037 4093 etc.
1062 3997 1144 4052 Ex
1164 3998 1268 4053 hoc
1288 3999 1410 4054 loco
1440 3999 1723 4056 evidenter
1741 4018 1899 4073 appa-
1918 4032 1970 4093 B

298 4088 379 4134 ret
436 4089 693 4151 quantum
726 4099 883 4138 mens
940 4084 1238 4155 primorum
1282 4087 1521 4153 Patrum,
1580 4097 1633 4143 et
1677 4090 1897 4160 spiritus

296 4166 527 4223 instituti
553 4170 723 4226 nostri
769 4171 933 4227 distet
987 4188 1021 4227 a
1069 4174 1394 4245 scrupulosa
1422 4184 1476 4232 et
1504 4176 1775 4233 obstinata
1804 4194 1901 4233 au-

296 4257 601 4312 steritatum
669 4260 1041 4331 corporalium
1113 4262 1577 4335 interpretatione,
1621 4281 1655 4320 a
1711 4267 1900 4337 spiritu

295 4346 614 4414 coactionis,
648 4354 702 4402 et
732 4347 1140 4419 singularitatis,
1192 4359 1244 4406 et
1273 4368 1303 4407 e
1331 4360 1523 4407 contra
1571 4352 1700 4409 velit
1732 4369 1765 4408 a
1793 4370 1898 4410 no-

294 4432 379 4487 bis
402 4434 688 4491 observari
723 4436 864 4506 piam
897 4444 949 4492 et
985 4437 1279 4494 discretam
1310 4440 1532 4511 spiritus
1574 4441 1895 4511 libertatem,

294 4521 461 4577 animi
488 4522 895 4589 ﬂexibilitatem,
930 4532 983 4580 et
1004 4526 1458 4599 singularitatum,
1512 4528 1674 4584 etiam
1703 4530 1759 4584 in
1807 4546 1898 4585 re-

294 4610 398 4664 bus
429 4610 606 4678 bonis,
654 4612 1097 4669 eliminationem.
1146 4616 1288 4671 Ecce
1333 4616 1477 4671 enim
1506 4618 1595 4674 hic
1652 4618 1899 4673 videmus

294 4697 521 4754 fratrem
549 4715 874 4756 conversum
924 4702 1068 4757 bene
1124 4704 1398 4759 valentem
1445 4722 1555 4761 non
1606 4707 1895 4773 minutum,

294 4802 397 4842 nec
417 4787 541 4842 ideo
571 4788 687 4843 istis
714 4790 968 4845 subsidiis
999 4799 1053 4847 et
1072 4792 1499 4848 recreationibus
1538 4793 1894 4866 indigentem.

295 4877 363 4930 At
393 4875 743 4951 nihilominus
773 4878 902 4933 boni
944 4879 1134 4935 Patres
1168 4880 1373 4947 volunt,
1422 4882 1531 4937 imo
1575 4883 1621 4937 si
1665 4891 1895 4953 recuset,

294 4964 630 5035 compellunt
659 4965 811 5021 illum
832 4968 903 5023 ad
923 4968 1181 5023 utendum
1212 4969 1409 5025 iisdem
1454 4970 1733 5027 beneficiis
1780 4972 1899 5043 qui-

292 5051 395 5106 bus
414 5052 503 5107 alii
534 5060 775 5109 utuntur.
806 5055 984 5124 Quare
1014 5058 1116 5112 hoc
1137 5058 1165 5112 Ἰ
1185 5058 1289 5113 nisi
1319 5067 1377 5113 ut
1421 5059 1656 5115 doceant
1690 5076 1808 5128 nos,
1842 5068 1900 5115 ut

293 5140 560 5208 diximus,
610 5143 842 5214 qualiter
910 5145 1126 5216 priores
1185 5146 1570 5202 Carthusianos
1628 5149 1900 5203 solitarios

293 5228 530 5301 dirigere
576 5230 839 5297 debeant,
872 5240 925 5287 et
973 5233 1209 5303 qualiter
1250 5236 1501 5292 monachi
1560 5236 1900 5291 Carthusiani

294 5316 477 5372 sinere
508 5318 743 5374 debeant
781 5336 840 5375 se
868 5337 898 5374 a
950 5322 1319 5393 superioribus
1366 5323 1527 5394 dirigi
1555 5324 1583 5377 Ἰ
1610 5325 1741 5379 Inde
1790 5339 1898 5379 non

2003 2761 2147 2833 quod
2176 2777 2277 2816 nec
2309 2759 2379 2814 ab
2418 2756 2539 2812 aliis
2578 2761 2825 2810 servatur
2878 2767 2980 2806 nec
3018 2750 3225 2805 servari
3280 2756 3484 2819 posset,
3519 2749 3596 2804 sic

2000 2850 2144 2907 enim
2159 2851 2310 2919 juxta
2340 2847 2426 2901 hic
2456 2858 2714 2914 expressa
2744 2839 3142 2910 compelluntur
3171 2838 3419 2894 eamdem
3437 2854 3599 2909 quam

2000 2939 2091 2993 alii
2148 2938 2394 3008 accipere
2422 2932 2812 2988 .refectionem.
2868 2928 3046 2983 Credo
3077 2928 3238 2982 etiam
3288 2928 3345 2982 S.
3382 2928 3595 2982 Patrem

2000 3029 2328 3091 Brunonem,
2366 3024 2541 3079 virum
2579 3035 2733 3091 aeque
2790 3016 3075 3072 sanctitate
3106 3031 3169 3071 ac
3224 3015 3512 3086 prudentia
3544 3023 3597 3070 et

1999 3115 2245 3170 doctrina
2261 3111 2562 3183 praeditum,
2599 3109 2742 3161 hunc
2772 3106 3019 3177 spiritum
3049 3112 3101 3159 et
3129 3103 3327 3175 agendi
3373 3104 3596 3159 modum

2001 3201 2411 3258 successoribus
2427 3198 2541 3253 suis
2584 3196 2886 3249 insinuasse
2917 3195 3020 3248 hac
3049 3192 3284 3247 maxime
3312 3191 3381 3246 de
3410 3207 3594 3259 causa,

2002 3291 2129 3363 quia
2175 3289 2378 3345 sciebat
2452 3284 2697 3356 spiritum
2741 3290 2942 3337 sanctas
3014 3279 3275 3335 libertatis
3345 3280 3597 3335 solitariis

2000 3379 2142 3434 bene
2169 3375 2473 3449 dirigendis
2494 3388 2616 3429 esse
2631 3369 3006 3427 necessarium
3034 3377 3093 3423 ut
3130 3369 3185 3423 in
3228 3368 3515 3439 scrupulos
3545 3376 3597 3423 et

2002 3466 2169 3522 animi
2219 3464 2518 3519 anxietates
2548 3477 2659 3517 non
2713 3458 2983 3523 decidant,
3026 3458 3095 3511 ab
3142 3456 3502 3511 obstinatione
3538 3455 3596 3509 in

2002 3571 2101 3610 suo
2132 3570 2299 3609 sensu
2326 3558 2627 3615 servantur,
2659 3548 2796 3603 etab
2823 3546 2908 3600 his
2956 3545 3134 3609 rebus,
3169 3560 3290 3615 qua:
3328 3544 3593 3600 occultam

2001 3640 2449 3714 complacentiam
2496 3653 2716 3693 movere
2742 3642 2836 3691 aut
2868 3633 3076 3689 nutrire
3112 3639 3359 3703 possunt,
3412 3647 3594 3688 remo-

2003 3740 2249 3788 veantur.

2073 3821 2203 3875 CAP.
2229 3818 2338 3873 LV.
2367 3816 2599 3870 —Num.
2634 3817 2685 3868 1.
2708 3813 3015 3869 Edentes...
3038 3811 3339 3865 silentium
3375 3813 3594 3865 tenent.

2001 3910 2145 3965 Ecce
2176 3906 2353 3978 qualis
2381 3913 2464 3961 est
2492 3906 2578 3959 lex
2609 3901 2807 3957 silentii
2838 3900 2905 3954 ab
2928 3900 3007 3955 eis
3029 3898 3285 3955 servandi
3315 3898 3591 3964 inmensa,

2001 3998 2099 4053 sed
2127 3997 2182 4050 id
2213 4012 2322 4051 non
2349 4002 2553 4065 spectat
2582 3993 2649 4047 ad
2680 3991 2787 4046 alia
2828 3997 3077 4060 tempora
3108 3995 3161 4044 et
3208 3988 3481 4055 exercitia,
3541 3988 3597 4042 in

2001 4086 2198 4158 quibus
2228 4084 2443 4139 silentio
2492 4082 2613 4138 illos
2668 4096 2777 4135 non
2827 4078 2909 4134 sic
2964 4078 3190 4150 astringi
3245 4077 3596 4149 perspicuum

2000 4183 2101 4230 est.

2070 4262 2205 4317 Ibid.
2246 4259 2398 4331 Quod
2420 4261 2552 4317 licet
2581 4262 2637 4314 et
2658 4259 2837 4329 prius,
2867 4260 3061 4312 tamen
3091 4259 3218 4327 post
3242 4256 3589 4327 exemplum,

1999 4359 2103 4406 etc.
2136 4352 2251 4406 Hoc
2280 4349 2529 4419 exemplo
2556 4346 2669 4405 vult
2698 4345 2925 4401 incitare
2955 4344 3154 4398 fratres
3198 4358 3491 4399 conversos
3522 4342 3595 4398 ad

1999 4439 2238 4495 strictius
2267 4438 2593 4494 servandum
2624 4434 2771 4507 quod
2793 4434 2909 4503 jam
2938 4433 3008 4488 ab
3025 4432 3158 4504 ipsis
3185 4449 3251 4488 ex
3267 4432 3478 4488 ordinis
3506 4431 3595 4487 in-

1999 4528 2183 4583 stituto
2215 4527 2533 4583 servabatur

2068 4618 2233 4671 Num.
2264 4620 2325 4673 2.
2368 4615 2556 4671 Nostri
2585 4614 2759 4669 etiam
2784 4612 2849 4667 in
2888 4627 3217 4683 quacunque
3273 4610 3593 4668 obedientia

1999 4705 2323 4769 constituti,
2356 4720 2485 4760 cum
2515 4703 2754 4758 alterius
2784 4701 3111 4757 obedientiae
3142 4700 3441 4770 fratribus,
3477 4707 3587 4755 etc.

2001 4794 2109 4849 Sed
2140 4794 2281 4847 inter
2309 4809 2368 4847 se
2398 4793 2525 4847 dum
2557 4790 2717 4845 simul
2744 4790 2995 4844 laborant
3024 4788 3079 4842 in
3108 4789 3298 4843 eadem
3336 4787 3595 4843 obedien-

1997 4882 2074 4938 tia
2102 4880 2251 4952 loqui
2282 4887 2530 4951 possunt,
2561 4887 2621 4933 ut
2651 4894 2718 4934 ex
2760 4877 3009 4949 capitulis
3067 4877 3132 4930 44
3162 4884 3215 4931 et
3247 4877 3331 4945 45,
3366 4884 3419 4932 et
3473 4875 3593 4931 aliis

1999 4971 2134 5026 locis
2173 4969 2397 5023 evidens
2453 4975 2560 5023 est.

2074 5057 2223 5111 Idem
2255 5056 2487 5111 refertur
2516 5056 2571 5110 in
2607 5055 2820 5111 statutis
2851 5053 3108 5125 antiquis.
3163 5061 3303 5124 part.
3335 5069 3416 5121 ιιι,
3467 5069 3589 5126 cap.

2001 5150 2053 5212 3,
2088 5162 2239 5199 num.
2275 5150 2305 5198 8
2337 5152 2390 5199 et
2417 5148 2470 5199 3.

2073 5234 2203 5288 CAP.
2238 5234 2372 5289 LVI.
2405 5263 2474 5272 —
2506 5232 2655 5288 Idem
2698 5232 2933 5286 refertur
2977 5230 3032 5283 in
3090 5230 3325 5303 antiquis
3354 5232 3591 5296 statutis,

2001 5337 2061 5376 ιιι
2092 5329 2257 5392 part.,
2290 5337 2409 5391 cap.
2444 5326 2532 5387 22,
2556 5335 2704 5375 num.
2738 5324 2788 5374 1.

291 5412 376 5459 est
406 5404 708 5461 mirandum
739 5409 784 5461 si
814 5385 1108 5479 prudentes
1139 5411 1445 5481 superiores
1472 5385 1618 5466 nunc
1648 5412 1895 5483 aliquan-
1920 5385 1965 5445 Ο
2069 5385 2198 5464 CAP.
2424 5441 2492 5449 —
2520 5385 2683 5464 Num.
2732 5412 2791 5463 3.
2831 5408 2896 5462 In
2924 5408 3201 5479 superiori
3240 5408 3590 5473 dormitorio,

293 5492 367 5547 do
386 5502 590 5564 negent
619 5496 943 5567 quibusdam
987 5498 1273 5554 monachis
1315 5499 1593 5555 licentiam
1641 5500 1894 5555 servandi
1996 5507 2100 5555 etc.
2135 5498 2313 5554 Cellas
2344 5498 2591 5571 singulas
2622 5496 2909 5551 distinctas
2936 5496 3194 5550 habuisse
3241 5503 3367 5550 tunc
3396 5494 3597 5551 fratres

292 5580 678 5637 abstinentiam
708 5584 761 5638 in
781 5600 924 5655 pane
952 5594 1000 5640 et
1033 5602 1192 5657 aqua,
1232 5586 1358 5657 quia
1388 5586 1441 5640 id
1472 5586 1529 5641 in
1559 5587 1892 5644 dissuetudi-
1993 5602 2289 5645 conversos
2320 5603 2385 5642 ex
2415 5586 2534 5657 ipso
2566 5585 2719 5641 titulo
2748 5584 2935 5655 liquet.
2970 5586 3039 5639 At
3068 5581 3415 5639 nihilominus
3472 5584 3596 5641 dor-
