  <div class='ocr_page' id='page_1' title='image "/cluster/home/n/w/nwhite01/storage/ocr_20150623/153/hvd.32044054760111/375.png"; bbox 0 0 3944 6062; ppageno 0'>
   <div class='ocr_carea' id='block_1_1' title="bbox 426 142 2015 221">
    <p class='ocr_par' dir='ltr' id='par_1_1' title="bbox 426 142 2015 200">
     <span class='ocr_line' id='line_1_1' title="bbox 426 142 2015 200; baseline 0.001 -4"><span class='ocrx_word' id='word_1_1' title='bbox 426 142 528 196; x_wconf 88' lang='grc'>’739</span> <span class='ocrx_word' id='word_1_2' title='bbox 1268 143 1609 200; x_wconf 91' lang='lat' dir='ltr'>GUIGONIS</span> <span class='ocrx_word' id='word_1_3' title='bbox 1651 146 1672 199; x_wconf 90' lang='grc' dir='ltr'>Ι</span> <span class='ocrx_word' id='word_1_4' title='bbox 1709 142 2015 200; x_wconf 81' lang='lat' dir='ltr'>CARTHUE</span> 
     </span>
    </p>
   </div>
   <div class='ocr_carea' id='block_1_2' title="bbox 2124 142 3742 221">
    <p class='ocr_par' dir='ltr' id='par_1_2' title="bbox 2158 142 3742 221">
     <span class='ocr_line' id='line_1_2' title="bbox 2158 142 3742 221; baseline -0.001 -23"><span class='ocrx_word' id='word_1_5' title='bbox 2158 142 2463 221; x_wconf 33' lang='lat' dir='ltr'>.MAJORIS</span> <span class='ocrx_word' id='word_1_6' title='bbox 2504 143 2781 200; x_wconf 86' lang='lat' dir='ltr'>PRIORIS</span> <span class='ocrx_word' id='word_1_7' title='bbox 2821 145 2885 200; x_wconf 85' lang='lat' dir='ltr'>V.</span> <span class='ocrx_word' id='word_1_8' title='bbox 3624 145 3742 200; x_wconf 77' lang='grc'>740</span> 
     </span>
    </p>
   </div>
   <div class='ocr_carea' id='block_1_3' title="bbox 420 264 3731 342">
    <p class='ocr_par' dir='ltr' id='par_1_3' title="bbox 420 264 3731 342">
     <span class='ocr_line' id='line_1_3' title="bbox 420 264 3731 342; baseline -0.003 -14"><span class='ocrx_word' id='word_1_9' title='bbox 420 273 664 340; x_wconf 89' lang='lat' dir='ltr'>diurnos,</span> <span class='ocrx_word' id='word_1_10' title='bbox 697 269 985 342; x_wconf 91' lang='lat' dir='ltr'>pelliciam,</span> <span class='ocrx_word' id='word_1_11' title='bbox 1044 268 1235 341; x_wconf 87' lang='lat' dir='ltr'>pelles,</span> <span class='ocrx_word' id='word_1_12' title='bbox 1285 268 1622 335; x_wconf 84' lang='lat' dir='ltr'>mantellum,</span> <span class='ocrx_word' id='word_1_13' title='bbox 1680 268 1977 340; x_wconf 88' lang='lat' dir='ltr'>caputium,</span> <span class='ocrx_word' id='word_1_14' title='bbox 2036 266 2265 323; x_wconf 88' lang='lat' dir='ltr'>mitanas</span> <span class='ocrx_word' id='word_1_15' title='bbox 2322 266 2420 339; x_wconf 83' lang='grc' dir='ltr'>[αι.</span> <span class='ocrx_word' id='word_1_16' title='bbox 2480 268 2765 341; x_wconf 89' lang='lat' dir='ltr'>mitaneas]</span> <span class='ocrx_word' id='word_1_17' title='bbox 2823 268 3007 322; x_wconf 88' lang='lat' dir='ltr'>laneas</span> <span class='ocrx_word' id='word_1_18' title='bbox 3060 265 3216 334; x_wconf 89' lang='lat' dir='ltr'>duas,</span> <span class='ocrx_word' id='word_1_19' title='bbox 3248 264 3544 337; x_wconf 17' lang='lat' dir='ltr'>‘lumbaria</span> <span class='ocrx_word' id='word_1_20' title='bbox 3586 265 3731 332; x_wconf 87' lang='lat' dir='ltr'>duo,</span> 
     </span>
    </p>
   </div>
   <div class='ocr_carea' id='block_1_4' title="bbox 419 366 2023 443">
    <p class='ocr_par' dir='ltr' id='par_1_4' title="bbox 419 366 2023 443">
     <span class='ocr_line' id='line_1_4' title="bbox 419 366 2023 443; baseline -0.002 -17"><span class='ocrx_word' id='word_1_21' title='bbox 419 371 639 443; x_wconf 88' lang='lat' dir='ltr'>cingula</span> <span class='ocrx_word' id='word_1_22' title='bbox 668 370 794 435; x_wconf 91' lang='lat' dir='ltr'>duo,</span> <span class='ocrx_word' id='word_1_23' title='bbox 833 368 1104 423; x_wconf 90' lang='lat' dir='ltr'>sotulares</span> <span class='ocrx_word' id='word_1_24' title='bbox 1137 384 1325 423; x_wconf 89' lang='lat' dir='ltr'>eorum</span> <span class='ocrx_word' id='word_1_25' title='bbox 1354 367 1423 422; x_wconf 93' lang='lat' dir='ltr'>de</span> <span class='ocrx_word' id='word_1_26' title='bbox 1454 368 1651 423; x_wconf 88' lang='lat' dir='ltr'>bovina</span> <span class='ocrx_word' id='word_1_27' title='bbox 1679 367 1822 438; x_wconf 88' lang='lat' dir='ltr'>pelle</span> <span class='ocrx_word' id='word_1_28' title='bbox 1866 366 2023 422; x_wconf 86' lang='lat' dir='ltr'>ﬁunt.</span> 
     </span>
    </p>
   </div>
   <div class='ocr_carea' id='block_1_5' title="bbox 490 461 3736 537">
    <p class='ocr_par' dir='ltr' id='par_1_5' title="bbox 490 461 3736 537">
     <span class='ocr_line' id='line_1_5' title="bbox 490 461 3736 537; baseline -0.002 -12"><span class='ocrx_word' id='word_1_29' title='bbox 490 473 543 526; x_wconf 75' lang='grc'><strong>2.</strong></span> <span class='ocrx_word' id='word_1_30' title='bbox 603 470 649 522; x_wconf 83' lang='grc' dir='ltr'><strong>Α</strong></span> <span class='ocrx_word' id='word_1_31' title='bbox 710 466 968 521; x_wconf 86' lang='lat' dir='ltr'>Kalendis</span> <span class='ocrx_word' id='word_1_32' title='bbox 1015 465 1343 521; x_wconf 87' lang='lat' dir='ltr'>Novembris</span> <span class='ocrx_word' id='word_1_33' title='bbox 1399 481 1563 520; x_wconf 89' lang='lat' dir='ltr'>unam</span> <span class='ocrx_word' id='word_1_34' title='bbox 1621 464 1859 521; x_wconf 83' lang='lat' dir='ltr'>tunicam</span> <span class='ocrx_word' id='word_1_35' title='bbox 1910 474 2151 521; x_wconf 77' lang='lat' dir='ltr'>veterem</span> <span class='ocrx_word' id='word_1_36' title='bbox 2208 466 2478 536; x_wconf 87' lang='lat' dir='ltr'>reddunt,</span> <span class='ocrx_word' id='word_1_37' title='bbox 2538 481 2814 537; x_wconf 89' lang='lat' dir='ltr'>unamque</span> <span class='ocrx_word' id='word_1_38' title='bbox 2868 478 3068 520; x_wconf 91' lang='lat' dir='ltr'>novam</span> <span class='ocrx_word' id='word_1_39' title='bbox 3126 461 3398 533; x_wconf 86' lang='lat' dir='ltr'>accipiunt</span> <span class='ocrx_word' id='word_1_40' title='bbox 3432 477 3446 517; x_wconf 91' lang='lat'><strong>:</strong></span> <span class='ocrx_word' id='word_1_41' title='bbox 3480 462 3736 517; x_wconf 77' lang='lat' dir='ltr'>similiter</span> 
     </span>
    </p>
   </div>
   <div class='ocr_carea' id='block_1_6' title="bbox 422 559 3734 638">
    <p class='ocr_par' dir='ltr' id='par_1_6' title="bbox 422 559 3734 638">
     <span class='ocr_line' id='line_1_6' title="bbox 422 559 3734 638; baseline -0.003 -17"><span class='ocrx_word' id='word_1_42' title='bbox 422 582 524 638; x_wconf 89' lang='lat' dir='ltr'>par</span> <span class='ocrx_word' id='word_1_43' title='bbox 552 566 853 637; x_wconf 89' lang='lat' dir='ltr'>caligarum</span> <span class='ocrx_word' id='word_1_44' title='bbox 884 565 1153 632; x_wconf 89' lang='lat' dir='ltr'>reddunt,</span> <span class='ocrx_word' id='word_1_45' title='bbox 1190 572 1243 620; x_wconf 91' lang='lat' dir='ltr'>et</span> <span class='ocrx_word' id='word_1_46' title='bbox 1268 580 1369 636; x_wconf 91' lang='lat' dir='ltr'>par</span> <span class='ocrx_word' id='word_1_47' title='bbox 1398 564 1701 637; x_wconf 86' lang='lat' dir='ltr'>caligarum</span> <span class='ocrx_word' id='word_1_48' title='bbox 1730 580 1936 636; x_wconf 87' lang='lat' dir='ltr'>parque</span> <span class='ocrx_word' id='word_1_49' title='bbox 1978 565 2257 635; x_wconf 90' lang='lat' dir='ltr'>pedulium</span> <span class='ocrx_word' id='word_1_50' title='bbox 2302 570 2542 619; x_wconf 87' lang='lat' dir='ltr'>sumunt.</span> <span class='ocrx_word' id='word_1_51' title='bbox 2582 562 2759 618; x_wconf 84' lang='lat' dir='ltr'>Pelles</span> <span class='ocrx_word' id='word_1_52' title='bbox 2802 569 2855 617; x_wconf 91' lang='lat' dir='ltr'>et</span> <span class='ocrx_word' id='word_1_53' title='bbox 2898 560 3141 633; x_wconf 89' lang='lat' dir='ltr'>pellicias</span> <span class='ocrx_word' id='word_1_54' title='bbox 3190 559 3459 630; x_wconf 88' lang='lat' dir='ltr'>accipiunt</span> <span class='ocrx_word' id='word_1_55' title='bbox 3489 567 3734 629; x_wconf 82' lang='lat' dir='ltr'>veteres,</span> 
     </span>
    </p>
   </div>
   <div class='ocr_carea' id='block_1_7' title="bbox 422 654 3735 732">
    <p class='ocr_par' dir='ltr' id='par_1_7' title="bbox 422 654 3735 732">
     <span class='ocr_line' id='line_1_7' title="bbox 422 654 3735 732; baseline -0.002 -14"><span class='ocrx_word' id='word_1_56' title='bbox 422 677 518 718; x_wconf 86' lang='lat' dir='ltr'>eas</span> <span class='ocrx_word' id='word_1_57' title='bbox 548 661 801 717; x_wconf 87' lang='lat' dir='ltr'>videlicet</span> <span class='ocrx_word' id='word_1_58' title='bbox 830 676 966 732; x_wconf 90' lang='lat' dir='ltr'>quas</span> <span class='ocrx_word' id='word_1_59' title='bbox 996 660 1224 716; x_wconf 88' lang='lat' dir='ltr'>reddunt</span> <span class='ocrx_word' id='word_1_60' title='bbox 1254 660 1508 716; x_wconf 83' lang='lat' dir='ltr'>monachi</span> <span class='ocrx_word' id='word_1_61' title='bbox 1533 703 1545 727; x_wconf 95' lang='lat'>,</span> <span class='ocrx_word' id='word_1_62' title='bbox 1579 660 1711 716; x_wconf 71' lang='lat' dir='ltr'>cum“</span> <span class='ocrx_word' id='word_1_63' title='bbox 1731 677 1902 717; x_wconf 89' lang='lat' dir='ltr'>novas</span> <span class='ocrx_word' id='word_1_64' title='bbox 1932 660 2222 732; x_wconf 85' lang='lat' dir='ltr'>accipiunt.</span> <span class='ocrx_word' id='word_1_65' title='bbox 2264 660 2479 716; x_wconf 87' lang='lat' dir='ltr'>Habent</span> <span class='ocrx_word' id='word_1_66' title='bbox 2507 660 2686 716; x_wconf 86' lang='lat' dir='ltr'>adhuc</span> <span class='ocrx_word' id='word_1_67' title='bbox 2713 658 2782 715; x_wconf 91' lang='lat' dir='ltr'>ad</span> <span class='ocrx_word' id='word_1_68' title='bbox 2819 658 3017 714; x_wconf 88' lang='lat' dir='ltr'>lectum</span> <span class='ocrx_word' id='word_1_69' title='bbox 3054 656 3291 728; x_wconf 84' lang='lat' dir='ltr'>paleam,</span> <span class='ocrx_word' id='word_1_70' title='bbox 3325 654 3545 725; x_wconf 87' lang='lat' dir='ltr'>ﬁltrum,</span> <span class='ocrx_word' id='word_1_71' title='bbox 3595 658 3735 729; x_wconf 84' lang='lat' dir='ltr'>pul-</span> 
     </span>
    </p>
   </div>
   <div class='ocr_carea' id='block_1_8' title="bbox 421 758 834 827">
    <p class='ocr_par' dir='ltr' id='par_1_8' title="bbox 421 758 834 827">
     <span class='ocr_line' id='line_1_8' title="bbox 421 758 834 827; baseline -0.007 -13"><span class='ocrx_word' id='word_1_72' title='bbox 421 758 597 827; x_wconf 87' lang='lat' dir='ltr'>vinar,</span> <span class='ocrx_word' id='word_1_73' title='bbox 630 766 834 814; x_wconf 90' lang='lat' dir='ltr'>cotum.</span> 
     </span>
    </p>
   </div>
   <div class='ocr_carea' id='block_1_9' title="bbox 497 850 3736 926">
    <p class='ocr_par' dir='ltr' id='par_1_9' title="bbox 497 850 3736 926">
     <span class='ocr_line' id='line_1_9' title="bbox 497 850 3736 926; baseline -0.001 -16"><span class='ocrx_word' id='word_1_74' title='bbox 497 859 550 910; x_wconf 89' lang='lat'>3.</span> <span class='ocrx_word' id='word_1_75' title='bbox 584 858 629 910; x_wconf 82' lang='lat' dir='ltr'><strong>A</strong></span> <span class='ocrx_word' id='word_1_76' title='bbox 658 855 864 911; x_wconf 84' lang='lat' dir='ltr'>Pascha</span> <span class='ocrx_word' id='word_1_77' title='bbox 892 869 1062 926; x_wconf 88' lang='lat' dir='ltr'>usque</span> <span class='ocrx_word' id='word_1_78' title='bbox 1090 852 1156 908; x_wconf 84' lang='lat' dir='ltr'>ad</span> <span class='ocrx_word' id='word_1_79' title='bbox 1197 852 1395 908; x_wconf 88' lang='lat' dir='ltr'>festum</span> <span class='ocrx_word' id='word_1_80' title='bbox 1454 852 1512 909; x_wconf 92' lang='lat' dir='ltr'>S.</span> <span class='ocrx_word' id='word_1_81' title='bbox 1571 853 1846 909; x_wconf 84' lang='lat' dir='ltr'>Michaelis</span> <span class='ocrx_word' id='word_1_82' title='bbox 1892 867 1926 906; x_wconf 90' lang='lat' dir='ltr'>a</span> <span class='ocrx_word' id='word_1_83' title='bbox 1982 852 2157 924; x_wconf 86' lang='lat' dir='ltr'>prima</span> <span class='ocrx_word' id='word_1_84' title='bbox 2212 868 2386 924; x_wconf 91' lang='lat' dir='ltr'>usque</span> <span class='ocrx_word' id='word_1_85' title='bbox 2439 851 2511 906; x_wconf 90' lang='lat' dir='ltr'>ad</span> <span class='ocrx_word' id='word_1_86' title='bbox 2574 850 2987 923; x_wconf 90' lang='lat' dir='ltr'>completorium</span> <span class='ocrx_word' id='word_1_87' title='bbox 3043 850 3323 907; x_wconf 83' lang='lat' dir='ltr'>nocturnis</span> <span class='ocrx_word' id='word_1_88' title='bbox 3389 851 3736 908; x_wconf 87' lang='lat' dir='ltr'>sotularibus</span> 
     </span>
    </p>
   </div>
   <div class='ocr_carea' id='block_1_10' title="bbox 420 947 3734 1022">
    <p class='ocr_par' dir='ltr' id='par_1_10' title="bbox 420 947 3734 1022">
     <span class='ocr_line' id='line_1_10' title="bbox 420 947 3734 1022; baseline -0.002 -13"><span class='ocrx_word' id='word_1_89' title='bbox 420 969 531 1009; x_wconf 94' lang='lat' dir='ltr'>non</span> <span class='ocrx_word' id='word_1_90' title='bbox 559 961 802 1008; x_wconf 90' lang='lat' dir='ltr'>utuntur.</span> <span class='ocrx_word' id='word_1_91' title='bbox 865 954 924 1006; x_wconf 89' lang='lat' dir='ltr'><strong>In</strong></span> <span class='ocrx_word' id='word_1_92' title='bbox 976 950 1242 1022; x_wconf 87' lang='lat' dir='ltr'>superiori</span> <span class='ocrx_word' id='word_1_93' title='bbox 1296 951 1458 1006; x_wconf 90' lang='lat' dir='ltr'>etiam</span> <span class='ocrx_word' id='word_1_94' title='bbox 1513 950 1834 1006; x_wconf 87' lang='lat' dir='ltr'>dormitorio</span> <span class='ocrx_word' id='word_1_95' title='bbox 1892 966 2210 1008; x_wconf 89' lang='lat' dir='ltr'>communes</span> <span class='ocrx_word' id='word_1_96' title='bbox 2268 949 2476 1017; x_wconf 87' lang='lat' dir='ltr'>lectos,</span> <span class='ocrx_word' id='word_1_97' title='bbox 2526 949 2773 1019; x_wconf 85' lang='lat' dir='ltr'>pellicias</span> <span class='ocrx_word' id='word_1_98' title='bbox 2799 991 2812 1015; x_wconf 92' lang='lat'>,</span> <span class='ocrx_word' id='word_1_99' title='bbox 2862 947 3239 1020; x_wconf 89' lang='lat' dir='ltr'>sotularesque</span> <span class='ocrx_word' id='word_1_100' title='bbox 3293 956 3589 1005; x_wconf 84' lang='lat' dir='ltr'>nocturnos</span> <span class='ocrx_word' id='word_1_101' title='bbox 3621 951 3734 1004; x_wconf 88' lang='lat' dir='ltr'>ha-</span> 
     </span>
    </p>
   </div>
   <div class='ocr_carea' id='block_1_11' title="bbox 422 1045 3737 1120">
    <p class='ocr_par' dir='ltr' id='par_1_11' title="bbox 422 1045 3737 1120">
     <span class='ocr_line' id='line_1_11' title="bbox 422 1045 3737 1120; baseline -0.001 -16"><span class='ocrx_word' id='word_1_102' title='bbox 422 1051 575 1106; x_wconf 87' lang='lat' dir='ltr'>bent.</span> <span class='ocrx_word' id='word_1_103' title='bbox 640 1050 701 1104; x_wconf 93' lang='lat' dir='ltr'><strong>In</strong></span> <span class='ocrx_word' id='word_1_104' title='bbox 755 1049 1008 1104; x_wconf 91' lang='lat' dir='ltr'>omnibus</span> <span class='ocrx_word' id='word_1_105' title='bbox 1065 1048 1373 1119; x_wconf 90' lang='lat' dir='ltr'>hujusmodi</span> <span class='ocrx_word' id='word_1_106' title='bbox 1427 1048 1571 1102; x_wconf 89' lang='lat' dir='ltr'>aliud</span> <span class='ocrx_word' id='word_1_107' title='bbox 1629 1048 1761 1102; x_wconf 88' lang='lat' dir='ltr'>nihil</span> <span class='ocrx_word' id='word_1_108' title='bbox 1817 1056 2057 1118; x_wconf 87' lang='lat' dir='ltr'>curatur,</span> <span class='ocrx_word' id='word_1_109' title='bbox 2125 1046 2229 1101; x_wconf 93' lang='lat' dir='ltr'>nisi</span> <span class='ocrx_word' id='word_1_110' title='bbox 2285 1055 2345 1101; x_wconf 85' lang='lat' dir='ltr'>ut</span> <span class='ocrx_word' id='word_1_111' title='bbox 2398 1046 2574 1119; x_wconf 79' lang='lat' dir='ltr'>frigus</span> <span class='ocrx_word' id='word_1_112' title='bbox 2610 1054 2863 1102; x_wconf 87' lang='lat' dir='ltr'>arceatur</span> <span class='ocrx_word' id='word_1_113' title='bbox 2919 1055 2972 1102; x_wconf 91' lang='lat' dir='ltr'>et</span> <span class='ocrx_word' id='word_1_114' title='bbox 3028 1045 3245 1102; x_wconf 89' lang='lat' dir='ltr'>nuditas</span> <span class='ocrx_word' id='word_1_115' title='bbox 3293 1053 3532 1120; x_wconf 80' lang='lat' dir='ltr'>tegatur.</span> <span class='ocrx_word' id='word_1_116' title='bbox 3580 1048 3737 1102; x_wconf 88' lang='lat' dir='ltr'>Nam</span> 
     </span>
    </p>
   </div>
   <div class='ocr_carea' id='block_1_12' title="bbox 422 1142 3736 1219">
    <p class='ocr_par' dir='ltr' id='par_1_12' title="bbox 422 1142 3736 1219">
     <span class='ocr_line' id='line_1_12' title="bbox 422 1142 3736 1219; baseline -0.001 -18"><span class='ocrx_word' id='word_1_117' title='bbox 422 1154 473 1201; x_wconf 87' lang='lat' dir='ltr'>et</span> <span class='ocrx_word' id='word_1_118' title='bbox 493 1147 755 1219; x_wconf 87' lang='lat' dir='ltr'>ligaturas</span> <span class='ocrx_word' id='word_1_119' title='bbox 786 1146 1101 1202; x_wconf 89' lang='lat' dir='ltr'>sotularium</span> <span class='ocrx_word' id='word_1_120' title='bbox 1132 1153 1185 1201; x_wconf 89' lang='lat' dir='ltr'>et</span> <span class='ocrx_word' id='word_1_121' title='bbox 1214 1162 1403 1201; x_wconf 90' lang='lat' dir='ltr'>renum</span> <span class='ocrx_word' id='word_1_122' title='bbox 1434 1144 1651 1217; x_wconf 84' lang='lat' dir='ltr'>cingula</span> <span class='ocrx_word' id='word_1_123' title='bbox 1681 1144 1749 1200; x_wconf 91' lang='lat' dir='ltr'>de</span> <span class='ocrx_word' id='word_1_124' title='bbox 1780 1145 1944 1200; x_wconf 90' lang='lat' dir='ltr'>cruda</span> <span class='ocrx_word' id='word_1_125' title='bbox 1973 1151 2172 1216; x_wconf 87' lang='lat' dir='ltr'>gerunt</span> <span class='ocrx_word' id='word_1_126' title='bbox 2193 1143 2397 1198; x_wconf 90' lang='lat' dir='ltr'>canabe</span> <span class='ocrx_word' id='word_1_127' title='bbox 2426 1142 2799 1214; x_wconf 87' lang='lat' dir='ltr'>lumbariaque</span> <span class='ocrx_word' id='word_1_128' title='bbox 2820 1143 2937 1214; x_wconf 87' lang='lat' dir='ltr'>ipsa</span> <span class='ocrx_word' id='word_1_129' title='bbox 2956 1144 3223 1199; x_wconf 88' lang='lat' dir='ltr'>canabina</span> <span class='ocrx_word' id='word_1_130' title='bbox 3252 1151 3395 1198; x_wconf 90' lang='lat' dir='ltr'>sunt.</span> <span class='ocrx_word' id='word_1_131' title='bbox 3429 1144 3584 1199; x_wconf 78' lang='lat' dir='ltr'>Adeo</span> <span class='ocrx_word' id='word_1_132' title='bbox 3614 1160 3736 1199; x_wconf 91' lang='lat' dir='ltr'>non</span> 
     </span>
    </p>
   </div>
   <div class='ocr_carea' id='block_1_13' title="bbox 422 1239 3222 1316">
    <p class='ocr_par' dir='ltr' id='par_1_13' title="bbox 422 1239 3222 1316">
     <span class='ocr_line' id='line_1_13' title="bbox 422 1239 3222 1316; baseline -0.001 -17"><span class='ocrx_word' id='word_1_133' title='bbox 422 1244 549 1316; x_wconf 89' lang='lat' dir='ltr'>quid</span> <span class='ocrx_word' id='word_1_134' title='bbox 578 1245 783 1300; x_wconf 87' lang='lat' dir='ltr'>vanitas</span> <span class='ocrx_word' id='word_1_135' title='bbox 810 1250 901 1298; x_wconf 91' lang='lat' dir='ltr'>aut</span> <span class='ocrx_word' id='word_1_136' title='bbox 931 1243 1198 1313; x_wconf 82' lang='lat' dir='ltr'>voluptas,</span> <span class='ocrx_word' id='word_1_137' title='bbox 1231 1243 1327 1297; x_wconf 93' lang='lat' dir='ltr'>sed</span> <span class='ocrx_word' id='word_1_138' title='bbox 1357 1243 1501 1314; x_wconf 89' lang='lat' dir='ltr'>quod</span> <span class='ocrx_word' id='word_1_139' title='bbox 1532 1241 1631 1314; x_wconf 91' lang='lat' dir='ltr'>[al.</span> <span class='ocrx_word' id='word_1_140' title='bbox 1666 1241 1840 1314; x_wconf 90' lang='lat' dir='ltr'>quid.]</span> <span class='ocrx_word' id='word_1_141' title='bbox 1862 1241 1980 1297; x_wconf 89' lang='lat' dir='ltr'>sola</span> <span class='ocrx_word' id='word_1_142' title='bbox 2006 1240 2305 1297; x_wconf 88' lang='lat' dir='ltr'>necessitas</span> <span class='ocrx_word' id='word_1_143' title='bbox 2334 1246 2421 1294; x_wconf 91' lang='lat' dir='ltr'>aut</span> <span class='ocrx_word' id='word_1_144' title='bbox 2447 1240 2647 1296; x_wconf 87' lang='lat' dir='ltr'>utilitas</span> <span class='ocrx_word' id='word_1_145' title='bbox 2675 1239 2912 1311; x_wconf 88' lang='lat' dir='ltr'>postulet</span> <span class='ocrx_word' id='word_1_146' title='bbox 2935 1240 3222 1312; x_wconf 83' lang='lat' dir='ltr'>cogitatur.</span> 
     </span>
    </p>
   </div>
   <div class='ocr_carea' id='block_1_14' title="bbox 497 1336 3730 1410">
    <p class='ocr_par' dir='ltr' id='par_1_14' title="bbox 497 1336 3730 1410">
     <span class='ocr_line' id='line_1_14' title="bbox 497 1336 3730 1410; baseline -0 -16"><span class='ocrx_word' id='word_1_147' title='bbox 497 1342 547 1395; x_wconf 72' lang='grc'><strong>4.</strong></span> <span class='ocrx_word' id='word_1_148' title='bbox 573 1342 786 1397; x_wconf 86' lang='lat' dir='ltr'>Habent</span> <span class='ocrx_word' id='word_1_149' title='bbox 817 1350 870 1395; x_wconf 91' lang='lat' dir='ltr'>et</span> <span class='ocrx_word' id='word_1_150' title='bbox 898 1340 1154 1397; x_wconf 89' lang='lat' dir='ltr'>scutellas</span> <span class='ocrx_word' id='word_1_151' title='bbox 1185 1340 1320 1395; x_wconf 88' lang='lat' dir='ltr'>duas</span> <span class='ocrx_word' id='word_1_152' title='bbox 1349 1340 1419 1394; x_wconf 90' lang='lat' dir='ltr'>ad</span> <span class='ocrx_word' id='word_1_153' title='bbox 1448 1339 1620 1406; x_wconf 91' lang='lat' dir='ltr'>cibos,</span> <span class='ocrx_word' id='word_1_154' title='bbox 1657 1340 1727 1394; x_wconf 86' lang='lat' dir='ltr'>ad</span> <span class='ocrx_word' id='word_1_155' title='bbox 1754 1355 1954 1410; x_wconf 91' lang='lat' dir='ltr'>panem</span> <span class='ocrx_word' id='word_1_156' title='bbox 1994 1354 2156 1393; x_wconf 90' lang='lat' dir='ltr'>unam</span> <span class='ocrx_word' id='word_1_157' title='bbox 2186 1338 2426 1392; x_wconf 88' lang='lat' dir='ltr'>mantilis</span> <span class='ocrx_word' id='word_1_158' title='bbox 2458 1336 2579 1393; x_wconf 91' lang='lat' dir='ltr'>loco</span> <span class='ocrx_word' id='word_1_159' title='bbox 2605 1379 2617 1403; x_wconf 93' lang='lat'>,</span> <span class='ocrx_word' id='word_1_160' title='bbox 2676 1337 2747 1391; x_wconf 89' lang='lat' dir='ltr'>ad</span> <span class='ocrx_word' id='word_1_161' title='bbox 2793 1337 3087 1393; x_wconf 89' lang='lat' dir='ltr'>munditias</span> <span class='ocrx_word' id='word_1_162' title='bbox 3132 1352 3299 1392; x_wconf 90' lang='lat' dir='ltr'>unam</span> <span class='ocrx_word' id='word_1_163' title='bbox 3344 1337 3730 1410; x_wconf 78' lang='lat' dir='ltr'>grandiorem,</span> 
     </span>
    </p>
   </div>
   <div class='ocr_carea' id='block_1_15' title="bbox 414 1435 3730 1509">
    <p class='ocr_par' dir='ltr' id='par_1_15' title="bbox 414 1435 3730 1509">
     <span class='ocr_line' id='line_1_15' title="bbox 414 1435 3730 1509; baseline -0.001 -16"><span class='ocrx_word' id='word_1_164' title='bbox 414 1439 636 1509; x_wconf 83' lang='lat' dir='ltr'>justam,</span> <span class='ocrx_word' id='word_1_165' title='bbox 673 1440 958 1509; x_wconf 78' lang='lat' dir='ltr'>scyphum,</span> <span class='ocrx_word' id='word_1_166' title='bbox 992 1437 1266 1502; x_wconf 89' lang='lat' dir='ltr'>salariam,</span> <span class='ocrx_word' id='word_1_167' title='bbox 1292 1436 1548 1493; x_wconf 87' lang='lat' dir='ltr'>cochlear</span> <span class='ocrx_word' id='word_1_168' title='bbox 1576 1444 1630 1491; x_wconf 89' lang='lat' dir='ltr'>et</span> <span class='ocrx_word' id='word_1_169' title='bbox 1660 1435 1961 1502; x_wconf 90' lang='lat' dir='ltr'>cultellum,</span> <span class='ocrx_word' id='word_1_170' title='bbox 1993 1452 2087 1492; x_wconf 90' lang='lat' dir='ltr'>vas</span> <span class='ocrx_word' id='word_1_171' title='bbox 2128 1437 2431 1506; x_wconf 89' lang='lat' dir='ltr'>aquarium,</span> <span class='ocrx_word' id='word_1_172' title='bbox 2480 1436 2809 1491; x_wconf 88' lang='lat' dir='ltr'>ferramenta</span> <span class='ocrx_word' id='word_1_173' title='bbox 2865 1435 3050 1505; x_wconf 89' lang='lat' dir='ltr'>etiam,</span> <span class='ocrx_word' id='word_1_174' title='bbox 3086 1437 3317 1492; x_wconf 89' lang='lat' dir='ltr'>securim</span> <span class='ocrx_word' id='word_1_175' title='bbox 3344 1481 3357 1504; x_wconf 94' lang='lat'>,</span> <span class='ocrx_word' id='word_1_176' title='bbox 3407 1435 3730 1503; x_wconf 89' lang='lat' dir='ltr'>fossorium,</span> 
     </span>
    </p>
   </div>
   <div class='ocr_carea' id='block_1_16' title="bbox 420 1531 3733 1605">
    <p class='ocr_par' dir='ltr' id='par_1_16' title="bbox 420 1531 3733 1605">
     <span class='ocr_line' id='line_1_16' title="bbox 420 1531 3733 1605; baseline -0.001 -13"><span class='ocrx_word' id='word_1_177' title='bbox 420 1537 728 1603; x_wconf 90' lang='lat' dir='ltr'>dolabrum,</span> <span class='ocrx_word' id='word_1_178' title='bbox 763 1536 1030 1603; x_wconf 89' lang='lat' dir='ltr'>subulam,</span> <span class='ocrx_word' id='word_1_179' title='bbox 1084 1534 1405 1603; x_wconf 89' lang='lat' dir='ltr'>falciculam,</span> <span class='ocrx_word' id='word_1_180' title='bbox 1454 1552 1582 1591; x_wconf 92' lang='lat' dir='ltr'>acus</span> <span class='ocrx_word' id='word_1_181' title='bbox 1630 1535 1787 1601; x_wconf 90' lang='lat' dir='ltr'>duas,</span> <span class='ocrx_word' id='word_1_182' title='bbox 1838 1533 1989 1588; x_wconf 84' lang='lat' dir='ltr'>filum</span> <span class='ocrx_word' id='word_1_183' title='bbox 2037 1531 2255 1589; x_wconf 82' lang='lat' dir='ltr'>forfices</span> <span class='ocrx_word' id='word_1_184' title='bbox 2300 1534 2594 1589; x_wconf 81' lang='lat' dir='ltr'>terebram.</span> <span class='ocrx_word' id='word_1_185' title='bbox 2646 1533 2775 1588; x_wconf 78' lang='lat' dir='ltr'>Haec</span> <span class='ocrx_word' id='word_1_186' title='bbox 2813 1533 3123 1604; x_wconf 89' lang='lat' dir='ltr'>quicunque</span> <span class='ocrx_word' id='word_1_187' title='bbox 3178 1534 3377 1605; x_wconf 85' lang='lat' dir='ltr'>legerit</span> <span class='ocrx_word' id='word_1_188' title='bbox 3431 1532 3611 1589; x_wconf 87' lang='lat' dir='ltr'>ridere</span> <span class='ocrx_word' id='word_1_189' title='bbox 3636 1532 3733 1590; x_wconf 80' lang='lat' dir='ltr'>vel</span> 
     </span>
    </p>
   </div>
   <div class='ocr_carea' id='block_1_17' title="bbox 420 1608 3500 1707">
    <p class='ocr_par' dir='ltr' id='par_1_17' title="bbox 420 1608 3500 1707">
     <span class='ocr_line' id='line_1_17' title="bbox 420 1608 3500 1707; baseline -0.001 -17"><span class='ocrx_word' id='word_1_190' title='bbox 420 1634 824 1707; x_wconf 86' lang='lat' dir='ltr'>reprehendere</span> <span class='ocrx_word' id='word_1_191' title='bbox 854 1649 964 1690; x_wconf 91' lang='lat' dir='ltr'>non</span> <span class='ocrx_word' id='word_1_192' title='bbox 992 1632 1226 1703; x_wconf 86' lang='lat' dir='ltr'>festinet,</span> <span class='ocrx_word' id='word_1_193' title='bbox 1260 1632 1365 1687; x_wconf 89' lang='lat' dir='ltr'>nisi</span> <span class='ocrx_word' id='word_1_194' title='bbox 1394 1632 1542 1703; x_wconf 91' lang='lat' dir='ltr'>prius</span> <span class='ocrx_word' id='word_1_195' title='bbox 1573 1632 1736 1688; x_wconf 91' lang='lat' dir='ltr'>vitam</span> <span class='ocrx_word' id='word_1_196' title='bbox 1765 1631 2075 1700; x_wconf 89' lang='lat' dir='ltr'>hujusmodi</span> <span class='ocrx_word' id='word_1_197' title='bbox 2096 1631 2149 1685; x_wconf 90' lang='lat' dir='ltr'>in</span> <span class='ocrx_word' id='word_1_198' title='bbox 2174 1629 2578 1685; x_wconf 86' lang='lat' dir='ltr'>talisolitudine</span> <span class='ocrx_word' id='word_1_199' title='bbox 2608 1636 2662 1684; x_wconf 90' lang='lat' dir='ltr'>et</span> <span class='ocrx_word' id='word_1_200' title='bbox 2689 1608 2829 1684; x_wconf 77' lang='lat' dir='ltr'>inter</span> <span class='ocrx_word' id='word_1_201' title='bbox 2849 1636 2992 1684; x_wconf 89' lang='lat' dir='ltr'>tanta</span> <span class='ocrx_word' id='word_1_202' title='bbox 3022 1629 3232 1685; x_wconf 81' lang='lat' dir='ltr'>duxerit</span> <span class='ocrx_word' id='word_1_203' title='bbox 3272 1629 3500 1702; x_wconf 81' lang='lat' dir='ltr'>frigora.</span> 
     </span>
    </p>
   </div>
   <div class='ocr_carea' id='block_1_18' title="bbox 1757 1754 2364 1812">
    <p class='ocr_par' dir='ltr' id='par_1_18' title="bbox 1757 1754 2364 1812">
     <span class='ocr_line' id='line_1_18' title="bbox 1757 1754 2364 1812; baseline -0.007 0"><span class='ocrx_word' id='word_1_204' title='bbox 1757 1756 2150 1812; x_wconf 80' lang='lat' dir='ltr'>CAPITULUM</span> <span class='ocrx_word' id='word_1_205' title='bbox 2180 1754 2364 1810; x_wconf 84' lang='lat' dir='ltr'><strong>LVIII.</strong></span> 
     </span>
    </p>
   </div>
   <div class='ocr_carea' id='block_1_19' title="bbox 1210 1853 2929 1928">
    <p class='ocr_par' dir='ltr' id='par_1_19' title="bbox 1210 1853 2929 1928">
     <span class='ocr_line' id='line_1_19' title="bbox 1210 1853 2929 1928; baseline -0.005 -14"><span class='ocrx_word' id='word_1_206' title='bbox 1210 1857 1359 1926; x_wconf 85' lang='lat' dir='ltr'>Quod</span> <span class='ocrx_word' id='word_1_207' title='bbox 1392 1855 1653 1928; x_wconf 81' lang='lat' dir='ltr'>loquendi</span> <span class='ocrx_word' id='word_1_208' title='bbox 1682 1872 1811 1911; x_wconf 89' lang='lat' dir='ltr'>cum</span> <span class='ocrx_word' id='word_1_209' title='bbox 1841 1856 2138 1911; x_wconf 72' lang='lat' dir='ltr'>extraneis</span> <span class='ocrx_word' id='word_1_210' title='bbox 2177 1853 2473 1907; x_wconf 83' lang='lat' dir='ltr'>licentiam</span> <span class='ocrx_word' id='word_1_211' title='bbox 2500 1868 2617 1908; x_wconf 86' lang='lat' dir='ltr'>non</span> <span class='ocrx_word' id='word_1_212' title='bbox 2644 1860 2929 1925; x_wconf 77' lang='lat' dir='ltr'>quwrunt.</span> 
     </span>
    </p>
   </div>
   <div class='ocr_carea' id='block_1_20' title="bbox 494 1964 3726 2046">
    <p class='ocr_par' dir='ltr' id='par_1_20' title="bbox 494 1964 3726 2046">
     <span class='ocr_line' id='line_1_20' title="bbox 494 1964 3726 2046; baseline -0.003 -16"><span class='ocrx_word' id='word_1_213' title='bbox 494 1980 545 2031; x_wconf 91' lang='grc'>1.</span> <span class='ocrx_word' id='word_1_214' title='bbox 575 1972 933 2046; x_wconf 85' lang='lat' dir='ltr'>Colloquendi</span> <span class='ocrx_word' id='word_1_215' title='bbox 965 1973 1126 2029; x_wconf 89' lang='lat' dir='ltr'>simul</span> <span class='ocrx_word' id='word_1_216' title='bbox 1158 1989 1277 2029; x_wconf 90' lang='lat' dir='ltr'>cum</span> <span class='ocrx_word' id='word_1_217' title='bbox 1310 1974 1396 2027; x_wconf 91' lang='lat' dir='ltr'>his</span> <span class='ocrx_word' id='word_1_218' title='bbox 1425 1972 1515 2044; x_wconf 91' lang='lat' dir='ltr'>qui</span> <span class='ocrx_word' id='word_1_219' title='bbox 1547 1972 1742 2027; x_wconf 89' lang='lat' dir='ltr'>domus</span> <span class='ocrx_word' id='word_1_220' title='bbox 1772 1972 1928 2041; x_wconf 86' lang='lat' dir='ltr'>hujus</span> <span class='ocrx_word' id='word_1_221' title='bbox 1957 1986 2069 2025; x_wconf 89' lang='lat' dir='ltr'>non</span> <span class='ocrx_word' id='word_1_222' title='bbox 2100 1975 2224 2025; x_wconf 87' lang='lat' dir='ltr'>sunt</span> <span class='ocrx_word' id='word_1_223' title='bbox 2252 1966 2530 2023; x_wconf 85' lang='lat' dir='ltr'>licentiam</span> <span class='ocrx_word' id='word_1_224' title='bbox 2555 1983 2665 2022; x_wconf 89' lang='lat' dir='ltr'>non</span> <span class='ocrx_word' id='word_1_225' title='bbox 2696 1974 2971 2039; x_wconf 72' lang='lat' dir='ltr'>quaerunt,</span> <span class='ocrx_word' id='word_1_226' title='bbox 3002 1980 3107 2022; x_wconf 92' lang='lat' dir='ltr'>nec</span> <span class='ocrx_word' id='word_1_227' title='bbox 3147 1964 3245 2038; x_wconf 90' lang='lat' dir='ltr'>[al.</span> <span class='ocrx_word' id='word_1_228' title='bbox 3292 1965 3405 2038; x_wconf 88' lang='lat' dir='ltr'>ne.]</span> <span class='ocrx_word' id='word_1_229' title='bbox 3435 1981 3557 2022; x_wconf 91' lang='lat' dir='ltr'>cum</span> <span class='ocrx_word' id='word_1_230' title='bbox 3585 1982 3726 2038; x_wconf 86' lang='lat' dir='ltr'>ger-</span> 
     </span>
    </p>
   </div>
   <div class='ocr_carea' id='block_1_21' title="bbox 420 2072 849 2144">
    <p class='ocr_par' dir='ltr' id='par_1_21' title="bbox 420 2072 849 2144">
     <span class='ocr_line' id='line_1_21' title="bbox 420 2072 849 2144; baseline -0.007 -17"><span class='ocrx_word' id='word_1_231' title='bbox 420 2088 581 2127; x_wconf 91' lang='lat' dir='ltr'>mano</span> <span class='ocrx_word' id='word_1_232' title='bbox 610 2072 849 2144; x_wconf 89' lang='lat' dir='ltr'>quidem.</span> 
     </span>
    </p>
   </div>
   <div class='ocr_carea' id='block_1_22' title="bbox 490 2165 2023 2235">
    <p class='ocr_par' dir='ltr' id='par_1_22' title="bbox 490 2165 2023 2235">
     <span class='ocr_line' id='line_1_22' title="bbox 490 2165 2023 2235; baseline -0.005 -8"><span class='ocrx_word' id='word_1_233' title='bbox 490 2174 544 2227; x_wconf 72' lang='lat'>2.</span> <span class='ocrx_word' id='word_1_234' title='bbox 569 2169 715 2223; x_wconf 87' lang='lat' dir='ltr'>Nihil</span> <span class='ocrx_word' id='word_1_235' title='bbox 741 2166 982 2235; x_wconf 91' lang='lat' dir='ltr'>omnino,</span> <span class='ocrx_word' id='word_1_236' title='bbox 1018 2165 1125 2220; x_wconf 89' lang='lat' dir='ltr'>nisi</span> <span class='ocrx_word' id='word_1_237' title='bbox 1155 2182 1277 2220; x_wconf 92' lang='lat' dir='ltr'>cum</span> <span class='ocrx_word' id='word_1_238' title='bbox 1308 2165 1525 2220; x_wconf 89' lang='lat' dir='ltr'>licentia</span> <span class='ocrx_word' id='word_1_239' title='bbox 1557 2166 1701 2235; x_wconf 89' lang='lat' dir='ltr'>apud</span> <span class='ocrx_word' id='word_1_240' title='bbox 1732 2182 1791 2221; x_wconf 90' lang='lat' dir='ltr'>se</span> <span class='ocrx_word' id='word_1_241' title='bbox 1821 2173 2023 2221; x_wconf 89' lang='lat' dir='ltr'>tenent.</span> 
     </span>
    </p>
   </div>
   <div class='ocr_carea' id='block_1_23' title="bbox 490 2259 3480 2334">
    <p class='ocr_par' dir='ltr' id='par_1_23' title="bbox 490 2259 3480 2334">
     <span class='ocr_line' id='line_1_23' title="bbox 490 2259 3480 2334; baseline -0.002 -13"><span class='ocrx_word' id='word_1_242' title='bbox 490 2270 541 2321; x_wconf 89' lang='lat'>3.</span> <span class='ocrx_word' id='word_1_243' title='bbox 575 2264 845 2332; x_wconf 83' lang='lat' dir='ltr'>Accusati,</span> <span class='ocrx_word' id='word_1_244' title='bbox 880 2263 997 2319; x_wconf 88' lang='lat' dir='ltr'>sine</span> <span class='ocrx_word' id='word_1_245' title='bbox 1028 2279 1179 2318; x_wconf 90' lang='lat' dir='ltr'>mora</span> <span class='ocrx_word' id='word_1_246' title='bbox 1211 2262 1466 2334; x_wconf 86' lang='lat' dir='ltr'>prostrati</span> <span class='ocrx_word' id='word_1_247' title='bbox 1496 2262 1711 2318; x_wconf 81' lang='lat' dir='ltr'>veniam</span> <span class='ocrx_word' id='word_1_248' title='bbox 1743 2270 1951 2333; x_wconf 87' lang='lat' dir='ltr'>petunt.</span> <span class='ocrx_word' id='word_1_249' title='bbox 1984 2262 2456 2333; x_wconf 84' lang='lat' dir='ltr'>Reprehensorem</span> <span class='ocrx_word' id='word_1_250' title='bbox 2486 2262 2542 2317; x_wconf 91' lang='lat' dir='ltr'>in</span> <span class='ocrx_word' id='word_1_251' title='bbox 2573 2263 2763 2318; x_wconf 92' lang='lat' dir='ltr'>eadem</span> <span class='ocrx_word' id='word_1_252' title='bbox 2793 2262 2879 2318; x_wconf 89' lang='lat' dir='ltr'>die</span> <span class='ocrx_word' id='word_1_253' title='bbox 2911 2277 3021 2318; x_wconf 89' lang='lat' dir='ltr'>non</span> <span class='ocrx_word' id='word_1_254' title='bbox 3052 2259 3480 2333; x_wconf 89' lang='lat' dir='ltr'>reprehendunt.</span> 
     </span>
    </p>
   </div>
   <div class='ocr_carea' id='block_1_24' title="bbox 1788 2386 2359 2441">
    <p class='ocr_par' dir='ltr' id='par_1_24' title="bbox 1788 2386 2359 2441">
     <span class='ocr_line' id='line_1_24' title="bbox 1788 2386 2359 2441; baseline -0.004 0"><span class='ocrx_word' id='word_1_255' title='bbox 1788 2386 2184 2441; x_wconf 78' lang='lat' dir='ltr'>CAPITULUM</span> <span class='ocrx_word' id='word_1_256' title='bbox 2221 2386 2359 2440; x_wconf 88' lang='lat' dir='ltr'><strong>LIX.</strong></span> 
     </span>
    </p>
   </div>
   <div class='ocr_carea' id='block_1_25' title="bbox 1481 2482 2682 2553">
    <p class='ocr_par' dir='ltr' id='par_1_25' title="bbox 1481 2482 2682 2553">
     <span class='ocr_line' id='line_1_25' title="bbox 1481 2482 2682 2553; baseline -0.004 -13"><span class='ocrx_word' id='word_1_257' title='bbox 1481 2482 1635 2551; x_wconf 83' lang='lat' dir='ltr'>Quod</span> <span class='ocrx_word' id='word_1_258' title='bbox 1662 2485 1767 2553; x_wconf 84' lang='lat' dir='ltr'>ﬁat</span> <span class='ocrx_word' id='word_1_259' title='bbox 1798 2486 1863 2539; x_wconf 86' lang='lat' dir='ltr'>de</span> <span class='ocrx_word' id='word_1_260' title='bbox 1886 2500 1947 2540; x_wconf 85' lang='lat' dir='ltr'>re</span> <span class='ocrx_word' id='word_1_261' title='bbox 1975 2484 2153 2539; x_wconf 82' lang='lat' dir='ltr'>alicui</span> <span class='ocrx_word' id='word_1_262' title='bbox 2171 2486 2432 2540; x_wconf 83' lang='lat' dir='ltr'>nostrum</span> <span class='ocrx_word' id='word_1_263' title='bbox 2489 2483 2682 2536; x_wconf 80' lang='lat' dir='ltr'>missa.</span> 
     </span>
    </p>
   </div>
   <div class='ocr_carea' id='block_1_26' title="bbox 494 2574 3725 2652">
    <p class='ocr_par' dir='ltr' id='par_1_26' title="bbox 494 2574 3725 2652">
     <span class='ocr_line' id='line_1_26' title="bbox 494 2574 3725 2652; baseline -0.002 -16"><span class='ocrx_word' id='word_1_264' title='bbox 494 2580 550 2636; x_wconf 94' lang='lat' dir='ltr'>Si</span> <span class='ocrx_word' id='word_1_265' title='bbox 607 2580 766 2637; x_wconf 90' lang='lat' dir='ltr'>alicui</span> <span class='ocrx_word' id='word_1_266' title='bbox 821 2586 1068 2636; x_wconf 88' lang='lat' dir='ltr'>nostrum</span> <span class='ocrx_word' id='word_1_267' title='bbox 1117 2580 1235 2636; x_wconf 90' lang='lat' dir='ltr'>sive</span> <span class='ocrx_word' id='word_1_268' title='bbox 1263 2579 1404 2636; x_wconf 89' lang='lat' dir='ltr'>laico</span> <span class='ocrx_word' id='word_1_269' title='bbox 1432 2581 1548 2636; x_wconf 85' lang='lat' dir='ltr'>sive</span> <span class='ocrx_word' id='word_1_270' title='bbox 1576 2581 1862 2647; x_wconf 90' lang='lat' dir='ltr'>monacho,</span> <span class='ocrx_word' id='word_1_271' title='bbox 1895 2580 1963 2634; x_wconf 90' lang='lat' dir='ltr'>ab</span> <span class='ocrx_word' id='word_1_272' title='bbox 1992 2580 2192 2652; x_wconf 89' lang='lat' dir='ltr'>aliquo,</span> <span class='ocrx_word' id='word_1_273' title='bbox 2225 2582 2311 2637; x_wconf 92' lang='lat' dir='ltr'>vel</span> <span class='ocrx_word' id='word_1_274' title='bbox 2343 2580 2518 2636; x_wconf 90' lang='lat' dir='ltr'>amico</span> <span class='ocrx_word' id='word_1_275' title='bbox 2582 2580 2669 2635; x_wconf 89' lang='lat' dir='ltr'>vel</span> <span class='ocrx_word' id='word_1_276' title='bbox 2716 2578 3037 2649; x_wconf 87' lang='lat' dir='ltr'>propinquo,</span> <span class='ocrx_word' id='word_1_277' title='bbox 3068 2577 3155 2633; x_wconf 90' lang='lat' dir='ltr'>vel</span> <span class='ocrx_word' id='word_1_278' title='bbox 3200 2575 3369 2632; x_wconf 89' lang='lat' dir='ltr'>vestis</span> <span class='ocrx_word' id='word_1_279' title='bbox 3395 2574 3486 2631; x_wconf 89' lang='lat' dir='ltr'>vel</span> <span class='ocrx_word' id='word_1_280' title='bbox 3513 2574 3725 2645; x_wconf 88' lang='lat' dir='ltr'>aliquid</span> 
     </span>
    </p>
   </div>
   <div class='ocr_carea' id='block_1_27' title="bbox 419 2674 3235 2750">
    <p class='ocr_par' dir='ltr' id='par_1_27' title="bbox 419 2674 3235 2750">
     <span class='ocr_line' id='line_1_27' title="bbox 419 2674 3235 2750; baseline -0.002 -18"><span class='ocrx_word' id='word_1_281' title='bbox 419 2678 727 2746; x_wconf 88' lang='lat' dir='ltr'>hujusmodi</span> <span class='ocrx_word' id='word_1_282' title='bbox 755 2678 982 2733; x_wconf 90' lang='lat' dir='ltr'>missum</span> <span class='ocrx_word' id='word_1_283' title='bbox 1012 2678 1188 2745; x_wconf 90' lang='lat' dir='ltr'>fuerit,</span> <span class='ocrx_word' id='word_1_284' title='bbox 1220 2694 1329 2733; x_wconf 90' lang='lat' dir='ltr'>non</span> <span class='ocrx_word' id='word_1_285' title='bbox 1358 2679 1407 2733; x_wconf 89' lang='lat' dir='ltr'>ei</span> <span class='ocrx_word' id='word_1_286' title='bbox 1439 2678 1536 2733; x_wconf 90' lang='lat' dir='ltr'>sed</span> <span class='ocrx_word' id='word_1_287' title='bbox 1568 2678 1658 2732; x_wconf 90' lang='lat' dir='ltr'>alii</span> <span class='ocrx_word' id='word_1_288' title='bbox 1687 2678 1867 2748; x_wconf 83' lang='lat' dir='ltr'>potius</span> <span class='ocrx_word' id='word_1_289' title='bbox 1898 2678 2073 2745; x_wconf 89' lang='lat' dir='ltr'>datur,</span> <span class='ocrx_word' id='word_1_290' title='bbox 2107 2695 2176 2733; x_wconf 91' lang='lat' dir='ltr'>ne</span> <span class='ocrx_word' id='word_1_291' title='bbox 2204 2678 2358 2750; x_wconf 91' lang='lat' dir='ltr'>quasi</span> <span class='ocrx_word' id='word_1_292' title='bbox 2389 2676 2673 2748; x_wconf 86' lang='lat' dir='ltr'>proprium</span> <span class='ocrx_word' id='word_1_293' title='bbox 2721 2675 2923 2731; x_wconf 89' lang='lat' dir='ltr'>habere</span> <span class='ocrx_word' id='word_1_294' title='bbox 2964 2674 3235 2729; x_wconf 88' lang='lat' dir='ltr'>videatur.</span> 
     </span>
    </p>
   </div>
   <div class='ocr_carea' id='block_1_28' title="bbox 1789 2802 2364 2859">
    <p class='ocr_par' dir='ltr' id='par_1_28' title="bbox 1789 2802 2364 2859">
     <span class='ocr_line' id='line_1_28' title="bbox 1789 2802 2364 2859; baseline 0.003 -2"><span class='ocrx_word' id='word_1_295' title='bbox 1789 2802 2364 2859; x_wconf 81' lang='lat' dir='ltr'>COMMENTARIUS.</span> 
     </span>
    </p>
   </div>
   <div class='ocr_carea' id='block_1_29' title="bbox 417 2897 3724 2977">
    <p class='ocr_par' dir='ltr' id='par_1_29' title="bbox 417 2897 3724 2977">
     <span class='ocr_line' id='line_1_29' title="bbox 417 2897 3724 2977; baseline 0.002 -22"><span class='ocrx_word' id='word_1_296' title='bbox 417 2899 688 2955; x_wconf 90' lang='lat' dir='ltr'>mitorium</span> <span class='ocrx_word' id='word_1_297' title='bbox 717 2905 830 2954; x_wconf 88' lang='lat' dir='ltr'>erat</span> <span class='ocrx_word' id='word_1_298' title='bbox 859 2898 914 2953; x_wconf 90' lang='lat' dir='ltr'>in</span> <span class='ocrx_word' id='word_1_299' title='bbox 944 2897 1208 2968; x_wconf 88' lang='lat' dir='ltr'>superiori</span> <span class='ocrx_word' id='word_1_300' title='bbox 1265 2898 1447 2964; x_wconf 91' lang='lat' dir='ltr'>domo,</span> <span class='ocrx_word' id='word_1_301' title='bbox 1479 2898 1534 2953; x_wconf 92' lang='lat' dir='ltr'>id</span> <span class='ocrx_word' id='word_1_302' title='bbox 1564 2906 1645 2954; x_wconf 88' lang='lat' dir='ltr'>est</span> <span class='ocrx_word' id='word_1_303' title='bbox 1688 2900 1868 2971; x_wconf 89' lang='lat' dir='ltr'>ampla</span> <span class='ocrx_word' id='word_1_304' title='bbox 1921 2916 2012 2956; x_wconf 89' lang='lat' dir='ltr'>ca—</span> <span class='ocrx_word' id='word_1_305' title='bbox 2032 2905 2083 2961; x_wconf 84' lang='lat' dir='ltr'><strong>A</strong></span> <span class='ocrx_word' id='word_1_306' title='bbox 2114 2920 2229 2961; x_wconf 88' lang='lat' dir='ltr'>non</span> <span class='ocrx_word' id='word_1_307' title='bbox 2250 2908 2388 2960; x_wconf 85' lang='lat' dir='ltr'>sunt</span> <span class='ocrx_word' id='word_1_308' title='bbox 2412 2905 2706 2961; x_wconf 80' lang='lat' dir='ltr'>licentiam</span> <span class='ocrx_word' id='word_1_309' title='bbox 2723 2922 2837 2961; x_wconf 82' lang='lat' dir='ltr'>non</span> <span class='ocrx_word' id='word_1_310' title='bbox 2859 2909 3259 2977; x_wconf 69' lang='lat' dir='ltr'>quaerunt,nec</span> <span class='ocrx_word' id='word_1_311' title='bbox 3280 2911 3551 2971; x_wconf 84' lang='lat' dir='ltr'>cum,etc.</span> <span class='ocrx_word' id='word_1_312' title='bbox 3568 2903 3724 2958; x_wconf 88' lang='lat' dir='ltr'>Idem</span> 
     </span>
    </p>
   </div>
   <div class='ocr_carea' id='block_1_30' title="bbox 416 2986 2015 3059">
    <p class='ocr_par' dir='ltr' id='par_1_30' title="bbox 416 2986 2015 3059">
     <span class='ocr_line' id='line_1_30' title="bbox 416 2986 2015 3059; baseline 0 -16"><span class='ocrx_word' id='word_1_313' title='bbox 416 3004 567 3044; x_wconf 86' lang='lat' dir='ltr'>mera</span> <span class='ocrx_word' id='word_1_314' title='bbox 597 2988 859 3058; x_wconf 88' lang='lat' dir='ltr'>separatis</span> <span class='ocrx_word' id='word_1_315' title='bbox 889 2986 957 3041; x_wconf 90' lang='lat' dir='ltr'>ab</span> <span class='ocrx_word' id='word_1_316' title='bbox 987 2986 1215 3041; x_wconf 88' lang='lat' dir='ltr'>invicem</span> <span class='ocrx_word' id='word_1_317' title='bbox 1246 2986 1457 3040; x_wconf 92' lang='lat' dir='ltr'>lectulis</span> <span class='ocrx_word' id='word_1_318' title='bbox 1486 2988 1708 3057; x_wconf 87' lang='lat' dir='ltr'>repleta,</span> <span class='ocrx_word' id='word_1_319' title='bbox 1756 2989 1820 3042; x_wconf 92' lang='lat' dir='ltr'>ad</span> <span class='ocrx_word' id='word_1_320' title='bbox 1852 3004 2015 3059; x_wconf 88' lang='lat' dir='ltr'>quam</span> 
     </span>
    </p>
   </div>
   <div class='ocr_carea' id='block_1_31' title="bbox 417 3074 2014 3148">
    <p class='ocr_par' dir='ltr' id='par_1_31' title="bbox 417 3074 2014 3148">
     <span class='ocr_line' id='line_1_31' title="bbox 417 3074 2014 3148; baseline -0.001 -16"><span class='ocrx_word' id='word_1_321' title='bbox 417 3078 757 3133; x_wconf 86' lang='lat' dir='ltr'>divertebant</span> <span class='ocrx_word' id='word_1_322' title='bbox 786 3075 982 3129; x_wconf 84' lang='lat' dir='ltr'>fratres</span> <span class='ocrx_word' id='word_1_323' title='bbox 1012 3091 1040 3128; x_wconf 91' lang='lat' dir='ltr'>a</span> <span class='ocrx_word' id='word_1_324' title='bbox 1070 3076 1234 3129; x_wconf 90' lang='lat' dir='ltr'>domo</span> <span class='ocrx_word' id='word_1_325' title='bbox 1280 3074 1521 3129; x_wconf 75' lang='lat' dir='ltr'>inferiori</span> <span class='ocrx_word' id='word_1_326' title='bbox 1552 3077 1623 3131; x_wconf 88' lang='lat' dir='ltr'>ad</span> <span class='ocrx_word' id='word_1_327' title='bbox 1676 3076 2014 3148; x_wconf 88' lang='lat' dir='ltr'>superiorem</span> 
     </span>
    </p>
   </div>
   <div class='ocr_carea' id='block_1_32' title="bbox 421 3164 2018 3234">
    <p class='ocr_par' dir='ltr' id='par_1_32' title="bbox 421 3164 2018 3234">
     <span class='ocr_line' id='line_1_32' title="bbox 421 3164 2018 3234; baseline -0.001 -13"><span class='ocrx_word' id='word_1_328' title='bbox 421 3166 615 3221; x_wconf 89' lang='lat' dir='ltr'>diebus</span> <span class='ocrx_word' id='word_1_329' title='bbox 646 3165 797 3219; x_wconf 86' lang='lat' dir='ltr'>festis</span> <span class='ocrx_word' id='word_1_330' title='bbox 817 3164 1194 3219; x_wconf 89' lang='lat' dir='ltr'>ascendentes.</span> <span class='ocrx_word' id='word_1_331' title='bbox 1234 3164 1577 3234; x_wconf 88' lang='lat' dir='ltr'>lmpossibile</span> <span class='ocrx_word' id='word_1_332' title='bbox 1614 3165 1758 3220; x_wconf 91' lang='lat' dir='ltr'>enim</span> <span class='ocrx_word' id='word_1_333' title='bbox 1788 3175 1905 3220; x_wconf 90' lang='lat' dir='ltr'>erat</span> <span class='ocrx_word' id='word_1_334' title='bbox 1959 3174 2018 3220; x_wconf 94' lang='lat' dir='ltr'>ut</span> 
     </span>
    </p>
   </div>
   <div class='ocr_carea' id='block_1_33' title="bbox 419 3252 2012 3325">
    <p class='ocr_par' dir='ltr' id='par_1_33' title="bbox 419 3252 2012 3325">
     <span class='ocr_line' id='line_1_33' title="bbox 419 3252 2012 3325; baseline 0 -16"><span class='ocrx_word' id='word_1_335' title='bbox 419 3254 665 3325; x_wconf 91' lang='lat' dir='ltr'>duplices</span> <span class='ocrx_word' id='word_1_336' title='bbox 696 3253 862 3309; x_wconf 88' lang='lat' dir='ltr'>cellas</span> <span class='ocrx_word' id='word_1_337' title='bbox 891 3252 1090 3322; x_wconf 83' lang='lat' dir='ltr'>singuli</span> <span class='ocrx_word' id='word_1_338' title='bbox 1120 3252 1403 3320; x_wconf 88' lang='lat' dir='ltr'>haberent,</span> <span class='ocrx_word' id='word_1_339' title='bbox 1454 3270 1615 3307; x_wconf 91' lang='lat' dir='ltr'>unam</span> <span class='ocrx_word' id='word_1_340' title='bbox 1644 3254 1699 3308; x_wconf 90' lang='lat' dir='ltr'>in</span> <span class='ocrx_word' id='word_1_341' title='bbox 1754 3254 2012 3323; x_wconf 85' lang='lat' dir='ltr'>inferiori,</span> 
     </span>
    </p>
   </div>
   <div class='ocr_carea' id='block_1_34' title="bbox 419 3340 2016 3411">
    <p class='ocr_par' dir='ltr' id='par_1_34' title="bbox 419 3340 2016 3411">
     <span class='ocr_line' id='line_1_34' title="bbox 419 3340 2016 3411; baseline 0.001 -13"><span class='ocrx_word' id='word_1_342' title='bbox 419 3351 473 3398; x_wconf 89' lang='lat' dir='ltr'>et</span> <span class='ocrx_word' id='word_1_343' title='bbox 500 3343 718 3397; x_wconf 90' lang='lat' dir='ltr'>alteram</span> <span class='ocrx_word' id='word_1_344' title='bbox 750 3342 803 3395; x_wconf 89' lang='lat' dir='ltr'>in</span> <span class='ocrx_word' id='word_1_345' title='bbox 832 3340 1096 3411; x_wconf 89' lang='lat' dir='ltr'>superiori</span> <span class='ocrx_word' id='word_1_346' title='bbox 1127 3341 1308 3396; x_wconf 91' lang='lat' dir='ltr'>domo.</span> <span class='ocrx_word' id='word_1_347' title='bbox 1345 3342 1448 3396; x_wconf 91' lang='lat' dir='ltr'>Per</span> <span class='ocrx_word' id='word_1_348' title='bbox 1476 3360 1800 3399; x_wconf 81' lang='lat' dir='ltr'>communes</span> <span class='ocrx_word' id='word_1_349' title='bbox 1847 3345 2016 3400; x_wconf 73' lang='lat' dir='ltr'>lecto:</span> 
     </span>
    </p>
   </div>
   <div class='ocr_carea' id='block_1_35' title="bbox 418 3429 2019 3503">
    <p class='ocr_par' dir='ltr' id='par_1_35' title="bbox 418 3429 2019 3503">
     <span class='ocr_line' id='line_1_35' title="bbox 418 3429 2019 3503; baseline 0.001 -18"><span class='ocrx_word' id='word_1_350' title='bbox 418 3430 687 3503; x_wconf 78' lang='lat' dir='ltr'>intelligit,</span> <span class='ocrx_word' id='word_1_351' title='bbox 723 3429 814 3501; x_wconf 91' lang='lat' dir='ltr'>qui</span> <span class='ocrx_word' id='word_1_352' title='bbox 843 3429 1249 3499; x_wconf 89' lang='lat' dir='ltr'>occupabantur</span> <span class='ocrx_word' id='word_1_353' title='bbox 1277 3446 1309 3484; x_wconf 94' lang='lat' dir='ltr'>a</span> <span class='ocrx_word' id='word_1_354' title='bbox 1339 3430 1568 3503; x_wconf 84' lang='lat' dir='ltr'>singulis</span> <span class='ocrx_word' id='word_1_355' title='bbox 1584 3430 1840 3486; x_wconf 86' lang='lat' dir='ltr'>fratribus</span> <span class='ocrx_word' id='word_1_356' title='bbox 1856 3440 2019 3502; x_wconf 90' lang='lat' dir='ltr'>prout</span> 
     </span>
    </p>
   </div>
   <div class='ocr_carea' id='block_1_36' title="bbox 415 3517 2017 3590">
    <p class='ocr_par' dir='ltr' id='par_1_36' title="bbox 415 3517 2017 3590">
     <span class='ocr_line' id='line_1_36' title="bbox 415 3517 2017 3590; baseline 0.001 -16"><span class='ocrx_word' id='word_1_357' title='bbox 415 3519 750 3587; x_wconf 87' lang='lat' dir='ltr'>occurrebat,</span> <span class='ocrx_word' id='word_1_358' title='bbox 786 3519 860 3573; x_wconf 89' lang='lat' dir='ltr'>ita</span> <span class='ocrx_word' id='word_1_359' title='bbox 885 3526 941 3572; x_wconf 89' lang='lat' dir='ltr'>ut</span> <span class='ocrx_word' id='word_1_360' title='bbox 970 3517 1144 3573; x_wconf 85' lang='lat' dir='ltr'>alicui‘</span> <span class='ocrx_word' id='word_1_361' title='bbox 1161 3518 1421 3589; x_wconf 84' lang='lat' dir='ltr'>singulari</span> <span class='ocrx_word' id='word_1_362' title='bbox 1449 3520 1704 3590; x_wconf 91' lang='lat' dir='ltr'>proprius</span> <span class='ocrx_word' id='word_1_363' title='bbox 1733 3536 1843 3575; x_wconf 92' lang='lat' dir='ltr'>non</span> <span class='ocrx_word' id='word_1_364' title='bbox 1874 3521 2017 3575; x_wconf 80' lang='lat' dir='ltr'>assi-</span> 
     </span>
    </p>
   </div>
   <div class='ocr_carea' id='block_1_37' title="bbox 416 3607 2017 3680">
    <p class='ocr_par' dir='ltr' id='par_1_37' title="bbox 416 3607 2017 3680">
     <span class='ocr_line' id='line_1_37' title="bbox 416 3607 2017 3680; baseline 0.002 -18"><span class='ocrx_word' id='word_1_365' title='bbox 416 3616 695 3680; x_wconf 84' lang='lat' dir='ltr'>gnaretur,</span> <span class='ocrx_word' id='word_1_366' title='bbox 730 3608 819 3679; x_wconf 91' lang='lat' dir='ltr'>qui</span> <span class='ocrx_word' id='word_1_367' title='bbox 851 3623 918 3663; x_wconf 87' lang='lat' dir='ltr'>eo</span> <span class='ocrx_word' id='word_1_368' title='bbox 946 3607 1173 3661; x_wconf 86' lang='lat' dir='ltr'>absente</span> <span class='ocrx_word' id='word_1_369' title='bbox 1208 3613 1277 3661; x_wconf 90' lang='lat' dir='ltr'>ab</span> <span class='ocrx_word' id='word_1_370' title='bbox 1318 3607 1425 3662; x_wconf 91' lang='lat' dir='ltr'>alio</span> <span class='ocrx_word' id='word_1_371' title='bbox 1454 3624 1562 3663; x_wconf 91' lang='lat' dir='ltr'>non</span> <span class='ocrx_word' id='word_1_372' title='bbox 1605 3616 1792 3679; x_wconf 91' lang='lat' dir='ltr'>posset</span> <span class='ocrx_word' id='word_1_373' title='bbox 1848 3624 2017 3665; x_wconf 89' lang='lat' dir='ltr'>occu-</span> 
     </span>
    </p>
   </div>
   <div class='ocr_carea' id='block_1_38' title="bbox 411 3698 551 3766">
    <p class='ocr_par' dir='ltr' id='par_1_38' title="bbox 411 3698 551 3766">
     <span class='ocr_line' id='line_1_38' title="bbox 411 3698 551 3766; baseline 0 -15"><span class='ocrx_word' id='word_1_374' title='bbox 411 3698 551 3766; x_wconf 86' lang='lat' dir='ltr'>pari.</span> 
     </span>
    </p>
   </div>
   <div class='ocr_carea' id='block_1_39' title="bbox 486 3783 2017 3854">
    <p class='ocr_par' dir='ltr' id='par_1_39' title="bbox 486 3783 2017 3854">
     <span class='ocr_line' id='line_1_39' title="bbox 486 3783 2017 3854; baseline 0.002 -14"><span class='ocrx_word' id='word_1_375' title='bbox 486 3786 651 3840; x_wconf 89' lang='lat' dir='ltr'>Num.</span> <span class='ocrx_word' id='word_1_376' title='bbox 685 3787 737 3838; x_wconf 92' lang='lat'>3.</span> <span class='ocrx_word' id='word_1_377' title='bbox 772 3785 836 3839; x_wconf 87' lang='lat' dir='ltr'><strong>In</strong></span> <span class='ocrx_word' id='word_1_378' title='bbox 857 3784 1114 3840; x_wconf 78' lang='lat' dir='ltr'>omnibus</span> <span class='ocrx_word' id='word_1_379' title='bbox 1149 3783 1469 3854; x_wconf 70' lang='lat' dir='ltr'>hujusmodi</span> <span class='ocrx_word' id='word_1_380' title='bbox 1499 3786 1658 3841; x_wconf 85' lang='lat' dir='ltr'>aliud</span> <span class='ocrx_word' id='word_1_381' title='bbox 1678 3785 1828 3842; x_wconf 84' lang='lat' dir='ltr'>nihil</span> <span class='ocrx_word' id='word_1_382' title='bbox 1845 3803 2017 3842; x_wconf 86' lang='lat' dir='ltr'>cura-</span> 
     </span>
    </p>
   </div>
   <div class='ocr_carea' id='block_1_40' title="bbox 417 3872 2017 3943">
    <p class='ocr_par' dir='ltr' id='par_1_40' title="bbox 417 3872 2017 3943">
     <span class='ocr_line' id='line_1_40' title="bbox 417 3872 2017 3943; baseline 0.001 -15"><span class='ocrx_word' id='word_1_383' title='bbox 417 3876 511 3928; x_wconf 87' lang='lat' dir='ltr'>tur</span> <span class='ocrx_word' id='word_1_384' title='bbox 540 3873 656 3927; x_wconf 84' lang='lat' dir='ltr'>nisi</span> <span class='ocrx_word' id='word_1_385' title='bbox 684 3876 749 3927; x_wconf 84' lang='lat' dir='ltr'>ut</span> <span class='ocrx_word' id='word_1_386' title='bbox 781 3873 983 3943; x_wconf 79' lang='lat' dir='ltr'>frigus,</span> <span class='ocrx_word' id='word_1_387' title='bbox 1008 3880 1113 3927; x_wconf 90' lang='lat' dir='ltr'>etc.</span> <span class='ocrx_word' id='word_1_388' title='bbox 1148 3872 1248 3926; x_wconf 86' lang='lat' dir='ltr'>Hic</span> <span class='ocrx_word' id='word_1_389' title='bbox 1274 3873 1532 3927; x_wconf 90' lang='lat' dir='ltr'>haberent</span> <span class='ocrx_word' id='word_1_390' title='bbox 1553 3874 1817 3941; x_wconf 88' lang='lat' dir='ltr'>judicium</span> <span class='ocrx_word' id='word_1_391' title='bbox 1830 3882 2017 3930; x_wconf 89' lang='lat' dir='ltr'>contra</span> 
     </span>
    </p>
   </div>
   <div class='ocr_carea' id='block_1_41' title="bbox 418 3959 2017 4033">
    <p class='ocr_par' dir='ltr' id='par_1_41' title="bbox 418 3959 2017 4033">
     <span class='ocr_line' id='line_1_41' title="bbox 418 3959 2017 4033; baseline 0.002 -18"><span class='ocrx_word' id='word_1_392' title='bbox 418 3976 477 4015; x_wconf 92' lang='lat' dir='ltr'>se</span> <span class='ocrx_word' id='word_1_393' title='bbox 508 3960 876 4029; x_wconf 88' lang='lat' dir='ltr'>conscriptum</span> <span class='ocrx_word' id='word_1_394' title='bbox 911 3959 1001 4029; x_wconf 91' lang='lat' dir='ltr'>qui</span> <span class='ocrx_word' id='word_1_395' title='bbox 1031 3960 1175 4029; x_wconf 90' lang='lat' dir='ltr'>apud</span> <span class='ocrx_word' id='word_1_396' title='bbox 1206 3975 1307 4013; x_wconf 92' lang='lat' dir='ltr'>nos</span> <span class='ocrx_word' id='word_1_397' title='bbox 1364 3959 1565 4015; x_wconf 90' lang='lat' dir='ltr'>vellent</span> <span class='ocrx_word' id='word_1_398' title='bbox 1594 3961 1709 4016; x_wconf 86' lang='lat' dir='ltr'>sive</span> <span class='ocrx_word' id='word_1_399' title='bbox 1739 3961 1794 4015; x_wconf 89' lang='lat' dir='ltr'>in</span> <span class='ocrx_word' id='word_1_400' title='bbox 1837 3979 2017 4033; x_wconf 87' lang='lat' dir='ltr'>panno</span> 
     </span>
    </p>
   </div>
   <div class='ocr_carea' id='block_1_42' title="bbox 418 4048 2018 4123">
    <p class='ocr_par' dir='ltr' id='par_1_42' title="bbox 418 4048 2018 4123">
     <span class='ocr_line' id='line_1_42' title="bbox 418 4048 2018 4123; baseline 0.002 -20"><span class='ocrx_word' id='word_1_401' title='bbox 418 4064 525 4120; x_wconf 92' lang='lat' dir='ltr'>quo</span> <span class='ocrx_word' id='word_1_402' title='bbox 554 4055 737 4104; x_wconf 88' lang='lat' dir='ltr'>vestes</span> <span class='ocrx_word' id='word_1_403' title='bbox 767 4056 1181 4118; x_wconf 91' lang='lat' dir='ltr'>componuntur,</span> <span class='ocrx_word' id='word_1_404' title='bbox 1214 4048 1327 4103; x_wconf 89' lang='lat' dir='ltr'>sive</span> <span class='ocrx_word' id='word_1_405' title='bbox 1357 4048 1413 4102; x_wconf 92' lang='lat' dir='ltr'>in</span> <span class='ocrx_word' id='word_1_406' title='bbox 1440 4048 1561 4118; x_wconf 88' lang='lat' dir='ltr'>ipsa</span> <span class='ocrx_word' id='word_1_407' title='bbox 1590 4049 1753 4104; x_wconf 90' lang='lat' dir='ltr'>vestis</span> <span class='ocrx_word' id='word_1_408' title='bbox 1796 4065 2018 4123; x_wconf 87' lang='lat' dir='ltr'>compo-</span> 
     </span>
    </p>
   </div>
   <div class='ocr_carea' id='block_1_43' title="bbox 417 4136 2019 4208">
    <p class='ocr_par' dir='ltr' id='par_1_43' title="bbox 417 4136 2019 4208">
     <span class='ocr_line' id='line_1_43' title="bbox 417 4136 2019 4208; baseline 0.003 -17"><span class='ocrx_word' id='word_1_409' title='bbox 417 4137 613 4192; x_wconf 92' lang='lat' dir='ltr'>sitione</span> <span class='ocrx_word' id='word_1_410' title='bbox 644 4137 846 4208; x_wconf 83' lang='lat' dir='ltr'>aliquid</span> <span class='ocrx_word' id='word_1_411' title='bbox 872 4136 1088 4191; x_wconf 87' lang='lat' dir='ltr'>curiose</span> <span class='ocrx_word' id='word_1_412' title='bbox 1112 4152 1380 4207; x_wconf 71' lang='lat' dir='ltr'>quaerere,</span> <span class='ocrx_word' id='word_1_413' title='bbox 1414 4138 1558 4208; x_wconf 89' lang='lat' dir='ltr'>quod</span> <span class='ocrx_word' id='word_1_414' title='bbox 1590 4138 1822 4193; x_wconf 90' lang='lat' dir='ltr'>nitorem</span> <span class='ocrx_word' id='word_1_415' title='bbox 1853 4156 2019 4196; x_wconf 63' lang='lat' dir='ltr'>sarcu-</span> 
     </span>
    </p>
   </div>
   <div class='ocr_carea' id='block_1_44' title="bbox 411 4224 2017 4296">
    <p class='ocr_par' dir='ltr' id='par_1_44' title="bbox 411 4224 2017 4296">
     <span class='ocr_line' id='line_1_44' title="bbox 411 4224 2017 4296; baseline 0.001 -15"><span class='ocrx_word' id='word_1_416' title='bbox 411 4226 590 4282; x_wconf 91' lang='lat' dir='ltr'>larem</span> <span class='ocrx_word' id='word_1_417' title='bbox 619 4226 914 4281; x_wconf 90' lang='lat' dir='ltr'>redoleret.</span> <span class='ocrx_word' id='word_1_418' title='bbox 960 4224 1089 4295; x_wconf 92' lang='lat' dir='ltr'>Sed,</span> <span class='ocrx_word' id='word_1_419' title='bbox 1136 4232 1194 4279; x_wconf 89' lang='lat' dir='ltr'>ut</span> <span class='ocrx_word' id='word_1_420' title='bbox 1247 4226 1543 4296; x_wconf 88' lang='lat' dir='ltr'>prudenter</span> <span class='ocrx_word' id='word_1_421' title='bbox 1598 4228 1777 4282; x_wconf 88' lang='lat' dir='ltr'>statim</span> <span class='ocrx_word' id='word_1_422' title='bbox 1838 4229 2017 4283; x_wconf 91' lang='lat' dir='ltr'>subdit</span> 
     </span>
    </p>
   </div>
   <div class='ocr_carea' id='block_1_45' title="bbox 412 4313 2012 4385">
    <p class='ocr_par' dir='ltr' id='par_1_45' title="bbox 412 4313 2012 4385">
     <span class='ocr_line' id='line_1_45' title="bbox 412 4313 2012 4385; baseline 0.002 -15"><span class='ocrx_word' id='word_1_423' title='bbox 412 4316 478 4371; x_wconf 84' lang='lat' dir='ltr'>R.</span> <span class='ocrx_word' id='word_1_424' title='bbox 514 4316 572 4370; x_wconf 89' lang='lat' dir='ltr'>P.</span> <span class='ocrx_word' id='word_1_425' title='bbox 607 4316 805 4385; x_wconf 78' lang='lat' dir='ltr'>Guigo,</span> <span class='ocrx_word' id='word_1_426' title='bbox 839 4314 885 4369; x_wconf 89' lang='lat' dir='ltr'>si</span> <span class='ocrx_word' id='word_1_427' title='bbox 911 4313 1252 4370; x_wconf 69' lang='lat' dir='ltr'>eliminandaa</span> <span class='ocrx_word' id='word_1_428' title='bbox 1302 4322 1425 4369; x_wconf 90' lang='lat' dir='ltr'>sunt</span> <span class='ocrx_word' id='word_1_429' title='bbox 1454 4330 1487 4369; x_wconf 90' lang='lat' dir='ltr'>a</span> <span class='ocrx_word' id='word_1_430' title='bbox 1515 4317 1718 4371; x_wconf 83' lang='lat' dir='ltr'>nostris</span> <span class='ocrx_word' id='word_1_431' title='bbox 1772 4318 2012 4373; x_wconf 89' lang='lat' dir='ltr'>vestibus</span> 
     </span>
    </p>
   </div>
   <div class='ocr_carea' id='block_1_46' title="bbox 415 4403 2015 4474">
    <p class='ocr_par' dir='ltr' id='par_1_46' title="bbox 415 4403 2015 4474">
     <span class='ocr_line' id='line_1_46' title="bbox 415 4403 2015 4474; baseline 0.002 -16"><span class='ocrx_word' id='word_1_432' title='bbox 415 4403 623 4458; x_wconf 89' lang='lat' dir='ltr'>vanitas</span> <span class='ocrx_word' id='word_1_433' title='bbox 652 4411 705 4458; x_wconf 90' lang='lat' dir='ltr'>et</span> <span class='ocrx_word' id='word_1_434' title='bbox 731 4403 996 4474; x_wconf 88' lang='lat' dir='ltr'>voluptas,</span> <span class='ocrx_word' id='word_1_435' title='bbox 1030 4404 1331 4460; x_wconf 88' lang='lat' dir='ltr'>necessitas</span> <span class='ocrx_word' id='word_1_436' title='bbox 1357 4412 1452 4460; x_wconf 90' lang='lat' dir='ltr'>aut</span> <span class='ocrx_word' id='word_1_437' title='bbox 1498 4405 1697 4461; x_wconf 89' lang='lat' dir='ltr'>utilitas</span> <span class='ocrx_word' id='word_1_438' title='bbox 1752 4422 1863 4463; x_wconf 91' lang='lat' dir='ltr'>non</span> <span class='ocrx_word' id='word_1_439' title='bbox 1888 4414 2015 4462; x_wconf 89' lang='lat' dir='ltr'>sunt</span> 
     </span>
    </p>
   </div>
   <div class='ocr_carea' id='block_1_47' title="bbox 413 4491 787 4563">
    <p class='ocr_par' dir='ltr' id='par_1_47' title="bbox 413 4491 787 4563">
     <span class='ocr_line' id='line_1_47' title="bbox 413 4491 787 4563; baseline 0.005 -17"><span class='ocrx_word' id='word_1_440' title='bbox 413 4491 787 4563; x_wconf 70' lang='lat' dir='ltr'>repudiandae,</span> 
     </span>
    </p>
   </div>
   <div class='ocr_carea' id='block_1_48' title="bbox 484 4582 2013 4655">
    <p class='ocr_par' dir='ltr' id='par_1_48' title="bbox 484 4582 2013 4655">
     <span class='ocr_line' id='line_1_48' title="bbox 484 4582 2013 4655; baseline 0.001 -18"><span class='ocrx_word' id='word_1_441' title='bbox 484 4582 646 4637; x_wconf 91' lang='lat' dir='ltr'>Num.</span> <span class='ocrx_word' id='word_1_442' title='bbox 683 4582 733 4635; x_wconf 75' lang='grc'><strong>4.</strong></span> <span class='ocrx_word' id='word_1_443' title='bbox 765 4583 887 4636; x_wconf 76' lang='lat' dir='ltr'>Haec</span> <span class='ocrx_word' id='word_1_444' title='bbox 912 4582 1227 4654; x_wconf 86' lang='lat' dir='ltr'>quicunque</span> <span class='ocrx_word' id='word_1_445' title='bbox 1260 4584 1475 4654; x_wconf 85' lang='lat' dir='ltr'>legerit,</span> <span class='ocrx_word' id='word_1_446' title='bbox 1527 4591 1630 4639; x_wconf 91' lang='lat' dir='ltr'>etc.</span> <span class='ocrx_word' id='word_1_447' title='bbox 1664 4583 1763 4639; x_wconf 89' lang='lat' dir='ltr'>Hic</span> <span class='ocrx_word' id='word_1_448' title='bbox 1819 4585 2013 4655; x_wconf 89' lang='lat' dir='ltr'>repetit</span> 
     </span>
    </p>
   </div>
   <div class='ocr_carea' id='block_1_49' title="bbox 413 4668 2008 4744">
    <p class='ocr_par' dir='ltr' id='par_1_49' title="bbox 413 4668 2008 4744">
     <span class='ocr_line' id='line_1_49' title="bbox 413 4668 2008 4744; baseline 0.001 -17"><span class='ocrx_word' id='word_1_449' title='bbox 413 4668 555 4727; x_wconf 89' lang='lat' dir='ltr'>circa</span> <span class='ocrx_word' id='word_1_450' title='bbox 584 4668 777 4725; x_wconf 88' lang='lat' dir='ltr'>fratres</span> <span class='ocrx_word' id='word_1_451' title='bbox 807 4670 950 4740; x_wconf 92' lang='lat' dir='ltr'>quod</span> <span class='ocrx_word' id='word_1_452' title='bbox 974 4670 1089 4738; x_wconf 88' lang='lat' dir='ltr'>jam</span> <span class='ocrx_word' id='word_1_453' title='bbox 1118 4671 1328 4725; x_wconf 88' lang='lat' dir='ltr'>dixerat</span> <span class='ocrx_word' id='word_1_454' title='bbox 1356 4672 1502 4727; x_wconf 92' lang='lat' dir='ltr'>circa</span> <span class='ocrx_word' id='word_1_455' title='bbox 1522 4674 1836 4740; x_wconf 84' lang='lat' dir='ltr'>monachos,</span> <span class='ocrx_word' id='word_1_456' title='bbox 1886 4689 2008 4744; x_wconf 90' lang='lat' dir='ltr'>cap.</span> 
     </span>
    </p>
   </div>
   <div class='ocr_carea' id='block_1_50' title="bbox 412 4758 2013 4817">
    <p class='ocr_par' dir='ltr' id='par_1_50' title="bbox 412 4758 2013 4817">
     <span class='ocr_line' id='line_1_50' title="bbox 412 4758 2013 4817; baseline 0.001 -2"><span class='ocrx_word' id='word_1_457' title='bbox 412 4762 501 4815; x_wconf 73' lang='lat'>28.</span> <span class='ocrx_word' id='word_1_458' title='bbox 564 4759 779 4815; x_wconf 90' lang='lat' dir='ltr'>Sciebat</span> <span class='ocrx_word' id='word_1_459' title='bbox 826 4758 969 4813; x_wconf 90' lang='lat' dir='ltr'>enim</span> <span class='ocrx_word' id='word_1_460' title='bbox 1026 4759 1110 4814; x_wconf 88' lang='lat' dir='ltr'>vir</span> <span class='ocrx_word' id='word_1_461' title='bbox 1143 4766 1361 4813; x_wconf 88' lang='lat' dir='ltr'>sanctus</span> <span class='ocrx_word' id='word_1_462' title='bbox 1418 4761 1679 4815; x_wconf 89' lang='lat' dir='ltr'>mundum</span> <span class='ocrx_word' id='word_1_463' title='bbox 1736 4762 2013 4817; x_wconf 89' lang='lat' dir='ltr'>abundare</span> 
     </span>
    </p>
   </div>
   <div class='ocr_carea' id='block_1_51' title="bbox 415 4846 2013 4920">
    <p class='ocr_par' dir='ltr' id='par_1_51' title="bbox 415 4846 2013 4920">
     <span class='ocr_line' id='line_1_51' title="bbox 415 4846 2013 4920; baseline 0.002 -18"><span class='ocrx_word' id='word_1_464' title='bbox 415 4848 735 4903; x_wconf 89' lang='lat' dir='ltr'>censoribus</span> <span class='ocrx_word' id='word_1_465' title='bbox 764 4846 1093 4913; x_wconf 90' lang='lat' dir='ltr'>indiscretis,</span> <span class='ocrx_word' id='word_1_466' title='bbox 1126 4848 1217 4918; x_wconf 92' lang='lat' dir='ltr'>qui</span> <span class='ocrx_word' id='word_1_467' title='bbox 1247 4848 1457 4918; x_wconf 91' lang='lat' dir='ltr'>seipsos</span> <span class='ocrx_word' id='word_1_468' title='bbox 1485 4848 1850 4920; x_wconf 85' lang='lat' dir='ltr'>negligentes,</span> <span class='ocrx_word' id='word_1_469' title='bbox 1868 4851 2013 4919; x_wconf 88' lang='lat' dir='ltr'>judi-</span> 
     </span>
    </p>
   </div>
   <div class='ocr_carea' id='block_1_52' title="bbox 412 4936 2013 5007">
    <p class='ocr_par' dir='ltr' id='par_1_52' title="bbox 412 4936 2013 5007">
     <span class='ocr_line' id='line_1_52' title="bbox 412 4936 2013 5007; baseline 0.001 -15"><span class='ocrx_word' id='word_1_470' title='bbox 412 4936 509 4992; x_wconf 90' lang='lat' dir='ltr'>ciis</span> <span class='ocrx_word' id='word_1_471' title='bbox 539 4936 908 5003; x_wconf 89' lang='lat' dir='ltr'>nihilominus,</span> <span class='ocrx_word' id='word_1_472' title='bbox 941 4936 1207 5001; x_wconf 91' lang='lat' dir='ltr'>censuris,</span> <span class='ocrx_word' id='word_1_473' title='bbox 1246 4944 1405 5007; x_wconf 90' lang='lat' dir='ltr'>atque</span> <span class='ocrx_word' id='word_1_474' title='bbox 1462 4937 1615 4993; x_wconf 88' lang='lat' dir='ltr'>factis</span> <span class='ocrx_word' id='word_1_475' title='bbox 1669 4938 1895 4993; x_wconf 89' lang='lat' dir='ltr'>aliorum</span> <span class='ocrx_word' id='word_1_476' title='bbox 1924 4938 2013 4993; x_wconf 89' lang='lat' dir='ltr'>in-</span> 
     </span>
    </p>
   </div>
   <div class='ocr_carea' id='block_1_53' title="bbox 416 5023 2013 5097">
    <p class='ocr_par' dir='ltr' id='par_1_53' title="bbox 416 5023 2013 5097">
     <span class='ocr_line' id='line_1_53' title="bbox 416 5023 2013 5097; baseline 0.003 -19"><span class='ocrx_word' id='word_1_477' title='bbox 416 5024 827 5079; x_wconf 89' lang='lat' dir='ltr'>discriminatim</span> <span class='ocrx_word' id='word_1_478' title='bbox 874 5023 1192 5095; x_wconf 85' lang='lat' dir='ltr'>arguendis,</span> <span class='ocrx_word' id='word_1_479' title='bbox 1238 5023 1355 5079; x_wconf 87' lang='lat' dir='ltr'>fere</span> <span class='ocrx_word' id='word_1_480' title='bbox 1411 5032 1582 5080; x_wconf 92' lang='lat' dir='ltr'>totum</span> <span class='ocrx_word' id='word_1_481' title='bbox 1637 5026 1759 5081; x_wconf 64' lang='lat' dir='ltr'>vita:</span> <span class='ocrx_word' id='word_1_482' title='bbox 1802 5036 2013 5097; x_wconf 90' lang='lat' dir='ltr'>tempus</span> 
     </span>
    </p>
   </div>
   <div class='ocr_carea' id='block_1_54' title="bbox 413 5111 2017 5185">
    <p class='ocr_par' dir='ltr' id='par_1_54' title="bbox 413 5111 2017 5185">
     <span class='ocr_line' id='line_1_54' title="bbox 413 5111 2017 5185; baseline 0.003 -19"><span class='ocrx_word' id='word_1_483' title='bbox 413 5112 750 5182; x_wconf 89' lang='lat' dir='ltr'>impendunt,</span> <span class='ocrx_word' id='word_1_484' title='bbox 796 5121 849 5167; x_wconf 91' lang='lat' dir='ltr'>et</span> <span class='ocrx_word' id='word_1_485' title='bbox 876 5129 945 5167; x_wconf 91' lang='lat' dir='ltr'>ne</span> <span class='ocrx_word' id='word_1_486' title='bbox 974 5112 1099 5167; x_wconf 92' lang='lat' dir='ltr'>inde</span> <span class='ocrx_word' id='word_1_487' title='bbox 1156 5111 1329 5168; x_wconf 89' lang='lat' dir='ltr'>nostri</span> <span class='ocrx_word' id='word_1_488' title='bbox 1384 5114 1451 5168; x_wconf 89' lang='lat' dir='ltr'>ad</span> <span class='ocrx_word' id='word_1_489' title='bbox 1496 5114 1781 5185; x_wconf 90' lang='lat' dir='ltr'>scrupulos</span> <span class='ocrx_word' id='word_1_490' title='bbox 1839 5132 2017 5171; x_wconf 88' lang='lat' dir='ltr'>move-</span> 
     </span>
    </p>
   </div>
   <div class='ocr_carea' id='block_1_55' title="bbox 413 5201 2012 5274">
    <p class='ocr_par' dir='ltr' id='par_1_55' title="bbox 413 5201 2012 5274">
     <span class='ocr_line' id='line_1_55' title="bbox 413 5201 2012 5274; baseline 0.002 -20"><span class='ocrx_word' id='word_1_491' title='bbox 413 5207 596 5256; x_wconf 90' lang='lat' dir='ltr'>rentur</span> <span class='ocrx_word' id='word_1_492' title='bbox 622 5201 885 5269; x_wconf 69' lang='lat' dir='ltr'>prtnvenit</span> <span class='ocrx_word' id='word_1_493' title='bbox 915 5216 1028 5265; x_wconf 92' lang='lat' dir='ltr'>eos,</span> <span class='ocrx_word' id='word_1_494' title='bbox 1063 5209 1116 5254; x_wconf 89' lang='lat' dir='ltr'>et</span> <span class='ocrx_word' id='word_1_495' title='bbox 1145 5201 1218 5255; x_wconf 91' lang='lat' dir='ltr'>ita</span> <span class='ocrx_word' id='word_1_496' title='bbox 1248 5201 1336 5257; x_wconf 90' lang='lat' dir='ltr'>hic</span> <span class='ocrx_word' id='word_1_497' title='bbox 1367 5217 1432 5256; x_wconf 89' lang='lat' dir='ltr'>ex</span> <span class='ocrx_word' id='word_1_498' title='bbox 1460 5202 1710 5273; x_wconf 90' lang='lat' dir='ltr'>professo</span> <span class='ocrx_word' id='word_1_499' title='bbox 1756 5203 2012 5274; x_wconf 89' lang='lat' dir='ltr'>loquitur.</span> 
     </span>
    </p>
   </div>
   <div class='ocr_carea' id='block_1_56' title="bbox 488 5288 2017 5362">
    <p class='ocr_par' dir='ltr' id='par_1_56' title="bbox 488 5288 2017 5362">
     <span class='ocr_line' id='line_1_56' title="bbox 488 5288 2017 5362; baseline 0.003 -20"><span class='ocrx_word' id='word_1_500' title='bbox 488 5289 681 5342; x_wconf 92' lang='lat' dir='ltr'>Totum</span> <span class='ocrx_word' id='word_1_501' title='bbox 710 5288 814 5342; x_wconf 90' lang='lat' dir='ltr'>hoc</span> <span class='ocrx_word' id='word_1_502' title='bbox 842 5288 1135 5358; x_wconf 88' lang='lat' dir='ltr'>capitulum</span> <span class='ocrx_word' id='word_1_503' title='bbox 1187 5289 1418 5344; x_wconf 89' lang='lat' dir='ltr'>relatum</span> <span class='ocrx_word' id='word_1_504' title='bbox 1448 5292 1620 5345; x_wconf 89' lang='lat' dir='ltr'>habes</span> <span class='ocrx_word' id='word_1_505' title='bbox 1676 5292 1732 5344; x_wconf 92' lang='lat' dir='ltr'>in</span> <span class='ocrx_word' id='word_1_506' title='bbox 1785 5291 2017 5362; x_wconf 89' lang='lat' dir='ltr'>antiquis</span> 
     </span>
    </p>
   </div>
   <div class='ocr_carea' id='block_1_57' title="bbox 417 5376 1633 5447">
    <p class='ocr_par' dir='ltr' id='par_1_57' title="bbox 417 5376 1633 5447">
     <span class='ocr_line' id='line_1_57' title="bbox 417 5376 1633 5447; baseline 0.001 -15"><span class='ocrx_word' id='word_1_507' title='bbox 417 5376 658 5443; x_wconf 88' lang='lat' dir='ltr'>Statutis,</span> <span class='ocrx_word' id='word_1_508' title='bbox 691 5384 830 5447; x_wconf 90' lang='lat' dir='ltr'>part.</span> <span class='ocrx_word' id='word_1_509' title='bbox 865 5391 946 5430; x_wconf 82' lang='grc' dir='ltr'>ιη.</span> <span class='ocrx_word' id='word_1_510' title='bbox 979 5392 1098 5446; x_wconf 92' lang='lat' dir='ltr'>cap.</span> <span class='ocrx_word' id='word_1_511' title='bbox 1131 5380 1221 5443; x_wconf 79' lang='grc'>23,</span> <span class='ocrx_word' id='word_1_512' title='bbox 1254 5394 1309 5431; x_wconf 92' lang='lat' dir='ltr'>n.</span> <span class='ocrx_word' id='word_1_513' title='bbox 1345 5383 1395 5445; x_wconf 89' lang='grc'><strong>1,</strong></span> <span class='ocrx_word' id='word_1_514' title='bbox 1428 5381 1459 5433; x_wconf 85' lang='grc'>4</span> <span class='ocrx_word' id='word_1_515' title='bbox 1487 5386 1541 5433; x_wconf 88' lang='lat' dir='ltr'>et</span> <span class='ocrx_word' id='word_1_516' title='bbox 1581 5383 1633 5433; x_wconf 82' lang='grc'><strong>5.</strong></span> 
     </span>
    </p>
   </div>
   <div class='ocr_carea' id='block_1_58' title="bbox 487 5464 2021 5541">
    <p class='ocr_par' dir='ltr' id='par_1_58' title="bbox 487 5464 2021 5541">
     <span class='ocr_line' id='line_1_58' title="bbox 487 5464 2021 5541; baseline 0.003 -20"><span class='ocrx_word' id='word_1_517' title='bbox 487 5465 618 5521; x_wconf 77' lang='lat' dir='ltr'>CAP.</span> <span class='ocrx_word' id='word_1_518' title='bbox 652 5465 835 5522; x_wconf 86' lang='lat' dir='ltr'><strong>LVIII.</strong></span> <span class='ocrx_word' id='word_1_519' title='bbox 854 5494 924 5506; x_wconf 92' lang='lat'>—</span> <span class='ocrx_word' id='word_1_520' title='bbox 952 5464 1117 5522; x_wconf 90' lang='lat' dir='ltr'>Num.</span> <span class='ocrx_word' id='word_1_521' title='bbox 1152 5468 1203 5519; x_wconf 93' lang='grc'>1.</span> <span class='ocrx_word' id='word_1_522' title='bbox 1238 5468 1375 5524; x_wconf 84' lang='lat' dir='ltr'>Cum</span> <span class='ocrx_word' id='word_1_523' title='bbox 1396 5467 1485 5523; x_wconf 80' lang='lat' dir='ltr'>his</span> <span class='ocrx_word' id='word_1_524' title='bbox 1503 5468 1601 5539; x_wconf 83' lang='lat' dir='ltr'>qui</span> <span class='ocrx_word' id='word_1_525' title='bbox 1627 5468 1822 5525; x_wconf 69' lang='lat' dir='ltr'>domu:</span> <span class='ocrx_word' id='word_1_526' title='bbox 1853 5468 2021 5541; x_wconf 80' lang='lat' dir='ltr'>hujus</span> 
     </span>
    </p>
   </div>
   <div class='ocr_carea' id='block_1_59' title="bbox 2109 2992 3727 3065">
    <p class='ocr_par' dir='ltr' id='par_1_59' title="bbox 2109 2992 3727 3065">
     <span class='ocr_line' id='line_1_59' title="bbox 2109 2992 3727 3065; baseline 0 -19"><span class='ocrx_word' id='word_1_527' title='bbox 2109 2994 2220 3062; x_wconf 85' lang='lat' dir='ltr'>jam</span> <span class='ocrx_word' id='word_1_528' title='bbox 2253 2993 2385 3047; x_wconf 87' lang='lat' dir='ltr'>dixit</span> <span class='ocrx_word' id='word_1_529' title='bbox 2425 3009 2522 3064; x_wconf 92' lang='lat' dir='ltr'>pro</span> <span class='ocrx_word' id='word_1_530' title='bbox 2581 2994 2864 3049; x_wconf 88' lang='lat' dir='ltr'>monachis</span> <span class='ocrx_word' id='word_1_531' title='bbox 2921 2994 2986 3048; x_wconf 85' lang='lat' dir='ltr'><strong>R.</strong></span> <span class='ocrx_word' id='word_1_532' title='bbox 3024 2995 3081 3047; x_wconf 89' lang='grc' dir='ltr'><strong>Ρ.</strong></span> <span class='ocrx_word' id='word_1_533' title='bbox 3119 2993 3319 3065; x_wconf 89' lang='lat' dir='ltr'>Guigo,</span> <span class='ocrx_word' id='word_1_534' title='bbox 3372 3008 3487 3062; x_wconf 86' lang='lat' dir='ltr'>cap.</span> <span class='ocrx_word' id='word_1_535' title='bbox 3520 2997 3575 3046; x_wconf 86' lang='lat'>3.</span> <span class='ocrx_word' id='word_1_536' title='bbox 3635 2992 3727 3046; x_wconf 79' lang='lat' dir='ltr'>Ad</span> 
     </span>
    </p>
   </div>
   <div class='ocr_carea' id='block_1_60' title="bbox 2116 3081 3727 3153">
    <p class='ocr_par' dir='ltr' id='par_1_60' title="bbox 2116 3081 3727 3153">
     <span class='ocr_line' id='line_1_60' title="bbox 2116 3081 3727 3153; baseline -0.001 -15"><span class='ocrx_word' id='word_1_537' title='bbox 2116 3098 2440 3138; x_wconf 88' lang='lat' dir='ltr'>conversum</span> <span class='ocrx_word' id='word_1_538' title='bbox 2470 3098 2581 3137; x_wconf 90' lang='lat' dir='ltr'>non</span> <span class='ocrx_word' id='word_1_539' title='bbox 2609 3082 2843 3152; x_wconf 87' lang='lat' dir='ltr'>pertinet</span> <span class='ocrx_word' id='word_1_540' title='bbox 2868 3097 3111 3153; x_wconf 63' lang='lat' dir='ltr'>quaerere</span> <span class='ocrx_word' id='word_1_541' title='bbox 3140 3081 3405 3137; x_wconf 88' lang='lat' dir='ltr'>licentiam</span> <span class='ocrx_word' id='word_1_542' title='bbox 3447 3081 3589 3135; x_wconf 90' lang='lat' dir='ltr'>sicut</span> <span class='ocrx_word' id='word_1_543' title='bbox 3618 3096 3727 3136; x_wconf 89' lang='lat' dir='ltr'>nec</span> 
     </span>
    </p>
   </div>
   <div class='ocr_carea' id='block_1_61' title="bbox 2116 3168 3727 3241">
    <p class='ocr_par' dir='ltr' id='par_1_61' title="bbox 2116 3168 3727 3241">
     <span class='ocr_line' id='line_1_61' title="bbox 2116 3168 3727 3241; baseline -0.002 -16"><span class='ocrx_word' id='word_1_544' title='bbox 2116 3170 2187 3225; x_wconf 90' lang='lat' dir='ltr'>ad</span> <span class='ocrx_word' id='word_1_545' title='bbox 2207 3172 2551 3237; x_wconf 89' lang='lat' dir='ltr'>monachum,</span> <span class='ocrx_word' id='word_1_546' title='bbox 2586 3178 2643 3225; x_wconf 89' lang='lat' dir='ltr'>ut</span> <span class='ocrx_word' id='word_1_547' title='bbox 2671 3171 2921 3241; x_wconf 90' lang='lat' dir='ltr'>loquatur</span> <span class='ocrx_word' id='word_1_548' title='bbox 2950 3171 3113 3224; x_wconf 89' lang='lat' dir='ltr'>etiam</span> <span class='ocrx_word' id='word_1_549' title='bbox 3141 3186 3263 3225; x_wconf 90' lang='lat' dir='ltr'>cum</span> <span class='ocrx_word' id='word_1_550' title='bbox 3312 3184 3581 3240; x_wconf 86' lang='lat' dir='ltr'>germano</span> <span class='ocrx_word' id='word_1_551' title='bbox 3609 3168 3727 3222; x_wconf 84' lang='lat' dir='ltr'>fra-</span> 
     </span>
    </p>
   </div>
   <div class='ocr_carea' id='block_1_62' title="bbox 2118 3257 3723 3329">
    <p class='ocr_par' dir='ltr' id='par_1_62' title="bbox 2118 3257 3723 3329">
     <span class='ocr_line' id='line_1_62' title="bbox 2118 3257 3723 3329; baseline -0.002 -16"><span class='ocrx_word' id='word_1_552' title='bbox 2118 3266 2199 3313; x_wconf 83' lang='lat' dir='ltr'>tre</span> <span class='ocrx_word' id='word_1_553' title='bbox 2233 3276 2246 3324; x_wconf 85' lang='lat'><strong>;</strong></span> <span class='ocrx_word' id='word_1_554' title='bbox 2280 3259 2377 3314; x_wconf 89' lang='lat' dir='ltr'>sed</span> <span class='ocrx_word' id='word_1_555' title='bbox 2405 3259 2756 3315; x_wconf 89' lang='lat' dir='ltr'>nihilominus</span> <span class='ocrx_word' id='word_1_556' title='bbox 2777 3266 2888 3313; x_wconf 86' lang='lat' dir='ltr'>tum</span> <span class='ocrx_word' id='word_1_557' title='bbox 2918 3275 3216 3329; x_wconf 88' lang='lat' dir='ltr'>germanus</span> <span class='ocrx_word' id='word_1_558' title='bbox 3256 3258 3444 3322; x_wconf 84' lang='lat' dir='ltr'>frater,</span> <span class='ocrx_word' id='word_1_559' title='bbox 3484 3266 3598 3310; x_wconf 92' lang='lat' dir='ltr'>tum</span> <span class='ocrx_word' id='word_1_560' title='bbox 3628 3257 3723 3310; x_wconf 85' lang='lat' dir='ltr'>alii</span> 
     </span>
    </p>
   </div>
   <div class='ocr_carea' id='block_1_63' title="bbox 2115 3346 3723 3417">
    <p class='ocr_par' dir='ltr' id='par_1_63' title="bbox 2115 3346 3723 3417">
     <span class='ocr_line' id='line_1_63' title="bbox 2115 3346 3723 3417; baseline -0.002 -15"><span class='ocrx_word' id='word_1_561' title='bbox 2115 3356 2344 3417; x_wconf 89' lang='lat' dir='ltr'>possunt</span> <span class='ocrx_word' id='word_1_562' title='bbox 2370 3347 2644 3403; x_wconf 90' lang='lat' dir='ltr'>licentiam</span> <span class='ocrx_word' id='word_1_563' title='bbox 2676 3347 2823 3402; x_wconf 90' lang='lat' dir='ltr'>illam</span> <span class='ocrx_word' id='word_1_564' title='bbox 2870 3355 3056 3417; x_wconf 88' lang='lat' dir='ltr'>petere</span> <span class='ocrx_word' id='word_1_565' title='bbox 3090 3363 3122 3401; x_wconf 93' lang='lat' dir='ltr'>a</span> <span class='ocrx_word' id='word_1_566' title='bbox 3151 3346 3475 3417; x_wconf 58' lang='lat' dir='ltr'>praesidente</span> <span class='ocrx_word' id='word_1_567' title='bbox 3534 3354 3589 3400; x_wconf 90' lang='lat' dir='ltr'>et</span> <span class='ocrx_word' id='word_1_568' title='bbox 3614 3346 3723 3399; x_wconf 87' lang='lat' dir='ltr'>ob-</span> 
     </span>
    </p>
   </div>
   <div class='ocr_carea' id='block_1_64' title="bbox 2116 3434 3723 3507">
    <p class='ocr_par' dir='ltr' id='par_1_64' title="bbox 2116 3434 3723 3507">
     <span class='ocr_line' id='line_1_64' title="bbox 2116 3434 3723 3507; baseline -0.001 -18"><span class='ocrx_word' id='word_1_569' title='bbox 2116 3435 2309 3503; x_wconf 92' lang='lat' dir='ltr'>tinere,</span> <span class='ocrx_word' id='word_1_570' title='bbox 2340 3444 2498 3507; x_wconf 93' lang='lat' dir='ltr'>prout</span> <span class='ocrx_word' id='word_1_571' title='bbox 2528 3453 2593 3492; x_wconf 85' lang='lat' dir='ltr'>ex</span> <span class='ocrx_word' id='word_1_572' title='bbox 2624 3452 2742 3507; x_wconf 90' lang='lat' dir='ltr'>cap.</span> <span class='ocrx_word' id='word_1_573' title='bbox 2777 3440 2843 3490; x_wconf 91' lang='grc'><strong>10</strong></span> <span class='ocrx_word' id='word_1_574' title='bbox 2874 3444 2926 3491; x_wconf 93' lang='lat' dir='ltr'>et</span> <span class='ocrx_word' id='word_1_575' title='bbox 2941 3439 3008 3491; x_wconf 88' lang='lat'>30</span> <span class='ocrx_word' id='word_1_576' title='bbox 3037 3435 3318 3491; x_wconf 90' lang='lat' dir='ltr'>evidenter</span> <span class='ocrx_word' id='word_1_577' title='bbox 3342 3442 3571 3489; x_wconf 90' lang='lat' dir='ltr'>constat.</span> <span class='ocrx_word' id='word_1_578' title='bbox 3593 3434 3723 3488; x_wconf 86' lang='lat' dir='ltr'>Non</span> 
     </span>
    </p>
   </div>
   <div class='ocr_carea' id='block_1_65' title="bbox 2118 3523 3722 3597">
    <p class='ocr_par' dir='ltr' id='par_1_65' title="bbox 2118 3523 3722 3597">
     <span class='ocr_line' id='line_1_65' title="bbox 2118 3523 3722 3597; baseline -0.002 -19"><span class='ocrx_word' id='word_1_579' title='bbox 2118 3524 2197 3581; x_wconf 90' lang='lat' dir='ltr'>sic</span> <span class='ocrx_word' id='word_1_580' title='bbox 2227 3525 2295 3580; x_wconf 94' lang='lat' dir='ltr'>de</span> <span class='ocrx_word' id='word_1_581' title='bbox 2326 3526 2412 3580; x_wconf 89' lang='lat' dir='ltr'>his</span> <span class='ocrx_word' id='word_1_582' title='bbox 2440 3525 2531 3597; x_wconf 90' lang='lat' dir='ltr'>qui</span> <span class='ocrx_word' id='word_1_583' title='bbox 2574 3525 2769 3580; x_wconf 89' lang='lat' dir='ltr'>domus</span> <span class='ocrx_word' id='word_1_584' title='bbox 2823 3534 2946 3579; x_wconf 91' lang='lat' dir='ltr'>sunt</span> <span class='ocrx_word' id='word_1_585' title='bbox 2978 3543 2992 3579; x_wconf 89' lang='lat'>:</span> <span class='ocrx_word' id='word_1_586' title='bbox 3025 3540 3149 3579; x_wconf 88' lang='lat' dir='ltr'>nam</span> <span class='ocrx_word' id='word_1_587' title='bbox 3200 3523 3471 3579; x_wconf 80' lang='lat' dir='ltr'>licentiam</span> <span class='ocrx_word' id='word_1_588' title='bbox 3526 3530 3722 3592; x_wconf 88' lang='lat' dir='ltr'>petere</span> 
     </span>
    </p>
   </div>
   <div class='ocr_carea' id='block_1_66' title="bbox 2116 3609 3718 3685">
    <p class='ocr_par' dir='ltr' id='par_1_66' title="bbox 2116 3609 3718 3685">
     <span class='ocr_line' id='line_1_66' title="bbox 2116 3609 3718 3685; baseline -0.003 -17"><span class='ocrx_word' id='word_1_589' title='bbox 2116 3629 2242 3668; x_wconf 90' lang='lat' dir='ltr'>cum</span> <span class='ocrx_word' id='word_1_590' title='bbox 2272 3614 2356 3667; x_wconf 86' lang='lat' dir='ltr'>his</span> <span class='ocrx_word' id='word_1_591' title='bbox 2386 3613 2752 3685; x_wconf 91' lang='lat' dir='ltr'>colloquendi,</span> <span class='ocrx_word' id='word_1_592' title='bbox 2801 3629 2904 3669; x_wconf 90' lang='lat' dir='ltr'>nec</span> <span class='ocrx_word' id='word_1_593' title='bbox 2955 3613 3041 3669; x_wconf 90' lang='lat' dir='ltr'>hic</span> <span class='ocrx_word' id='word_1_594' title='bbox 3083 3627 3187 3668; x_wconf 89' lang='lat' dir='ltr'>nec</span> <span class='ocrx_word' id='word_1_595' title='bbox 3214 3611 3339 3666; x_wconf 92' lang='lat' dir='ltr'>alibi</span> <span class='ocrx_word' id='word_1_596' title='bbox 3380 3609 3718 3682; x_wconf 88' lang='lat' dir='ltr'>prohibitum</span> 
     </span>
    </p>
   </div>
   <div class='ocr_carea' id='block_1_67' title="bbox 2119 3702 2655 3774">
    <p class='ocr_par' dir='ltr' id='par_1_67' title="bbox 2119 3702 2655 3774">
     <span class='ocr_line' id='line_1_67' title="bbox 2119 3702 2655 3774; baseline -0.002 -17"><span class='ocrx_word' id='word_1_597' title='bbox 2119 3718 2244 3757; x_wconf 90' lang='lat' dir='ltr'>esse</span> <span class='ocrx_word' id='word_1_598' title='bbox 2274 3702 2655 3774; x_wconf 88' lang='lat' dir='ltr'>comperimus.</span> 
     </span>
    </p>
   </div>
   <div class='ocr_carea' id='block_1_68' title="bbox 2187 3789 3717 3861">
    <p class='ocr_par' dir='ltr' id='par_1_68' title="bbox 2187 3789 3717 3861">
     <span class='ocr_line' id='line_1_68' title="bbox 2187 3789 3717 3861; baseline -0.002 -15"><span class='ocrx_word' id='word_1_599' title='bbox 2187 3792 2348 3846; x_wconf 90' lang='lat' dir='ltr'>Num.</span> <span class='ocrx_word' id='word_1_600' title='bbox 2364 3796 2416 3846; x_wconf 91' lang='lat'>3.</span> <span class='ocrx_word' id='word_1_601' title='bbox 2440 3792 2707 3847; x_wconf 79' lang='lat' dir='ltr'>Accusati</span> <span class='ocrx_word' id='word_1_602' title='bbox 2734 3792 2860 3848; x_wconf 82' lang='lat' dir='ltr'>sine</span> <span class='ocrx_word' id='word_1_603' title='bbox 2874 3806 3052 3858; x_wconf 85' lang='lat' dir='ltr'>mora,</span> <span class='ocrx_word' id='word_1_604' title='bbox 3076 3798 3181 3845; x_wconf 88' lang='lat' dir='ltr'>etc.</span> <span class='ocrx_word' id='word_1_605' title='bbox 3214 3789 3717 3861; x_wconf 72' lang='lat' dir='ltr'>Reprehensorem,</span> 
     </span>
    </p>
   </div>
   <div class='ocr_carea' id='block_1_69' title="bbox 2118 3876 3717 3941">
    <p class='ocr_par' dir='ltr' id='par_1_69' title="bbox 2118 3876 3717 3941">
     <span class='ocr_line' id='line_1_69' title="bbox 2118 3876 3717 3941; baseline -0.003 -6"><span class='ocrx_word' id='word_1_606' title='bbox 2118 3887 2224 3935; x_wconf 90' lang='lat' dir='ltr'>etc.</span> <span class='ocrx_word' id='word_1_607' title='bbox 2284 3880 2382 3935; x_wconf 90' lang='lat' dir='ltr'>Hic</span> <span class='ocrx_word' id='word_1_608' title='bbox 2422 3878 2652 3934; x_wconf 89' lang='lat' dir='ltr'>formam</span> <span class='ocrx_word' id='word_1_609' title='bbox 2700 3879 2963 3933; x_wconf 89' lang='lat' dir='ltr'>habemus</span> <span class='ocrx_word' id='word_1_610' title='bbox 3006 3876 3434 3933; x_wconf 85' lang='lat' dir='ltr'>mortiﬁcationis</span> <span class='ocrx_word' id='word_1_611' title='bbox 3486 3876 3717 3941; x_wconf 76' lang='lat' dir='ltr'>intimae,</span> 
     </span>
    </p>
   </div>
   <div class='ocr_carea' id='block_1_70' title="bbox 2118 3966 3720 4039">
    <p class='ocr_par' dir='ltr' id='par_1_70' title="bbox 2118 3966 3720 4039">
     <span class='ocr_line' id='line_1_70' title="bbox 2118 3966 3720 4039; baseline -0.003 -16"><span class='ocrx_word' id='word_1_612' title='bbox 2118 3984 2283 4039; x_wconf 89' lang='lat' dir='ltr'>quam</span> <span class='ocrx_word' id='word_1_613' title='bbox 2312 3967 2705 4039; x_wconf 82' lang='lat' dir='ltr'>profitebantur</span> <span class='ocrx_word' id='word_1_614' title='bbox 2731 3968 2892 4038; x_wconf 90' lang='lat' dir='ltr'>primi</span> <span class='ocrx_word' id='word_1_615' title='bbox 2919 3968 3104 4022; x_wconf 88' lang='lat' dir='ltr'>Patres</span> <span class='ocrx_word' id='word_1_616' title='bbox 3144 3966 3336 4033; x_wconf 89' lang='lat' dir='ltr'>nostri,</span> <span class='ocrx_word' id='word_1_617' title='bbox 3369 3966 3423 4019; x_wconf 90' lang='lat' dir='ltr'>in</span> <span class='ocrx_word' id='word_1_618' title='bbox 3468 3980 3578 4036; x_wconf 90' lang='lat' dir='ltr'>qua</span> <span class='ocrx_word' id='word_1_619' title='bbox 3599 3982 3720 4020; x_wconf 86' lang='lat' dir='ltr'>ser-</span> 
     </span>
    </p>
   </div>
   <div class='ocr_carea' id='block_1_71' title="bbox 2117 4054 3720 4127">
    <p class='ocr_par' dir='ltr' id='par_1_71' title="bbox 2117 4054 3720 4127">
     <span class='ocr_line' id='line_1_71' title="bbox 2117 4054 3720 4127; baseline -0.002 -15"><span class='ocrx_word' id='word_1_620' title='bbox 2117 4057 2294 4112; x_wconf 89' lang='lat' dir='ltr'>vanda</span> <span class='ocrx_word' id='word_1_621' title='bbox 2314 4057 2533 4111; x_wconf 93' lang='lat' dir='ltr'>modum</span> <span class='ocrx_word' id='word_1_622' title='bbox 2564 4072 2673 4112; x_wconf 89' lang='lat' dir='ltr'>non</span> <span class='ocrx_word' id='word_1_623' title='bbox 2730 4057 3074 4127; x_wconf 87' lang='lat' dir='ltr'>apponebant</span> <span class='ocrx_word' id='word_1_624' title='bbox 3106 4055 3245 4111; x_wconf 86' lang='lat' dir='ltr'>sicut</span> <span class='ocrx_word' id='word_1_625' title='bbox 3281 4054 3336 4108; x_wconf 88' lang='lat' dir='ltr'>in</span> <span class='ocrx_word' id='word_1_626' title='bbox 3390 4054 3720 4109; x_wconf 87' lang='lat' dir='ltr'>austeritati-</span> 
     </span>
    </p>
   </div>
   <div class='ocr_carea' id='block_1_72' title="bbox 2116 4143 3719 4216">
    <p class='ocr_par' dir='ltr' id='par_1_72' title="bbox 2116 4143 3719 4216">
     <span class='ocr_line' id='line_1_72' title="bbox 2116 4143 3719 4216; baseline -0.002 -17"><span class='ocrx_word' id='word_1_627' title='bbox 2116 4145 2219 4199; x_wconf 90' lang='lat' dir='ltr'>bus</span> <span class='ocrx_word' id='word_1_628' title='bbox 2247 4144 2620 4216; x_wconf 89' lang='lat' dir='ltr'>corporalibus</span> <span class='ocrx_word' id='word_1_629' title='bbox 2677 4144 2799 4200; x_wconf 89' lang='lat' dir='ltr'>illos</span> <span class='ocrx_word' id='word_1_630' title='bbox 2855 4145 3095 4200; x_wconf 90' lang='lat' dir='ltr'>studiose</span> <span class='ocrx_word' id='word_1_631' title='bbox 3125 4143 3444 4214; x_wconf 87' lang='lat' dir='ltr'>apposuisse</span> <span class='ocrx_word' id='word_1_632' title='bbox 3484 4150 3719 4207; x_wconf 88' lang='lat' dir='ltr'>constat,</span> 
     </span>
    </p>
   </div>
   <div class='ocr_carea' id='block_1_73' title="bbox 2042 4232 3720 4319">
    <p class='ocr_par' dir='ltr' id='par_1_73' title="bbox 2042 4232 3720 4319">
     <span class='ocr_line' id='line_1_73' title="bbox 2042 4232 3720 4319; baseline -0.002 -31"><span class='ocrx_word' id='word_1_633' title='bbox 2042 4259 2092 4319; x_wconf 81' lang='grc' dir='ltr'><strong>Β</strong></span> <span class='ocrx_word' id='word_1_634' title='bbox 2114 4234 2212 4288; x_wconf 93' lang='lat' dir='ltr'>sed</span> <span class='ocrx_word' id='word_1_635' title='bbox 2242 4234 2497 4290; x_wconf 87' lang='lat' dir='ltr'>volebant</span> <span class='ocrx_word' id='word_1_636' title='bbox 2525 4234 2697 4288; x_wconf 90' lang='lat' dir='ltr'>amori</span> <span class='ocrx_word' id='word_1_637' title='bbox 2740 4233 2952 4305; x_wconf 89' lang='lat' dir='ltr'>privato</span> <span class='ocrx_word' id='word_1_638' title='bbox 2982 4233 3037 4288; x_wconf 94' lang='lat' dir='ltr'>in</span> <span class='ocrx_word' id='word_1_639' title='bbox 3093 4232 3533 4288; x_wconf 90' lang='lat' dir='ltr'>excusationibus</span> <span class='ocrx_word' id='word_1_640' title='bbox 3570 4247 3720 4285; x_wconf 88' lang='lat' dir='ltr'>nun-</span> 
     </span>
    </p>
   </div>
   <div class='ocr_carea' id='block_1_74' title="bbox 2114 4318 3719 4393">
    <p class='ocr_par' dir='ltr' id='par_1_74' title="bbox 2114 4318 3719 4393">
     <span class='ocr_line' id='line_1_74' title="bbox 2114 4318 3719 4393; baseline -0.002 -15"><span class='ocrx_word' id='word_1_641' title='bbox 2114 4322 2243 4378; x_wconf 89' lang='lat' dir='ltr'>tium</span> <span class='ocrx_word' id='word_1_642' title='bbox 2273 4322 2519 4377; x_wconf 88' lang='lat' dir='ltr'>absolute</span> <span class='ocrx_word' id='word_1_643' title='bbox 2550 4322 2763 4377; x_wconf 90' lang='lat' dir='ltr'>remitti.</span> <span class='ocrx_word' id='word_1_644' title='bbox 2814 4322 2972 4390; x_wconf 88' lang='lat' dir='ltr'>Quod</span> <span class='ocrx_word' id='word_1_645' title='bbox 3028 4328 3172 4377; x_wconf 91' lang='lat' dir='ltr'>certe</span> <span class='ocrx_word' id='word_1_646' title='bbox 3201 4337 3374 4393; x_wconf 87' lang='lat' dir='ltr'>genus</span> <span class='ocrx_word' id='word_1_647' title='bbox 3419 4318 3719 4375; x_wconf 79' lang='lat' dir='ltr'>mortiﬁca—</span> 
     </span>
    </p>
   </div>
   <div class='ocr_carea' id='block_1_75' title="bbox 2112 4409 3716 4482">
    <p class='ocr_par' dir='ltr' id='par_1_75' title="bbox 2112 4409 3716 4482">
     <span class='ocr_line' id='line_1_75' title="bbox 2112 4409 3716 4482; baseline -0.003 -16"><span class='ocrx_word' id='word_1_648' title='bbox 2112 4411 2273 4467; x_wconf 91' lang='lat' dir='ltr'>tionis</span> <span class='ocrx_word' id='word_1_649' title='bbox 2301 4427 2494 4467; x_wconf 91' lang='lat' dir='ltr'>omnes</span> <span class='ocrx_word' id='word_1_650' title='bbox 2521 4410 2864 4466; x_wconf 88' lang='lat' dir='ltr'>austeritates</span> <span class='ocrx_word' id='word_1_651' title='bbox 2892 4410 3210 4482; x_wconf 88' lang='lat' dir='ltr'>corporales</span> <span class='ocrx_word' id='word_1_652' title='bbox 3251 4409 3417 4480; x_wconf 88' lang='lat' dir='ltr'>longe</span> <span class='ocrx_word' id='word_1_653' title='bbox 3471 4416 3716 4479; x_wconf 87' lang='lat' dir='ltr'>superat,</span> 
     </span>
    </p>
   </div>
   <div class='ocr_carea' id='block_1_76' title="bbox 2112 4499 3719 4568">
    <p class='ocr_par' dir='ltr' id='par_1_76' title="bbox 2112 4499 3719 4568">
     <span class='ocr_line' id='line_1_76' title="bbox 2112 4499 3719 4568; baseline -0.004 -13"><span class='ocrx_word' id='word_1_654' title='bbox 2112 4508 2166 4555; x_wconf 90' lang='lat' dir='ltr'>et</span> <span class='ocrx_word' id='word_1_655' title='bbox 2192 4500 2261 4555; x_wconf 90' lang='lat' dir='ltr'>ad</span> <span class='ocrx_word' id='word_1_656' title='bbox 2290 4500 2527 4555; x_wconf 90' lang='lat' dir='ltr'>studium</span> <span class='ocrx_word' id='word_1_657' title='bbox 2567 4499 2940 4555; x_wconf 79' lang='lat' dir='ltr'>conversionis</span> <span class='ocrx_word' id='word_1_658' title='bbox 2996 4514 3241 4559; x_wconf 89' lang='lat' dir='ltr'>morum.</span> <span class='ocrx_word' id='word_1_659' title='bbox 3274 4499 3344 4553; x_wconf 91' lang='lat' dir='ltr'>de</span> <span class='ocrx_word' id='word_1_660' title='bbox 3373 4513 3476 4568; x_wconf 91' lang='lat' dir='ltr'>qua</span> <span class='ocrx_word' id='word_1_661' title='bbox 3531 4504 3719 4551; x_wconf 87' lang='lat' dir='ltr'>votum</span> 
     </span>
    </p>
   </div>
   <div class='ocr_carea' id='block_1_77' title="bbox 2112 4584 3718 4660">
    <p class='ocr_par' dir='ltr' id='par_1_77' title="bbox 2112 4584 3718 4660">
     <span class='ocr_line' id='line_1_77' title="bbox 2112 4584 3718 4660; baseline -0.004 -16"><span class='ocrx_word' id='word_1_662' title='bbox 2112 4588 2423 4655; x_wconf 89' lang='lat' dir='ltr'>emittimus,</span> <span class='ocrx_word' id='word_1_663' title='bbox 2453 4596 2677 4658; x_wconf 91' lang='lat' dir='ltr'>spectat,</span> <span class='ocrx_word' id='word_1_664' title='bbox 2710 4588 2895 4660; x_wconf 88' lang='lat' dir='ltr'>sicque</span> <span class='ocrx_word' id='word_1_665' title='bbox 2923 4588 2995 4642; x_wconf 92' lang='lat' dir='ltr'>ad</span> <span class='ocrx_word' id='word_1_666' title='bbox 3022 4587 3315 4642; x_wconf 88' lang='lat' dir='ltr'>medullam</span> <span class='ocrx_word' id='word_1_667' title='bbox 3346 4602 3487 4641; x_wconf 73' lang='lat' dir='ltr'>verae</span> <span class='ocrx_word' id='word_1_668' title='bbox 3516 4584 3718 4640; x_wconf 83' lang='lat' dir='ltr'>morti-</span> 
     </span>
    </p>
   </div>
   <div class='ocr_carea' id='block_1_78' title="bbox 2113 4673 3721 4748">
    <p class='ocr_par' dir='ltr' id='par_1_78' title="bbox 2113 4673 3721 4748">
     <span class='ocr_line' id='line_1_78' title="bbox 2113 4673 3721 4748; baseline -0.002 -17"><span class='ocrx_word' id='word_1_669' title='bbox 2113 4675 2379 4732; x_wconf 83' lang='lat' dir='ltr'>ﬁcationis</span> <span class='ocrx_word' id='word_1_670' title='bbox 2407 4684 2460 4731; x_wconf 89' lang='lat' dir='ltr'>et</span> <span class='ocrx_word' id='word_1_671' title='bbox 2492 4676 2574 4730; x_wconf 91' lang='lat' dir='ltr'>sui</span> <span class='ocrx_word' id='word_1_672' title='bbox 2603 4676 2773 4747; x_wconf 91' lang='lat' dir='ltr'>ipsius</span> <span class='ocrx_word' id='word_1_673' title='bbox 2814 4674 3191 4748; x_wconf 85' lang='lat' dir='ltr'>abnegationis</span> <span class='ocrx_word' id='word_1_674' title='bbox 3219 4675 3276 4729; x_wconf 89' lang='lat' dir='ltr'>in</span> <span class='ocrx_word' id='word_1_675' title='bbox 3323 4674 3542 4730; x_wconf 89' lang='lat' dir='ltr'>homine</span> <span class='ocrx_word' id='word_1_676' title='bbox 3572 4673 3721 4727; x_wconf 85' lang='lat' dir='ltr'>inte-</span> 
     </span>
    </p>
   </div>
   <div class='ocr_carea' id='block_1_79' title="bbox 2114 4763 3722 4835">
    <p class='ocr_par' dir='ltr' id='par_1_79' title="bbox 2114 4763 3722 4835">
     <span class='ocr_line' id='line_1_79' title="bbox 2114 4763 3722 4835; baseline -0.002 -16"><span class='ocrx_word' id='word_1_677' title='bbox 2114 4765 2259 4832; x_wconf 92' lang='lat' dir='ltr'>riori,</span> <span class='ocrx_word' id='word_1_678' title='bbox 2294 4765 2387 4819; x_wconf 90' lang='lat' dir='ltr'>ubi</span> <span class='ocrx_word' id='word_1_679' title='bbox 2416 4767 2562 4820; x_wconf 91' lang='lat' dir='ltr'>Deus</span> <span class='ocrx_word' id='word_1_680' title='bbox 2582 4764 2872 4831; x_wconf 90' lang='lat' dir='ltr'>invenitur,</span> <span class='ocrx_word' id='word_1_681' title='bbox 2902 4781 3004 4819; x_wconf 89' lang='lat' dir='ltr'>nos</span> <span class='ocrx_word' id='word_1_682' title='bbox 3033 4764 3279 4835; x_wconf 90' lang='lat' dir='ltr'>aspirare</span> <span class='ocrx_word' id='word_1_683' title='bbox 3310 4763 3511 4818; x_wconf 90' lang='lat' dir='ltr'>debere</span> <span class='ocrx_word' id='word_1_684' title='bbox 3531 4778 3722 4817; x_wconf 82' lang='lat' dir='ltr'>exem-</span> 
     </span>
    </p>
   </div>
   <div class='ocr_carea' id='block_1_80' title="bbox 2114 4850 3721 4924">
    <p class='ocr_par' dir='ltr' id='par_1_80' title="bbox 2114 4850 3721 4924">
     <span class='ocr_line' id='line_1_80' title="bbox 2114 4850 3721 4924; baseline -0.004 -15"><span class='ocrx_word' id='word_1_685' title='bbox 2114 4853 2207 4924; x_wconf 91' lang='lat' dir='ltr'>plo</span> <span class='ocrx_word' id='word_1_686' title='bbox 2252 4852 2345 4908; x_wconf 92' lang='lat' dir='ltr'>illo</span> <span class='ocrx_word' id='word_1_687' title='bbox 2399 4853 2691 4920; x_wconf 90' lang='lat' dir='ltr'>docebant,</span> <span class='ocrx_word' id='word_1_688' title='bbox 2738 4853 2884 4924; x_wconf 88' lang='lat' dir='ltr'>quod</span> <span class='ocrx_word' id='word_1_689' title='bbox 2940 4852 2997 4906; x_wconf 91' lang='lat' dir='ltr'>in</span> <span class='ocrx_word' id='word_1_690' title='bbox 3047 4852 3279 4923; x_wconf 84' lang='lat' dir='ltr'>prologo</span> <span class='ocrx_word' id='word_1_691' title='bbox 3326 4850 3721 4906; x_wconf 86' lang='lat' dir='ltr'>modernorum</span> 
     </span>
    </p>
   </div>
   <div class='ocr_carea' id='block_1_81' title="bbox 2115 4939 3722 5009">
    <p class='ocr_par' dir='ltr' id='par_1_81' title="bbox 2115 4939 3722 5009">
     <span class='ocr_line' id='line_1_81' title="bbox 2115 4939 3722 5009; baseline -0.002 -13"><span class='ocrx_word' id='word_1_692' title='bbox 2115 4950 2454 5007; x_wconf 88' lang='lat' dir='ltr'>statutorum,</span> <span class='ocrx_word' id='word_1_693' title='bbox 2494 4942 2588 4995; x_wconf 91' lang='lat' dir='ltr'>ubi</span> <span class='ocrx_word' id='word_1_694' title='bbox 2615 4942 2685 4996; x_wconf 92' lang='lat' dir='ltr'>de</span> <span class='ocrx_word' id='word_1_695' title='bbox 2712 4942 2828 4997; x_wconf 90' lang='lat' dir='ltr'>Deo</span> <span class='ocrx_word' id='word_1_696' title='bbox 2885 4940 2941 4994; x_wconf 93' lang='lat' dir='ltr'>in</span> <span class='ocrx_word' id='word_1_697' title='bbox 2993 4940 3239 4995; x_wconf 89' lang='lat' dir='ltr'>interiori</span> <span class='ocrx_word' id='word_1_698' title='bbox 3292 4939 3513 4995; x_wconf 88' lang='lat' dir='ltr'>homine</span> <span class='ocrx_word' id='word_1_699' title='bbox 3571 4954 3722 5009; x_wconf 74' lang='lat' dir='ltr'>quae-</span> 
     </span>
    </p>
   </div>
   <div class='ocr_carea' id='block_1_82' title="bbox 2116 5028 3089 5102">
    <p class='ocr_par' dir='ltr' id='par_1_82' title="bbox 2116 5028 3089 5102">
     <span class='ocr_line' id='line_1_82' title="bbox 2116 5028 3089 5102; baseline 0 -19"><span class='ocrx_word' id='word_1_700' title='bbox 2116 5031 2285 5085; x_wconf 92' lang='lat' dir='ltr'>rendo</span> <span class='ocrx_word' id='word_1_701' title='bbox 2316 5030 2511 5102; x_wconf 86' lang='lat' dir='ltr'>agitur,</span> <span class='ocrx_word' id='word_1_702' title='bbox 2544 5029 2748 5084; x_wconf 90' lang='lat' dir='ltr'>diserte</span> <span class='ocrx_word' id='word_1_703' title='bbox 2774 5028 3089 5099; x_wconf 90' lang='lat' dir='ltr'>explicatur.</span> 
     </span>
    </p>
   </div>
   <div class='ocr_carea' id='block_1_83' title="bbox 2188 5116 3715 5188">
    <p class='ocr_par' dir='ltr' id='par_1_83' title="bbox 2188 5116 3715 5188">
     <span class='ocr_line' id='line_1_83' title="bbox 2188 5116 3715 5188; baseline -0.001 -17"><span class='ocrx_word' id='word_1_704' title='bbox 2188 5118 2339 5172; x_wconf 90' lang='lat' dir='ltr'>Idem</span> <span class='ocrx_word' id='word_1_705' title='bbox 2366 5118 2599 5173; x_wconf 89' lang='lat' dir='ltr'>relatum</span> <span class='ocrx_word' id='word_1_706' title='bbox 2655 5117 2901 5174; x_wconf 90' lang='lat' dir='ltr'>invenies</span> <span class='ocrx_word' id='word_1_707' title='bbox 2930 5117 2984 5171; x_wconf 92' lang='lat' dir='ltr'>in</span> <span class='ocrx_word' id='word_1_708' title='bbox 3014 5116 3252 5188; x_wconf 88' lang='lat' dir='ltr'>antiquis</span> <span class='ocrx_word' id='word_1_709' title='bbox 3292 5117 3521 5184; x_wconf 89' lang='lat' dir='ltr'>statutis,</span> <span class='ocrx_word' id='word_1_710' title='bbox 3572 5124 3715 5186; x_wconf 85' lang='lat' dir='ltr'>part.</span> 
     </span>
    </p>
   </div>
   <div class='ocr_carea' id='block_1_84' title="bbox 2118 5205 3723 5276">
    <p class='ocr_par' dir='ltr' id='par_1_84' title="bbox 2118 5205 3723 5276">
     <span class='ocr_line' id='line_1_84' title="bbox 2118 5205 3723 5276; baseline 0.001 -17"><span class='ocrx_word' id='word_1_711' title='bbox 2118 5220 2198 5270; x_wconf 87' lang='lat' dir='ltr'>Ill,</span> <span class='ocrx_word' id='word_1_712' title='bbox 2240 5221 2360 5276; x_wconf 91' lang='lat' dir='ltr'>cap.</span> <span class='ocrx_word' id='word_1_713' title='bbox 2399 5210 2461 5273; x_wconf 88' lang='lat'>3,</span> <span class='ocrx_word' id='word_1_714' title='bbox 2495 5223 2645 5261; x_wconf 89' lang='lat' dir='ltr'>num.</span> <span class='ocrx_word' id='word_1_715' title='bbox 2678 5208 2731 5260; x_wconf 79' lang='grc'><strong>4.</strong></span> <span class='ocrx_word' id='word_1_716' title='bbox 2764 5206 2896 5261; x_wconf 90' lang='lat' dir='ltr'>Item</span> <span class='ocrx_word' id='word_1_717' title='bbox 2927 5221 3052 5276; x_wconf 91' lang='lat' dir='ltr'>cap.</span> <span class='ocrx_word' id='word_1_718' title='bbox 3089 5209 3178 5275; x_wconf 78' lang='lat'>23,</span> <span class='ocrx_word' id='word_1_719' title='bbox 3208 5222 3357 5261; x_wconf 91' lang='lat' dir='ltr'>num.</span> <span class='ocrx_word' id='word_1_720' title='bbox 3390 5209 3443 5273; x_wconf 76' lang='lat'>5,</span> <span class='ocrx_word' id='word_1_721' title='bbox 3476 5205 3723 5275; x_wconf 86' lang='lat' dir='ltr'>itemque</span> 
     </span>
    </p>
   </div>
   <div class='ocr_carea' id='block_1_85' title="bbox 2120 5295 2939 5365">
    <p class='ocr_par' dir='ltr' id='par_1_85' title="bbox 2120 5295 2939 5365">
     <span class='ocr_line' id='line_1_85' title="bbox 2120 5295 2939 5365; baseline -0.002 -15"><span class='ocrx_word' id='word_1_722' title='bbox 2120 5309 2239 5365; x_wconf 90' lang='lat' dir='ltr'>cap.</span> <span class='ocrx_word' id='word_1_723' title='bbox 2282 5298 2347 5352; x_wconf 74' lang='lat' dir='ltr'>t2</span> <span class='ocrx_word' id='word_1_724' title='bbox 2378 5310 2416 5349; x_wconf 82' lang='grc' dir='ltr'><strong>ιι</strong></span> <span class='ocrx_word' id='word_1_725' title='bbox 2445 5295 2635 5364; x_wconf 88' lang='lat' dir='ltr'>partis,</span> <span class='ocrx_word' id='word_1_726' title='bbox 2669 5310 2816 5349; x_wconf 90' lang='lat' dir='ltr'>num.</span> <span class='ocrx_word' id='word_1_727' title='bbox 2853 5298 2939 5348; x_wconf 88' lang='grc'><strong>13.</strong></span> 
     </span>
    </p>
   </div>
   <div class='ocr_carea' id='block_1_86' title="bbox 2192 5381 3721 5454">
    <p class='ocr_par' dir='ltr' id='par_1_86' title="bbox 2192 5381 3721 5454">
     <span class='ocr_line' id='line_1_86' title="bbox 2192 5381 3721 5454; baseline -0.001 -17"><span class='ocrx_word' id='word_1_728' title='bbox 2192 5383 2323 5437; x_wconf 78' lang='lat' dir='ltr'>CAP.</span> <span class='ocrx_word' id='word_1_729' title='bbox 2358 5383 2496 5437; x_wconf 88' lang='lat' dir='ltr'>LIX.</span> <span class='ocrx_word' id='word_1_730' title='bbox 2528 5412 2598 5423; x_wconf 96' lang='lat'><strong>—</strong></span> <span class='ocrx_word' id='word_1_731' title='bbox 2626 5384 2747 5438; x_wconf 87' lang='lat' dir='ltr'>Non</span> <span class='ocrx_word' id='word_1_732' title='bbox 2777 5383 2830 5438; x_wconf 86' lang='lat' dir='ltr'>ei</span> <span class='ocrx_word' id='word_1_733' title='bbox 2849 5383 2946 5438; x_wconf 81' lang='lat' dir='ltr'>sed</span> <span class='ocrx_word' id='word_1_734' title='bbox 2998 5383 3102 5437; x_wconf 87' lang='lat' dir='ltr'>alii</span> <span class='ocrx_word' id='word_1_735' title='bbox 3151 5385 3341 5454; x_wconf 77' lang='lat' dir='ltr'>potius</span> <span class='ocrx_word' id='word_1_736' title='bbox 3371 5381 3567 5448; x_wconf 83' lang='lat' dir='ltr'>datur,</span> <span class='ocrx_word' id='word_1_737' title='bbox 3609 5388 3721 5437; x_wconf 85' lang='lat' dir='ltr'>etc.</span> 
     </span>
    </p>
   </div>
   <div class='ocr_carea' id='block_1_87' title="bbox 2121 5469 3726 5543">
    <p class='ocr_par' dir='ltr' id='par_1_87' title="bbox 2121 5469 3726 5543">
     <span class='ocr_line' id='line_1_87' title="bbox 2121 5469 3726 5543; baseline 0.001 -19"><span class='ocrx_word' id='word_1_738' title='bbox 2121 5471 2254 5525; x_wconf 87' lang='lat' dir='ltr'>Inde</span> <span class='ocrx_word' id='word_1_739' title='bbox 2284 5478 2514 5541; x_wconf 87' lang='lat' dir='ltr'>apparet</span> <span class='ocrx_word' id='word_1_740' title='bbox 2571 5486 2735 5543; x_wconf 89' lang='lat' dir='ltr'>quam</span> <span class='ocrx_word' id='word_1_741' title='bbox 2793 5470 2979 5527; x_wconf 89' lang='lat' dir='ltr'>stricte</span> <span class='ocrx_word' id='word_1_742' title='bbox 3000 5469 3201 5527; x_wconf 85' lang='lat' dir='ltr'>vellent</span> <span class='ocrx_word' id='word_1_743' title='bbox 3218 5485 3435 5527; x_wconf 89' lang='lat' dir='ltr'>omnem</span> <span class='ocrx_word' id='word_1_744' title='bbox 3465 5471 3726 5541; x_wconf 86' lang='lat' dir='ltr'>prOprie-</span> 
     </span>
    </p>
   </div>
  </div>
