3944 6062
201 171 303 224 ’741

1571 164 2178 221 CONSUETUDINES.

3404 160 3509 216 ⁸742

1593 289 1989 344 CAPITULUM
2022 288 2133 341 LX.

1307 389 1448 456 Quid
1476 388 1542 444 de
1574 404 1635 443 re
1662 389 1898 442 inventa
1927 386 2256 456 faciendum
2282 386 2378 440 sit.

289 490 339 539 1.
375 484 431 541 Si
461 484 601 539 intra
630 484 729 556 [aL
758 483 920 555 infra]
950 483 1207 540 terminos
1237 492 1451 539 nostros
1479 483 1680 555 aliquid
1712 483 1989 537 inventum
2018 481 2197 549 fuerit,
2229 482 2278 535 ei
2306 480 2552 551 protinus
2581 479 2733 547 cujus
2764 488 2866 547 est,
2901 480 2946 534 si
2978 480 3153 545 adest,
3184 478 3268 533 sin
3298 488 3497 542 autem,

210 584 554 657 procuratori
585 584 849 639 redditur.
885 583 939 638 Si
971 590 1152 637 autem
1182 589 1332 637 extra
1359 581 1621 636 terminos
1650 579 1854 651 aliquid
1884 595 1916 633 a
1944 580 2142 633 nostris
2170 580 2446 634 inventum
2494 578 2669 643 fuerit,
2721 576 2995 641 fratribus,
3030 584 3121 630 aut
3152 590 3251 629 suo
3280 574 3501 629 domino

211 682 415 747 statim,
450 680 496 735 si
525 679 644 735 fieri
673 688 868 751 potest,
904 679 1163 746 redditur,
1195 686 1285 734 aut
1312 679 1381 748 ei,
1413 696 1513 750 per
1553 695 1714 749 quem
1754 678 1945 733 melius
1994 686 2047 732 et
2094 676 2306 732 ﬁdelius
2354 675 2509 731 reddi
2556 691 2718 746 posse
2765 682 3001 746 putatur,
3050 672 3499 737 commendatur;

210 778 353 833 alias
383 778 643 833 intactum
674 777 973 831 dimittitur.

284 878 340 931 2.
372 873 563 931 Vestiti
592 873 824 945 singulis
853 872 1047 929 tunicis
1074 880 1127 929 et
1150 871 1309 929 cincti
1334 872 1517 942 jacent
1548 873 1603 927 in
1633 872 1785 930 cellis
1815 879 1869 927 et
1898 870 2233 926 dormitorio.

1577 995 1972 1051 CAPITULUM
2000 994 2141 1049 LXI.

1256 1095 1332 1149 De
1359 1093 1580 1149 brachis
1610 1097 1667 1149 et
1694 1095 1885 1165 parvis
1922 1092 2168 1165 pelliciis
2196 1093 2469 1161 fratrum.

290 1194 344 1248 1.
392 1192 642 1248 Pastores
695 1198 874 1246 autem
926 1189 1129 1246 habent
1175 1190 1411 1246 brachas
1458 1191 1774 1257 canabinas,
1834 1205 1971 1261 quas
2000 1196 2125 1243 tunc
2180 1187 2407 1242 induunt
2461 1203 2582 1242 cum
2640 1201 2832 1241 caseos
2862 1184 3101 1251 faciunt;
3134 1183 3290 1239 aliter
3344 1183 3502 1238 lineis

212 1290 441 1346 omnino
470 1306 578 1345 non
607 1295 824 1343 utuntur
851 1287 948 1360 [αἱ.
980 1287 1203 1359 utimur]
1233 1288 1493 1355 vestibus,
1526 1303 1594 1342 ne
1626 1286 1969 1341 feminalibus
2000 1287 2238 1357 quidem.

284 1390 341 1444 2.
373 1384 755 1442 Concessimus
783 1383 959 1439 adhuc
986 1383 1297 1454 pastoribus
1327 1382 1571 1453 pellicias
1599 1381 1876 1453 parvulas,
1920 1399 2042 1453 quae
2086 1385 2294 1439 duabus
2324 1384 2435 1441 fere
2488 1383 2789 1441 vervecinis
2835 1383 3066 1455 pellibus
3109 1387 3319 1456 possint
3365 1387 3501 1457 fieri,

217 1485 438 1557 quibus,
471 1484 576 1539 nisi
604 1498 727 1539 cum
757 1482 1051 1537 hiematum
1080 1481 1228 1537 foras
1258 1489 1474 1547 exeunt,
1509 1496 1618 1535 non
1648 1488 1884 1535 utuntur.

252 1586 305 1637 3.
324 1583 383 1637 In
396 1580 710 1653 mulgendo,
725 1579 1032 1652 ubicunque
1049 1579 1175 1645 sint,
1196 1593 1417 1650 semper
1430 1576 1699 1632 silentium
1713 1584 1915 1632 tenent.

1570 1700 1966 1757 CAPITULUM
1993 1701 2157 1756 LXII.

1390 1799 1467 1855 De
1504 1802 1691 1869 fratre
1721 1800 1816 1869 qui
1845 1800 2151 1870 sagmaria:
2180 1804 2365 1856 curat.

294 1904 347 1955 1.
381 1900 566 1954 Frater
595 1897 686 1971 qui
714 1896 1015 1969 sagmarios
1044 1902 1214 1964 curat,
1250 1894 1469 1967 quando
1498 1894 1645 1949 foras
1689 1895 1985 1964 egreditur,
2033 1897 2087 1951 in
2145 1896 2363 1951 culcitra
2410 1912 2519 1952 non
2568 1898 2727 1966 jacet,
2778 1897 3020 1969 nihilque
3067 1897 3172 1953 nisi
3216 1898 3509 1971 hospitium

225 1997 438 2069 quaerit,
470 1996 575 2051 nisi
605 1996 692 2053 vel
721 1995 872 2067 prior
900 1994 988 2051 vel
1018 2001 1345 2067 procurator
1373 1991 1575 2063 aliquid
1606 1992 1656 2047 ei
1684 1992 1989 2063 Specialiter
2034 1994 2343 2063 injunxerit.

1626 2114 2201 2173 COMMENTARIUS.

226 2220 351 2275 tatis
382 2217 623 2290 speciem
654 2231 686 2271 a
716 2232 776 2272 se
806 2214 1117 2271 excludere.
1170 2212 1227 2269 Si
1256 2220 1435 2268 autem
1475 2211 1760 2284 quisquam
1792 2227 1821 2264 a
1842 2216 1896 2273 Α
1922 2214 2349 2282 perseverantiae
2377 2215 2541 2270 totius
2571 2216 2779 2271 ordinis
2808 2216 2863 2271 in
2911 2216 3149 2290 genere,
3168 2233 3233 2273 ex
3264 2216 3375 2272 suis
3406 2225 3515 2273 sta-

224 2326 315 2364 me
348 2314 617 2380 quareret
646 2305 699 2359 in
731 2305 929 2376 quibus
958 2302 1260 2359 consistere
1292 2301 1577 2358 crederem
1603 2300 1826 2354 austeri-

226 2405 397 2452 tatem
426 2395 721 2467 primorum
750 2392 1253 2455 Carthusianorum,
1285 2390 1492 2461 absque
1523 2388 1637 2443 ulla
1665 2389 1825 2444 haesi-

230 2485 435 2540 tatione
465 2482 854 2553 responderem
886 2480 1034 2535 illam
1064 2479 1410 2535 constitutam
1440 2477 1607 2532 fuisse
1640 2491 1653 2531 :

302 2573 503 2639 Primo,
543 2572 599 2626 in
642 2568 933 2625 voluntatis
981 2568 1220 2639 propriae
1260 2565 1641 2637 abnegatione,
1693 2579 1827 2636 qua-

232 2664 340 2719 lem
368 2659 591 2731 requirit
618 2659 683 2713 R.
719 2659 776 2712 P.
806 2657 987 2729 Guigo
1012 2675 1027 2722 ;

304 2749 577 2814 Secundo,
609 2747 666 2801 in
694 2745 893 2801 amoris
930 2744 1150 2815 privati,
1207 2752 1265 2798 ut
1291 2744 1363 2798 ita
1424 2742 1621 2812 dicam,
1655 2741 1828 2797 suffo-

235 2839 467 2904 catione,
502 2836 719 2907 qualem
756 2833 1019 2890 describit
1071 2832 1127 2887 in
1172 2832 1504 2903 princedenti
1550 2831 1827 2902 capitulo;

303 2926 519 2991 Tertio,
551 2924 606 2978 in
635 2922 813 2979 omnis
866 2921 1207 2994 proprietatis
1266 2920 1629 2987 abdicatione,
1690 2935 1829 2991 qua-

231 3016 341 3071 lem
369 3014 456 3069 hic
494 3020 670 3078 notat;

306 3105 375 3159 Et
406 3111 615 3175 quarto,
658 3100 713 3154 in
768 3097 1074 3154 solitudinis
1105 3098 1298 3153 devota
1348 3096 1713 3162 observantia,
1746 3096 1833 3152 cui

236 3192 418 3249 adsint
447 3190 685 3246 studium
714 3186 974 3243 orationis
998 3185 1200 3241 intimae
1228 3193 1281 3241 et
1306 3202 1336 3240 a
1390 3201 1567 3240 rerum
1616 3194 1832 3256 tempo-

233 3280 428 3337 ralium
453 3278 731 3333 inutilibus
759 3275 906 3332 curis
937 3284 990 3330 et
1037 3274 1488 3345 concupiscentiis
1536 3272 1830 3345 elongatio,

232 3385 362 3425 nam
393 3368 438 3423 si
466 3368 558 3422 illa
584 3364 858 3431 deficiant,
892 3363 1128 3419 solitudo
1147 3377 1249 3418 nec
1278 3369 1458 3433 potest
1484 3377 1607 3416 esse
1638 3361 1836 3416 devota

236 3472 343 3513 nec
372 3457 574 3527 quieta.

310 3545 394 3601 Ad
424 3546 541 3600 haec
568 3542 815 3615 pondera
842 3539 1005 3596 debet
1044 3539 1275 3612 quisque
1315 3546 1560 3595 nostrum
1588 3537 1837 3593 volunta—

239 3635 311 3690 tis
340 3650 454 3689 suae
481 3631 839 3703 propositum,
872 3636 1029 3685 actus
1076 3643 1207 3683 suos
1259 3635 1313 3683 et
1341 3625 1671 3683 voluntarios
1702 3624 1838 3681 aﬂ'e—

239 3730 361 3779 ctus
419 3720 711 3786 adducere,
769 3716 1071 3773 secundum
1126 3714 1271 3787 quod
1316 3713 1438 3786 plus
1494 3714 1740 3770 minusve
1769 3714 1839 3768 ab

234 3811 323 3866 his
352 3808 681 3881 ponderibus
712 3804 1001 3875 aberrabit,
1063 3819 1252 3859 secure
1309 3802 1664 3873 pronuntiare
1719 3802 1841 3873 plus

239 3899 331 3955 vel
359 3897 539 3953 minus
570 3896 639 3951 ad
668 3894 914 3965 spiritum
965 3892 1136 3947 nostri
1192 3890 1421 3946 instituti
1450 3898 1503 3945 et
1537 3890 1839 3961 primorum

243 3989 466 4043 Patrum
494 3980 725 4041 vicinius
754 3982 1018 4038 accedere
1048 3988 1140 4035 aut
1168 3979 1385 4051 longius
1415 3978 1485 4034 ab
1517 3994 1581 4033 eo
1612 3979 1837 4033 distare.

241 4076 441 4131 Parum
490 4071 876 4128 attendendum
930 4077 1013 4124 est
1055 4067 1397 4123 diminutioni
1439 4066 1516 4120 illi
1559 4066 1842 4121 abstinen-

243 4164 440 4220 tiarum
470 4163 526 4217 iu
554 4176 694 4232 pane
727 4167 779 4214 et
809 4174 967 4229 aqua,
1011 4157 1136 4229 quia
1165 4156 1221 4211 id
1266 4155 1428 4226 primi
1460 4156 1645 4210 Patres
1675 4154 1845 4209 nostri

246 4253 347 4308 sub
377 4248 701 4305 obedientiaa
758 4246 1023 4319 regimine
1079 4244 1494 4309 constituerunt,
1524 4252 1575 4298 et
1602 4243 1705 4297 sub
1743 4244 1844 4297 bac

243 4348 451 4396 tantum
480 4337 788 4395 conditione
816 4335 1169 4399 admiserunt,
1202 4348 1272 4388 ne
1317 4332 1480 4388 veluti
1511 4348 1602 4386 res
1628 4339 1846 4386 nostras

247 4430 305 4484 in
334 4428 451 4483 istis
510 4427 813 4483 consistere
867 4431 1203 4495 putaremus,
1262 4437 1396 4493 quas
1452 4420 1563 4475 fere
1617 4435 1719 4491 pro
1757 4418 1845 4473 ni-

249 4517 359 4573 hilo
388 4518 454 4572 R.
512 4515 573 4570 P.
633 4514 946 4586 Guigonem
1000 4511 1257 4565 habuisse
1312 4517 1541 4577 constat,
1601 4524 1665 4564 ex
1723 4524 1842 4578 cap.

249 4608 339 4670 35,
371 4604 424 4658 in
456 4602 859 4674 comparatione
889 4599 1232 4655 obedientiaa.
1277 4597 1431 4654 Unde
1464 4614 1529 4651 ex
1560 4598 1663 4652 hac
1693 4604 1846 4667 parte

251 4692 396 4747 nulla
425 4690 684 4747 relaxatio
713 4697 893 4761 potest
942 4688 1085 4756 juste
1140 4686 1315 4742 ordini
1344 4685 1617 4756 imputari,
1651 4692 1707 4738 ut
1736 4684 1848 4738 suis

250 4780 388 4836 locis
417 4778 755 4851 probabitur.
788 4778 904 4831 Nec
942 4776 1104 4830 etiam
1152 4782 1235 4829 est
1279 4774 1665 4829 attendendum
1712 4780 1850 4827 tem-

252 4869 518 4941 poralium
548 4883 735 4923 rerum
784 4874 837 4920 et
884 4880 1141 4921 curarum
1184 4870 1498 4934 augmento,
1552 4861 1848 4916 dummodo

254 4958 394 5011 intra
427 4964 596 5011 metas
622 4972 719 5026 per
748 4953 1013 5008 moderna
1045 4958 1245 5006 statuta
1273 4950 1522 5021 praefixas
1551 4957 1603 5004 et
1634 4966 1851 5018 expres-

256 5062 349 5099 sas
378 5045 735 5109 contineatur,
769 5042 892 5114 quia
922 5041 975 5095 id
1006 5049 1311 5111 temporum
1342 5038 1541 5094 rationi
1572 5046 1625 5093 et
1653 5053 1852 5093 neces-

255 5134 399 5187 sitati
430 5132 800 5203 imputandum
832 5137 931 5185 est.
951 5129 1019 5183 Et
1048 5129 1273 5199 insuper
1302 5143 1393 5183 res
1420 5128 1525 5183 ista
1553 5128 1621 5181 ad
1650 5142 1854 5197 paucos

255 5221 517 5278 ofﬁciales
548 5227 776 5291 spectat,
810 5233 917 5273 non
948 5216 1017 5272 ad
1074 5216 1415 5281 claustrales,
1476 5216 1673 5286 quibus
1716 5231 1853 5269 con-

256 5318 452 5367 ventus
481 5308 747 5380 regularis
786 5315 839 5362 et
884 5322 1083 5377 corpus
1139 5305 1342 5359 ordinis
1397 5304 1680 5358 conflatur.
1746 5301 1851 5357 Sed

257 5415 324 5454 ex
356 5406 583 5470 quatuor
609 5395 887 5467 principiis
917 5410 1076 5463 supra
1118 5392 1314 5447 notatis
1361 5392 1547 5446 omnia
1576 5406 1861 5462 argumen-

256 5495 314 5541 ta
338 5493 539 5541 nostrae
569 5483 912 5557 singulorum
966 5480 1386 5552 perseverentiaa
1442 5480 1498 5533 in
1524 5478 1702 5549 primo
1731 5478 1860 5533 Car.

1923 2301 2049 2355 tutis
2123 2311 2173 2357 et
2259 2304 2689 2359 ordinationibus
2747 2305 3101 2376 capitulorum
3178 2306 3517 2377 generalium

1926 2390 2125 2445 debent
2155 2391 2358 2463 colligi,
2394 2393 2513 2463 quia
2546 2394 2670 2448 inde
2701 2410 2767 2449 ea
2798 2402 3004 2448 tantum
3060 2403 3181 2449 sunt
3214 2394 3517 2450 haurienda

1928 2494 2049 2549 qua}
2078 2479 2171 2533 toti
2202 2480 2379 2534 ordini
2428 2490 2657 2551 possunt
2712 2482 2984 2552 imputari,
3045 2498 3154 2537 non
3210 2491 3394 2537 autem
3449 2499 3515 2537 ex

1927 2566 2283 2637 quarumdam
2315 2568 2664 2639 Singularium
2693 2586 3048 2640 personarum
3076 2570 3303 2626 actibus.

1935 2648 1939 2652 ’
2002 2655 2129 2711 Haec
2189 2663 2417 2726 quatuor
2444 2665 2777 2728 componunt
2823 2673 3066 2729 scopum,
3101 2658 3171 2713 ad
3202 2675 3365 2730 quem
3402 2666 3519 2714 ten-

1931 2743 2062 2797 dere
2091 2744 2372 2812 debemus,
2407 2762 2677 2817 quemque
2705 2746 2884 2813 nobis,
2934 2747 3070 2801 sicut
3096 2755 3149 2801 et
3178 2747 3280 2801 sibi
3310 2747 3522 2802 consti-

1930 2839 2148 2887 tuerunt
2178 2833 2234 2887 S.
2266 2834 2324 2887 P.
2360 2834 2540 2889 Bruno
2562 2843 2614 2889 et
2642 2836 2760 2903 ejus
2777 2850 3143 2901 successores,
3180 2842 3232 2889 et
3260 2835 3330 2889 ad
3360 2852 3523 2906 quem

1933 2920 2231 2975 studiorum
2262 2937 2484 2977 suorum
2517 2930 2571 2978 et
2616 2922 2907 2979 affectuum
2956 2922 3136 2992 jacula
3190 2924 3521 2989 emittebant,

1934 3025 2239 3079 proponere
2268 3010 2549 3066 debemus.
2584 3014 2653 3066 At
2681 3028 2804 3067 cum
2854 3020 3061 3067 certum
3092 3012 3160 3065 sit
3188 3011 3308 3066 illos
3335 3019 3392 3065 ut
3421 3013 3525 3067 ho-

1933 3098 2108 3151 mines
2138 3098 2487 3153 nihilominus
2546 3099 2838 3170 aliquando
2896 3108 3022 3155 tunc
3075 3115 3359 3171 peccasse,
3415 3116 3525 3154 non

1934 3185 2195 3239 debemus
2227 3187 2389 3240 etiam
2419 3202 2562 3242 nunc
2590 3204 2677 3242 res
2726 3189 3022 3253 aestimare,
3053 3203 3118 3243 ac
3148 3188 3193 3241 si
3240 3203 3528 3258 possemus

1935 3281 1987 3327 et
2009 3274 2338 3329 deberemus
2367 3291 2489 3330 esse
2536 3276 2941 3346 impeccabiles.
2976 3278 3033 3333 Si
3078 3292 3210 3347 ergo
3256 3276 3529 3331 interdum

1935 3377 2181 3417 erramus
2235 3370 2292 3417 ut
2346 3363 2631 3433 homines,
2718 3381 2995 3435 nunquam
3069 3366 3138 3420 ab
3203 3366 3309 3420 hoc
3366 3381 3532 3436 scopo

1934 3451 2274 3520 recedamus,
2306 3451 2404 3507 sed
2434 3468 2651 3523 semper
2679 3453 2734 3507 in
2753 3454 3031 3525 praposito
3048 3461 3101 3509 et
3129 3453 3306 3509 studio
3323 3454 3529 3508 habea-

1864 3556 2105 3623 Bmus:

2011 3627 2209 3692 Primo,
2239 3627 2657 3699 abnegationem
2685 3631 2916 3703 propria:
2945 3630 3232 3688 voluntatis
3258 3647 3272 3697 ;

2010 3716 2281 3783 Secundo,
2314 3732 2555 3774 amorem
2586 3721 2944 3791 correptionis
2973 3738 3036 3779 ac
3083 3724 3318 3779 studium
3364 3720 3532 3782 conti-

1939 3822 2063 3861 uuae
2092 3806 2505 3873 emendationis,
2562 3825 2659 3879 per
2694 3809 3014 3867 relationem
3061 3814 3128 3868 ad
3170 3822 3355 3871 votum
3396 3832 3533 3872 con-

1940 3893 2206 3949 versionis
2236 3911 2446 3950 morum
2476 3898 2624 3968 quod
2662 3898 2977 3967 emisimus;

2012 3983 2212 4053 Tertio,
2242 3984 2643 4041 abdicationem
2672 3989 3019 4058 pr0prietatis
3050 4009 3063 4057 ;

2012 4071 2079 4125 Et
2108 4079 2315 4142 quarto,
2348 4074 2750 4129 observantiam
2769 4076 2981 4133 devotae
3001 4079 3305 4136 solitudinis
3335 4097 3367 4137 a
3400 4090 3537 4139 tem-

1939 4159 2211 4229 poralium
2242 4177 2427 4215 rerum
2457 4177 2584 4217 cura
2613 4171 2667 4218 et
2695 4166 3134 4235 concupiscentia
3162 4169 3386 4225 dissitas.

2018 4248 2169 4302 Idem
2214 4249 2437 4305 relatum
2487 4251 2657 4307 habes
2700 4253 2754 4307 in
2798 4254 3031 4326 antiquis
3062 4258 3271 4313 statutis
3298 4266 3441 4331 part.
3475 4274 3535 4328 η,

1946 4351 2065 4407 cap.
2096 4340 2187 4405 2‘2,
2222 4354 2276 4391 n.
2309 4338 2405 4392 ult.

2016 4464 2149 4519 CAP.
2166 4461 2279 4517 Lx.
2294 4463 2536 4517 —Num.
2554 4467 2577 4517 l
2592 4505 2604 4517 .
2620 4464 2776 4520 Alias
2789 4452 3076 4524 iniac‘ium
3088 4468 3423 4529 dimittitur.
3440 4474 3541 4531 Hic

1945 4561 2167 4624 apparet
2197 4559 2396 4623 quanta
2415 4551 2664 4622 puritatis
2684 4554 3028 4613 conscientia:
3056 4558 3543 4632 circumspectione

1945 4641 2151 4697 nollent
2178 4641 2349 4696 nostri
2375 4657 2489 4695 rem
2519 4642 2749 4697 alienam
2777 4644 2997 4709 habere,
3040 4664 3162 4702 cum
3210 4666 3312 4704 nec
3354 4651 3408 4703 in
3436 4651 3543 4706 hoc

1947 4746 2080 4785 casu
2109 4746 2141 4784 a
2170 4730 2283 4784 suis
2314 4730 2463 4801 tangi
2492 4730 2638 4785 illam
2667 4731 2889 4787 vellent.
2940 4734 3008 4788 Et
3036 4736 3140 4791 hoc
3168 4736 3418 4807 exemplo
3451 4738 3547 4793 de-

1946 4827 2251 4874 monstrant
2279 4827 2535 4889 quantum
2566 4836 2596 4872 a
2638 4836 2817 4875 rerum
2886 4830 3221 4879 terrenarum
3280 4825 3544 4898 concupi-

1875 4918 1921 4979 Ο
1951 4908 2159 4963 scentia
2187 4908 2345 4961 liberi
2375 4924 2499 4962 esse
2530 4907 2849 4965 debeamus.

2026 4997 2176 5050 Idem
2208 4995 2440 5051 relatum
2470 4996 2641 5051 habes
2690 4997 2748 5051 in
2789 4999 3021 5071 antiquis
3060 5000 3269 5056 statutis
3310 5010 3453 5074 part.
3484 5018 3545 5074 II,

1955 5100 2076 5156 cap.
2110 5088 2201 5152 22,
2232 5101 2286 5139 n.
2320 5088 2373 5141 2.

2027 5210 2157 5263 CAP.
2217 5208 2355 5262 LXI.
2398 5239 2468 5250 —-
2520 5209 2705 5263 Linum
2763 5210 3154 5283 distinguunta
3212 5216 3437 5283 canabe,
3501 5222 3555 5271 et

1955 5297 2116 5368 primi
2170 5313 2327 5351 usum
2383 5298 2669 5365 rejiciunt,
2731 5298 2859 5369 quia
2934 5309 3016 5355 est
3070 5303 3369 5357 delicatius.
3457 5304 3555 5359 Hic

1962 5394 2143 5441 autem
2170 5385 2475 5455 exprimunt
2505 5385 2767 5457 quidquid
2810 5388 2879 5442 ad
2919 5387 3093 5461 frigus
3142 5392 3455 5455 arcendum,
3505 5398 3559 5447 et

1959 5474 2287 5529 modestiam
2316 5473 2373 5529 in
2400 5488 2569 5544 opere
2598 5474 2667 5529 de
2698 5490 2808 5546 quo
2850 5476 3029 5546 agitur
3071 5477 3389 5534 servandam
3417 5492 3557 5533 eono-

257 5574 524 5630 thusiensi
550 5572 793 5629 instituto
822 5570 1023 5626 debent
1049 5568 1266 5626 deduci.
1317 5570 1651 5641 Argumenta
1679 5574 1859 5622 autem
1960 5562 2125 5620 ducit.
