3978 6050
452 187 556 241 743

1259 187 1597 244 GUIGONIS
1656 189 1674 242 I
1724 188 2131 243 CARTHUSIJE
2187 188 2480 245 MAIORIS
2537 188 2814 245 PRIORIS
2871 190 2934 243 V.

3641 189 3749 243 ⁸744

522 314 575 367 2.
611 308 826 365 Nullius
855 318 1100 365 nostrum
1130 311 1217 367 vel
1244 312 1411 367 verba
1443 312 1526 366 vel
1548 311 1748 367 salutes
1774 313 1844 367 ad
1861 311 2097 383 aliquem
2119 312 2461 379 exteriorem,
2488 312 2796 385 nulliusque
2814 309 3096 367 exterioris
3117 308 3187 364 ad
3216 307 3455 380 aliquem
3474 318 3744 380 nostrum,

448 408 551 462 nisi
584 408 765 479 priore
798 408 882 465 vel
912 417 1269 481 procuratore
1294 410 1538 479 jubente,
1575 410 1677 465 fert
1705 418 1797 464 aut
1823 410 2009 465 refert.
2047 410 2351 466 Saeculares
2380 426 2633 467 rumores
2664 411 2755 466 ubi
2788 409 2957 476 audit,
2990 406 3065 462 ibi
3086 406 3310 476 jubetur
3338 404 3631 460 dimittere.

1819 532 2215 588 CAPITULUM
2248 534 2435 588 LXIII.

2002 623 2075 676 De
2108 620 2287 676 horto.

515 716 717 772 Hortus
747 726 800 773 et
826 733 947 790 qua:
971 717 1037 771 ad
1070 731 1192 771 eum
1222 716 1485 786 pertinent
1512 716 1604 771 uni
1635 716 1921 787 deputatur
1950 734 1980 772 e
2010 716 2289 784 fratribus,
2351 718 2443 789 qui
2498 718 2565 774 de
2621 717 2872 775 omnibus
2903 717 2972 773 ad
3017 724 3431 788 procuratorem
3487 715 3746 782 recurrit,

449 813 607 885 eique
638 813 705 868 de
736 817 944 871 cunctis
974 813 1239 868 rationem
1273 812 1471 868 reddit.

1676 884 2209 940 CAPITULUM
2269 885 2527 941 LXIV.

1816 976 1890 1028 De
1920 974 2149 1030 custode
2176 976 2385 1045 pontis.

516 1074 565 1123 1.
600 1068 781 1124 Pontis
812 1076 992 1124 custos
1024 1085 1146 1124 cum
1176 1069 1323 1124 nullo
1354 1085 1601 1140 prorsus,
1635 1069 1739 1124 nisi
1770 1070 2079 1140 specialiter
2119 1072 2321 1139 jussus,
2368 1070 2644 1126 fabulandi
2691 1070 2961 1126 licentiam
3011 1070 3209 1137 habet;
3243 1068 3464 1123 nutibus
3511 1075 3743 1135 tantum,

441 1163 546 1230 vel,
579 1164 624 1218 si
654 1179 763 1219 non
808 1163 1145 1236 intelligitur,
1205 1166 1368 1220 etiam
1427 1167 1607 1221 verbis
1667 1182 1762 1223 eos
1794 1168 1885 1239 qui
1913 1184 2023 1223 non
2080 1168 2279 1224 debent
2338 1166 2589 1237 transire,
2650 1166 2886 1238 repellit.
2924 1166 3167 1240 Idipsum
3226 1184 3449 1224 servare
3498 1167 3743 1237 jubetur,

445 1260 753 1331 quicunque
782 1258 930 1314 vices
961 1259 1076 1327 ejus
1104 1262 1435 1331 exsequitur.

509 1361 563 1413 2.
598 1359 664 1412 Et
698 1355 919 1412 omnino
948 1354 1257 1429 quicunque
1287 1358 1343 1412 in
1373 1375 1693 1432 quacunque
1720 1361 2029 1417 obedientia
2056 1364 2344 1434 cujuslibet
2372 1364 2487 1436 agit
2528 1366 2697 1429 vices,
2754 1362 2890 1418 nihil
2919 1362 3139 1418 omnino
3198 1362 3252 1416 in
3285 1377 3352 1417 ea
3381 1361 3497 1417 sine
3527 1360 3748 1417 licentia

442 1461 656 1509 mutare
682 1451 1024 1523 permittitur.
1059 1452 1117 1505 In
1148 1454 1298 1509 cellis
1331 1473 1547 1528 quoque
1577 1457 1711 1529 ipsis
1741 1459 1855 1514 sive
1887 1461 2135 1531 superius
2164 1462 2279 1517 sive
2306 1460 2551 1527 inferius,
2608 1460 2741 1515 nihil
2794 1460 2900 1514 nisi
2928 1460 3084 1531 prius
3140 1466 3419 1515 ostensum
3450 1466 3501 1513 et
3524 1458 3744 1527 jussum

441 1548 638 1604 mutari
668 1548 851 1603 ﬁerive
880 1547 1089 1616 sinitur,
1124 1565 1192 1605 ne
1222 1550 1417 1605 domus
1446 1551 1719 1608 laboriose
1754 1552 1906 1609 factae
1931 1554 2243 1611 curiositate
2274 1558 2672 1615 deteriorentur
2702 1557 2801 1630 [αἱ.
2825 1556 3163 1629 deteruntur]
3194 1555 3282 1613 vel
3309 1555 3683 1612 destruantur.

1818 1681 2213 1737 CAPITULUM
2240 1683 2401 1738 LXV.

1723 1770 1799 1825 De
1838 1770 2157 1842 disciplinis
2188 1773 2462 1841 fratrum.

514 1866 564 1919 1.
599 1864 658 1918 In
688 1863 938 1921 Adventu
968 1872 1020 1920 et
1053 1865 1510 1939 Quinquagesima
1539 1882 1639 1938 per
1669 1867 1915 1939 singulas
1942 1866 2315 1922 hebdomadas
2346 1867 2545 1939 singuli
2574 1867 2822 1940 singulas
2850 1866 3121 1939 accipiunt
3160 1865 3491 1938 disciplinas.

508 1964 562 2017 2.
596 1960 757 2030 Quod
785 1962 831 2017 si
860 1962 1007 2018 domi
1032 1979 1140 2019 non
1168 1963 1385 2031 fuerint,
1420 1964 1621 2036 septies
1650 1980 1749 2036 pro
1778 1964 2070 2035 disciplina
2097 1966 2270 2019 Pater
2297 1968 2493 2021 noster
2521 1980 2645 2020 cum
2674 1965 2847 2022 veniis
2872 1964 3077 2021 dicunt.

1811 2087 2207 2143 CAPITULUM
2238 2087 2425 2143 LXVI.

1967 2176 2043 2230 De
2071 2175 2282 2232 cinere.

511 2268 761 2324 Cinerem
793 2270 885 2340 qui
912 2271 1109 2325 adsunt
1136 2270 1192 2325 in
1222 2270 1463 2328 inferiori
1519 2271 1728 2343 capella
1756 2271 1825 2327 de
1854 2287 2017 2326 manu
2070 2272 2436 2342 procuratoris
2492 2271 2783 2346 accipiunt.
2841 2271 2949 2341 Qui
2977 2287 3086 2328 non
3141 2271 3353 2337 adsunt,
3416 2276 3501 2325 ter
3558 2270 3732 2323 Pater

439 2369 633 2423 noster
662 2381 786 2423 cum
816 2366 990 2424 veniis
1029 2367 1234 2425 dicunt.

1787 2434 2182 2491 CAPITULUM
2210 2435 2422 2491 LXVII.

1725 2524 1866 2593 Quid
1902 2523 2126 2595 faciant
2160 2541 2262 2596 pro
2295 2525 2493 2580 missa.

510 2624 643 2680 Item
674 2630 753 2679 ter
781 2626 952 2680 Pater
982 2628 1177 2680 noster
1204 2638 1234 2678 a
1265 2621 1454 2694 Capite
1478 2620 1668 2691 jejunii
1695 2637 1868 2693 usque
1901 2621 1969 2675 ad
1999 2622 2226 2687 Pascha,
2260 2630 2383 2692 post
2412 2636 2612 2678 nonam
2642 2621 2900 2693 prostrati
2926 2636 3028 2694 pro
3060 2620 3224 2676 missa
3255 2619 3491 2676 solvunt.

1758 2745 2155 2801 CAPITULUM
2185 2746 2421 2801 LXVIII.

1828 2834 1902 2888 De
1937 2834 2102 2888 Carna
2129 2834 2370 2889 Domini.

510 2932 570 2985 In
597 2930 761 2986 Ccena
792 2930 1027 2996 Domini,
1062 2930 1154 3003 qui
1184 2929 1409 2985 inferius
1446 2935 1745 2998 remanent,
1810 2928 2032 2984 veniunt
2086 2936 2209 2999 post
2264 2928 2551 2999 prandium
2599 2928 2669 2984 ad
2725 2928 3010 3001 coquinam
3033 2970 3047 2999 ,
3079 2936 3129 2983 et
3158 2927 3224 2982 ab
3253 2942 3320 2984 eo
3346 2928 3436 3000 qui
3465 2927 3617 2999 prior
3646 2935 3731 2982 est

438 3025 629 3081 ordine
660 3025 909 3082 lavantur
938 3024 1149 3081 caeteris
1179 3025 1368 3099 pedes,
1399 3024 1731 3096 oﬂ'erturque
1761 3022 1990 3094 singulis
2011 3024 2214 3090 vinum,
2247 3033 2299 3079 et
2331 3024 2578 3081 bibentes
2610 3026 2888 3081 recedunt.

1806 3146 2378 3204 COMMENTARIUS.

514 3247 662 3302 Idem
692 3247 923 3301 habetur
951 3247 1005 3301 in
1027 3246 1260 3317 antiquis
1280 3245 1493 3301 statutis
1520 3252 1663 3316 part.
1695 3260 1776 3311 ιιι,
1803 3260 1921 3315 cap.
1948 3248 2033 3311 l8,
2058 3249 2113 3306 Α
2213 3246 2360 3301 Idem
2391 3246 2617 3301 habetur
2642 3246 2697 3300 in
2726 3244 2961 3317 antiquis
3009 3244 3223 3301 statutis
3271 3253 3408 3316 part.
3466 3258 3547 3310 ιιι,
3606 3258 3729 3315 cap.

438 3351 500 3389 ιι.
542 3338 645 3402 17;
679 3350 798 3405 cap.
832 3339 885 3399 3,
920 3353 974 3389 n.
1010 3340 1076 3401 2‘;
1110 3350 1232 3406 cap.
1268 3339 1355 3400 18,
1388 3352 1443 3389 ιι.
1478 3338 1565 3389 18.

508 3424 644 3479 CAP.
676 3424 839 3478 LXII.
873 3453 942 3464 —
973 3424 1053 3478 Ex
1082 3424 1187 3479 hoc
1216 3422 1454 3493 capitulo
1479 3422 1760 3477 evidenter
1788 3428 2028 3493 apparet,

437 3512 580 3583 quod
612 3527 772 3581 supra
810 3511 1065 3580 diximus,
1129 3511 1527 3583 sagmariorum
1584 3510 1803 3565 nomine
1856 3509 2033 3564 mulos

436 3598 753 3670 signiﬁcari,
789 3608 842 3653 et
872 3608 1132 3671 quantum
1153 3607 1369 3654 nostros
1387 3614 1584 3654 cavere
1614 3598 1812 3653 vellent
1839 3614 1869 3652 a
1897 3614 2032 3668 pru-

431 3688 535 3742 ritu
594 3688 806 3743 curiose
862 3688 1107 3743 discendi
1165 3686 1295 3757 quid
1350 3686 1405 3740 in
1460 3686 1658 3742 saeculo
1699 3694 1910 3756 agatur,
1944 3694 2033 3740 aut

433 3775 746 3830 rumoribus
777 3775 1010 3845 publicis
1039 3774 1377 3830 attendendi.

502 3864 649 3918 Idem
680 3863 913 3918 refertur
942 3863 998 3917 in
1026 3864 1260 3934 antiquis
1304 3861 1518 3918 statutis
1556 3870 1702 3932 part.
1740 3877 1827 3929 ιιι,
1855 3877 1903 3918 c.
1938 3865 2027 3928 26,

435 3967 492 4006 ιι.
527 3954 579 4004 1.

410 4104 415 4105 ί
503 4038 615 4093 CAP
672 4038 863 4092 LXIII.
894 4068 965 4079 —
994 4039 1076 4093 Ex
1102 4040 1207 4095 hoc
1256 4038 1491 4110 capitulo
1522 4045 1575 4092 et
1618 4038 1754 4103 aliis,
1816 4038 1910 4093 ubi
1963 4038 2031 4093 de

432 4126 513 4182 rei
542 4125 826 4181 familiaris
856 4126 1320 4181 administratione
1368 4128 1558 4197 agitur,
1610 4134 1832 4196 apparet
1870 4142 2032 4198 quam

432 4215 682 4271 ordinate
712 4223 903 4271 cuncta
937 4215 1153 4285 disponi
1210 4222 1264 4270 et
1319 4216 1419 4270 sub
1457 4214 1783 4271 obedientizn
1835 4215 2030 4271 merito

431 4303 686 4358 constitui
718 4303 944 4358 vellent.

502 4391 652 4446 Idem
682 4392 917 4447 refertur
945 4391 1004 4458 in
1030 4391 1262 4464 antiquis
1292 4391 1509 4448 statutis
1536 4408 1585 4449 c.
1639 4394 1724 4459 15,
1775 4399 1912 4463 part.
1946 4407 2027 4461 ιιι,

406 4483 485 4535 ἰι.
521 4483 571 4533 1.

502 4568 632 4623 CAP.
669 4567 943 4623 LXIV.—
970 4568 1115 4622 Pons
1145 4567 1247 4624 iste
1276 4568 1413 4624 situs
1434 4576 1517 4624 est
1543 4568 1686 4623 inter
1711 4567 1848 4622 duas
1877 4583 2025 4637 praa—
2045 4597 2098 4657 B

428 4664 615 4727 ruptas
646 4664 697 4710 et
726 4656 972 4711 excelsas
1002 4672 1165 4728 rupes
1196 4673 1260 4711 ex
1291 4665 1449 4728 parte
1497 4656 1707 4711 itineris
1738 4656 2026 4710 Gratiano-

427 4744 669 4816 politani,
702 4744 845 4799 inter
876 4761 1008 4816 quas
1036 4744 1355 4815 praeterfluit
1384 4753 1600 4799 torrens
1643 4760 1909 4815 aquarum
1957 4760 2024 4798 ex

426 4833 697 4889 montibus
750 4841 802 4887 et
862 4832 1101 4887 fontibus
1160 4832 1559 4888 circumvicinis
1615 4832 2021 4887 confluentium.

426 4921 531 4989 Qui
558 4929 792 4988 torrens,
834 4921 1050 4992 quando
1080 4937 1146 4975 ex
1175 4920 1481 4991 pluviarum
1510 4919 1597 4975 vel
1628 4920 1827 4974 nivium
1860 4919 2028 4991 lique-

425 5010 688 5065 scentium
719 5009 1050 5063 abundantia
1078 5008 1316 5075 inﬂatur,
1351 5016 1499 5063 tanto
1546 5007 1749 5078 impetu
1781 5017 1833 5063 et
1862 5009 2025 5064 boatu

422 5097 562 5151 inter
591 5113 721 5151 saxa
750 5097 953 5153 decidit
1000 5105 1053 5153 et
1102 5096 1359 5163 excurrit,
1394 5105 1451 5151 ut
1506 5094 1753 5167 fragores
1807 5097 2027 5152 tonitrui

423 5184 709 5240 mmuletur
720 5226 733 5239 .

494 5274 553 5327 ln
582 5275 687 5329 hoc
708 5281 889 5329 autem
923 5273 1159 5344 capitulo
1191 5272 1324 5327 nihil
1385 5273 1533 5328 aliud
1590 5274 1879 5328 notandum
1924 5288 2023 5329 oc-

420 5362 609 5425 currit,
641 5370 839 5432 praeter
869 5362 1120 5416 eamdem
1143 5361 1342 5415 silentii
1360 5370 1413 5416 et
1444 5362 1766 5417 obedientiaa
1796 5360 2023 5416 formam

420 5449 768 5517 servandam,
812 5466 933 5520 qua:
981 5447 1037 5503 in
1084 5449 1339 5504 omnibus
1383 5466 1483 5521 per
1526 5450 1660 5505 istas
1691 5450 1755 5505 II.
1790 5450 1848 5503 P.
1882 5449 2022 5504 Gui-

417 5537 577 5605 gonis
607 5536 1040 5592 Consuetudines
1070 5538 1403 5610 assignatur.

2133 3335 2223 3401 27,
2254 3350 2310 3388 ιι.
2347 3337 2369 3388 1
2401 3353 2414 3400 ;
2446 3349 2566 3404 cap.
2596 3338 2685 3399 28,
2718 3349 2774 3388 ιι.
2808 3337 2897 3387 30.

2204 3456 2334 3511 CAP.
2368 3457 2531 3513 LXV.
2560 3486 2630 3497 —
2654 3456 2809 3513 Idem
2837 3456 2894 3510 in
2941 3456 3177 3528 antiquis
3207 3456 3439 3526 statutis,
3471 3464 3609 3528 part.
3644 3470 3725 3520 ιιι,

2133 3560 2253 3616 cap.
2288 3547 2338 3612 4,
2363 3562 2417 3600 ιι.
2454 3549 2504 3612 1,
2556 3545 2809 3611 refertur,
2871 3552 2925 3600 et
2975 3546 3169 3601 eodem
3218 3546 3382 3602 modo
3437 3545 3731 3601 etiamnum

2135 3642 2397 3689 servatur.

2205 3741 2337 3795 CAP.
2388 3740 2577 3795 LXVI.
2611 3739 2961 3812 —Loquitur
3017 3739 3083 3795 R.
3117 3740 3175 3795 P.
3233 3739 3414 3813 Guigo
3469 3739 3539 3795 de
3593 3738 3729 3795 feria

2134 3837 2325 3901 quarta
2354 3837 2477 3884 ante
2507 3828 3013 3899 Quadragesimam,
3038 3844 3160 3900 quae
3192 3826 3459 3884 Cinerum
3487 3835 3731 3897 vocatur,

2133 3934 2199 3973 eo
2228 3918 2370 3989 quod
2400 3933 2463 3972 ea
2491 3917 2577 3972 die
2606 3917 2742 3973 cinis
2773 3916 3036 3988 capitibus
3081 3916 3407 3987 imponatur.

2200 4005 2348 4060 Idem
2395 4004 2631 4061 refertur
2681 4004 2736 4060 in
2793 4004 3028 4076 antiquis
3081 4004 3310 4059 statutis.
3347 4019 3430 4071 ιιι,
3488 4019 3610 4074 cap.
3671 4004 3726 4070 5,

2133 4097 2277 4148 ιι.1.

2204 4200 2341 4253 CAP.
2399 4198 2611 4256 LXVII.
2644 4228 2713 4238 —
2768 4198 2868 4255 Hic
2928 4197 3179 4253 statuitur
3223 4197 3437 4269 pietatis
3475 4212 3729 4268 pensum,

2132 4287 2277 4358 quod
2306 4302 2408 4357 pro
2435 4287 2604 4343 missa
2633 4286 3102 4359 Quadragesimali
3152 4285 3386 4352 solvant,
3436 4301 3557 4355 quae
3586 4298 3731 4355 quo-

2131 4374 2263 4431 tidie
2291 4374 2347 4428 in
2377 4374 2648 4445 superiori
2678 4374 2840 4429 domo
2872 4373 3299 4430 conventualiter
3328 4371 3728 4428 celebrabatur.

2204 4463 2353 4519 Idem
2383 4462 2619 4518 refertur
2647 4462 2702 4516 in
2734 4461 2972 4533 antiquis
3002 4462 3217 4517 statutis
3239 4476 3361 4532 cap.
3394 4463 3446 4529 6,
3474 4468 3612 4531 part.
3642 4473 3726 4523 ιιι,

2132 4568 2187 4606 ιι.
2224 4555 2274 4605 1.

2203 4657 2336 4711 Car.
2370 4656 2608 4711 LXVIII.
2641 4686 2710 4697 —
2741 4658 2948 4711 Domus
3004 4655 3233 4712 inferior
3261 4670 3371 4710 non
3420 4660 3633 4725 poterat
3660 4651 3730 4706 ab

2133 4745 2387 4801 omnibus
2417 4745 2631 4811 deseri;
2666 4745 2900 4799 maxima
2947 4760 3080 4816 ergo
3109 4752 3265 4814 parte
3293 4743 3362 4798 ad
3388 4742 3609 4797 domum
3639 4757 3734 4794 su-

2133 4834 2406 4905 periorem
2434 4833 2784 4896 ascendente,
2845 4832 2937 4903 qui
2978 4833 3126 4887 domi
3170 4831 3526 4887 remanebant
3564 4844 3735 4884 caere-

2134 4922 2377 4977 inoniam
2401 4921 2619 4976 lotionis
2648 4921 2850 4991 pedum
2870 4920 3325 4991 exsequebantur,
3350 4933 3513 4989 quam
3526 4925 3731 4972 tantum

2135 5010 2225 5065 hic
2254 5010 2477 5065 innuere
2508 5009 2741 5075 videtur,
2777 5009 2915 5063 adeo
2937 5008 3212 5065 succincte
3243 5008 3312 5063 de
3342 5006 3435 5061 illa
3454 5005 3725 5062 scribitR.

2129 5098 2187 5152 P.
2223 5097 2425 5169 Guigo,
2458 5096 2603 5168 quod
2636 5105 2689 5152 et
2718 5097 2772 5151 in
2802 5096 3049 5166 pluribus
3079 5096 3201 5151 aliis
3233 5095 3481 5149 similiter
3508 5094 3652 5148 fecit.

2204 5185 2555 5256 Olferturque
2582 5186 2824 5256 singulis
2846 5185 3061 5252 vinum,
3094 5188 3149 5239 et
3168 5185 3413 5239 bibentes
3437 5180 3725 5237 recedunt.

2130 5272 2491 5327 Imitabantur
2520 5272 2576 5326 in
2632 5273 2739 5327 hoc
2768 5272 2929 5331 ritum
2987 5271 3143 5343 quia
3195 5268 3477 5326 monachis
3527 5266 3725 5322 servari

2127 5360 2507 5431 praescribitur
2537 5376 2701 5430 supra
2731 5374 2853 5430 cap.
2890 5360 2940 5427 4,
2978 5376 3033 5413 ιι.
3068 5363 3155 5416 23.

2200 5451 2350 5505 Idem
2379 5448 2610 5505 refertur
2665 5447 2719 5501 in
2777 5447 3012 5518 antiquis
3068 5446 3276 5501 statutis
3306 5452 3444 5515 part.
3479 5459 3559 5508 ιιι,
3593 5456 3643 5497 c.
3674 5444 3727 5507 7,

2127 5553 2183 5591 n.
2218 5541 2270 5590 3.
