3978 6050
238 238 343 292 ’745

1590 244 2200 307 CONSUETUDINES.

3438 267 3543 321 ’746

1469 368 2004 428 CAPITULUM
2054 374 2319 430 LXIX.

1698 470 1775 525 De
1803 473 2108 527 Parasceve
2121 514 2133 527 .

315 560 366 611 1.
399 557 456 611 In
487 557 745 623 crastino,
780 558 885 613 hoc
918 565 1001 612 est
1030 558 1084 612 in
1115 560 1436 628 Parasceve,
1471 561 1561 633 qui
1591 563 1813 633 ibidem,
1847 567 1951 623 hoc
1996 577 2077 623 est
2107 570 2353 638 inferius,
2387 579 2528 637 sunt,
2582 579 2702 642 post
2755 588 2976 643 nonam,
3011 592 3131 647 quae
3161 577 3282 648 plus
3339 593 3405 635 ea
3462 581 3551 637 die

241 669 406 724 quam
437 654 655 709 cmteris
685 652 945 720 differtur,
982 655 1203 711 veniunt
1233 657 1299 710 ad
1330 658 1638 728 ecclesiam,
1671 661 1853 733 ibique
1883 666 2056 721 Pater
2103 672 2298 724 noster
2345 670 2513 723 semel
2570 686 2671 739 pro
2721 670 2991 739 Ecclesia,
3026 674 3196 729 semel
3224 691 3325 746 pro
3384 692 3545 748 papa,

242 766 346 820 pro
377 750 648 821 episcOpis
676 758 728 806 et
773 752 984 807 cunctis
1014 753 1189 809 sacris
1227 753 1521 821 ordinibus,
1554 771 1655 827 pro
1686 757 2035 829 imperatore,
2068 779 2166 833 pro
2225 764 2646 834 catechumenis,
2678 782 2780 836 pro
2810 768 3017 823 cunctis
3072 770 3452 828 afﬂictionibus
3499 782 3552 829 et

240 848 518 918 periculis,
550 865 652 919 pro
682 850 971 920 haereticis,
1002 866 1102 922 pro
1130 851 1349 917 Iudaeis,
1383 867 1484 923 pro
1514 855 1761 925 paganis,
1795 858 1985 925 veniis,
2020 861 2259 932 exceptis
2287 861 2507 928 Iudaeis,
2541 862 2608 917 ad
2639 863 2851 935 singula
2882 865 3197 934 subjunctis,
3224 869 3439 925 dicunt.

314 948 375 1002 2.
414 945 623 1002 Deinde
653 946 890 1003 oblatam
920 963 953 1002 a
983 948 1301 1020 coquinaria
1332 964 1545 1004 crucem
1575 952 1955 1009 venerabiliter
1980 956 2312 1023 osculantur,
2345 958 2588 1014 dicentes
2636 959 2774 1015 intra
2804 976 2864 1015 se
2898 978 2910 1014 :
2944 962 3254 1020 Adoramus
3285 970 3357 1034 te,
3388 964 3550 1022 Chri-

238 1044 347 1108 ste,
391 1047 448 1098 et
476 1044 857 1101 benedicimus
883 1045 1000 1113 tibi,
1035 1047 1165 1118 quia
1193 1063 1296 1118 per
1323 1050 1582 1103 sanctam
1610 1065 1835 1106 crucem
1868 1057 2028 1109 tuam
2060 1054 2349 1110 redemisti
2377 1056 2675 1111 mundum.
2711 1055 2815 1126 Qui
2840 1057 2943 1114 hoc
2974 1074 3082 1114 non
3131 1059 3251 1128 scit,
3303 1061 3434 1117 dicit
3463 1078 3551 1118 se-

234 1137 366 1205 mel,
400 1140 573 1196 Pater
610 1145 821 1198 noster.

1606 1213 1999 1272 CAPITULUM
2036 1215 2205 1270 LXX.

1310 1313 1588 1379 Quomodo
1617 1330 1676 1370 se
1705 1314 1950 1369 habeant
1977 1316 2039 1368 in
2071 1312 2546 1369 solemnitatibus.

314 1398 476 1455 Omni
507 1402 669 1457 totius
698 1403 827 1457 anni
856 1403 942 1459 die
974 1420 1082 1476 quo
1112 1408 1404 1478 capitulum
1460 1418 1695 1477 tenetur,
1729 1410 1821 1481 qui
1876 1426 2093 1465 sursum
2124 1426 2233 1466 non
2288 1411 2606 1480 ascendunt,
2640 1412 2745 1468 nisi
2800 1416 3177 1485 prohibuerint
3206 1422 3547 1493 obedientiae,

238 1497 411 1553 cellas
441 1505 643 1566 tenent,
678 1506 729 1554 et
759 1500 994 1571 spatium
1023 1502 1167 1573 quod
1197 1503 1340 1561 inter
1368 1506 1603 1561 Tertiam
1635 1514 1686 1561 et
1717 1505 1934 1561 Sextam
1963 1514 2063 1573 est,
2089 1506 2319 1563 orationi
2361 1508 2696 1579 impendunt.

1590 1629 1991 1685 CAPITULUM
2018 1630 2218 1685 LXXI.

1485 1727 1628 1795 Quid
1648 1729 1872 1798 faciant
1896 1743 2001 1798 pro
2032 1727 2337 1797 defunctis.

312 1818 417 1872 Pro
445 1826 690 1874 recenter
719 1819 972 1876 defuncto
993 1827 1260 1877 trecentas
1291 1822 1578 1880 Orationes
1607 1824 1919 1880 Dominicas
1948 1823 2167 1891 debent,
2203 1839 2431 1896 quarum
2468 1824 2816 1881 medietatem
2846 1839 2970 1882 cum
2990 1826 3163 1883 veniis
3193 1826 3445 1884 reddunt.
3476 1829 3546 1885 Et

238 1917 298 1971 in
330 1916 557 1987 singulis
587 1917 992 1985 anniversariis,
1028 1935 1224 1976 novem
1254 1936 1376 1975 cum
1414 1921 1637 1976 totidem
1668 1921 1860 1977 veniis.

1452 2044 1990 2101 CAPITULUM
2037 2045 2337 2101 LXXII.

1572 2144 1650 2198 De
1679 2158 1885 2198 rasura
1914 2143 2193 2212 fratrum.

318 2239 367 2289 1.
403 2234 627 2303 Quoties
656 2235 927 2300 monachi.
961 2237 1119 2293 toties
1147 2238 1410 2294 raduntur
1442 2245 1495 2293 et
1523 2237 1671 2293 laici.
1713 2237 1819 2292 Sed
1850 2236 1972 2292 laici
2001 2236 2225 2308 insuper
2255 2236 2416 2292 etiam
2445 2235 2625 2305 capita
2670 2234 2870 2291 lavant.
2924 2237 3120 2295 Omnia
3168 2248 3349 2298 autem
3378 2243 3545 2300 obse-

242 2332 389 2404 quia,
426 2333 721 2405 quamlibet
749 2334 979 2405 privata,
1014 2352 1134 2407 quae
1163 2335 1265 2391 sibi
1297 2336 1430 2407 ipsis
1460 2336 1659 2409 singuli
1691 2349 1797 2389 non
1826 2342 2115 2390 occurrunt
2145 2342 2236 2387 aut
2266 2349 2374 2388 non
2403 2340 2631 2404 possunt
2660 2332 2859 2401 facere,
2893 2336 2963 2390 ab
2994 2337 3115 2392 aliis
3142 2339 3416 2396 humiliter
3443 2342 3547 2399 de-

241 2438 476 2502 voteque
507 2432 848 2502 complentur
872 2451 885 2499 ;
916 2432 991 2486 ita
1019 2441 1075 2487 ut
1100 2432 1316 2489 felicem
1346 2449 1405 2487 se
1434 2438 1583 2503 putet
1612 2432 1697 2488 cui
1725 2431 1829 2486 tale
1859 2431 2152 2502 quidquam
2173 2430 2331 2486 fuerit
2350 2430 2692 2501 imperatum.

314 2532 373 2584 2.
412 2527 710 2584 Obviantes
739 2528 903 2584 etiam
933 2528 1036 2583 sibi
1064 2529 1319 2600 invicem,
1351 2530 1524 2585 amica
1545 2529 1821 2584 alacritate
1849 2536 1902 2583 et
1931 2528 2121 2583 humili
2177 2527 2567 2599 supplicatione
2622 2534 2808 2581 mutuo
2856 2524 3034 2582 locum
3087 2525 3296 2599 dantes,
3330 2538 3549 2590 servato

236 2632 619 2694 pertranseunt
647 2625 880 2682 silentio.
912 2627 973 2680 In
1002 2642 1107 2697 quo
1130 2626 1391 2695 juniores,
1424 2624 1481 2680 id
1522 2632 1606 2680 est
1651 2625 1743 2697 qui
1773 2624 2045 2695 posterius
2072 2633 2363 2693 venerunt,
2398 2632 2649 2698 satagunt
2677 2622 2977 2695 praevenire
3007 2622 3271 2692 majores.

1437 2749 1973 2806 CAPITULUM
2029 2749 2379 2804 LXXIII.

1547 2846 1623 2902 De
1652 2847 1865 2902 novitio
1901 2845 2276 2917 suscipiendo.

312 2941 363 2993 1.
396 2938 569 2995 Laicis
600 2937 670 2995 ad
698 2940 1096 3010 professionem
1124 2940 1504 3014 suscipiendis,
1537 2943 1773 3015 idipsum
1800 2959 1942 3015 pene
1971 2942 2029 2997 fit
2057 2943 2204 3014 quod
2232 2950 2286 2998 et
2314 2942 2549 3012 clericis,
2583 2960 2709 3000 nam
2736 2945 2985 3001 similiter
3013 2944 3152 3001 dura
3167 2950 3548 3017 proponuntur

240 3036 322 3092 eis
352 3045 405 3092 et
433 3054 644 3109 aspera.

1621 3111 2196 3168 COMMENTARIUS.

320 3207 451 3262 CAP.
485 3206 679 3262 LXIX.
739 3238 808 3248 —
866 3206 946 3262 Ibi
994 3213 1247 3263 notantur
1319 3209 1571 3281 quaedam
1628 3210 1847 3280 publica
1875 3216 1928 3272 Α
1949 3225 2070 3263 mus
2102 3223 2293 3264 omnes
2322 3207 2377 3263 in
2408 3206 2609 3261 mutuis
2662 3206 2941 3278 obsequiis
2967 3207 3126 3264 nobis
3154 3207 3389 3267 invicem
3418 3210 3545 3268 red-

242 3295 463 3366 pietatis
494 3296 750 3351 exercitia
798 3312 828 3350 a
886 3296 1294 3353 remanentibus
1322 3296 1377 3351 in
1406 3297 1568 3352 domo
1599 3296 1845 3353 inferiori

241 3384 575 3456 peragenda,
627 3392 681 3439 et
726 3385 873 3441 idem
927 3384 1164 3441 refertur
1218 3384 1274 3439 in
1322 3385 1555 3458 antiquis
1603 3385 1839 3453 statutis,

242 3479 388 3543 part.
425 3488 506 3539 ιιι,
566 3488 688 3545 cap.
722 3475 775 3539 7,
811 3490 866 3527 n.
901 3474 952 3529 4,

316 3560 447 3615 CAP.
482 3561 655 3616 LXX.
704 3592 773 3601 —
801 3562 900 3617 Hic
929 3561 1050 3617 luce
1099 3560 1305 3616 clarius
1364 3568 1595 3632 apparet
1622 3560 1843 3616 nomine

242 3649 626 3705 solemnitatis
656 3650 807 3721 pium
836 3650 1163 3721 scriptorem
1193 3648 1531 3704 intellexisse
1561 3649 1843 3722 quodlibet

240 3735 440 3792 festum
470 3737 712 3808 capituli.
755 3738 856 3794 Hic
894 3738 1053 3794 etiam
1085 3738 1339 3792 statuitur
1368 3737 1596 3809 qualiter
1624 3746 1839 3808 tempus

238 3826 561 3896 impendere
590 3826 789 3883 debent
848 3826 940 3897 qui
970 3826 1023 3881 in
1056 3826 1219 3881 domo
1250 3826 1488 3881 inferiori
1509 3826 1703 3882 diebus
1731 3826 1843 3883 fes-

243 3914 312 3968 tis
352 3922 652 3970 remanent.

315 4003 465 4059 Idem
491 4003 726 4059 refertur
751 4002 807 4058 in
830 4001 1064 4075 antiquis
1085 4001 1318 4071 statutis,
1343 4009 1482 4074 part.
1515 4017 1596 4071 tu,
1628 4018 1750 4074 cap.
1784 4007 1837 4071 8,

241 4095 376 4146 n.1.

312 4180 443 4234 CAP.
478 4180 671 4234 LXXI.
707 4210 775 4221 ——
802 4180 861 4234 Id
892 4186 1095 4235 tantum
1125 4178 1422 4234 reddebant
1463 4194 1564 4249 pro
1594 4186 1840 4235 recenter

238 4267 510 4324 defunctis
539 4269 595 4323 in
624 4269 842 4341 propria
873 4269 1059 4334 domo,
1093 4282 1221 4323 nam
1248 4275 1374 4323 tunc
1403 4267 1666 4338 temporis
1696 4266 1839 4320 nulla

238 4357 399 4413 ﬂebat
430 4357 633 4413 mentio
659 4356 1051 4414 Beneﬁciorum
1096 4372 1198 4427 pro
1247 4355 1367 4410 aliis
1420 4371 1518 4426 per
1575 4353 1838 4426 suffragia

236 4440 662 4502 reddendorum.

1948 3296 2160 3352 dendis.

2016 3386 2178 3440 Num.
2209 3388 2264 3442 2.
2301 3384 2598 3441 Obviantes
2642 3387 2839 3439 autem
2867 3383 2976 3439 sibi
3002 3385 3267 3452 invicem,
3300 3393 3406 3443 etc.
3442 3387 3542 3445 Hic

1945 3474 2194 3528 videmus
2224 3488 2387 3544 quam
2418 3471 2656 3527 alienum
2685 3480 2831 3527 esset
2857 3488 2887 3525 a
2917 3471 3109 3542 spiritu
3150 3482 3204 3529 et
3259 3475 3537 3547 praxipri—

1945 3577 2157 3617 morum
2204 3561 2684 3616 Carthusianorum
2715 3559 2810 3614 illa
2838 3560 3016 3615 vultus
3069 3569 3122 3616 et
3163 3569 3416 3633 gestuum
3448 3578 3541 3619 as-

1944 3650 2145 3720 peritas
2177 3665 2298 3721 quaa
2328 3648 2573 3719 spiritum
2620 3647 3071 3703 melancholicum
3099 3649 3331 3717 redolet,
3363 3665 3488 3706 cum
3510 3667 3541 3708 e

1944 3747 2135 3795 contra
2163 3737 2370 3793 vultum
2400 3737 2578 3807 potius
2606 3736 2793 3807 gaudii
2830 3743 2884 3791 et
2912 3735 3015 3806 piae
3045 3736 3333 3793 hilaritatis
3374 3738 3544 3795 velint

1942 3844 1973 3881 a
2002 3826 2114 3882 suis
2143 3826 2199 3880 in
2248 3840 2477 3881 occursu
2508 3826 2736 3880 fratrum
2793 3824 3016 3892 assumi,
3050 3833 3105 3881 et
3157 3825 3321 3898 longe
3350 3827 3418 3881 ab
3445 3826 3541 3883 illa

1942 3923 2146 3979 rustica
2174 3922 2541 3977 inurbanitate
2590 3921 2851 3975 distantes
2879 3920 3096 3991 exigant
3161 3921 3433 3977 comitatis
3466 3929 3539 3990 et,

1940 4017 1999 4065 ut
2028 4011 2099 4065 ita
2129 4011 2327 4077 dicam,
2360 4010 2584 4065 urbanae
2630 4008 2901 4063 charitatis
2942 4024 3138 4078 praxes
3168 4024 3198 4063 a
3227 4009 3386 4065 nobis
3414 4025 3539 4067 mo-

1940 4099 2092 4154 deste
2162 4099 2395 4155 servari.
2454 4098 2593 4153 Male
2651 4112 2785 4167 ergo
2822 4096 3129 4168 intelligunt
3199 4104 3413 4164 statuta,
3446 4098 3540 4171 qui

1942 4186 2163 4241 verbum
2205 4192 2419 4243 sancta:
2448 4187 2799 4241 rusticitatis
2828 4183 2905 4238 ibi
2952 4184 3313 4253 reperientes,
3346 4193 3538 4255 putant

1940 4275 2119 4330 omnia
2149 4289 2182 4329 a
2210 4274 2367 4329 nobis
2397 4289 2520 4329 cum
2549 4273 2823 4342 incompta
2866 4271 3164 4327 rusticitate
3205 4288 3328 4327 esse
3358 4288 3534 4346 agen-

1942 4364 2031 4417 da.
2062 4363 2186 4416 Non
2215 4362 2311 4427 sic,
2346 4359 2506 4415 amici
2536 4368 2589 4414 et
2619 4359 2810 4413 fratres
2840 4359 2896 4412 in
2926 4358 3141 4414 Christo
3172 4358 3536 4433 dilectissimi,

1938 4467 2047 4505 non
2088 4449 2168 4504 sic
2199 4449 2463 4503 rusticitas
2492 4448 2561 4501 ita
2607 4447 2961 4519 intelligenda
2989 4454 3089 4513 est,
3123 4448 3221 4503 sed
3251 4464 3352 4519 per
3408 4464 3537 4505 san-

320 4536 619 4591 Veniarum
646 4534 865 4589 nomine
893 4532 1248 4605 intelligimus
1278 4531 1420 4603 piam
1450 4530 1834 4587 cwremoniam
1855 4558 1907 4617 Β
1937 4545 2081 4593 ctam
2109 4537 2464 4592 rusticitatem
2493 4534 2799 4607 intelligere
2825 4534 3088 4590 debemus
3116 4536 3311 4591 modos
3333 4537 3537 4608 agendi

237 4637 349 4695 qua
377 4638 558 4695 genua
587 4622 869 4689 flectimus,
904 4630 957 4677 et
1008 4636 1290 4676 scamnum
1319 4627 1407 4674 aut
1440 4627 1638 4675 terram
1669 4634 1833 4675 oscu-

236 4711 429 4765 lamur.
457 4711 607 4767 Idem
636 4710 865 4766 refertur
902 4710 959 4765 in
1006 4709 1247 4780 antiquis
1303 4708 1534 4777 statutis,
1577 4715 1716 4789 part.
1750 4723 1829 4774 ιιι,

236 4803 445 4942 “Iasi:
478 4803 696 4943 LXXII.
730 4918 798 4927 —
825 4887 988 4942 Num.
1022 4890 1073 4941 1.
1111 4886 1218 4943 Sed
1245 4887 1481 4957 insuper
1530 4884 1703 4939 etiam
1735 4899 1832 4940 ca-

1936 4625 2234 4697 simplices,
2270 4625 2512 4679 sinceros
2561 4630 2613 4677 et
2668 4623 2957 4693 ingenuos,
2992 4623 3083 4695 qui
3112 4639 3213 4678 nos
3271 4640 3301 4677 a
3348 4624 3537 4679 mundi

1937 4714 2127 4786 spiritu
2148 4722 2200 4769 et
2220 4712 2541 4769 vanitatibus
2562 4710 2727 4783 longe
2756 4710 2956 4767 distare
2976 4718 3257 4778 testentur,
3283 4726 3534 4783 quosque

1934 4803 1990 4856 in
2020 4802 2270 4858 omnibus
2302 4815 2519 4857 servare
2568 4800 2852 4854 debemus.

2005 4887 2155 4940 Idem
2185 4884 2419 4941 refertur
2448 4884 2502 4936 in
2534 4882 2769 4953 antiquis
2824 4881 3056 4949 statutis,
3090 4897 3149 4936 ιιι
3178 4889 3350 4953 parte,
3402 4896 3524 4955 cap.

235 4977 365 5048 pita
406 4978 619 5031 lavant.
657 4975 910 5031 Omnium
954 4991 1100 5030 nunc
1148 4974 1323 5045 capita
1379 4973 1627 5027 lavantur
1658 4979 1711 5027 et
1740 4986 1832 5025 ra-
1930 4977 2022 5039 21,
2056 4990 2204 5028 num.
2242 4976 2264 5026 1
2304 4981 2355 5028 et
2383 4974 2434 5037 4,
2468 4987 2589 5042 cap.
2624 4976 2674 5036 3,
2708 4987 2857 5026 num.
2902 4973 2956 5027 2.

240 5066 460 5120 duntur.
491 5064 710 5119 Nullam
768 5072 944 5119 autem
999 5063 1329 5117 mentionem
1389 5061 1520 5116 facit
1550 5060 1617 5115 de
1650 5059 1835 5113 barbis

239 5167 633 5209 conversorum
661 5151 1021 5224 longioribus,
1058 5151 1181 5223 quia
1210 5158 1339 5205 tunc
1369 5148 1484 5204 fere
1506 5148 1711 5203 similes
1741 5148 1836 5201 ha-

238 5241 444 5297 bebant
472 5241 740 5309 monachi,
775 5256 897 5297 cum
928 5240 1106 5296 sexies
1130 5246 1336 5295 tantum
1392 5239 1447 5292 in
1502 5252 1645 5291 anno
1674 5236 1834 5289 rade-

238 5337 447 5385 rentur.
480 5329 815 5400 Praecipuam
842 5330 1107 5384 rationem
1127 5328 1283 5384 istius
1310 5325 1621 5381 mutationis
1650 5324 1832 5395 assig-

240 5417 491 5473 navimus
520 5433 705 5488 supra,
735 5432 858 5488 cap.
890 5421 941 5471 9.
1286 5412 1291 5415 ’

312 5507 451 5562 Ibid.
486 5508 690 5564 Omnia
720 5510 915 5563 autem
969 5507 1245 5579 obsequia,
1279 5512 1382 5561 etc.
1416 5503 1515 5559 Hic
1569 5502 1832 5559 habemus

2004 5062 2137 5117 CAP.
2170 5062 2410 5116 LXXIII.
2434 5091 2503 5100 —
2522 5060 2687 5114 Num.
2714 5062 2765 5113 1.
2790 5060 2971 5114 Laicis
2992 5058 3062 5114 ad
3082 5060 3527 5129 conversionem,

1936 5160 2041 5207 etc.
2079 5151 2207 5204 Inde
2238 5158 2398 5205 natus
2426 5156 2507 5203 est
2536 5165 2668 5203 usus
2707 5147 2763 5201 in
2791 5147 2978 5202 ordine
3030 5148 3261 5202 vocandi
3295 5164 3531 5204 conver.

1936 5251 2028 5290 sos
2058 5234 2179 5288 illos
2207 5233 2404 5289 fratres
2436 5232 2527 5304 qui
2558 5233 2627 5287 ad
2658 5230 2971 5286 clericatum
2996 5245 3106 5286 non
3136 5238 3260 5286 sunt
3300 5231 3409 5303 apti
3435 5237 3527 5287 aut

1937 5322 2204 5394 dispositi.

2007 5412 2149 5466 Ibid.
2186 5411 2436 5483 Idipsum
2456 5424 2597 5481 pene
2623 5409 2693 5478 ﬁt
2720 5407 2863 5480 quod
2879 5411 2936 5463 et
2956 5408 3195 5464 clericis.
3228 5407 3331 5461 Per
3360 5405 3527 5461 cleri-

1936 5515 2031 5556 cos
2061 5501 2124 5556 R.
2142 5500 2201 5553 P.
2226 5498 2406 5570 Guigo
2432 5496 2681 5569 intelligit
2710 5496 3027 5551 monachos.
3051 5495 3203 5551 Unde
3219 5500 3363 5565 patet
3382 5494 3529 5565 quod

239 5596 475 5651 formam
505 5595 821 5652 humilitatis
857 5602 912 5651 et
946 5593 1216 5651 eharitatis
1255 5607 1420 5665 quam
1474 5590 1630 5663 sequi
1657 5589 1830 5647 debe-
1932 5595 2061 5644 tunc
2108 5588 2291 5658 (prout
2344 5586 2632 5641 etiamnum
2667 5584 2937 5655 servatur)
2966 5583 3169 5640 nullum
3224 5582 3529 5654 reciperent

452 5693 693 5750 ΡΑτιιοι..
724 5690 905 5751 CLIII.

3243 5680 3312 5738 2L
