3978 6050
186 219 293 271 749
1561 216 2166 275 CONSUETUDINES.

1509 340 1900 398 CAPITULUM
1953 344 2195 399 LXXVI.

1163 436 1238 490 De
1279 435 1519 508 hospitio
1564 438 1833 493 Fratrum
1872 442 1969 511 qui
2000 443 2154 511 foras
2192 443 2530 497 mittuntur.

269 534 402 588 Cum
441 532 607 604 aliqui
639 532 1081 588 forasmittuntur
1107 530 1162 584 in
1193 530 1387 587 vicinis
1433 533 1724 601 montanis,
1758 534 1813 588 id
1869 543 1970 603 est,
2003 552 2033 591 a
2083 538 2402 594 Cornelione
2435 539 2701 611 superius,
2763 550 2815 596 et
2860 559 2890 597 a
2946 544 3263 611 Bocoirone,
3327 550 3379 597 et
3429 544 3498 597 ab

199 633 576 697 Intermontes,
613 638 664 685 et
694 647 724 684 a
757 630 950 696 Scalis,
983 644 1085 684 nec
1107 644 1286 684 escam
1309 646 1338 683 a
1368 645 1638 701 quoquam
1670 646 1770 685 nec
1799 632 2089 703 hospitium
2120 635 2409 706 accipiunt,
2446 636 2547 690 nisi
2568 646 2657 692 aut
2688 640 2997 708 specialiter
3020 641 3174 709 jussi,
3203 648 3294 695 aut
3323 640 3502 711 aliqua

197 727 499 783 inevitabili
533 735 586 783 et
614 727 890 799 inopinata
927 726 1252 782 necessitate
1282 726 1476 782 coacti.

1523 825 1918 882 CAPITULUM
1959 826 2224 881 LXXVII.

1438 923 1512 977 De
1541 924 1815 993 fugitivis,
1863 926 1975 979 sive
2015 926 2287 995 expulsis.

275 1022 332 1078 Si
364 1021 485 1093 quis
514 1021 874 1075 habitatorum
894 1018 1001 1075 loci
1031 1020 1189 1087 hujus
1219 1019 1307 1074 vel
1330 1019 1618 1091 aufugerit,
1653 1022 1741 1075 vel
1768 1022 1956 1091 pulsus
1990 1022 2170 1089 fuerit,
2204 1031 2255 1077 et
2285 1024 2476 1079 ductus
2531 1027 2843 1096 poenitentia
2891 1029 3129 1096 redierit,
3186 1029 3506 1100 promittens

202 1135 426 1174 suarum
457 1118 892 1173 emendationem
922 1116 1358 1188 perversitatem,
1383 1124 1434 1171 et
1454 1118 1568 1187 ejus
1592 1118 1814 1187 proprie
1845 1118 1957 1173 vitii
1986 1127 2210 1188 propter
2246 1121 2389 1191 quod
2414 1122 2602 1192 pulsus
2633 1124 2802 1178 fuerat
2834 1126 2918 1181 vel
2937 1125 3240 1197 aufugerat,
3265 1127 3510 1183 tractabit

201 1216 350 1286 prior
378 1229 599 1270 causam
629 1213 746 1282 ejus
776 1212 1053 1268 communi
1081 1211 1327 1280 consilio,
1352 1220 1405 1267 et
1435 1211 1572 1267 sicut
1601 1212 1687 1267 vel
1717 1212 1942 1267 fratrum
1974 1230 2231 1269 numerus
2263 1217 2348 1271 vel
2372 1218 2566 1272 domus
2596 1220 2812 1290 utilitas,
2848 1222 2933 1276 vel
2962 1224 3125 1277 etiam
3160 1223 3308 1277 salus
3339 1223 3507 1294 ipsius

204 1312 478 1383 postulare
505 1311 791 1377 videbitur,
824 1310 981 1366 faciet
1013 1310 1100 1375 ei;
1135 1317 1187 1364 et
1215 1310 1260 1363 si
1307 1309 1593 1365 consilium
1649 1310 1942 1380 recipiendi
1980 1312 2258 1382 placuerit,
2310 1315 2375 1369 ad
2429 1316 2803 1386 probationem
2859 1318 3171 1374 humilitatis
3211 1320 3265 1373 in
3321 1320 3509 1375 ultimo

208 1408 566 1465 constituetur
594 1408 734 1463 loco.
769 1406 865 1461 Sin
895 1413 1097 1475 autem,
1130 1406 1343 1461 dabitur
1357 1406 1407 1461 ei
1434 1406 1647 1462 licentia
1670 1406 1736 1459 ad
1770 1407 2003 1479 aliquam
2033 1410 2193 1465 aliam
2238 1412 2549 1484 religiosam
2602 1415 2764 1471 eundi
2816 1416 3055 1485 domum,
3089 1417 3144 1470 in
3190 1433 3296 1489 qua
3353 1433 3507 1473 suam

3393 221 3498 274 750

210 1509 383 1578 possit
424 1508 662 1561 animam
720 1505 927 1561 salvam
956 1504 1156 1561 facere.

1541 1574 2111 1632 COMMENTARIUS.

212 1675 526 1748 abnegatio,
562 1675 617 1729 in
647 1673 865 1745 prOprio
894 1690 1004 1729 non
1034 1673 1284 1729 habendo
1315 1681 1367 1728 et
1388 1672 1441 1727 in
1470 1673 1689 1743 propria
1710 1688 1803 1728 vo-
1828 1676 1879 1733 A
1912 1674 2009 1727 sed
2038 1691 2202 1746 super
2225 1685 2516 1747 peccatore
2537 1688 2838 1750 gemerent,
2863 1688 3304 1751 compaterentur
3323 1691 3375 1738 et
3403 1681 3506 1736 sibi

209 1766 415 1819 luntate
447 1763 751 1818 deserenda
764 1803 776 1817 .

286 1854 366 1907 De
397 1852 612 1907 licentia
660 1859 843 1905 autem
896 1849 1090 1921 prioris
1119 1849 1205 1904 hic
1237 1858 1444 1904 tantum
1471 1849 1530 1903 fit
1587 1849 1809 1915 mentio,

214 1941 360 2011 quod
408 1941 476 1994 ad
535 1940 901 1995 obedientiam
961 1938 1212 2003 refertur,
1266 1946 1317 1993 et
1364 1938 1715 1993 nihilominus
1746 1937 1813 1991 de

211 2036 532 2100 paupertate
562 2027 805 2100 perfecte
836 2027 1106 2081 servanda
1127 2027 1290 2081 etiam
1320 2028 1516 2098 agitur.
1548 2025 1703 2082 Ratio
1734 2033 1816 2079 est

213 2117 341 2189 quia
358 2117 484 2172 licet
516 2124 701 2172 votum
756 2114 1091 2186 paupertatis
1143 2130 1253 2168 non
1301 2114 1552 2184 explicite
1599 2114 1814 2169 emitta-

210 2222 353 2273 mus,
389 2205 525 2261 sicut
556 2221 658 2259 nec
710 2212 892 2258 votum
944 2204 1232 2271 castitatis,
1287 2211 1493 2258 certum
1542 2210 1625 2257 est
1670 2202 1816 2273 quod

213 2293 269 2347 in
320 2301 447 2348 voto
505 2293 827 2347 obedientiae
882 2292 1259 2346 contineantur
1312 2291 1476 2345 veluti
1532 2290 1708 2344 infans
1761 2290 1818 2342 in

216 2390 375 2437 utero
420 2381 629 2446 matris,
684 2389 735 2435 et
766 2380 841 2434 ita
889 2396 1103 2450 semper
1130 2379 1226 2433 fuit
1283 2380 1615 2435 intellectum
1646 2378 1698 2432 in
1730 2393 1819 2432 or-

218 2470 364 2524 dine.
400 2469 554 2524 Unde
584 2485 693 2523 non
725 2476 807 2522 est
843 2468 1116 2521 mirum‘si
1171 2469 1235 2522 Β.
1268 2468 1428 2521 Pater
1474 2467 1651 2537 Guigo
1682 2466 1817 2520 obe-

220 2557 480 2612 dientiam
515 2557 683 2611 veluti
743 2557 983 2610 omnium
1034 2556 1297 2610 bonorum
1350 2563 1663 2610 nostrorum
1693 2553 1817 2608 fon-
1856 2588 1859 2589 ν

218 2653 329 2700 tem
346 2645 547 2716 ubique
576 2644 882 2700 consideret
914 2651 966 2699 et
1020 2644 1301 2714 praedicet,
1335 2644 1463 2715 quia
1519 2650 1601 2699 est
1656 2642 1820 2697 veluti

221 2742 396 2789 mater
422 2734 477 2788 in
499 2734 621 2788 sinu
650 2733 857 2787 habens
888 2732 990 2786 alia
1020 2740 1146 2787 vota
1188 2732 1518 2803 paupertatis
1576 2740 1626 2785 et
1659 2730 1819 2785 casti-

221 2822 370 2887 tatis,
431 2830 762 2892 eunctasque
818 2821 1196 2876 observantias
1254 2821 1462 2875 ordinis
1496 2838 1510 2887 ;
1544 2819 1589 2873 si
1639 2827 1820 2873 autem

222 2919 395 2966 mater
423 2911 653 2965 ltedatur
683 2918 775 2965 aut
796 2909 1080 2975 moriatur,
1116 2909 1243 2980 quid
1267 2910 1334 2964 de
1383 2908 1647 2979 progenie
1703 2908 1821 2976 ejus

225 2999 558 3070 sperandum
589 3006 672 3053 est
699 3000 728 3053 ‘P
757 3000 886 3053 Haec
908 2998 1238 3067 comparatio
1264 2998 1309 3050 si
1330 3012 1438 3051 non
1457 2996 1638 3067 plene,
1671 3003 1819 3052 certe
1841 3028 1892 3086 B

223 3088 383 3142 valde
440 3088 691 3142 convenit
739 3086 923 3140 sensui
970 3087 1034 3140 R.
1086 3086 1145 3140 P.
1206 3085 1492 3157 Guigonis,
1527 3092 1580 3139 et
1636 3091 1820 3139 nostro

224 3175 469 3230 instituto
490 3174 829 3245 exponendo,
867 3182 921 3228 et
954 3181 1099 3228 recte
1153 3172 1438 3243 capiendo.

298 3264 446 3318 Idem
478 3262 714 3317 refertur
735 3263 888 3317 tertia
917 3270 1070 3332 parte
1098 3261 1445 3332 antiquorum
1470 3267 1819 3329 statutorum,

224 3366 347 3421 cap.
382 3354 471 3415 25,
505 3366 654 3404 num.
690 3351 731 3404 Ι.

295 3440 425 3493 CAP.
460 3439 701 3493 LXXVI.
726 3468 794 3478 —
827 3441 996 3495 Foras
1047 3439 1370 3493 mittuntur
1414 3458 1430 3493 :
1478 3437 1532 3492 id
1562 3446 1644 3493 est
1673 3447 1827 3494 extra

231 3528 515 3582 terminos.
568 3526 667 3582 Hic
721 3533 901 3581 autem
958 3526 1333 3597 exprimuntur
1387 3525 1505 3582 loca
1549 3526 1603 3581 in
1634 3528 1826 3583 vicinis

226 3615 502 3671 montanis
520 3623 609 3670 aut
630 3615 808 3685 planis
828 3616 951 3679 sita,
972 3615 1041 3669 ad
1064 3630 1185 3685 quae
1208 3615 1549 3670 communius
1578 3624 1828 3686 poterant

232 3703 370 3758 mitti
402 3703 691 3769 conversi;
722 3703 814 3757 ubi
860 3703 1149 3773 hospitium
1183 3710 1236 3757 et
1269 3718 1451 3758 escam
1474 3718 1506 3757 a
1555 3719 1827 3776 quoquam

228 3792 479 3862 recipere
500 3791 876 3862 prohibentur,
901 3791 1065 3862 idque
1097 3806 1162 3845 ea
1192 3791 1259 3845 de
1290 3806 1460 3846 causa
1489 3808 1652 3862 quam
1669 3809 1829 3863 supra

233 3880 535 3953 attigimus,
560 3896 629 3935 ne
659 3879 712 3933 in
738 3878 1159 3934 familiaritatum
1191 3887 1244 3933 et
1286 3879 1412 3933 inde
1432 3878 1489 3933 in
1536 3879 1829 3936 relaxatio-

232 3984 363 4023 num
394 3968 713 4023 occasiones
751 3967 1077 4022 inciderent.

309 4056 439 4110 CAP.
470 4056 811 4111 LXXVI[.—-
850 4056 937 4111 Vel
958 4057 1245 4127 aufugerit
1276 4058 1363 4112 vel
1398 4059 1597 4128 pulsus
1626 4060 1827 4127 fuerit.

233 4144 333 4200 Hic
362 4160 683 4215 expressum
713 4144 977 4198 habemus
997 4144 1221 4203 modum
1250 4146 1449 4216 agendi
1486 4153 1615 4200 tunc
1660 4146 1831 4200 usita-

234 4241 350 4287 tum
406 4249 528 4288 cum
578 4232 661 4286 his
720 4233 813 4302 qui
851 4240 1006 4287 erant
1048 4241 1138 4287 aut
1198 4232 1431 4305 fugitivi,
1491 4241 1582 4288 aut
1614 4240 1835 4303 prOpter

198 4313 207 4318 ’
233 4336 439 4391 pravos
470 4336 653 4375 mores
683 4336 713 4374 e
742 4321 1074 4375 monasterio
1120 4320 1350 4391 expulsi.
1382 4322 1505 4375 Non
1539 4328 1619 4375 est
1655 4328 1832 4374 autem

234 4408 542 4463 mirandum
574 4409 620 4462 si
652 4408 705 4461 in
723 4409 1131 4480 quibuscunque
1150 4408 1643 4473 communitatibus,
1665 4409 1827 4463 etiam

231 4497 289 4550 in
350 4497 617 4567 propositi
666 4497 750 4551 sui
797 4497 980 4553 nativo
1048 4489 1259 4551 fervore
1347 4496 1672 4563 constitutis,
1734 4512 1827 4551 re-

232 4585 519 4655 periantur
557 4586 805 4640 homines
854 4585 943 4656 qui
990 4586 1045 4639 in
1084 4585 1289 4640 similes
1337 4600 1500 4641 casus
1555 4584 1825 4639 decidant.

236 4674 421 4729 Status
451 4673 595 4727 enim
616 4673 963 4740 monasticus,
996 4673 1390 4745 quantumlibet
1438 4681 1622 4729 sancte
1668 4673 1829 4727 insti—

236 4778 384 4825 tutus
416 4779 467 4825 et
515 4770 862 4841 acquirendae
919 4771 1185 4826 sanctitati
1232 4780 1393 4842 atque
1442 4770 1834 4825 conservanda

240 4859 573 4930 aptissimus,
604 4874 712 4913 non
763 4866 942 4929 potest
1000 4858 1216 4915 efficere
1259 4866 1317 4913 ut
1344 4860 1591 4914 homines
1621 4866 1835 4914 cessent

245 4963 371 5002 esse
388 4947 657 5012 homines,
692 4963 811 5002 cum
843 4962 945 5002 nec
984 4954 1154 5002 status
1211 4948 1539 5017 apostolicus
1596 4946 1838 5001 effecerit

238 5043 299 5089 ut
328 5035 498 5089 Judas
527 5050 635 5089 non
673 5035 831 5089 fuerit
884 5036 1153 5106 proditor,
1216 5051 1281 5090 ac
1333 5035 1532 5090 deinde
1586 5035 1838 5105 suiipsius

239 5123 534 5178 homicida.
569 5123 678 5177 Cur
708 5139 842 5194 ergo
870 5131 982 5178 tam
1013 5122 1119 5177 alte
1152 5124 1453 5178 exclamant
1482 5123 1730 5178 homines
1752 5139 1841 5177 su—

238 5228 342 5282 per
372 5226 504 5265 casu
534 5210 762 5279 alicujus
790 5211 1090 5267 monachi?
1122 5211 1260 5279 Quia
1314 5212 1525 5282 seipsos
1573 5212 1841 5277 nesciunt,

240 5308 296 5354 et
328 5299 549 5369 propria
580 5299 834 5370 opinione
865 5301 1049 5355 caecati
1081 5301 1293 5371 seipsos
1322 5316 1432 5356 non
1462 5300 1759 5363 attendunt,
1794 5306 1847 5354 et

244 5388 488 5459 quotidie
519 5388 776 5443 cadentes
808 5395 865 5442 ut
893 5389 1080 5444 miseri
1106 5388 1571 5455 homines,adhuc
1587 5388 1848 5459 ignorant

249 5476 382 5546 quid
404 5476 472 5530 sit
499 5492 620 5531 esse
642 5476 936 5531 hominem.
972 5478 1027 5532 Si
1057 5492 1193 5550 ergo
1225 5484 1479 5549 saperent
1496 5484 1549 5532 et
1576 5475 1847 5547 intellige-

1914 1774 2191 1819 caverent.

1986 1853 2085 1907 Hic
2115 1854 2328 1909 videtur
2357 1856 2486 1926 quid
2508 1865 2634 1911 tunc
2690 1856 2845 1912 fieret
2874 1866 2931 1912 ut
2977 1859 3149 1914 caulas
3194 1859 3506 1914 monasticae

1915 1941 1983 1994 ab
2014 1941 2226 1997 infectis
2256 1944 2449 1998 ovibus
2488 1954 2873 2017 purgarentur,
2907 1963 2976 2001 ne
3020 1947 3153 2001 alias
3208 1946 3505 2004 inficerent.

1914 2029 2037 2084 Non
2068 2031 2411 2101 specificatur
2441 2048 2599 2087 casus
2644 2051 2744 2104 pro
2775 2051 2883 2106 quo
2918 2038 3215 2090 monachus
3253 2044 3341 2091 aut
3370 2052 3506 2092 con-

1915 2134 2107 2173 versus
2137 2120 2402 2189 potuisset
2431 2122 2648 2192 expelli,
2683 2123 2779 2176 sed
2809 2123 3135 2194 generaliter
3158 2127 3507 2196 perversita-

1918 2211 2111 2261 tumet
2140 2209 2267 2263 vitii
2297 2209 2516 2263 nomina
2562 2219 2911 2280 usurpantur.
2952 2212 3073 2266 Non
3108 2212 3305 2268 dicitur
3345 2214 3509 2267 etiam

1918 2296 2063 2364 quod
2092 2295 2349 2368 fugitivos
2379 2300 2679 2353 monachos
2709 2299 3061 2370 requirerent.
3098 2301 3156 2354 Id
3184 2308 3364 2355 tamen
3386 2302 3509 2355 sub-

1918 2384 2247 2439 audiendum
2278 2402 2398 2441 esse
2460 2387 2690 2455 videtur,
2737 2403 2861 2442 cum
2904 2388 2961 2441 in
2989 2387 3163 2442 forma
3213 2388 3510 2459 professio-

1918 2473 2002 2526 nis
2024 2489 2408 2529 conversorum
2451 2475 2728 2539 innuatur,
2781 2476 3030 2546 quamvis
3076 2476 3202 2531 huic
3238 2476 3510 2549 interpre-

1919 2562 2107 2616 tationi
2137 2562 2353 2617 obstare
2374 2563 2653 2617 videantur
2672 2564 2841 2619 verba
2866 2564 3166 2635 sequentia.
3200 2565 3309 2619 Sed
3328 2566 3512 2621 omnia

1919 2650 2364 2717 conciliabuntur,
2420 2651 2464 2704 si
2526 2650 2616 2706 fiat
2669 2652 2940 2707 distinctio
3013 2653 3153 2707 inter
3226 2651 3509 2723 fugitivum

1921 2737 2256 2808 simpliciter,
2282 2746 2335 2795 et
2388 2738 2677 2810 fugitivum
2734 2740 2895 2795 simul
2950 2747 3001 2795 et
3048 2756 3386 2811 perversum,
3460 2752 3515 2797 et

1919 2824 2134 2880 dicatur
2168 2827 2401 2897 primum
2444 2829 2513 2883 ad
2569 2843 2629 2883 se
2706 2828 2869 2883 etiam
2894 2836 3080 2885 coactae
3120 2844 3379 2885 revocare
3407 2845 3512 2901 po-

1920 2914 2114 2981 tuisse,
2154 2916 2454 2971 secundum
2501 2924 2677 2971 autem
2718 2918 2976 2985 noluisse,
3026 2917 3150 2989 quia
3179 2933 3345 2974 causa
3381 2934 3511 2989 per-

1920 3003 2187 3058 versitatis
2216 3004 2378 3059 etiam
2409 3005 2607 3076 expelli
2649 3006 2982 3061 merebatur.

1992 3095 2065 3146 Et
2092 3093 2293 3148 ductus
2322 3095 2661 3164 paenitentia
2687 3094 2939 3149 redierit.
2974 3093 3074 3149 Hic
3106 3108 3214 3149 non
3235 3095 3304 3150 de
3324 3104 3515 3151 coacto

1924 3180 2098 3234 reditu
2127 3181 2323 3252 agitur,
2359 3182 2457 3236 sed
2503 3183 2573 3237 de
2627 3182 2801 3237 libero
2843 3182 3173 3253 poenitentiae
3222 3197 3285 3239 ac
3313 3183 3516 3240 intimae

1925 3269 2298 3323 conversionis
2328 3270 2533 3325 motivo
2562 3271 2911 3341 procedente.

1997 3359 2346 3413 Promittam
2386 3374 2621 3413 suarum
2665 3359 3121 3415 emendationem
3170 3361 3517 3431 perversita-

1929 3449 2071 3501 tum.
2094 3446 2513 3500 Perversitatum
2550 3462 2750 3501 nomen
2778 3447 2831 3499 in
2850 3446 3044 3516 plurali
3064 3447 3299 3515 positum
3322 3463 3520 3519 graves

1928 3533 2116 3603 culpas
2147 3533 2365 3602 indicat,
2413 3543 2465 3588 et
2512 3534 2663 3605 quasi
2692 3533 2993 3588 habituales
3022 3533 3262 3601 affectas,
3309 3552 3373 3590 ex
3404 3537 3521 3592 solo

1929 3620 2072 3675 enim
2122 3622 2386 3691 peccandi
2438 3623 2643 3689 habitu,
2702 3623 2865 3677 homo
2911 3638 3203 3693 perversus
3258 3631 3310 3677 et
3370 3624 3523 3694 quasi

1928 3710 2174 3764 moribus
2200 3710 2523 3780 depravatus
2563 3710 2760 3766 dicitur
2793 3729 2807 3775 ;
2849 3718 3100 3781 peccator
3128 3726 3260 3765 vero
3316 3719 3522 3766 tantum

1931 3797 2144 3867 dicitur,
2178 3798 2268 3869 qui
2301 3814 2365 3853 ex
2396 3799 2632 3853 humana
2661 3798 2975 3853 inﬁmitate
3006 3798 3060 3852 in
3116 3806 3402 3869 peccatum
3430 3801 3523 3854 in-

1931 3886 2076 3952 cidit,
2112 3901 2214 3942 nec
2242 3901 2470 3956 peccare
2512 3894 2845 3958 perseverat.

2008 3976 2290 4030 Tractabit
2310 3978 2467 4047 prior
2495 3992 2727 4032 causam
2749 3978 2888 4044 eius,
2923 3983 3026 4032 etc.
3063 3976 3209 4031 Talis
3231 3992 3363 4049 ergo
3382 3975 3526 4049 fugi-

1932 4063 2074 4119 tivus
2094 4072 2184 4117 aut
2215 4064 2493 4134 expulsus,
2537 4064 2699 4119 etiam
2731 4073 2922 4135 sponte
2960 4080 3217 4120 reversus
3246 4072 3299 4120 et
3344 4064 3525 4135 ι)ωηί-

1935 4151 2105 4206 tentia
2126 4152 2338 4215 ductus,
2372 4168 2480 4206 non
2510 4153 2692 4206 statim
2715 4152 3111 4221 recipiebatur;
3134 4152 3279 4207 unde
3304 4159 3527 4223 apparet

1935 4247 2195 4309 quantum
2225 4239 2329 4293 illis
2353 4240 2687 4310 temporibus
2717 4240 3112 4310 circumspecte
3141 4247 3369 4313 agerent
3398 4240 3527 4294 boni

1934 4328 2153 4393 Patres,
2188 4336 2237 4382 et
2285 4344 2407 4381 eum
2454 4329 2710 4397 scrupulo
2759 4343 2953 4383 cavere
3012 4327 3213 4384 vellent
3250 4344 3320 4383 ne
3367 4343 3527 4383 ovem

1938 4415 2171 4486 aliquam
2219 4416 2523 4471 morbidam
2578 4416 2905 4486 reciperent,
2954 4433 3073 4487 quae
3100 4416 3221 4471 aliis
3267 4417 3527 4472 damnum

1937 4503 2139 4558 inferre
2167 4511 2374 4574 posset,
2408 4504 2607 4559 bonum
2639 4503 3035 4559 communitatis
3064 4504 3409 4575 prmferendo
3431 4505 3530 4559 uti-

1938 4592 2176 4648 litatibus
2206 4592 2430 4663 privatae
2472 4608 2749 4663 personae.

2012 4684 2079 4736 Et
2101 4683 2249 4737 sicut
2266 4683 2349 4737 vel
2368 4685 2622 4752 fratrum
2644 4697 2934 4748 numerus,
2960 4683 3047 4736 vel
3063 4681 3258 4737 domus
3280 4683 3527 4749 utilitas,

1932 4770 2020 4825 vel
2059 4772 2232 4824 etiam
2261 4771 2433 4833 salus,
2469 4778 2572 4825 etc.
2606 4771 2688 4824 Ex
2708 4769 2933 4824 fratrum
2963 4784 3191 4824 numero
3209 4768 3529 4841 gravitatem

1936 4858 2147 4913 consilii
2176 4874 2241 4912 ex
2282 4858 2513 4927 plurium
2544 4858 2868 4929 conglobato
2913 4874 3076 4913 sensu
3118 4856 3526 4927 provenientem

1937 4946 2049 5000 vult
2094 4945 2400 5015 exprimere
2431 4947 2494 5001 R.
2552 4946 2611 5000 Ρ.
2647 4946 2827 5018 Guigo
2860 4963 2874 5013 ;
2911 4953 2964 5000 et
3010 4944 3097 4998 hic
3153 4943 3303 4998 varia
3350 4943 3528 5014 capita

1940 5033 2339 5089 consideranda
2360 5050 2454 5088 seu
2488 5034 2843 5103 ponderanda
2902 5032 3164 5103 assignat,
3224 5048 3289 5086 ex
3336 5031 3532 5103 quibus

1945 5122 2107 5177 veluti
2150 5120 2429 5192 principiis
2493 5122 2905 5177 convenientior
2969 5120 3329 5176 deduceretur
3396 5136 3534 5176 con-

1947 5210 2138 5276 clusio,
2198 5227 2301 5281 qua
2350 5210 2749 5266 communitatis
2814 5209 3037 5275 utilitas,
3070 5217 3123 5265 et
3168 5209 3315 5281 quod
3378 5209 3537 5264 saluti

1945 5298 2155 5369 expulsi
2184 5306 2274 5352 aut
2304 5297 2514 5371 fugitivi
2558 5299 2737 5371 magis
2785 5296 3142 5354 conveniebat
3191 5297 3353 5351 simul
3410 5312 3542 5352 con-

1950 5387 2326 5442 cordarentur.

2023 5476 2089 5530 Et
2110 5477 2159 5531 si
2194 5476 2497 5533 consilium
2516 5475 2827 5547 reeipiendi
2844 5474 3148 5546 placuerit,
3167 5473 3239 5528 ad
3258 5472 3423 5544 proba
3433 5473 3545 5529 tio-

247 5571 391 5630 rent,
424 5564 599 5619 zelum
652 5564 870 5634 quidem
918 5572 1107 5621 contra
1164 5573 1449 5636 peccatum
1506 5572 1844 5630 exercerent,
1870 5557 1922 5617 D
1951 5579 2083 5621 nem
2105 5563 2744 5631 humilitatis,etc.Hinc
2759 5570 2984 5634 apparet
3004 5560 3150 5633 quod
3169 5568 3457 5632 antequam
3480 5561 3551 5616 ad
