3978 6050
488 281 588 335 751

1340 275 1679 333 GUIGONIS
1720 277 1741 329 Ι
1780 273 2185 330 (ΖΑΒΤΗΠΞΙᾸΞ
2225 271 2518 328 MAJORIS
2558 271 2833 328 I’RIORIS
2879 272 2947 325 V.

3690 268 3803 321 ’752

1659 399 2182 456 CAPITULUM
2254 398 2665 453 LXXVIII.

1741 526 1816 580 De
1846 540 2082 580 numero
2122 525 2522 580 habitatorum.

561 629 612 678 1.
645 624 912 678 Numerus
944 621 1309 678 habitatorum
1340 622 1497 690 hujus
1527 621 1710 687 eremi,
1744 623 2136 676 monachorum
2165 622 2384 692 quidem
2415 618 2678 675 tredecim
2718 625 2819 681 est,
2873 630 2983 669 non
3014 613 3157 684 quod
3209 628 3426 683 semper
3468 617 3543 665 tot
3596 609 3793 673 simus,

488 736 632 777 nunc
653 721 795 775 enim
835 736 941 774 non
973 735 1160 773 sumus
1192 727 1286 784 tot,
1329 717 1426 773 sed
1457 719 1602 789 quod
1627 727 1723 784 tot,
1757 718 1801 771 si
1833 719 1978 772 Deus
2007 733 2102 772 eos
2131 717 2357 782 miserit,
2392 716 2666 785 suscipere
2717 712 3065 767 instituimus.
3126 710 3232 766 Sed
3263 718 3315 765 et
3347 710 3392 763 si
3429 708 3550 762 talis
3604 705 3803 776 aliquis

487 836 647 884 unus,
679 819 831 886 cujus
863 817 1065 872 utilitas
1096 826 1147 870 et
1177 818 1435 871 honestas
1471 816 1720 871 videatur
1751 817 1837 872 vix
1869 831 2030 886 posse
2062 813 2391 885 recuperari,
2421 812 2851 867 misericordiam
2882 808 3270 882 postulaverit,
3303 807 3529 860 addetur
3557 813 3609 859 et
3637 819 3801 874 quar—

485 925 570 971 tus
599 915 861 983 decimus,
889 915 933 968 si
955 923 1132 969 tamen
1166 913 1390 969 facultas
1412 914 1606 968 domus
1645 913 1877 969 tolerare
1926 929 2088 983 posse
2117 912 2410 982 putabitur.

1845 1035 2416 1092 COMMENTARIUS.

485 1136 775 1209 pristinum
809 1143 1002 1190 statum
1050 1135 1306 1205 expulsus
1339 1142 1430 1189 aut
1478 1133 1738 1206 fugitivus
1775 1133 2089 1188 admittere—
2112 1148 2162 1206 Α
2194 1141 2370 1188 cerate
2392 1131 2648 1194 discolos,
2682 1138 2734 1184 et
2782 1129 2952 1183 satius
3011 1136 3095 1184 est
3147 1135 3204 1182 ut
3261 1127 3438 1184 vitiosi
3487 1127 3630 1182 intra
3665 1142 3795 1182 mo-

485 1236 592 1295 tur,
627 1225 781 1280 fieret
812 1225 1061 1294 probatio
1094 1223 1426 1291 humilitatis,
1462 1231 1520 1276 ut
1551 1240 1614 1276 ex
1652 1223 1878 1292 probata
1919 1222 2097 1275 humi-

487 1315 635 1370 litate
663 1313 868 1369 veritas
900 1311 1273 1368 conversionis
1295 1319 1706 1382 agnosceretur.
1750 1311 1807 1363 Iu
1833 1325 1938 1380 qua
1965 1325 2098 1379 pro-

486 1403 728 1468 batione,
764 1401 1005 1454 adinstar
1051 1402 1165 1468 ejus
1201 1416 1320 1469 qua}
1353 1397 1407 1451 fit
1437 1399 1488 1451 in
1535 1397 1748 1452 novitiis
1807 1406 2098 1468 antequam

487 1491 555 1546 ad
586 1488 984 1561 professionem
1018 1487 1367 1541 admittuntur
1398 1486 1722 1556 faciendam,
1765 1485 2097 1540 credendum

498 1586 580 1634 est
609 1577 756 1649 quod
807 1576 851 1629 si
899 1575 1246 1640 defecissent,
1302 1575 1495 1629 iterum
1535 1575 1676 1645 pulsi
1718 1574 1965 1639 fuissent,
1996 1589 2099 1629 nec

489 1667 556 1722 ad
587 1665 807 1737 plenam
837 1664 1331 1720 reconciliationem
1367 1664 1422 1716 in
1463 1663 1650 1718 ordine
1707 1663 1951 1716 admissi.

562 1756 661 1811 Sin
679 1757 891 1819 autem,
914 1753 1138 1808 dabitur
1166 1754 1217 1808 ei
1250 1753 1502 1816 licentia,
1537 1760 1640 1806 etc.
1657 1752 1804 1805 Tunc
1827 1765 1959 1821 ergo
1975 1749 2096 1805 lici-

488 1851 604 1899 tum
635 1850 752 1898 erat
789 1841 1004 1913 propria
1044 1841 1364 1895 auctoritate
1407 1841 1535 1894 dare
1581 1840 1852 1894 licentiam
1911 1848 2096 1893 trans-

491 1932 658 1989 eundi
695 1931 762 1986 ad
794 1931 958 1984 alium
988 1930 1254 1994 ordinem,
1282 1930 1424 2001 quod
1445 1945 1585 1983 nunc
1607 1944 1714 1982 non
1735 1929 1879 1984 licet.

561 2023 622 2076 In
652 2022 754 2076 hoc
794 2019 1028 2088 capitulo
1085 2018 1295 2072 videtur
1345 2017 1520 2089 qualis
1578 2026 1688 2071 erat
1731 2026 1855 2071 tunc
1910 2016 2098 2086 politia

491 2109 809 2172 monastica,
838 2107 959 2174 jure
1002 2106 1165 2160 etiam
1225 2106 1446 2177 antiquo
1486 2106 1750 2161 canonico
1781 2105 2091 2175 approbata,

492 2213 602 2270 qua
631 2195 814 2252 caulas
845 2194 1177 2249 monastieas
1233 2195 1391 2264 primi
1449 2195 1636 2248 Patres
1665 2208 1894 2263 purgare
1943 2201 2096 2262 pote-

491 2292 610 2339 rant
641 2300 673 2339 a
701 2283 964 2338 morbidis
995 2282 1206 2351 ovibus,
1232 2283 1606 2353 reliquumque
1637 2297 1860 2353 gregem
1902 2281 2095 2334 immu-

493 2389 618 2429 nem
650 2372 882 2427 reddere
913 2386 944 2425 a
973 2378 1051 2425 tot
1090 2371 1322 2436 damnis,
1359 2370 1729 2425 vexatiouibus
1777 2379 1829 2423 et
1860 2370 2093 2440 seanda-

490 2462 576 2530 lis,
621 2477 686 2516 ex
728 2459 1058 2515 discolorum
1111 2459 1292 2529 tepida
1351 2467 1441 2512 aut
1488 2459 1628 2512 mala
1678 2458 2163 2558 conversationeB

491 2549 957 2621 provenientibus.
992 2550 1070 2602 Ex
1103 2564 1205 2619 qua
1236 2547 1560 2619 purgatione
1593 2556 1800 2602 certum
1821 2555 1901 2601 est
1931 2547 2094 2602 disci-

495 2638 702 2709 plinam
759 2636 1132 2699 monasticam,
1189 2644 1237 2688 et
1290 2635 1581 2701 saniorem,
1628 2643 1679 2690 et
1734 2635 2010 2705 puriorem
2042 2643 2095 2690 et

490 2725 870 2779 durabiliorem
896 2731 1022 2778 tunc
1052 2723 1292 2793 potuisse
1336 2723 1545 2778 servari
1580 2738 1591 2776 :
1624 2723 1892 2777 habebant
1948 2724 2092 2778 enim

491 2813 561 2867 ad
592 2828 811 2866 manum
843 2811 1142 2866 remedium
1175 2811 1383 2876 efficax,
1408 2827 1515 2882 quo
1542 2819 1764 2881 possent
1793 2812 1993 2864 malum
2024 2811 2092 2866 de

490 2901 672 2956 medio
694 2900 776 2955 sui
797 2899 1028 2954 auferre.
1060 2899 1216 2954 Nune
1248 2915 1375 2954 vero
1396 2900 1657 2971 gravibus
1688 2899 1757 2954 de
1812 2899 1992 2954 causis
2023 2900 2092 2954 ad

485 2990 760 3061 publicum
810 2989 1013 3043 bonum
1058 2995 1229 3041 status
1257 2996 1368 3041 tum
1426 2987 1801 3053 ecclesiastici,
1848 2996 1958 3041 tum
2008 2987 2090 3042 ci-

486 3079 627 3143 vilis,
661 3077 1076 3148 pertinentibus,
1105 3075 1530 3145 jurisprudentia
1587 3076 1675 3129 illa
1723 3084 1928 3129 mutata
1986 3083 2086 3140 est,

485 3175 538 3221 et
567 3167 612 3220 si
643 3183 760 3236 qua;
791 3181 857 3219 ex
880 3165 1071 3218 ovibus
1100 3165 1166 3218 ad
1198 3164 1593 3234 professionem
1626 3164 1796 3219 semel
1836 3163 2090 3218 admissis

485 3254 749 3307 morbida
770 3261 860 3306 aut
887 3253 1095 3308 vitiosae
1125 3252 1273 3321 fiant,
1308 3269 1428 3308 cum
1463 3253 1619 3307 bonis
1667 3253 1858 3307 mixtas
1889 3253 1945 3305 in
1992 3267 2089 3306 ea-

485 3342 610 3396 dem
631 3341 780 3396 caula
809 3356 952 3396 nunc
982 3357 1203 3396 servare
1237 3342 1504 3412 cogimur,
1538 3349 1783 3396 resecato
1827 3341 1920 3395 illo
1974 3339 2089 3410 pri-

486 3430 627 3485 stino
680 3429 1018 3500 purgationis
1076 3430 1340 3498 remedio,
1376 3429 1520 3500 quod
1570 3437 1771 3483 tantum
1829 3445 1893 3482 ex
1951 3427 2090 3481 raris

483 3517 662 3573 causis
692 3533 836 3572 nunc
875 3518 1206 3572 conceditur.

559 3607 809 3676 Magnam
833 3606 958 3660 inde
990 3606 1202 3660 cladem
1234 3605 1390 3659 statui
1419 3605 1715 3660 monastico
1740 3605 1989 3660 evenisse
2011 3605 2088 3660 vi—

489 3695 670 3749 detur.
705 3697 772 3748 At
803 3695 1096 3761 majoribus
1123 3694 1336 3748 damnis
1365 3695 1578 3748 minora
1610 3693 1860 3764 postponi
1887 3693 2090 3750 debere

474 3782 834 3849 justissimum
856 3789 955 3835 est.
990 3782 1070 3834 Ex
1125 3782 1570 3851 multiplicatione
1627 3782 1770 3836 enim
1810 3790 2086 3837 monaste-

2198 1220 2420 1275 nasterii
2454 1227 2608 1288 septa
2639 1217 2834 1273 reclusi
2873 1217 3313 1287 comprimantur,
3348 1231 3505 1287 quam
3543 1224 3601 1270 ut
3631 1217 3684 1270 in
3736 1216 3801 1269 li-

2199 1311 2405 1363 bertate
2453 1307 2617 1378 positi
2659 1306 2940 1377 pristinum
2983 1306 3105 1360 vitm
3148 1305 3462 1360 austerioris
3510 1321 3668 1359 usum
3700 1320 3802 1376 per

2205 1398 2453 1452 vitiosam
2502 1396 2973 1451 conversationem
3025 1410 3384 1464 compensare
3426 1394 3687 1448 sinantur.

2270 1485 2352 1540 Ad
2384 1487 2496 1540 huic
2526 1484 2654 1555 quid
2692 1483 3183 1554 respondebimus?
3211 1484 3387 1538 Unum
3428 1490 3630 1536 tantum
3663 1481 3797 1535 mihi

2197 1574 2451 1642 occurrit,
2486 1573 2634 1628 salvo
2664 1572 2868 1627 meliori
2893 1572 3115 1640 judicio,
3167 1571 3548 1639 objiciendum.
3581 1569 3797 1626 Occur-

2197 1671 2314 1716 runt
2354 1662 2488 1717 certi
2533 1678 2713 1725 casus,
2762 1662 2814 1715 in
2846 1661 3040 1731 quibus
3090 1675 3284 1714 revera
3341 1659 3624 1713 ordinibus
3677 1673 3800 1712 mo-

2196 1749 2418 1805 nasticis
2447 1750 2604 1805 valde
2625 1749 3059 1819 compatiendum
3091 1757 3193 1814 est,
3240 1755 3290 1802 et
3348 1748 3401 1801 in
3431 1747 3625 1818 quibus
3658 1762 3797 1818 pro-

2195 1839 2332 1893 visio
2355 1839 2535 1909 aliqua
2575 1839 2643 1893 de
2687 1837 3026 1893 convenienti
3059 1837 3300 1891 remedio
3328 1837 3563 1907 optanda
3611 1843 3801 1901 esset;

2197 1935 2249 1983 et
2277 1928 2331 1980 hi
2360 1943 2519 1982 casus
2541 1943 2604 1981 ex
2636 1926 2955 1997 deceptione
2976 1925 3294 1996 procedunt,
3329 1933 3489 1996 atque
3519 1941 3584 1979 ex
3614 1940 3798 1980 saecu-

2196 2016 2386 2070 larium
2435 2031 2583 2070 mera
2623 2015 2801 2085 culpa,
2863 2015 2952 2086 qui
2990 2023 3047 2068 ut
3095 2015 3258 2069 rebus
3300 2015 3410 2068 suis
3449 2013 3794 2084 provideant,

2196 2103 2438 2158 infelices
2467 2105 2764 2158 monachos
2801 2103 2983 2158 facere
3016 2103 3251 2157 student.
3286 2102 3420 2157 Sunt
3469 2102 3611 2157 enim
3638 2102 3797 2170 juve-

2195 2209 2293 2247 nes
2323 2193 2413 2264 qui
2439 2192 2525 2247 vel
2547 2208 2579 2246 a
2608 2192 2922 2263 parentibus
2958 2191 3182 2257 incitati,
3215 2190 3302 2247 vel
3335 2206 3485 2246 mera
3541 2190 3793 2246 necessi-

2196 2289 2301 2335 tate
2331 2281 2529 2351 pressi,
2579 2281 2665 2336 vcl
2710 2280 2826 2334 aliis
2884 2279 3100 2334 motivis
3144 2296 3294 2334 mere
3322 2279 3574 2335 humanis
3617 2279 3788 2345 ducti,

2194 2370 2413 2424 veniunt
2441 2369 2510 2423 ad
2531 2368 2918 2422 monasterium
2957 2368 3165 2439 absque
3203 2367 3314 2422 ulla
3344 2367 3623 2424 vocatione
3671 2382 3792 2422 caa-

2194 2458 2333 2527 lesti,
2382 2459 2473 2512 ubi
2520 2473 2618 2529 per
2671 2473 2872 2511 annum
2927 2457 3215 2511 novitiatus
3245 2474 3303 2512 se
3358 2456 3694 2520 cohibentes,
3728 2470 3798 2511 ac

2194 2547 2326 2601 satis
2347 2547 2593 2602 modeste
2629 2555 2681 2600 et
2710 2545 2966 2618 religiose
3011 2547 3274 2611 viventes,
3318 2553 3642 2601 conventum
3676 2544 3797 2615 qui-

2192 2635 2316 2690 dem
2338 2635 2670 2707 regularem,
2706 2635 2801 2688 sed
2835 2634 3044 2705 seipsos
3076 2635 3252 2707 magis
3283 2650 3445 2704 quam
3475 2633 3611 2688 alios
3641 2632 3795 2688 deci-

2195 2724 2365 2792 piunt.
2420 2725 2558 2778 Nam
2606 2723 2946 2794 professione
2995 2723 3195 2777 emissa
3253 2722 3464 2793 seipsos
3487 2723 3598 2790 jam
3647 2720 3793 2777 ferre

2193 2827 2302 2866 non
2332 2811 2593 2878 valentes,
2630 2811 2821 2882 quales
2867 2809 2972 2866 sint
3009 2811 3358 2866 manifestare
3395 2810 3677 2880 incipiunt,
3739 2818 3793 2865 et

2193 2915 2292 2969 pro
2324 2899 2438 2954 zelo
2469 2916 2685 2970 semper
2715 2900 2770 2954 in
2789 2900 2876 2957 via
2899 2899 2998 2955 Dei
3028 2899 3365 2971 proficiendi,
3398 2899 3790 2954 relaxationum

2194 2987 2611 3058 quiercndarum
2641 2989 2966 3045 industriam
3014 2989 3363 3055 substituunt,
3395 2996 3450 3042 et
3478 2987 3530 3042 in
3577 2987 3790 3057 praxim

2193 3076 2458 3131 reducunt
2491 3091 2501 3129 :
2535 3077 2677 3132 circa
2708 3078 2809 3132 ista
2837 3078 3037 3132 damna
3067 3076 3308 3149 lugenda
3337 3084 3390 3131 et
3417 3075 3655 3131 remedia
3715 3075 3796 3130 eis

2191 3165 2498 3219 adhibenda
2526 3165 2791 3221 disserere
2821 3165 3154 3232 desinamus,
3198 3165 3294 3221 sed
3349 3165 3494 3236 quod
3543 3172 3792 3220 nostrum

2192 3260 2274 3308 est
2302 3252 2486 3308 facere
2518 3269 2791 3309 curemus.

2262 3341 2357 3395 His
2387 3358 2522 3413 ergo
2573 3342 2928 3413 temporibus,
2981 3343 3179 3414 quibus
3232 3341 3533 3398 remedium
3590 3357 3792 3413 purga-

2191 3429 2350 3484 tionis
2379 3429 2655 3484 caularum
2699 3439 3005 3486 nostrarum
3036 3431 3276 3486 ablatum
3317 3439 3418 3496 est,
3463 3431 3590 3501 quid
3621 3445 3794 3502 agen-

2191 3517 2320 3571 dum
2353 3525 2433 3572 est
2462 3518 2489 3570 ?
2521 3519 2577 3573 Si
2608 3520 2943 3588 temporibus
2974 3521 3037 3575 R.
3100 3520 3271 3574 Patris
3319 3519 3606 3591 Guigonis,
3664 3534 3789 3573 eum

2191 3605 2489 3660 remedium
2522 3606 2576 3659 in
2608 3606 2856 3662 manibus
2911 3607 3195 3674 haberent,
3230 3615 3336 3662 tam
3393 3607 3790 3676 circumspecte

2189 3694 2332 3748 circa
2361 3695 2725 3765 receptionem
2752 3712 2937 3750 eorum
2969 3697 3061 3768 qui
3101 3696 3356 3752 volebant
3403 3694 3520 3750 ﬁeri
3558 3695 3789 3750 Carthu-

2191 3782 2349 3847 siani,
2385 3799 2442 3837 se
2473 3784 2758 3854 gerebant,
2790 3784 2954 3856 longe
3003 3785 3446 3856 circumspectius
3476 3793 3529 3838 et
3556 3784 3793 3855 rigidius

483 3870 691 3924 riorum
722 3869 1201 3939 etreligiosorum,
1226 3878 1384 3939 atque
1413 3871 1575 3925 etiam
1622 3887 1687 3925 ex
1725 3871 1914 3939 majori
1951 3871 2085 3926 faei-
2121 3849 2310 3925 Ccum
2341 3871 2737 3940 postulantibus
2776 3888 2920 3928 nunc
2970 3888 3218 3945 agamus,
3253 3881 3306 3929 et
3334 3872 3479 3928 omni
3525 3872 3792 3926 industria

479 3957 628 4010 litate
661 3957 730 4010 ad
749 3956 1058 4025 religiosam
1072 3956 1466 4025 professionem
1492 3957 1805 4013 admittendi
1829 3960 2078 4027 juvenes,

483 4044 586 4099 sub
640 4043 729 4096 illa
788 4043 984 4097 fiducia
1049 4045 1193 4114 quod
1251 4044 1297 4097 si
1352 4059 1461 4098 non
1521 4046 1763 4115 religiosi
1819 4049 2076 4115 viverent,

478 4139 702 4202 possent
732 4131 1351 4201 expelli,multiplicatus
1383 4141 1462 4186 est
1485 4133 1645 4187 etiam
1676 4151 1936 4188 numerus
1958 4135 2083 4190 isto-

480 4237 599 4274 rum
622 4219 1064 4289 expellendorum
1097 4227 1149 4274 et
1187 4220 1550 4290 expulsorum,
1588 4222 1680 4292 qui
1720 4223 1789 4276 ad
1819 4222 2077 4278 satculum

483 4310 690 4363 reversi
722 4308 1026 4362 Eeclesiam
1056 4317 1108 4362 et
1131 4308 1358 4362 familias
1389 4325 1496 4364 non
1520 4325 1640 4364 raro
1680 4326 1839 4382 vago,
1881 4311 2075 4378 otioso,

481 4405 533 4450 et
563 4395 868 4450 inordinato
915 4396 1130 4451 vivendi
1162 4397 1323 4451 modo
1371 4398 1805 4452 scandalizabant
1836 4407 1888 4452 et
1947 4415 2078 4468 pcr-

483 4484 783 4537 turbabant.
820 4484 1031 4538 Sensim
1090 4502 1224 4556 ergo
1273 4494 1551 4540 crescente
1583 4486 1685 4542 isto
1714 4503 1743 4540 e
1800 4496 2078 4542 monaste-

486 4571 580 4624 riis
611 4572 953 4640 expulsorum
993 4589 1239 4640 numero,
1274 4583 1325 4628 et
1381 4574 1637 4629 seandalo
1680 4575 1898 4644 publico
1955 4575 2079 4629 inde

481 4668 772 4729 augmenta
800 4669 1140 4729 eapescente,
1186 4662 1388 4716 sensim
1418 4663 1576 4716 etiam
1609 4663 1776 4716 erevit
1817 4663 2080 4718 Ecclesire

482 4748 702 4802 attentio
729 4747 796 4800 ad
820 4749 1044 4816 januam
1077 4749 1407 4818 expulsionis
1437 4750 1855 4806 oceludendam.

552 4835 607 4890 Si
637 4836 705 4890 de
737 4836 840 4890 hac
871 4853 925 4890 re
965 4852 1378 4907 conqueramur,
1426 4838 1841 4908 respondebitur
1871 4839 2028 4894 nobis
2062 4856 2075 4894 :

480 4923 753 4978 Attendite
787 4925 940 4978 vobis
963 4932 1013 4979 et
1043 4934 1202 4979 cauta
1228 4925 1563 4980 discussione
1577 4926 1933 4998 rigorosoque
1952 4943 2079 4983 exa-

479 5012 624 5066 mine
654 5012 882 5081 probate
925 5028 1018 5066 eos
1040 5029 1176 5082 quos
1208 5014 1276 5067 ad
1331 5012 1723 5082 professionem
1774 5016 2072 5085 admittitis,

477 5099 624 5152 nulla
652 5099 732 5153 vis
773 5101 926 5155 vobis
971 5100 1196 5154 infertur
1252 5101 1318 5154 ad
1358 5102 1700 5171 recipiendos
1755 5105 2071 5159 monachos.

2183 3959 2418 4028 probare
2469 3967 2800 4030 satagamus,
2862 3969 2912 4016 et
2961 3962 3098 4017 scire
3129 3977 3199 4016 an
3246 3962 3526 4017 vocatione
3579 3959 3792 4016 caelesti

2183 4047 2418 4114 attracti,
2453 4047 2624 4102 Deum
2655 4049 2708 4102 in
2753 4048 3094 4119 professione
3149 4050 3506 4104 Carthusiana
3544 4063 3788 4120 quaerere

2183 4136 2423 4201 veniant,
2467 4144 2519 4190 et
2560 4152 2630 4190 an
2667 4137 3050 4208 dispositiones
3080 4138 3150 4193 ad
3180 4154 3344 4193 onera
3400 4137 3607 4193 ordinis
3661 4152 3787 4207 por-

2182 4224 2348 4277 tanda
2364 4225 2618 4279 habeant.

2253 4312 2423 4366 Porro
2451 4314 2746 4369 humanum
2788 4315 3040 4382 dicendo,
3073 4331 3197 4371 cum
3219 4315 3500 4385 Apostolo,
3562 4320 3788 4384 propter

2183 4397 2546 4455 infirmitatem
2587 4403 2898 4469 humanam,
2949 4404 3305 4474 quaestionem
3336 4404 3492 4457 istam
3523 4401 3606 4456 his
3653 4417 3784 4456 ver-

2183 4485 2266 4538 bis
2290 4488 2699 4545 concludamus.
2731 4491 3021 4562 Nunquam
3049 4492 3146 4546 fuit
3173 4508 3274 4547 nec
3305 4491 3404 4547 erit
3427 4490 3786 4563 congregatio

2181 4577 2504 4642 monastica,
2537 4579 2930 4647 quantumlibet
2983 4579 3121 4634 bene
3170 4580 3435 4646 ordinata,
3481 4595 3601 4651 quae
3658 4592 3784 4633 cum

2183 4661 2339 4714 bonis
2372 4671 2424 4718 et
2454 4665 2821 4720 mediocribus
2853 4666 3066 4738 aliquos
3104 4684 3214 4722 non
3265 4668 3460 4722 habeat
3497 4667 3586 4738 qui
3619 4681 3784 4722 voca-

2181 4748 2341 4803 tionis
2372 4767 2480 4806 suee
2503 4753 2736 4824 gratiam
2766 4771 2830 4809 ex
2863 4755 3018 4824 culpa
3048 4771 3143 4809 sua
3171 4756 3513 4827 neglexerint
3540 4754 3623 4811 vel
3653 4755 3763 4811 ami

2180 4838 2366 4891 serint.
2400 4840 2480 4894 Ex
2513 4841 2615 4896 hoc
2645 4843 2820 4914 capite
2852 4851 2905 4897 et
2944 4843 3050 4898 alio
3106 4844 3251 4914 quod
3281 4859 3447 4915 supra
3475 4843 3784 4899 notavimus

2179 4925 2248 4979 de
2278 4926 2602 4983 intrantibus
2632 4930 2684 4983 in
2707 4930 3030 5003 religionem
3078 4931 3285 5003 absque
3343 4932 3623 4987 vocatione
3672 4946 3786 4986 cce—

2179 5011 2322 5082 lesti,
2357 5025 2411 5071 et
2439 5033 2502 5072 ex
2533 5018 2698 5071 nimia
2728 5019 3064 5091 indulgentia
3107 5021 3161 5073 in
3190 5020 3478 5090 puniendis
3538 5019 3784 5075 excessi-

2181 5107 2281 5160 bus
2337 5113 2390 5159 et
2431 5106 2968 5177 transgressionibus,
3009 5115 3307 5164 nascuntur
3378 5107 3492 5163 fere
3531 5107 3785 5179 graviora

480 5189 694 5242 I’ortate
725 5204 858 5259 ergo
900 5205 1038 5258 quos
1086 5188 1257 5242 libere
1316 5197 1366 5243 et
1424 5190 1723 5245 voluntarie
1780 5194 2076 5247 monachos
2101 5199 2152 5255 D
2179 5195 2374 5249 damna
2406 5194 2460 5247 in
2498 5195 2859 5250 monasteriis.

474 5275 678 5330 fecistis
710 5295 722 5340 ;
757 5291 864 5329 non
887 5285 968 5330 est
989 5276 1132 5329 enim
1155 5277 1362 5345 justum
1391 5286 1446 5330 ut
1474 5295 1572 5347 pro
1591 5287 1770 5333 vestro
1784 5281 2069 5334 commodo

473 5364 783 5433 respublica
825 5364 1206 5418 detrimentum
1257 5373 1308 5419 et
1346 5366 1591 5420 Ecclesia
1651 5368 1964 5422 scandalum
2003 5385 2067 5422 ex

470 5459 546 5506 tot
601 5450 952 5506 decucullatis
1002 5451 1272 5523 religiosis
1331 5454 1621 5523 patiantur.
1667 5456 2069 5525 Circumspeete

473 5538 640 5608 agite,
694 5555 814 5593 cum
846 5539 1082 5610 recipitis
1113 5541 1342 5596 novitios
1373 5542 1440 5596 ad
1469 5543 1904 5612 professionem;
1943 5544 2066 5599 illos

475 5625 612 5678 bene
643 5626 697 5678 in
728 5626 1009 5697 disciplina
1041 5628 1276 5699 regulari
1307 5629 1531 5687 edueate
1555 5650 1568 5698 ;
1594 5631 1871 5702 corripite,
1894 5631 2064 5687 incar-

2259 5283 2389 5336 CAP.
2425 5283 2714 5338 LXXVIII.
2747 5314 2815 5323 —
2846 5285 2905 5339 In
2926 5285 3028 5340 isto
3060 5286 3298 5356 capitulo
3328 5284 3460 5339 nihil
3497 5282 3785 5356 praeﬁxum

2184 5372 2415 5426 habetur
2445 5371 2588 5426 unde
2607 5371 2856 5427 concludi
2885 5374 3056 5444 possit
3095 5373 3241 5445 quod
3285 5389 3440 5428 mens
3482 5373 3787 5444 primorum

2183 5459 2394 5511 Patrum
2427 5466 2590 5524 esset,
2625 5468 2682 5513 ut
2719 5460 2948 5532 singulae
3014 5462 3209 5516 domus
3248 5462 3455 5516 ordinis
3497 5460 3786 5514 admittere

2179 5555 2380 5600 tantum
2423 5547 2739 5603 debuissent
2781 5557 2987 5603 certum
3035 5550 3271 5621 aliquem
3328 5565 3614 5605 numerum
3671 5562 3789 5602 mo-

2176 5635 2503 5699 nachorum,
2553 5636 2691 5690 ultra
2749 5651 2910 5707 quem
2949 5652 3057 5694 non
3098 5647 3244 5695 esset
3291 5636 3782 5710 progrediendum.
