3978 6050
297 74 403 129 753
1488 86 1493 87 '
1637 75 1875 133 CONSU

1984 77 2242 133 JDINES.
3490 82 3595 138 754

365 201 419 252 2.
453 194 740 251 Laicorum
770 203 951 251 autem
980 213 1261 269 numerus,
1296 214 1432 271 quos
1480 214 1777 256 conversos
1808 216 2088 268 vocamus,
2123 198 2398 255 sexdecim
2454 206 2682 256 statutus
2711 208 2793 257 est
2821 220 2834 268 ;
2868 218 3010 258 nunc
3038 218 3166 258 vero
3229 203 3415 275 plures
3441 212 3586 272 sunt,

288 291 539 347 nonnulli
568 308 802 363 namque
833 309 1025 348 eorum
1057 311 1218 350 senes
1246 310 1310 350 ac
1340 295 1549 351 debiles
1579 304 1733 353 erant
1762 304 1815 352 et
1844 296 2091 352 laborare
2122 312 2231 352 non
2263 304 2530 367 poterant,
2565 304 2617 352 et
2647 298 2717 353 ob
2748 286 2803 352 id
2830 297 2966 353 alios
2997 315 3185 353 sumus
3214 299 3389 355 coacti
3418 300 3590 355 susci-

296 405 452 461 pere.
485 390 640 447 Unde
672 406 771 462 pro
800 390 885 445 his
916 392 1009 463 qui
1039 408 1181 447 nunc
1211 391 1433 466 fragiles
1463 402 1607 460 sunt,
1639 410 1761 449 cum
1792 394 2047 461 obierint,
2084 395 2221 449 alios
2249 410 2359 450 non
2386 394 2740 465 accipiemus.

1574 518 1971 574 CAPITULUM
2030 519 2277 574 LXXIX.

1470 616 1651 682 Quare
1702 621 1817 671 tam
1862 634 2073 689 parvus
2117 618 2193 671 sit
2222 632 2515 672 numerus.

366 715 415 765 1.
451 711 599 764 Hanc
631 715 812 764 autem
842 709 1053 764 numeri
1082 709 1407 780 paucitatem
1438 712 1631 766 eadem
1662 712 2098 768 consideratione
2138 712 2445 784 delegimus
2475 726 2581 783 qua
2608 726 2712 767 nec
2769 711 3043 782 hospitum
3099 712 3429 783 equitaturas
3453 727 3592 783 pro-

289 822 566 874 curamus,
603 822 703 862 nec
732 806 953 861 domum
987 807 1469 879 eleemosynariam
1500 808 1802 875 habemus;
1836 808 2089 864 videlicet
2118 824 2186 864 ne
2216 809 2285 864 ad
2318 809 2552 878 majores
2583 824 2742 880 quam
2774 808 2929 864 locus
2960 809 3063 864 iste
3093 809 3290 881 patitur
3316 824 3588 881 expensas

289 904 466 959 coacti
498 920 741 974 quaerere
772 912 822 958 et
855 904 1058 975 vagari,
1096 904 1240 975 quod
1291 905 1598 968 horremus,
1644 905 1982 976 incipiamus.

361 1006 415 1056 2.
449 999 605 1068 Quod
638 1001 682 1055 si
715 1002 920 1072 posteri
946 1002 1119 1057 nostri
1150 1002 1294 1058 hunc
1320 1002 1504 1072 ipsum
1543 1010 1650 1056 tam
1706 1019 1936 1073 parvum
1998 1020 2283 1058 numerum
2322 1003 2592 1074 aliquibus
2650 1004 3049 1071 occasionibus,
3082 1019 3218 1076 quas
3250 1006 3589 1077 ignoramus,

290 1099 396 1153 hoc
426 1098 479 1152 in
507 1099 627 1153 loco
659 1099 775 1153 sine
807 1099 1087 1170 quaerendi
1119 1107 1171 1155 et
1200 1101 1433 1172 vagandi
1465 1100 1760 1155 odibilibus
1789 1099 1977 1155 ofﬁciis
2016 1116 2306 1171 procurare
2330 1101 2697 1172 nequiverint,
2735 1101 2779 1154 si
2808 1102 3009 1155 nostris
3041 1101 3306 1156 voluerint
3327 1102 3585 1173 acquies—

290 1213 419 1252 cere
446 1196 717 1263 consiliis,
750 1198 817 1252 ad
847 1214 964 1252 eam
996 1198 1247 1253 redibunt
1296 1198 1650 1270 quantitatem
1682 1214 1844 1271 quam
1876 1199 1992 1253 sine
2032 1198 2303 1269 przedictis
2333 1206 2557 1268 possent
2588 1206 2805 1268 portare
2837 1199 3113 1268 periculis.
3146 1201 3260 1254 Nos
3318 1200 3463 1254 enim
3498 1201 3589 1271 qui

290 1294 345 1348 in
376 1294 787 1365 praesentiarum
818 1295 906 1351 hic
936 1296 1205 1367 degimus,
1240 1296 1488 1367 quamvis
1526 1296 1681 1366 pauci
1712 1296 1899 1361 simus,
1936 1296 2106 1351 multo
2134 1294 2423 1366 pauciores
2451 1311 2573 1350 esse
2630 1296 2918 1350 mallemus
2965 1312 3128 1367 quam
3158 1297 3226 1351 ad
3284 1297 3376 1352 illa
3423 1298 3584 1365 mala,

290 1396 508 1444 servato
540 1390 623 1444 vel
655 1390 1011 1461 multiplicato
1040 1407 1287 1457 numero,
1318 1392 1625 1462 pervenire.

365 1490 421 1541 3.
463 1488 819 1543 Attendentes
850 1489 1019 1560 igitur
1046 1504 1154 1544 non
1185 1505 1409 1543 munera
1438 1505 1557 1559 quae
1602 1489 1908 1559 mittuntur,
1943 1506 2120 1561 neque
2167 1489 2312 1545 enim
2359 1496 2586 1560 prepter
2636 1490 2852 1545 incerta
2906 1488 3195 1557 beneficia,
3230 1506 3397 1545 onera
3445 1500 3597 1548 certa

291 1601 415 1657 qua
444 1601 545 1640 nec
575 1586 770 1655 portari
801 1602 903 1641 nec
931 1586 1128 1656 deponi
1161 1586 1277 1642 sine
1308 1587 1505 1658 grandi
1548 1586 1759 1656 possint
1797 1587 2038 1658 periculo
2086 1586 2367 1642 subeunda
2397 1587 2556 1642 nobis
2587 1587 2873 1654 videntur;
2908 1604 3017 1641 non
3047 1604 3183 1660 ergo
3212 1605 3436 1644 munera
3459 1605 3589 1645 con-

293 1681 621 1748 siderantes,
654 1684 752 1738 sed
782 1684 910 1754 quid
940 1685 1057 1740 haec
1078 1685 1197 1756 ipsa
1230 1685 1285 1738 in
1315 1701 1420 1756 qua
1452 1702 1639 1740 sumus
1668 1701 1908 1751 eremus,
1949 1686 2064 1740 sive
2094 1702 2158 1741 ex
2183 1684 2532 1755 agricultura,
2568 1686 2683 1741 sive
2722 1702 2788 1740 ex
2821 1702 3080 1756 pecorum
3112 1687 3442 1742 nutrimento
3465 1688 3592 1743 red-

292 1780 427 1835 dere
456 1781 666 1851 possit;
697 1790 949 1852 putamus
980 1782 1262 1853 praefatum
1293 1800 1574 1838 numerum
1606 1783 1883 1839 hominum
1915 1782 2003 1839 hic
2033 1783 2215 1839 vivere
2265 1799 2447 1854 posse,
2509 1783 2553 1838 si
2602 1791 2785 1837 tamen
2840 1784 3169 1848 humilitatis,
3228 1787 3583 1856 paupertatis,

294 1875 624 1944 sobrietatis,
655 1877 711 1931 in
738 1878 883 1935 victu
913 1887 965 1933 et
994 1878 1191 1935 vestitu
1222 1887 1274 1934 et
1304 1880 1516 1935 caeteris
1556 1880 1625 1934 ad
1654 1897 1811 1935 usum
1843 1879 2238 1950 pertinentibus
2270 1880 2452 1946 rebus,
2487 1879 2632 1934 idem
2663 1880 2807 1951 quod
2864 1881 3146 1951 hucusque
3200 1880 3295 1935 fuit
3348 1883 3586 1938 studium

287 1983 627 2045 perseveret,
659 1983 712 2030 et
742 1976 788 2031 si
818 1985 1093 2047 postremo
1125 1977 1310 2032 mundi
1341 1984 1682 2048 contemptus
1713 1985 1765 2033 et
1795 1978 1894 2033 Dei
1924 1993 2098 2044 amor,
2132 1984 2357 2049 prepter
2379 1993 2537 2049 quem
2594 1977 2724 2033 ferri
2756 1985 2808 2032 et
2838 1976 2952 2033 fieri
2984 1977 3165 2033 omnia
3195 1979 3416 2046 debent,
3448 1996 3585 2052 pro-

286 2072 490 2128 fectum
520 2072 573 2126 in
603 2073 722 2128 dies
768 2074 1029 2146 accipiat.

1641 2146 2218 2203 COMMENTARIUS.

295 2240 546 2312 Explicat
574 2248 780 2297 tantum
812 2244 879 2298 R.
923 2244 1081 2298 Pater
1108 2244 1288 2315 Guigo
1345 2245 1489 2315 quod
1519 2246 1661 2317 apud
1696 2263 1755 2301 se
1786 2254 1890 2300 sta-
1918 2250 1970 2307 Α
1991 2245 2216 2299 chorum
2243 2244 2537 2315 aliquando
2559 2251 2872 2315 assurgunt,
2898 2250 2951 2298 et
2978 2243 3057 2299 sic
3088 2243 3295 2314 possint
3314 2243 3589 2317 integram

289 2336 465 2384 tuerat
493 2345 594 2400 pro
617 2330 781 2385 domo
828 2331 1148 2397 Carthusizn,
1180 2334 1567 2389 concordando
1598 2351 1887 2389 numerum

286 2434 651 2488 personarum
699 2426 752 2473 et
809 2435 979 2474 onera
1033 2420 1226 2475 domus
1285 2421 1582 2476 Carthusiae
1613 2438 1736 2478 cum
1769 2424 1887 2492 ejus

290 2505 663 2573 facultatibus,
696 2515 755 2562 ut
810 2508 991 2562 statim
1032 2508 1319 2564 videbitur.
1361 2509 1467 2563 Sed
1512 2509 1613 2563 ista
1644 2510 1697 2563 in
1741 2512 1885 2565 anti-

289 2591 414 2662 quis
454 2592 668 2646 statutis
707 2592 1041 2649 enucleatius
1084 2609 1347 2663 expressa
1376 2594 1736 2665 reperientur.

372 2682 487 2736 Hoc
513 2682 807 2753 capitulum
838 2682 1072 2737 relatum
1092 2682 1263 2737 habes
1294 2682 1348 2736 in
1379 2682 1615 2754 antiquis
1646 2684 1880 2753 statutis,

290 2783 432 2849 part.
470 2790 529 2840 n,
553 2788 674 2843 cap.
706 2774 795 2837 25,
816 2786 910 2825 nn.
937 2774 959 2824 1
985 2778 1037 2825 et
1066 2774 1116 2838 3,
1138 2777 1187 2824 et
1204 2785 1323 2841 cap.
1350 2772 1599 2842 3t,part.
1634 2788 1714 2838 ιιι,
1748 2789 1801 2826 n.
1826 2776 1880 2829 2.

358 2864 492 2920 CAP.
513 2858 937 2916 LXXIX—Hic
958 2866 1143 2930 aperte
1158 2858 1410 2930 exprimit
1432 2861 1497 2915 Β.
1520 2861 1680 2915 Pater
1702 2860 1883 2933 Guigo

292 2952 555 3009 rationem
586 2966 681 3006 cur
708 2948 1065 3004 habitatorum
1099 2948 1269 3003 eremi
1292 2946 1594 3003 Carthusiae
1623 2965 1884 3005 numerus

291 3042 363 3099 ad
395 3038 657 3096 tredecim
700 3045 791 3093 aut
818 3036 1232 3109 quatuordecim
1273 3037 1573 3093 monachos
1602 3045 1654 3093 et
1682 3039 1881 3094 sexde-

287 3132 394 3187 cim
425 3143 719 3186 conversos
766 3126 929 3182 fuerit
976 3126 1387 3192 determinatus,
1434 3142 1508 3183 ne
1536 3127 1610 3181 ad
1639 3128 1881 3198 majores

287 3236 457 3294 quam
503 3220 654 3274 locus
696 3218 805 3272 iste
842 3217 1087 3287 patitur,
1140 3214 1327 3286 inquit,
1377 3230 1656 3287 expensas
1678 3219 1877 3282 coacti,

290 3322 539 3381 quaerere
567 3310 623 3362 et
678 3307 888 3376 vagari,
942 3303 1085 3375 quod
1139 3303 1452 3371 horremus,
1511 3305 1874 3376 incipiamus.

288 3397 528 3467 Idipsum
561 3401 812 3465 repetunt
841 3400 895 3448 et
933 3408 1078 3463 saepe
1109 3391 1382 3448 inculcant
1414 3400 1524 3447 tum
1554 3400 1738 3448 vetera
1766 3399 1881 3447 tum

286 3485 553 3541 mo‘derna
585 3490 799 3548 statuta,
833 3488 886 3537 et
915 3492 1113 3555 magno
1135 3481 1310 3536 studio
1357 3497 1575 3551 semper
1605 3481 1660 3534 in
1688 3481 1879 3537 ordine

1991 2333 2401 2387 observantiam
2436 2332 2746 2404 regularem
2770 2331 2824 2384 in
2853 2339 3011 2386 cantu
3041 2340 3093 2385 et
3123 2332 3326 2387 lectura
3354 2333 3587 2390 refecto-

1990 2421 2055 2474 rii
2115 2420 2434 2491 adimplere,
2502 2420 2647 2491 quod
2703 2427 2907 2474 certea
2953 2434 3125 2490 parvo
3182 2436 3405 2475 numero
3464 2437 3585 2476 raro

1986 2508 2411 2578 potestdiscrete
2437 2507 2582 2579 exigi
2602 2515 2828 2578 propter
2846 2523 3005 2562 senes
3029 2515 3081 2562 et
3104 2508 3534 2564 valetudinarios
3568 2524 3579 2562 :

1986 2596 2128 2650 unde
2158 2595 2215 2650 fit
2244 2605 2301 2650 ut
2353 2596 2567 2667 pondus
2628 2595 2790 2650 totius
2850 2603 3038 2651 cantus
3070 2604 3122 2651 et
3172 2596 3499 2651 lecturarum
3529 2597 3584 2651 in

1988 2693 2219 2755 quatuor
2249 2692 2341 2739 aut
2372 2684 2605 2755 quinque
2634 2684 3026 2738 monachorum
3059 2685 3319 2740 humeros
3349 2685 3582 2741 decidat.

1986 2772 2105 2841 Qua
2134 2775 2203 2828 de
2250 2788 2417 2828 causa
2443 2779 2632 2827 statuta
2690 2772 2898 2827 ordinis
2954 2772 3207 2828 ordinant
3256 2775 3582 2830 cantandum

1985 2878 2108 2917 esse
2148 2869 2297 2917 recto
2327 2870 2452 2916 tono
2482 2861 2535 2915 in
2568 2860 2673 2915 illis
2696 2861 2951 2915 domibus
2991 2876 3112 2931 quae
3137 2869 3259 2918 octo
3281 2864 3584 2921 monachos

1982 2966 2091 3005 non
2128 2950 2349 3005 habent.

2052 3039 2327 3094 Numerus
2356 3053 2492 3109 ergo
2522 3038 2883 3093 habitatorum
2941 3037 2997 3092 in
3042 3036 3295 3093 domibus
3350 3038 3577 3105 ordinis,

1982 3128 2098 3181 Deo
2153 3127 2228 3180 ita
2268 3126 2614 3196 providente,
2649 3126 2865 3181 nonnisi
2911 3125 3204 3181 mediocris
3235 3134 3354 3192 est;
3388 3126 3582 3197 amplis

1982 3216 2125 3271 enim
2156 3214 2294 3270 locis
2322 3222 2372 3270 et
2405 3214 2710 3284 sumptibus
2740 3230 2878 3284 opus
2925 3222 3008 3270 est
3062 3215 3129 3269 ad
3159 3216 3580 3270 construendam

1980 3312 2033 3359 et
2076 3304 2366 3359 dotandam
2407 3302 2628 3358 domum
2659 3302 2715 3355 in
2772 3302 2980 3369 ordine,
3023 3302 3152 3375 quia
3208 3320 3274 3358 ex
3330 3305 3578 3360 Instituto

1978 3400 2167 3447 nostro
2190 3392 2419 3463 quisque
2466 3392 2858 3446 monachorum
2907 3391 3289 3447 domunculam
3321 3392 3435 3447 sive
3468 3392 3578 3448 cel-

1978 3481 2087 3536 lam
2116 3481 2183 3534 ab
2214 3480 2332 3534 aliis
2354 3487 2659 3550 separatam
2689 3478 2888 3534 habere
2911 3479 3094 3545 debet,
3129 3487 3287 3550 prout
3328 3480 3384 3534 in
3432 3480 3578 3535 clau-

289 3581 562 3630 servatum
611 3578 711 3639 est,
743 3571 818 3625 ita
874 3578 933 3625 ut
989 3570 1034 3624 si
1076 3570 1316 3625 omnium
1347 3570 1631 3624 domorum
1670 3570 1876 3625 ordinis
1898 3601 1950 3661 B
1981 3570 2105 3625 stris
2133 3569 2335 3624 nostris
2364 3568 2572 3637 visitur,
2607 3568 2677 3622 ad
2709 3568 2852 3639 quod
2879 3583 3114 3639 magnus
3157 3568 3376 3623 claustri
3402 3568 3577 3622 ambi-

286 3663 621 3718 habitatores
654 3660 707 3714 in
736 3676 901 3715 unum
931 3660 1314 3725 conﬂarentur,
1350 3659 1433 3713 bis
1462 3659 1609 3714 mille
1640 3667 1693 3714 et
1722 3659 1877 3729 quin-

281 3752 433 3825 genti
490 3750 704 3805 circiter
757 3748 1031 3817 monachi,
1093 3748 1239 3801 mille
1286 3755 1337 3802 et
1385 3747 1610 3803 trecenti
1668 3748 1880 3803 circiter

284 3834 536 3892 conversi
565 3840 617 3889 et
663 3832 867 3898 donati,
909 3847 975 3887 ac
1032 3833 1132 3884 170
1161 3831 1426 3886 moniales
1482 3831 1874 3898 invenirentur,

285 3924 377 3996 qui
410 3939 505 3995 per
532 3921 775 3995 singulas
802 3921 995 3975 domos
1024 3919 1311 3985 distributi,
1348 3919 1433 3975 vix
1464 3920 1535 3974 ad
1591 3920 1877 3976 duodecim

281 4012 580 4069 monachos
638 4018 691 4066 et
734 4025 932 4065 novem
975 4008 1141 4065 laicos
1196 4024 1299 4079 pro
1360 4008 1594 4080 singulis
1624 4009 1875 4064 domibus

282 4106 751 4172 computarentur.

353 4192 558 4246 Domus
590 4186 904 4253 Carthusiaa,
936 4194 994 4241 ut
1016 4186 1129 4255 jam
1159 4184 1287 4252 dixi,
1322 4184 1688 4257 quadraginta
1719 4186 1875 4257 quin-

279 4295 388 4351 que
416 4278 711 4333 monachos
740 4274 947 4330 habere
993 4291 1154 4345 posse
1185 4274 1462 4330 censenda
1509 4282 1610 4339 est,
1645 4274 1743 4329 sed
1772 4290 1874 4344 pro

278 4368 450 4422 tribus
479 4366 729 4421 domibus
758 4380 955 4434 nempe
1011 4363 1332 4430 Carthusiae,
1366 4362 1633 4417 Currerim
1663 4371 1716 4417 et
1771 4363 1873 4417 Ca-

278 4456 399 4511 lesii
431 4462 736 4525 reputatur.
769 4454 976 4509 Domus
1010 4451 1328 4507 Parisiensis
1357 4451 1721 4522 quadraginta
1749 4466 1871 4506 mo-

280 4544 488 4599 nachos
531 4543 694 4612 capit,
726 4542 965 4613 itemque
995 4541 1189 4596 domus
1219 4540 1634 4605 Avenionensis,
1671 4539 1868 4611 Papiar,

276 4631 557 4702 Neapolis,
590 4631 709 4685 aliae
738 4629 898 4685 etiam
929 4638 1156 4700 quatuor
1184 4636 1278 4683 aut
1324 4628 1564 4699 quinque
1618 4628 1687 4682 ad
1718 4644 1871 4682 sum-

279 4737 431 4775 mum
458 4720 598 4775 circa
628 4718 994 4789 amplissimas
1051 4717 1295 4773 civitates
1352 4724 1673 4772 constructa:
1720 4731 1872 4772 eum-

277 4810 404 4865 dem
439 4823 721 4862 numerum
770 4807 975 4860 habere
1018 4813 1262 4875 possunt.
1325 4806 1586 4873 Quaedam
1619 4821 1747 4860 vero
1786 4804 1871 4859 vi-

279 4897 419 4971 ginti
453 4912 626 4968 usque
656 4896 725 4950 ad
747 4895 964 4967 triginta
1018 4894 1317 4949 monachos
1348 4902 1574 4965 possunt
1605 4894 1863 4964 recipere.

279 4968 387 5041 Sed
428 4984 648 5055 reliquae
679 4985 874 5039 domus
904 4999 1004 5053 pro
1032 4982 1265 5051 maxima
1296 4992 1450 5053 parte
1479 4983 1717 5038 fundatae
1748 4991 1873 5037 sunt
1906 4968 1951 5027 Ο

278 5082 331 5129 et
353 5073 634 5129 aedificata:
662 5088 759 5142 pro
790 5072 1052 5127 tredecim
1108 5073 1409 5142 monachis,
1444 5071 1498 5125 id
1528 5079 1630 5137 est,
1665 5072 1870 5126 duode-

276 5164 382 5220 cim
415 5161 695 5217 monachis
712 5177 835 5216 cum
853 5161 1053 5231 priore,
1079 5161 1165 5231 qui
1190 5177 1448 5215 numerus
1478 5160 1728 5216 convenit
1748 5176 1869 5215 cum

275 5266 507 5307 numero
538 5250 626 5305 hic
649 5265 680 5304 a
709 5252 772 5306 R.
798 5251 956 5304 Patre
979 5249 1228 5321 Guigone
1250 5264 1530 5318 expresso.
1564 5248 1866 5319 Reperiun-

271 5348 363 5395 tur
393 5348 571 5394 tamen
604 5354 711 5393 non
742 5354 949 5408 paucae,
984 5354 1104 5409 qua!
1152 5345 1293 5404 octo,
1329 5352 1524 5392 novem
1555 5344 1647 5390 aut
1676 5338 1865 5392 decem

274 5436 480 5483 tantum
508 5427 806 5482 monachos
862 5426 1079 5481 habent.
1132 5426 1240 5480 Sed
1296 5424 1623 5480 omnimodis
1682 5425 1865 5481 conari

274 5517 541 5575 debemus
571 5523 627 5571 ut
656 5515 725 5570 ad
754 5530 1042 5573 numerum
1098 5513 1252 5572 illum
1335 5512 1593 5571 tredecim
1671 5528 1863 5569 mona-

1980 3666 2066 3712 tus
2117 3656 2460 3713 necessarius
2492 3663 2599 3710 est.
2639 3657 2866 3726 Insuper
2921 3656 3239 3711 sustentatio
3272 3657 3573 3713 monacho-

1979 3763 2096 3801 rum
2127 3745 2599 3802 Carthusianorum
2649 3744 2822 3815 pluris
2868 3752 3081 3801 constat
3112 3761 3276 3816 quam
3313 3744 3566 3813 aliorum,

1978 3835 2211 3907 quisque
2240 3835 2383 3890 enim
2416 3834 2621 3888 habere
2645 3833 2807 3888 debet
2838 3833 2892 3886 in
2922 3833 3120 3888 cellula
3141 3834 3473 3906 singularem
3494 3833 3572 3889 fo-

1977 3940 2120 3991 cum,
2157 3922 2547 3994 supellectilem
2586 3929 2640 3977 et
2667 3921 2884 3988 similia,
2909 3938 3028 3992 quae
3058 3921 3188 3976 alibi
3217 3921 3270 3975 in
3299 3922 3573 3978 communi

1974 4012 2367 4067 ministrantur.
2418 4012 2545 4066 Haec
2592 4018 2769 4065 autem
2799 4009 3118 4081 explicatius
3165 4020 3488 4066 annotamus
3517 4019 3573 4065 ut

1975 4117 2132 4157 mens
2161 4100 2385 4167 ordinis,
2420 4106 2577 4169 prout
2607 4114 2828 4169 semper
2856 4097 2954 4153 fuit
2984 4106 3036 4152 et
3068 4106 3169 4163 est,
3203 4099 3344 4154 circa
3372 4115 3568 4154 nume-

1976 4206 2099 4245 rum
2127 4189 2521 4244 monachorum
2551 4186 2855 4242 evidentius
2905 4192 3255 4258 agnoscatur,
3291 4201 3453 4257 quam
3479 4187 3570 4244 hic
3622 4250 3627 4253 ἦ

1975 4278 2137 4334 etiam
2170 4276 2301 4332 satis
2331 4275 2566 4346 explicat
2610 4273 2889 4345 piissimus
2913 4274 3163 4345 scriptor,
3210 4291 3264 4328 n.
3296 4278 3350 4331 2.

2044 4366 2203 4420 Num.
2237 4368 2290 4420 2.
2329 4362 2479 4431 Quod
2506 4366 2555 4419 si
2581 4365 2794 4435 posteri
2818 4364 3019 4428 nostri,
3072 4369 3177 4419 etc.
3210 4364 3333 4418 Non
3379 4362 3568 4419 satiari

1972 4454 2187 4510 videtur
2215 4453 2296 4508 vir
2320 4460 2538 4507 sanctus
2567 4459 2814 4521 repetere
2869 4449 3045 4506 oﬂicia
3073 4450 3167 4505 illa
3206 4451 3486 4523 quaerendi
3516 4460 3568 4507 et

1972 4542 2227 4615 vagandi,
2261 4558 2380 4613 quae
2409 4540 2634 4595 odibilia
2689 4538 2929 4594 nominat
2958 4555 3021 4594 ex
3055 4539 3239 4595 cordis
3284 4540 3565 4595 abundan-

1972 4631 2065 4701 tia,
2100 4633 2237 4685 adeo
2265 4646 2584 4701 persuasum
2616 4629 2849 4685 habebat
2877 4628 2932 4682 id
2962 4628 3018 4683 in
3047 4629 3326 4684 horrorem
3373 4637 3563 4699 poste-

1972 4720 2049 4774 ris
2080 4720 2191 4774 suis
2221 4735 2342 4774 esse
2401 4719 2737 4785 vertendum,
2783 4717 2926 4788 quod
2958 4726 3010 4771 et
3040 4716 3243 4773 factum
3282 4724 3383 4771 est.
3423 4718 3563 4771 Nam

1973 4809 2161 4862 Patres
2219 4807 2423 4861 ordinis
2453 4807 2507 4860 in
2538 4807 2811 4861 veteribus
2843 4814 2895 4860 et
2924 4805 3079 4860 novis
3135 4804 3348 4859 statutis
3386 4805 3564 4861 adhuc

1973 4896 2213 4952 severius
2244 4895 2311 4949 de
2340 4896 2442 4950 hac
2485 4910 2539 4949 re
2576 4894 2885 4965 loquuntur.
3322 4962 3325 4965 γ

2043 4986 2207 5039 Mum.
2242 4986 2294 5036 3.
2364 4981 2735 5038 Attendentes
2775 4984 2949 5053 igitur
3002 4996 3117 5035 non
3173 4996 3415 5037 munera
3443 4998 3564 5053 qua:

1971 5076 2308 5136 mittuntur,
2343 5079 2444 5125 etc.
2475 5070 2575 5125 Hic
2608 5078 2833 5141 apparet
2880 5068 3160 5123 evidenter
3208 5078 3405 5140 quanta
3432 5087 3564 5141 pru-

1970 5160 2151 5216 dentia
2179 5159 2414 5230 polleret
2452 5159 2520 5213 R.
2563 5160 2620 5212 P.
2684 5158 2892 5230 Guigo,
2927 5165 2979 5212 et
3022 5172 3184 5229 quam
3231 5166 3388 5229 aptus
3418 5166 3562 5213 esset

1969 5250 2038 5305 ad
2067 5248 2251 5303 omnia
2282 5248 2517 5304 discreta
2556 5244 2893 5318 disponenda
2921 5254 2973 5301 et
3001 5246 3367 5317 praevidenda.
3404 5247 3561 5303 Reci-

1967 5338 2256 5408 piebantur
2303 5336 2521 5407 quidem
2579 5344 2704 5391 tunc
2746 5352 2993 5400 munera,
3040 5351 3167 5390 nam
3205 5336 3274 5389 de
3303 5337 3561 5405 praesenti

1964 5426 2222 5497 loquitur,
2256 5425 2351 5479 sed
2383 5424 2742 5480 cessationem
2764 5424 2978 5479 illorum
3020 5423 3350 5494 praevidens,
3375 5425 3561 5482 omnia

1966 5514 2205 5586 disponit
2253 5529 2318 5569 ac
2358 5513 2403 5567 si
2428 5515 2540 5582 jam
2580 5520 2910 5570 cessassent.
