3978 6050
463 159 567 213 ’755

1294 155 1636 212 GUIGONIS
1678 157 1696 209 Ι
1743 153 2149 210 CARTHUSIzE
2196 152 2490 208 MAIORIS
2538 151 2813 208 PRIORIS
2851 152 2919 206 V.
3663 153 3773 205 756

1779 281 2178 336 CAPITULUM
2217 279 2437 334 LXXX.

1597 372 1674 425 De
1704 371 2192 425 commendatione
2222 369 2496 423 solitaria:
2536 369 2686 424 vitae.

538 473 588 522 1.
625 468 863 537 Habetis,
900 468 1255 535 dilectissimi,
1288 468 1425 524 sicut
1454 468 1683 539 petistis,
1735 466 2157 523 consuetudines
2189 466 2595 537 qualescunque
2626 474 2841 521 nostras
2884 478 3104 536 quoquo
3135 462 3297 516 modo
3340 460 3665 530 descriptas,
3712 460 3770 514 in

466 563 661 635 quibus
684 565 852 618 multa
881 565 1010 619 vilia
1041 573 1164 619 sunt
1197 572 1249 619 et
1277 564 1500 631 minuta,
1535 581 1654 635 quae
1687 564 1848 619 scribi
1878 562 2101 617 forsitan
2132 577 2240 616 non
2272 569 2607 632 Oportuerat,
2630 562 2735 614 nisi
2769 561 2894 632 quia
2925 567 3109 616 vestra
3130 557 3348 612 dilectio
3408 554 3775 627 compellebat

469 660 604 714 nihil
624 660 891 728 judicare,
930 661 1025 714 sed
1058 669 1247 715 cuncta
1277 660 1455 729 potius
1486 668 1675 729 parata
1716 660 2022 731 complecti.

536 761 589 813 2.
624 758 746 811 Non
776 765 955 811 tamen
996 757 1067 811 ita
1094 757 1275 811 omnia
1306 765 1360 810 ut
1390 756 1523 810 nihil
1560 757 1781 812 omnino
1812 756 2155 820 remanserit,
2190 763 2440 825 putamus
2461 771 2561 811 nos
2592 756 2697 811 hoc
2727 754 2927 826 scripto
2972 753 3213 825 potuisse
3272 752 3624 808 concludere.
3655 752 3766 806 Sed

465 853 643 920 facile,
677 854 721 908 si
750 854 878 925 quid
908 853 1114 926 effugit,
1152 854 1511 909 collocutione
1541 856 1797 925 prarsenti
1828 855 2025 924 poterit
2055 854 2300 910 indicari.
3542 834 3545 835 ν

535 956 587 1005 3.
622 954 703 1007 De
733 952 1203 1007 commendatione
1236 961 1413 1006 autem
1445 953 1605 1020 hujus
1637 952 1777 1017 vitae,
1814 952 2067 1006 solitarim
2097 952 2323 1016 scilicet,
2354 968 2495 1021 pene
2526 951 2793 1006 tacuimus
2826 966 2858 1005 a
2887 950 3074 1004 multis
3117 948 3317 1003 sanctis
3347 957 3399 1003 et
3430 948 3767 1018 sapientibus

464 1056 517 1104 et
548 1057 707 1104 tantae
737 1050 1088 1117 auctoritatis,
1127 1057 1184 1103 ut
1215 1067 1403 1105 eorum
1436 1050 1669 1121 vestigia
1706 1065 1813 1104 non
1846 1050 2014 1103 simus
2045 1049 2259 1105 calcare
2290 1050 2459 1120 digni,
2494 1051 2715 1120 copiose
2761 1049 3196 1106 commendatam
3227 1046 3457 1101 scientes
3478 1088 3491 1112 ,
3524 1054 3576 1101 et
3606 1045 3767 1101 vobis

465 1148 609 1220 quod
636 1163 792 1217 aeque
821 1154 913 1201 aut
940 1148 1134 1201 melius
1165 1148 1337 1202 nostis
1368 1148 1657 1203 ostendere
1688 1147 2020 1217 superfluum
2044 1147 2368 1215 judicantes.

537 1248 588 1299 4.
623 1243 807 1298 Nostis
838 1245 1005 1311 enim,
1040 1245 1095 1298 in
1124 1244 1302 1299 Veteri
1334 1252 1385 1298 et
1406 1245 1461 1297 in
1496 1246 1648 1299 Novo
1670 1244 1906 1299 maxime
1934 1245 2299 1311 Testamento,
2333 1246 2516 1300 omnia
2552 1261 2692 1316 pene
2730 1246 2939 1314 majora
2968 1252 3021 1300 et
3070 1242 3354 1299 subtiliora
3385 1250 3613 1307 secreta,
3654 1258 3768 1297 non

463 1342 518 1394 in
549 1338 724 1393 turbis
755 1338 1080 1407 tumultosis,
1112 1340 1209 1393 sed
1240 1355 1359 1393 cum
1394 1339 1493 1393 soli
1526 1347 1706 1394 essent
1738 1340 1835 1393 Dei
1865 1339 2080 1394 famulis
2110 1341 2370 1406 revelata,
2407 1341 2663 1412 ipsosque
2694 1341 2792 1396 Dei
2822 1340 3069 1407 famulos,
3105 1356 3229 1395 cum
3256 1339 3343 1394 vel
3374 1338 3625 1392 subtilius
3673 1337 3767 1390 ali-

463 1437 594 1508 quid
626 1435 895 1502 meditari,
927 1436 1014 1491 vel
1042 1435 1264 1490 liberius
1295 1452 1472 1501 orare,
1508 1437 1595 1491 vel
1625 1452 1656 1491 a
1684 1437 1915 1492 terrenis
1945 1454 2044 1506 per
2068 1439 2265 1493 mentis
2299 1454 2585 1493 excessum
2614 1438 2840 1493 alienari
2872 1445 3154 1509 cuperent,
3186 1436 3302 1491 fere
3332 1451 3550 1506 semper
3581 1434 3765 1488 multi-

463 1534 664 1588 tudinis
695 1532 1081 1603 impedimenta
1111 1533 1331 1599 vitasse,
1366 1541 1417 1588 et
1449 1533 1752 1588 solitudinis
1799 1542 2050 1603 captasse
2080 1534 2511 1590 commoditates.

537 1633 589 1684 5.
641 1630 777 1685 Hinc
824 1636 925 1694 est,
973 1637 1031 1683 ut
1079 1630 1279 1700 aliquid
1310 1630 1436 1685 inde
1474 1638 1782 1701 tangamus,
1816 1631 1960 1701 quod
1990 1631 2046 1684 in
2094 1647 2291 1702 agrum
2330 1632 2401 1685 ad
2447 1631 2821 1685 meditandum
2862 1632 3010 1687 Isaac
3051 1631 3332 1704 egreditur
3362 1629 3510 1684 solus
3536 1631 3758 1700 (Genes.

464 1728 673 1797 xxxu),
707 1727 853 1799 quod
884 1726 933 1780 ei
962 1743 1072 1781 non
1103 1727 1336 1794 casuale,
1372 1728 1468 1783 sed
1499 1727 2035 1783 consuetudinarium
2067 1728 2234 1783 fuisse
2266 1729 2599 1783 credendum
2630 1737 2730 1783 est.
2766 1728 2924 1797 Quod
2953 1728 3123 1783 Jacob
3180 1726 3475 1798 praemissis
3507 1727 3762 1782 omnibus

464 1825 612 1880 solus
642 1830 908 1891 remanet,
943 1823 1081 1879 facie
1112 1825 1180 1879 ad
1212 1825 1399 1880 faciem
1432 1826 1605 1881 Deum
1639 1826 1804 1893 videt,
1840 1825 2218 1881 benedictione
2248 1826 2410 1880 simul
2438 1834 2491 1880 et
2528 1826 2762 1881 nominis
2795 1826 2850 1880 in
2879 1826 3071 1880 melius
3100 1826 3397 1879 mutatione
3437 1824 3563 1878 felix
3594 1823 3758 1879 effici-

467 1938 554 1984 tur
595 1928 815 1997 (Cenes.
846 1928 1033 1997 xxrv),
1065 1926 1187 1996 plus
1217 1934 1501 1980 assecutus
1533 1941 1639 1980 uno
1682 1933 1955 1981 momento
1983 1926 2133 1980 solus
2182 1940 2347 1996 quam
2377 1932 2487 1979 toto
2516 1925 2640 1980 vitae
2670 1932 2914 1995 tempore
2945 1923 3251 1978 comitatus.

541 2028 591 2078 6.
626 2025 812 2095 Moyes
844 2039 1079 2094 quoque,
1114 2022 1262 2077 Elias
1291 2030 1449 2093 atque
1480 2022 1695 2076 Eliseus
1729 2022 2073 2077 solitudinem
2103 2022 2258 2077 testis
2287 2030 2369 2077 est
2394 2022 2671 2092 Scriptura
2734 2029 2991 2092 quantum
3022 2020 3270 2093 diligant,
3305 2027 3632 2090 quantumve
3660 2036 3767 2090 per

466 2138 587 2178 eam
618 2122 671 2176 in
703 2121 1013 2177 divinorum
1044 2127 1379 2175 secretorum
1410 2119 1832 2174 revelationibus
1862 2128 2132 2187 crescant,
2166 2135 2383 2191 quoque
2422 2120 2585 2175 modo
2614 2127 2668 2174 et
2696 2119 2837 2174 inter
2864 2117 3112 2173 homines
3138 2116 3511 2189 periclitentur
3540 2116 3765 2171 assidue

466 2228 518 2275 et
548 2236 580 2275 a
612 2221 746 2285 Deo,
781 2235 902 2274 cum
934 2218 1035 2273 soli
1061 2225 1204 2287 sunt,
1248 2217 1554 2271 visitentur.

535 2318 588 2369 7.
623 2315 730 2369 Sed
764 2322 816 2370 et
844 2314 1127 2382 Jeremias,
1160 2313 1304 2383 quod
1331 2320 1381 2367 et
1411 2312 1662 2383 superius
1693 2314 2261 2381 commemoravimus,
2296 2314 2443 2369 solus
2472 2314 2625 2369 sedet
2655 2314 2779 2386 quia
2810 2313 2910 2368 Dei
2936 2313 3352 2368 comminatione
3384 2311 3619 2381 repletus
3668 2320 3753 2365 est

467 2411 603 2482 (Jer.
637 2412 755 2481 xv),
792 2425 1026 2481 poscens
1076 2409 1234 2464 etiam
1274 2408 1391 2463 dari
1419 2424 1615 2479 aquam
1647 2408 1809 2479 capiti
1849 2424 1964 2475 suo,
1999 2416 2052 2464 et
2081 2410 2251 2465 oculis
2300 2413 2411 2466 suis
2442 2412 2646 2467 fontem
2702 2413 3082 2482 lacrymarum,
3113 2419 3168 2465 ut
3216 2412 3395 2482 lugeat
3449 2410 3763 2466 interfectos

465 2506 651 2580 populi
681 2506 762 2562 sui
787 2525 801 2574 ;
833 2506 1009 2562 locum
1039 2521 1271 2577 quoque,
1304 2504 1396 2559 ubi
1428 2521 1487 2560 se
1518 2512 1629 2559 tam
1652 2513 1838 2560 sancto
1869 2506 2039 2575 possit
2066 2507 2120 2561 in
2152 2524 2314 2578 opere
2343 2509 2568 2564 liberius
2601 2525 2874 2574 exercere,
2908 2508 3143 2580 postulat
3172 2508 3358 2563 dicens
3391 2525 3404 2562 :
3444 2509 3573 2576 Quis
3604 2508 3762 2562 dabit

1834 2621 2405 2678 COMMENTARIUS.

1834 2621 1873 2673 C
1931 2624 1958 2675 Β
2392 2666 2405 2678 .

538 2709 698 2763 Num.
735 2711 786 2761 3.
815 2708 1091 2761 Putemus
1113 2708 1420 2776 praefatum
1442 2720 1746 2760 numerum
1769 2620 2410 2768 eamcirzlzi‘rifiTtib?lgtfn
2440 2723 2643 2779 magna
2670 2708 2838 2762 animi
2868 2706 3238 2763 consolatione
3267 2704 3376 2776 legi
3405 2710 3648 2774 possunt.

472 2797 561 2852 hic
597 2798 778 2851 vivere
827 2810 1005 2866 posse,
1055 2795 1104 2848 si
1139 2796 1351 2859 tamen,
1386 2800 1490 2847 etc.
1525 2792 1623 2847 Hic
1648 2793 1910 2847 habemus
1940 2794 2059 2863 pul-

470 2884 795 2940 cherrimam
814 2882 1123 2947 lectionem,
1146 2897 1306 2952 quam
1332 2880 1533 2951 ubique
1563 2880 1620 2933 in
1651 2881 1904 2935 domibus
1936 2898 2062 2936 nos-

466 2973 565 3027 tris
598 2972 856 3042 scriptam
888 2971 1075 3042 legere
1132 2978 1185 3023 et
1231 2977 1354 3023 ante
1410 2968 1597 3023 oculos
1658 2970 1859 3024 habere
1891 2970 2063 3025 debe-

468 3079 629 3127 mus;
663 3078 729 3117 ex
759 3075 867 3131 qua
900 3059 1131 3115 lectione
1154 3058 1430 3113 discemus
1453 3074 1682 3129 quanam
1702 3058 1915 3113 ratione
1946 3058 2065 3114 fieri

470 3151 642 3222 possit
671 3157 729 3203 ut
759 3165 823 3204 ex
854 3148 1046 3218 paucis
1075 3147 1337 3201 reditibus
1361 3147 1531 3201 multa
1589 3146 1871 3212 faciamus,
1904 3156 2089 3218 prout,

469 3241 524 3294 in
557 3237 739 3293 multis
767 3236 1019 3291 domibus
1050 3235 1257 3291 ordinis
1278 3235 1525 3291 videmus
1557 3243 1609 3290 et
1638 3235 1916 3305 miramur,
1950 3252 2066 3292 ma-

474 3328 616 3383 xime
644 3327 699 3380 in
719 3326 825 3381 illis
864 3341 984 3397 quae
1013 3340 1043 3378 a
1073 3340 1341 3380 concursu
1364 3324 1642 3379 hominum
1670 3333 1889 3380 remotae
1921 3334 2061 3380 sunt.

471 3417 650 3473 Unum
702 3429 804 3486 pro
858 3413 1109 3484 pluribus
1165 3413 1474 3484 exemplum
1529 3413 1659 3467 mihi
1713 3415 1801 3469 hic
1857 3414 2067 3469 referre

475 3503 720 3559 sufﬁciat.
756 3504 961 3558 Domus
991 3502 1241 3573 quaedam
1260 3502 1569 3556 monialium
1609 3502 1768 3557 habet
1789 3504 2067 3573 sexaginta

474 3592 695 3649 circiter
724 3607 991 3662 personas
1039 3590 1267 3657 ordinis,
1301 3590 1495 3662 quibus
1526 3590 1572 3644 si
1619 3591 1844 3645 addatur
1873 3607 2067 3645 nume-

476 3697 565 3736 rus
595 3680 922 3736 famulorum
945 3686 999 3734 et
1045 3679 1505 3735 mercenariorum
1543 3679 1613 3733 ad
1645 3679 1725 3733 rei
1755 3679 2070 3734 domesticae

476 3768 1000 3824 administrationem
1047 3768 1503 3831 necessariorum,
1535 3783 1795 3822 numerus
1843 3769 1945 3823 iste
1999 3768 2069 3822 ad

478 3856 826 3928 septuaginta
846 3864 899 3910 et
926 3855 1157 3925 amplius
1175 3855 1514 3910 extendetur.
1546 3856 1750 3910 Domus
1768 3863 1948 3910 autem
1969 3856 2069 3910 ista

480 3961 575 4000 sex
620 3944 769 3999 mille
816 3944 985 3998 libras
1041 3943 1203 3997 annui
1234 3944 1442 3998 reditus
1470 3944 1554 3999 vix
1612 3945 1793 4008 habet,
1836 3945 1974 4000 ultra
2005 3961 2071 4000 ea

480 4048 601 4104 qua:
633 4032 736 4087 sibi
765 4032 835 4087 ad
867 4048 1023 4085 usum
1053 4031 1335 4101 proprium
1394 4048 1461 4086 ex
1518 4034 1823 4088 (economia
1852 4034 2071 4104 agraria

479 4122 725 4177 assumit.
777 4120 911 4189 Quis
960 4121 1211 4175 crederet
1242 4136 1365 4175 esse
1418 4121 1678 4191 possibile
1710 4130 1765 4176 ut
1800 4138 1921 4177 cum
1963 4131 2071 4177 tam

478 4210 660 4281 parvis
676 4209 940 4265 reditibus
962 4216 1071 4263 tam
1100 4208 1278 4278 ampla
1300 4209 1505 4264 familia
1524 4218 1709 4280 posset
1725 4211 2023 4266 subsistere
2045 4212 2073 4266 ‘?

478 4303 730 4353 Attamen
762 4315 847 4353 res
878 4297 1179 4353 certissime
1208 4298 1278 4351 ita
1309 4314 1367 4353 se
1400 4299 1582 4353 habet.
1613 4299 1843 4354 Centum
1880 4300 2073 4355 domos

479 4386 683 4441 ordinis
712 4387 767 4439 in
795 4387 1033 4440 medium
1067 4384 1265 4441 afferre
1295 4402 1537 4456 possem,
1574 4388 1772 4458 quibus
1805 4388 1951 4442 idem
1980 4404 2072 4443 ex-

479 4474 779 4546 perimento
808 4475 1070 4544 probatur
1104 4490 1115 4527 :
1149 4482 1201 4529 et
1255 4475 1380 4529 inde
1438 4476 1670 4547 gaudeo,
1705 4477 1801 4530 sed
1852 4485 1901 4530 et
1930 4493 2071 4548 gau-

479 4563 639 4617 debo.
674 4563 881 4630 Majora
910 4578 1075 4617 onera
1125 4563 1411 4617 domorum
1444 4564 1651 4619 ordinis
1682 4572 1744 4618 ut
1779 4564 2072 4634 plurimum

464 4660 586 4706 'non
616 4651 687 4704 ab
722 4650 1017 4706 intrinseco
1066 4650 1314 4707 oriuntur
1369 4654 1519 4722 (nam
1549 4668 1673 4707 cum
1707 4668 1795 4707 res
1825 4653 2071 4708 ordinate

479 4748 532 4795 et
560 4739 819 4811 religiose
876 4738 1028 4807 fiunt,
1081 4739 1170 4793 vix
1230 4740 1452 4794 credere
1507 4748 1735 4810 possent
1784 4740 2071 4795 saeculares

478 4843 637 4899 quam
666 4826 832 4881 multa
862 4825 989 4881 fiant
1018 4844 1081 4881 ex
1112 4827 1345 4898 paucis),
1380 4829 1477 4883 sed
1508 4829 1578 4882 ab
1608 4828 1908 4883 extrinseco
1938 4844 2071 4882 nas-

478 4924 702 4980 cuntur;
734 4932 764 4969 a
794 4931 1064 4970 concursu
1123 4932 1319 4986 nempe
1352 4933 1718 4986 expensarum
1747 4916 1863 4971 fere
1895 4917 2071 4972 inevi-

478 5003 741 5068 tabilium,
777 5020 910 5074 quas
970 5011 1293 5073 temporum,
1348 5004 1613 5070 locorum,
1648 5005 1989 5076 negotiorum
2021 5013 2073 5060 et

477 5106 833 5160 personarum
862 5099 1203 5145 externarum
1234 5091 1441 5147 ratione
1473 5092 1656 5147 facere
1683 5104 1971 5163 coguntur.
2004 5095 2072 5148 Et

478 5179 605 5234 inde
626 5178 684 5233 ﬁt
714 5187 771 5233 ut
799 5180 1146 5250 paucissimae
1178 5180 1523 5250 reperiantur
1552 5197 1670 5252 quae
1697 5181 1841 5235 intra
1880 5182 2073 5237 decem

478 5284 649 5323 annos
672 5278 895 5338 possent
924 5268 1268 5323 accumulare
1290 5269 1432 5323 unde
1467 5285 1573 5324 uno
1604 5285 1745 5324 anno
1778 5270 2073 5325 subsistere

470 5365 718 5427 possent,
756 5357 800 5409 si
834 5356 1039 5409 reditus
1090 5372 1302 5410 annuus
1353 5358 1592 5412 totaliter
1624 5358 1899 5414 deficeret.

2236 2796 2373 2851 CAP.
2422 2796 2645 2851 LXXX.
2705 2828 2774 2837 —
2829 2797 2992 2851 Num.
3053 2800 3102 2850 1.
3144 2797 3320 2851 Multa
3358 2797 3494 2848 sunt
3524 2793 3659 2847 vilia
3703 2797 3759 2847 et

2163 2887 2409 2951 minuta,
2454 2894 2557 2940 etc.
2591 2887 2669 2939 De
2700 2885 2806 2938 illis
2834 2884 2947 2940 vult
2966 2885 3114 2955 loqui
3142 2900 3260 2955 quae
3293 2883 3436 2938 circa
3466 2880 3641 2937 ofﬁcia
3672 2897 3762 2934 su-

2164 2973 2295 3028 toris
2325 2982 2378 3028 et
2408 2974 2650 3044 pistoris,
2686 2974 2753 3028 de
2785 2974 3001 3029 brachis
3023 2972 3273 3039 fratrum,
3306 2972 3360 3025 id
3390 2978 3474 3025 est
3517 2969 3759 3024 femora-

2164 3061 2325 3127 libus,
2358 3070 2411 3117 et
2458 3062 2724 3116 similibus
2754 3061 2905 3127 dixit,
2939 3068 3043 3117 etc.
3076 3062 3230 3117 Nihil
3272 3060 3553 3130 judicare,
3589 3057 3643 3111 id
3676 3065 3758 3111 est

2166 3151 2298 3205 nihil
2340 3151 2676 3217 discernere,
2729 3151 2826 3206 sed
2884 3150 3353 3205 indiscriminatim
3382 3156 3577 3204 cuncta
3606 3162 3754 3203 com-

2166 3240 2349 3309 plecti,
2384 3256 2505 3311 quaz
2534 3240 2710 3309 optari
2741 3255 2773 3293 a
2800 3239 2957 3295 vobis
2977 3239 3361 3295 credebamus.

2238 3329 2400 3383 Num.
2432 3332 2485 3386 2.
2518 3330 2637 3385 Non
2671 3332 2861 3384 tamen
2900 3329 2986 3382 ita
3012 3328 3226 3395 omnia,
3282 3334 3385 3381 etc.
3421 3325 3481 3380 Id
3530 3324 3760 3379 refertur

2169 3418 2238 3471 ad
2268 3433 2333 3472 ea
2366 3434 2487 3488 quae
2516 3417 2769 3481 diximus,
2804 3416 2956 3471 illum
2977 3432 3088 3470 non
3133 3415 3413 3470 enucleate
3434 3414 3616 3469 omnia
3638 3430 3762 3467 sus-

2170 3506 2382 3576 cepisse
2440 3506 2789 3576 proferenda,
2834 3505 2929 3559 sed
2988 3520 3053 3559 eo
3110 3503 3274 3558 modo
3332 3504 3423 3574 qui
3471 3501 3757 3566 sufﬁceret,

2163 3595 2317 3663 juxta
2352 3594 2489 3649 illud
2539 3593 2856 3649 Proverbii:
2892 3594 3249 3663 Intelligenti
3276 3608 3478 3663 pauca.

2241 3683 2403 3738 Num.
2438 3687 2488 3737 3.
2540 3684 2615 3739 De
2658 3682 3145 3738 commendatione
3175 3684 3368 3736 autem
3400 3680 3568 3750 hujus
3608 3680 3756 3744 vitae,

2171 3780 2275 3827 etc.
2299 3771 2361 3826 Id
2391 3770 2670 3826 relationis
2698 3770 2861 3824 habet
2892 3785 3012 3825 cum
3053 3769 3221 3825 sacris
3242 3768 3532 3839 Scripturis
3561 3768 3660 3822 ista
3679 3768 3761 3822 vi-

2172 3869 2238 3914 tae
2278 3859 2534 3915 solitariae
2592 3858 3008 3927 commendatio,
3052 3866 3109 3911 ut
3164 3856 3374 3928 quoties
3404 3857 3635 3929 legatur,
3669 3872 3765 3911 no-

2173 3965 2297 4003 vum
2329 3964 2544 4017 semper
2576 3946 2852 4002 suavitatis
2881 3954 3099 4018 gustum
3129 3945 3184 3999 in
3211 3945 3390 3999 anima
3412 3944 3644 4014 legentis
3674 3961 3766 3998 ex-

2099 4068 2151 4129 Β
2173 4037 2316 4105 citet,
2351 4035 2597 4106 quamvis
2625 4035 2772 4089 illam
2802 4035 3005 4089 centies
3020 4035 3129 4102 jam
3154 4032 3368 4103 legerit.
3402 4032 3481 4086 Ibi
3512 4032 3654 4087 enim
3685 4048 3768 4086 re-

2172 4125 2379 4195 peritur
2408 4125 2654 4194 quaedam
2685 4123 2809 4193 styli
2838 4123 3094 4187 suavitas,
3130 4138 3250 4193 quae
3270 4122 3500 4176 sinceris
3521 4129 3573 4175 et
3602 4120 3766 4175 veluti

2174 4212 2510 4267 naturalibus
2528 4211 2865 4283 argumentis
2888 4218 2941 4265 et
2959 4210 3135 4265 modis
3157 4210 3422 4264 rationem
3438 4210 3609 4280 ipsam
3628 4226 3769 4279 prae-

2174 4302 2319 4356 venit
2349 4309 2401 4355 et
2430 4301 2720 4367 convincit,
2763 4315 2827 4355 ac
2869 4300 3086 4353 tandem
3120 4298 3357 4353 suaviter
3387 4298 3605 4368 rapiens
3632 4312 3770 4367 pro-

2175 4389 2428 4444 nuntiare
2459 4388 2755 4459 compellit,
2796 4387 2974 4442 virum
3009 4395 3152 4442 certe
3182 4386 3349 4441 fuisse
3402 4386 3605 4457 Spiritu
3638 4402 3771 4438 san-

2173 4487 2259 4533 cto
2289 4476 2522 4531 adlatum
2562 4476 2651 4547 qui
2699 4476 2802 4529 ista
2858 4475 3092 4545 scripsit,
3148 4475 3232 4530 cui
3289 4474 3576 4544 Scriptura}
3623 4473 3773 4527 velut

2172 4582 2270 4636 pro
2300 4566 2483 4636 lingua
2514 4573 2760 4618 materna
2808 4572 2975 4629 erant,
3004 4563 3202 4634 quique
3260 4564 3313 4616 in
3363 4562 3598 4617 cmlestis
3628 4562 3769 4616 scri-

2173 4654 2248 4708 nii
2279 4662 2579 4708 atramento
2609 4653 2873 4708 calamum
2896 4652 3211 4721 intingebat.
3237 4651 3457 4706 Certum
3481 4659 3561 4705 est
3590 4660 3772 4704 autem

2173 4742 2315 4812 quod
2346 4742 2413 4796 de
2446 4741 2736 4796 solitudine
2786 4740 3012 4811 physica
3040 4740 3126 4794 hic
3156 4748 3305 4811 agat,
3339 4739 3393 4792 id
3425 4748 3507 4794 est
3537 4739 3605 4793 de
3635 4738 3771 4791 soli-

2175 4830 2358 4884 tudine
2387 4830 2479 4883 illa
2510 4847 2631 4901 quae
2661 4846 2791 4885 vere
2812 4829 3085 4884 hominem
3134 4828 3325 4893 solum,
3352 4844 3379 4880 a
3413 4828 3575 4882 sociis
3607 4842 3772 4895 sepa-

2174 4926 2370 4983 ratum,
2431 4934 2555 4972 cum
2614 4918 2729 4973 solo
2778 4919 2893 4971 Deo
2950 4916 3267 4971 existentem
3316 4914 3495 4981 efﬁcit,
3528 4914 3773 4984 nihilque

2172 5022 2401 5076 prorsus
2432 5006 2575 5061 dicat
2605 5006 2751 5076 quod
2784 5004 2875 5059 alii
2906 5003 3213 5059 solitudinis
3245 5003 3444 5073 speciei
3476 5003 3582 5056 ullo
3605 5002 3773 5056 modo

2174 5093 2466 5149 convenire
2498 5095 2685 5164 possit.
2720 5095 2826 5148 Res
2866 5092 2941 5147 ita
2971 5109 3071 5163 per
3101 5109 3160 5146 se
3189 5091 3411 5145 evidens
3452 5098 3554 5155 est,
3588 5098 3641 5143 ut
3673 5107 3774 5143 su-

2173 5184 2439 5252 perfluum
2465 5183 2771 5250 judicemus
2817 5181 2905 5236 hic
2961 5197 3061 5251 per
3116 5180 3324 5250 aliquas
3368 5179 3580 5250 glossas
3612 5178 3774 5246 hujus

2176 5271 2253 5325 rei
2287 5271 2565 5326 veritatem
2589 5271 2839 5340 probare.

2210 5360 2371 5413 Num.
2390 5362 2441 5413 7.
2462 5360 2815 5430 Omniapcne
2830 5374 2950 5429 qua?
2978 5359 3036 5411 in
3055 5356 3159 5411 hac
3178 5359 3375 5411 nostra
3404 5356 3775 5409 institutione

550 5446 717 5499 Porro
757 5445 945 5499 eadem
972 5460 1091 5514 quas
1124 5446 1211 5499 hic
1269 5445 1398 5501 dicit
1428 5447 1492 5499 R.
1552 5447 1711 5502 Pater
1757 5448 1937 5519 Guigo
1966 5464 2075 5503 non
2106 5421 2151 5481 Ο
2174 5452 2327 5513 sunt,
2354 5450 2585 5519 optima,
2623 5421 2807 5517 quiete
2832 5421 2889 5500 et
2919 5446 3249 5509 solitudine,
3272 5445 3502 5499 silentio
3524 5447 3578 5498 ct
3600 5458 3776 5512 supe—

474 5539 687 5585 tantum
720 5531 1029 5586 referuntur
1056 5532 1113 5587 in
1128 5533 1366 5604 antiquis
1387 5535 1620 5601 statutis,
1652 5552 1706 5605 p.
1735 5551 1789 5602 tl,
1824 5551 1946 5606 cap.
1975 5540 2064 5601 25,

476 5634 625 5673 num.
662 5622 713 5673 5.
753 5619 850 5674 sed
876 5618 1036 5675 etiam
1058 5619 1220 5678 latius
1240 5637 1503 5693 expressa
1534 5631 1657 5678 sunt
1687 5623 1741 5678 in
1769 5624 2066 5694 modernis,

2170 5539 2387 5593 riorum
2416 5536 2795 5607 appetitione,
2835 5541 2940 5589 etc.
2994 5533 3093 5588 Hic
3150 5531 3469 5587 brevissime
3526 5540 3780 5585 recenset

2170 5624 2444 5695 piissimus
2476 5623 2709 5695 scriptor
2756 5622 2877 5677 vita:
2917 5622 3290 5677 Carthusianae
3324 5618 3618 5691 principia,
3652 5636 3779 5691 qua:
