3978 6050
301 101 409 153 ’ἷὸἺ
1648 101 1896 157 CONSUI

2002 101 2249 155 IDINES.
3517 102 3619 153 758

311 224 457 278 mihi
496 224 865 280 diversorium
915 227 1195 282 viatorum
1238 229 1300 281 in
1349 227 1697 282 solitudine?
1747 227 2013 295 (Jer.rx.)
2063 226 2343 296 Tanquam
2390 225 2495 279 hoc
2543 240 2665 291 eum
2708 224 2762 277 in
2811 224 3024 279 civitate
3068 224 3245 280 facere
3291 238 3402 279 non
3456 239 3612 280 vaca-

313 328 398 374 ret
423 339 437 386 ;
470 322 573 376 hoc
603 323 765 375 modo
796 322 1043 377 indicans
1076 331 1329 393 quantum
1355 323 1459 395 [αἱ.
1500 323 1683 395 quam]
1714 323 2006 394 impediant
2037 322 2171 376 socii
2202 322 2435 393 gratiam
2458 322 2842 392 lacrymarum,
2879 321 2984 389 Qui
3009 322 3184 375 etiam
3214 338 3333 375 cum
3361 320 3618 377 dixisseta

314 417 533 472 Bonum
559 422 643 473 est
672 420 996 488 praestolari
1025 436 1154 475 cum
1186 421 1418 477 silentio
1449 421 1703 475 salutare
1733 420 1832 474 Dei
1855 419 2081 487 (Thren.
2116 418 2233 488 Ill);
2260 418 2345 472 cui
2368 418 2587 489 negotio
2609 418 2902 472 maximum
2925 425 3143 488 pra’stat
3164 417 3398 474 solitudo
3427 417 3619 472 suifra-

296 512 464 580 ‘gium
489 530 503 577 ;
528 512 933 584 addidissetque
961 530 972 568 ε
996 517 1211 571 Bonum
1235 520 1317 571 est
1332 517 1447 573 viro
1472 534 1601 572 cum
1617 517 1930 589 portaverit
1941 516 2147 585 jugum
2169 516 2234 569 ab
2258 516 2644 570 adolescentia
2662 532 2785 583 sua,
2823 515 2916 569 ubi
2936 531 3038 570 nos
3056 516 3345 585 plurimum
3369 515 3617 571 consola-

310 617 419 675 tur,
454 609 543 679 qui
566 610 904 681 propositum
925 611 1068 666 istud
1087 629 1227 681 pene
1257 629 1447 668 omnes
1478 630 1506 667 a
1530 614 1812 681 juventute
1835 612 2131 667 subivimus
2156 631 2169 678 ;
2193 613 2390 681 adjecit
2413 621 2463 668 et
2481 613 2553 668 ait
2580 614 3133 669 :Sedebitsolitarius
3156 618 3211 668 et
3236 614 3458 681 tacebit,
3483 615 3616 685 quia

313 707 519 761 levabit
549 723 605 761 se
637 723 807 779 supra
836 724 911 773 se,
947 708 1130 763 omnia
1158 725 1297 779 pene
1321 726 1442 780 qua:
1470 710 1525 763 in
1554 711 1657 765 hac
1688 718 1875 764 nostra
1924 707 2256 763 institutione
2306 717 2429 762 sunt
2476 709 2700 779 Optima,
2738 709 2915 780 quiete
2948 716 2997 764 et
3047 708 3356 775 solitudine,
3400 709 3615 765 silentio

310 808 367 855 et
396 802 736 872 superiorum
766 804 1095 873 appetitione
1126 805 1458 877 significans.

382 905 437 954 8.
480 900 614 968 Quae
644 902 821 957 studia
854 918 980 956 suos
1013 903 1262 957 alumnos
1294 904 1485 975 quales
1519 902 1755 959 efficiant
1788 912 1976 973 postea
2004 903 2313 957 manifestat
2345 903 2533 958 dicens
2576 920 2587 958 :
2622 906 2786 960 Dabit
2822 906 3171 977 percutienti
3201 920 3256 960 se
3284 905 3609 971 maxillam,

310 1000 670 1053 saturabitur
698 1001 1026 1071 opprobriis,
1060 1016 1290 1071 quorum
1321 1001 1375 1054 in
1408 1001 1575 1055 altero
1607 1001 1861 1070 patientia
1893 1016 2123 1065 summa,
2158 1001 2212 1054 in
2242 1000 2412 1056 altero
2443 1002 2687 1071 perfecta
2721 1003 2954 1075 refulget
3000 1002 3291 1057 humilitas.

383 1100 434 1149 9.
469 1096 704 1149 Joannes
734 1113 948 1167 quoque
979 1098 1236 1167 Baptista,
1274 1114 1381 1169 quo
1412 1100 1567 1152 inter
1598 1102 1763 1152 natos
1792 1099 2119 1165 mulierum,
2149 1099 2301 1165 juxta
2328 1098 2626 1153 Salvatoris
2677 1101 3032 1169 prteconium,
3082 1103 3266 1171 major
3293 1115 3458 1155 nemo
3486 1117 3613 1155 sur-

311 1194 470 1248 rexit
500 1193 717 1262 (Matth.
750 1195 854 1263 x1),
887 1195 1017 1265 quid
1043 1195 1278 1249 solitudo
1303 1195 1613 1250 securitatis
1639 1196 1838 1266 quidve
1887 1195 2129 1248 utilitatis
2180 1195 2367 1249 afferat
2397 1196 2675 1250 evidenter
2703 1198 2969 1262 ostendit;
3006 1198 3097 1269 qui
3126 1213 3229 1252 nec
3259 1197 3453 1252 divinis
3484 1214 3612 1251 ora-

306 1289 447 1343 culis
477 1291 672 1361 quibus
704 1291 1014 1361 praedictum
1038 1292 1214 1347 fuerat
1245 1294 1387 1363 quod
1418 1293 1486 1346 ab
1535 1288 1687 1347 utero
1738 1292 1940 1363 Spiritu
1979 1300 2168 1346 sancto
2212 1294 2452 1363 repletus
2508 1294 2665 1363 (Luc.
2713 1295 2773 1363 ι),
2826 1294 2878 1346 in
2926 1294 3116 1363 spiritu
3165 1303 3215 1348 et
3253 1294 3443 1349 virtute
3472 1294 3606 1348 Elite

304 1388 576 1442 Christum
608 1388 738 1443 foret
775 1389 1061 1443 Dominum
1099 1398 1497 1459 praeventurus,
1532 1406 1631 1445 nec
1664 1389 1899 1443 mirabili
1929 1389 2225 1455 nativitate,
2266 1406 2368 1445 nec
2398 1399 2683 1460 parentum
2731 1391 3015 1445 sanctitate
3058 1407 3299 1459 securus,
3336 1391 3592 1463 frequen-

309 1488 439 1541 tiam
470 1485 747 1539 hominum
779 1485 994 1556 fugiens
1038 1494 1293 1557 tanquam
1343 1487 1729 1557 periculosam,
1783 1488 2000 1541 deserta
2048 1486 2355 1541 solitudinis
2404 1494 2664 1558 tanquam
2713 1495 2819 1540 tuta
2858 1488 3079 1560 delegit,
3132 1488 3313 1542 tandiu
3361 1488 3605 1558 pericula

307 1590 650 1653 mortemque
680 1582 951 1649 nesciens,
988 1582 1227 1654 quandiu
1257 1599 1501 1638 eremum
1534 1583 1682 1637 solus
1729 1584 1966 1647 incoluit,
2014 1583 2105 1636 ubi
2138 1583 2266 1653 quid
2296 1582 2507 1638 virtutis
2551 1584 2790 1638 lucratus
2824 1584 3021 1654 quidve
3067 1583 3134 1637 sit
3181 1582 3358 1637 meriti
3399 1582 3595 1637 Christi

308 1682 607 1751 baptismus
639 1690 691 1736 et
720 1698 818 1752 pro
838 1682 1045 1750 justitia
1073 1699 1223 1737 mors
1250 1691 1503 1752 suscepta
1546 1682 1881 1737 monstravit.
1930 1682 2073 1735 Talis
2124 1685 2266 1735 enim
2308 1680 2479 1735 factus
2525 1689 2607 1736 est
2651 1681 2706 1734 in
2755 1682 3062 1747 solitudine,
3108 1688 3163 1735 ut
3210 1681 3407 1753 dignus
3451 1688 3597 1735 esset

307 1778 578 1833 lavantem
613 1780 795 1834 omnia
826 1780 1097 1834 Christum
1131 1780 1278 1835 solus
1305 1780 1512 1847 lavare,
1549 1787 1602 1833 et
1630 1795 1730 1849 pro
1770 1778 1989 1833 veritate
2020 1794 2121 1833 nec
2151 1794 2425 1833 carcerem
2464 1794 2566 1832 nec
2594 1786 2821 1833 mortem
2853 1778 3151 1833 declinare.

384 1879 468 1928 10.
502 1875 659 1929 Jesus
689 1876 805 1946 ipse
834 1877 980 1930 Deus
1012 1883 1063 1929 et
1095 1875 1376 1939 Dominus,
1410 1874 1560 1942 cujus
1590 1875 1761 1929 virtus
1799 1890 1899 1929 nec
1947 1882 2162 1929 secreto
2181 1874 2375 1941 juvari,
2419 1889 2523 1929 nec
2572 1873 2789 1943 publico
2826 1882 3042 1944 poterat
3091 1873 3358 1944 impediri,
3410 1880 3467 1927 ut
3498 1887 3598 1927 suo

305 1982 489 2028 tamen
519 1973 676 2028 nobis
707 1974 1020 2029 consuleret
1049 1973 1317 2043 exemplo,
1351 1972 1669 2043 priusquam
1699 1972 2023 2042 praedicaret
2050 1972 2136 2026 vel
2159 1972 2317 2043 signa
2340 1970 2562 2036 faceret,
2596 1972 2979 2026 tentationibus
3010 1981 3169 2041 atque
3196 1970 3416 2039 jejuniis
3446 1970 3602 2041 quasi

304 2072 565 2142 probatus
597 2078 677 2125 est
709 2072 761 2125 in
791 2071 1102 2135 solitudine,
1136 2071 1205 2124 de
1237 2086 1345 2140 quo
1377 2069 1656 2140 Scriptura
1701 2069 1870 2123 refert
1912 2070 2077 2140 quod,
2130 2069 2334 2123 relictis
2381 2069 2554 2122 turbis
2602 2069 3014 2140 discipulorum,
3061 2068 3116 2121 in
3165 2075 3404 2121 montem
3452 2067 3599 2120 solus

302 2168 624 2221 ascenderet
658 2183 811 2221 orare
844 2167 1064 2237 (Matth.
1100 2167 1241 2236 xw).
1277 2165 1381 2232 Qui
1408 2174 1463 2245 et
1492 2165 1823 2219 imminentis
1856 2165 1966 2233 jam
2015 2173 2261 2235 tempore
2306 2165 2580 2235 passionis
2628 2164 2906 2234 apostolos
2945 2163 3159 2234 reliquit
3202 2163 3349 2217 solus
3397 2178 3596 2217 exora-

298 2270 471 2328 turus,
505 2263 606 2317 isto
637 2264 722 2318 vel
752 2264 985 2318 maxime
1016 2264 1293 2318 insinuans
1327 2264 1577 2334 exemplo
1618 2271 1877 2335 quantum
1909 2262 2144 2318 solitudo
2175 2262 2347 2332 prosit
2391 2262 2637 2328 orationi,
2690 2263 2905 2332 quando
2950 2260 3256 2327 comitibus,
3304 2260 3427 2315 licet
3457 2275 3595 2329 apo-

307 2360 484 2428 stolis,
519 2376 627 2413 non
658 2360 771 2415 vult
800 2361 994 2414 mistus
1034 2376 1215 2415 orare.

380 2458 462 2511 11.
491 2456 607 2509 Jam
639 2471 734 2510 vos
763 2456 886 2526 ipsi,
922 2457 1093 2511 sancti
1122 2471 1185 2511 ac
1214 2455 1554 2511 venerabiles
1604 2455 1790 2508 Patres
1828 2453 2040 2523 Paulus,
2076 2451 2357 2518 Antonius,
2419 2452 2682 2519 Hilarion,
2740 2450 3063 2506 Benedictus
3095 2459 3147 2505 et
3206 2451 3389 2507 caeteri
3434 2451 3592 2505 nobis

302 2550 727 2605 innumerabiles
758 2560 1016 2622 quantum
1048 2552 1103 2605 in
1135 2551 1423 2606 solitudine
1454 2538 1639 2605 mente
1663 2548 2009 2619 profecerint,
2042 2566 2139 2619 per
2170 2566 2266 2605 vos
2298 2550 2657 2616 considerate,
2709 2559 2759 2604 et
2789 2550 3087 2620 probabitis
3121 2549 3411 2603 suavitates
3441 2548 3587 2619 psaL

303 2648 626 2711 modiarum,
671 2649 846 2702 studia
892 2649 1205 2713 lectionum,
1259 2648 1501 2703 fervores
1547 2647 1867 2715 orationum,
1916 2647 2238 2702 subtilitates
2280 2648 2707 2713 meditationum,
2760 2663 3016 2703 excessus
3048 2645 3587 2716 contemplationum,

305 2745 628 2814 baptismata
668 2746 1046 2816 lacrymarum,
1080 2745 1226 2799 nulla
1258 2761 1317 2799 re
1348 2744 1522 2816 magis
1553 2761 1713 2816 quam
1745 2744 2033 2798 solitudine
2074 2760 2235 2814 posse
2278 2745 2477 2813 juvari.

378 2847 463 2898 12.
496 2844 617 2897 Non
647 2851 825 2897 autem
854 2844 970 2898 haec
1001 2843 1155 2897 vobis
1184 2858 1359 2913 pauca
1390 2858 1510 2913 quae
1541 2842 1775 2895 diximus
1798 2840 2067 2896 sufficiant
2097 2842 2361 2912 exempla,
2393 2842 2460 2896 ad
2491 2842 2726 2913 suscepti
2773 2843 2990 2898 laudem
3028 2843 3330 2914 propositi;
3363 2843 3461 2897 sed
3490 2841 3593 2912 ipsi

302 2941 484 3011 potius
517 2940 670 2995 vobis
699 2940 852 3011 plura
881 2946 1212 3006 coacervata,
1246 2939 1332 2993 vel
1363 2940 1430 2993 de
1487 2955 1665 2993 rerum
1723 2956 1822 2992 usu
1882 2938 2252 3009 prmsentium,
2286 2936 2371 2991 vel
2401 2938 2468 2991 de
2524 2946 2833 2993 sanctarum
2881 2938 3094 3010 paginis
3144 2938 3540 3008 Scripturarum
3578 2955 3590 2994 :

306 3053 617 3109 quanquam
640 3036 819 3107 ipsum
850 3036 942 3090 tali
966 3035 1436 3091 commendatione
1466 3050 1573 3088 non
1603 3042 1781 3106 egeat,
1816 3034 2069 3105 quoniam
2100 3042 2153 3088 et
2202 3049 2301 3088 sua
2349 3033 2569 3090 raritate
2601 3043 2653 3089 et
2682 3051 2904 3090 suorum
2950 3043 3274 3090 sectatorum
3322 3034 3592 3104 paucitate

300 3133 632 3189 sufﬁcienter
653 3149 774 3189 sese
792 3133 1157 3188 commendat.
1174 3132 1231 3187 Si
1252 3131 1414 3196 enim,
1435 3133 1584 3200 juxta
1600 3131 1810 3185 Domini
1833 3131 2021 3195 verba,
2038 3136 2198 3187 arcta
2216 3136 2297 3186 est
2316 3135 2407 3188 via
2427 3150 2548 3204 quo:
2565 3134 2723 3188 ducit
2742 3134 2812 3188 ad
2823 3135 3018 3198 vitam,
3034 3137 3089 3189 et
3108 3134 3591 3198 pauciinveniunt

301 3249 429 3288 eam
459 3231 676 3299 (Matth.
703 3231 801 3302 vn)
826 3249 840 3296 ;
865 3239 916 3285 et
934 3247 963 3285 e
980 3238 1169 3285 contra
1189 3230 1379 3301 ampla
1402 3233 1487 3285 est
1506 3245 1626 3300 qua:
1656 3228 1816 3283 ducit
1834 3228 1906 3282 ad
1926 3233 2182 3293 mortem,
2208 3232 2263 3283 et
2289 3230 2461 3284 multi
2480 3230 2693 3284 vadunt
2709 3245 2811 3299 per
2831 3246 2975 3297 eam,
3000 3229 3138 3283 inter
3159 3228 3476 3283 Christianae
3496 3243 3591 3282 re-

298 3328 519 3399 ligionis
549 3328 807 3393 instituta,
842 3336 987 3381 tanto
1014 3343 1073 3381 se
1103 3342 1269 3380 unum
1300 3326 1553 3397 quodque
1585 3324 1823 3379 melioris
1854 3332 1905 3379 et
1933 3326 2265 3381 sublimioris
2299 3328 2534 3383 ostendit
2577 3328 2754 3383 meriti
2786 3335 2987 3398 quanto
3024 3328 3333 3398 pauciores,
3362 3335 3415 3382 et
3442 3334 3591 3382 tanto

303 3426 533 3481 minoris
562 3433 613 3481 et
634 3424 905 3481 inferioris
934 3432 1136 3497 quanto
1163 3424 1349 3493 plures
1377 3422 1626 3477 admittit.
1660 3424 1803 3477 Bene
1834 3439 1931 3478 vos
1954 3440 2171 3493 semper
2192 3425 2372 3479 valere
2403 3434 2456 3480 et
2484 3426 2656 3480 nostri
2687 3424 2999 3479 meminisse
3027 3432 3297 3495 optamus.

1012 3521 1349 3591 Expliciunt
1380 3520 1821 3576 Consuetudines
1854 3521 1917 3574 D.
1955 3521 2219 3592 Guigonis
2246 3524 2458 3595 prioris
2484 3525 2814 3580 Carthasim.

1686 3643 2264 3703 COMMENTARIUS.

301 3771 444 3831 sunt,
467 3764 618 3834 quies
634 3778 663 3815 a
685 3760 969 3815 mundanis
989 3760 1152 3815 rebus
1180 3767 1232 3814 et
1248 3758 1549 3825 aﬂ'ectibus,
1569 3760 1810 3815 solitudo
1831 3760 1901 3813 ab
1922 3763 1974 3820 A
2083 3765 2341 3835 Cognovit
2370 3765 2639 3819 Dominus
2662 3766 2757 3835 qui
2786 3766 2922 3819 sunt
2943 3766 3064 3835 ejus
3096 3763 3169 3831 (II
3210 3764 3351 3818 Tim.
3392 3778 3450 3828 ιι,
3479 3764 3587 3833 i9),

299 3851 579 3906 hominum
611 3850 1025 3905 conversatione
1053 3857 1103 3903 et
1136 3848 1431 3903 vanitatum
1470 3848 1697 3913 visione,
1716 3850 1897 3903 silen-

301 3941 447 3995 tium
488 3955 520 3993 a
550 3938 729 3993 verbis
757 3938 1056 4003 inutilibus,
1082 3944 1134 3991 et
1155 3938 1507 4007 superiorum
1528 3939 1820 4008 appetitio,
1846 3936 1899 3990 id

302 4036 386 4083 est
436 4044 499 4082 ea
530 4044 649 4099 quae
673 4043 887 4081 sursum
921 4034 1045 4080 sunt
1074 4024 1368 4096 quaerendo
1410 4032 1460 4079 et
1506 4025 1784 4095 sapiendo.
1819 4026 1897 4079 De

300 4116 514 4171 caeteris
544 4131 651 4170 non
672 4116 926 4187 loquitur,
945 4114 1071 4185 quia
1093 4112 1246 4183 quasi
1266 4112 1568 4167 accidentia
1588 4113 1899 4167 referuntur

297 4204 367 4259 ad
396 4204 750 4259 substantiam
780 4202 1043 4274 propositi
1064 4201 1489 4265 Catthusiensis,
1515 4217 1635 4271 quae
1666 4209 1747 4255 est
1768 4202 1899 4255 obe-

297 4293 495 4346 dientia
532 4293 583 4345 in
616 4293 810 4363 quiete,
845 4291 900 4344 in
930 4290 1217 4345 solitudine
1248 4297 1299 4343 et
1328 4290 1382 4343 in
1421 4289 1635 4343 silentio
1664 4289 1893 4342 reddita.

370 4382 533 4435 Num.
554 4384 639 4434 12.
667 4382 937 4447 Quoniam
953 4384 1006 4433 et
1021 4396 1124 4433 sua
1141 4380 1385 4433 raritate
1403 4381 1697 4432 etsuorum
1719 4381 1899 4432 secta-

302 4474 489 4524 torum
510 4472 798 4540 paucitate
821 4468 1177 4537 sufﬁcienter
1217 4482 1331 4521 sese
1362 4466 1717 4520 commendat
1745 4509 1757 4530 ,
1791 4474 1892 4519 etc.

300 4557 552 4612 Ostendit
583 4557 760 4611 statim
793 4557 856 4611 R.
889 4558 947 4610 P.
971 4556 1150 4626 Guigo
1169 4555 1311 4608 unde
1342 4562 1725 4623 argumentum
1755 4554 1897 4607 istud

296 4646 400 4699 sibi
448 4653 645 4711 sumat,
695 4662 763 4699 ne
806 4643 1009 4716 aliquid
1057 4644 1395 4713 paradoxum
1441 4650 1531 4696 aut
1578 4643 1896 4713 quibusdam

297 4733 616 4802 injuriosum
660 4732 905 4803 proferre
955 4732 1213 4787 videatur.
1262 4733 1337 4785 Ex
1376 4732 1481 4785 hoc
1512 4739 1693 4785 autem
1728 4746 1895 4801 argu-

297 4831 478 4876 mento
509 4822 575 4876 ad
607 4830 847 4876 nostrum
896 4821 1197 4892 profectum
1227 4822 1358 4876 istas
1389 4820 1765 4876 conclusiones
1796 4822 1895 4874 de-

294 4910 499 4965 ducere
528 4911 810 4965 debemus.
845 4910 1025 4964 Solius
1054 4910 1153 4964 Dei
1184 4919 1266 4963 est
1297 4909 1473 4964 facere
1505 4910 1819 4973 monachos,
1845 4917 1898 4963 et

296 4998 513 5068 quoties
544 5000 781 5052 humano
830 4998 1056 5052 consilio
1087 5006 1179 5051 aut
1209 4998 1445 5052 humana
1477 4998 1741 5053 industria
1774 5013 1895 5051 mo-

2001 3864 2054 3911 et
2083 3871 2219 3926 quos
2247 3854 2301 3907 in
2332 3853 2432 3907 ista
2453 3860 2639 3907 nostra
2658 3853 2939 3907 vocatione
2961 3852 3320 3907 Carthusiana
3348 3867 3593 3921 compre-

2001 3943 2165 3999 hendi
2212 3941 2363 4006 velit,
2412 3957 2513 3995 nos
2557 3940 2849 3995 nescimus.
2901 3941 3203 3996 Caveamus
3250 3955 3386 4012 ergo
3434 3939 3486 3993 in
3535 3956 3593 3994 re

1999 4034 2132 4087 tanti
2162 4029 2419 4085 momenti
2450 4046 2517 4083 ne
2547 4037 2790 4083 nostrum
2820 4044 3041 4083 sensum
3076 4037 3167 4081 aut
3194 4027 3446 4082 affectum
3497 4043 3594 4081 se-

2002 4136 2250 4191 quamur,
2286 4118 2382 4171 sed
2415 4116 2674 4171 voluntati
2705 4117 2802 4170 Dei
2833 4116 3203 4170 tantummodo
3235 4114 3596 4185 adimplendaa

2000 4208 2360 4269 attendentes,
2395 4204 2542 4258 illam
2589 4205 2745 4258 unice
2776 4204 2921 4258 circa
2969 4219 3063 4257 eos
3107 4203 3198 4272 qui
3242 4203 3310 4255 ad
3352 4202 3596 4257 ordinem

2000 4295 2218 4350 veniunt
2246 4293 2471 4362 exsequi
2501 4300 2837 4364 satagamus,
2862 4308 2927 4346 ea
2957 4292 3151 4345 devote
3180 4297 3230 4344 et
3262 4290 3475 4346 sincere
3504 4291 3597 4345 ob-

2001 4383 2291 4445 servando,
2326 4389 2379 4435 et
2415 4381 2469 4433 in
2500 4380 2691 4451 spiritu
2722 4396 2866 4434 verae
2896 4379 3173 4434 charitatis
3219 4379 3589 4449 exsequendo,

2000 4489 2065 4527 ex
2095 4471 2291 4542 quibus
2322 4477 2375 4523 et
2404 4469 2613 4524 vocatio
2645 4466 2882 4522 caelestis
2914 4476 2964 4521 et
2984 4467 3235 4523 voluntas
3266 4467 3362 4521 Dei
3392 4467 3593 4539 digno-

2000 4560 2079 4616 sci
2110 4566 2340 4629 possunt
2367 4558 2419 4610 in
2450 4558 2551 4610 hac
2584 4557 2711 4611 vita.

2068 4650 2182 4703 Nec
2227 4662 2327 4701 nos
2390 4661 2629 4714 unquam
2696 4645 2967 4714 decipiant
3016 4651 3342 4715 argumenta
3391 4660 3456 4699 ex
3500 4643 3593 4697 illo

1997 4735 2284 4807 Evangelii
2308 4735 2428 4788 loco
2457 4733 2742 4802 desumpta
2775 4748 2786 4786 :
2823 4733 3099 4803 Compelle
3122 4734 3363 4795 intrare,
3396 4732 3592 4784 utim-

1996 4824 2429 4895 pleaturdomus
2445 4838 2568 4875 mea
2580 4822 2733 4891 (Luc.
2748 4836 2865 4887 xw,
2886 4825 2995 4889 32).
3015 4820 3071 4873 Id
3084 4820 3226 4874 enim
3242 4817 3507 4872 vocationi
3526 4818 3593 4871 ad

1999 4912 2161 4967 tidem
2191 4912 2551 4965 Christianam
2582 4917 2785 4963 tantum
2816 4908 3085 4971 convenit,
3119 4923 3239 4977 quae
3269 4905 3338 4959 ad
3368 4905 3593 4960 salutem

1999 5001 2220 5055 omnino
2269 4999 2582 5054 necessaria
2612 5007 2712 5063 est,
2743 5006 2794 5051 et
2823 4996 2956 5049 nihil
3000 4994 3164 5047 tradit
3211 4994 3357 5050 circa
3386 5010 3591 5059 mores,

296 5088 594 5140 nachorum
647 5086 1021 5156 multiplicatio
1088 5087 1449 5152 attentabitur,
1500 5087 1891 5142 miserabilium
1916 5112 1966 5171 B
2001 5089 2144 5158 quod
2166 5089 2235 5141 ab
2266 5088 2517 5141 omnibus
2560 5102 2682 5141 cum
2733 5084 2829 5139 Dei
2872 5082 3049 5155 gratia
3080 5098 3190 5136 non
3219 5082 3390 5152 possit
3418 5090 3471 5136 et
3500 5083 3595 5136 de-

294 5176 476 5247 potius
524 5190 876 5245 personarum
944 5190 1104 5245 quam
1153 5174 1390 5230 virorum
1435 5185 1739 5230 sanctorum
1788 5192 1894 5228 nu-

294 5281 478 5319 merus
509 5264 815 5334 augebitur.
850 5263 1181 5317 Statutorum
1225 5279 1360 5335 ergo
1409 5272 1645 5318 mentem
1677 5279 1894 5332 semper

297 5354 481 5407 stricte
513 5368 826 5422 sequamur,
862 5358 973 5404 tum
1004 5351 1143 5405 circa
1195 5352 1387 5406 domos
1438 5367 1608 5405 novas
1657 5366 1763 5404 non
1791 5350 1895 5403 nisi

296 5458 420 5497 cum
446 5457 641 5512 magna
681 5439 1009 5494 discretione
1052 5439 1409 5510 recipiendas,
1442 5448 1554 5495 tum
1584 5440 1730 5496 circa
1762 5439 1895 5491 sub-

296 5530 439 5584 ditos
466 5529 520 5582 in
550 5527 739 5583 ordine
769 5526 1146 5582 admittendos.

1998 5178 2121 5231 beat
2149 5176 2455 5245 adimpleri,
2489 5175 2585 5228 sed
2623 5189 2729 5228 non
2776 5171 3045 5227 vocationi
3076 5171 3143 5224 ad
3175 5179 3373 5225 statum
3402 5186 3595 5225 mona-

1996 5264 2208 5327 sticum,
2241 5271 2293 5317 et
2322 5263 2553 5317 maxime
2586 5260 3020 5317 Carthusianum.
3072 5259 3165 5312 Ille
3191 5259 3458 5329 siquidem
3489 5265 3597 5310 sta-

1997 5361 2081 5406 tus
2113 5368 2221 5405 non
2252 5352 2719 5405 hominestantum
2755 5350 2806 5401 in
2829 5348 2935 5402 fide
2968 5347 3193 5401 stabiles
3225 5344 3464 5416 requirit,
3499 5345 3595 5398 sed

1997 5457 2091 5494 eos
2123 5440 2213 5510 qui
2239 5456 2305 5493 ex
2345 5438 2605 5509 singulari
2652 5438 2751 5491 Dei
2797 5436 3082 5492 vocatione
3120 5434 3191 5487 ad
3221 5432 3352 5486 illud
3382 5430 3599 5485 vivendi

2000 5544 2173 5599 genus
2201 5527 2549 5589 advocentur,
2602 5525 2743 5596 quod
2770 5524 2839 5578 ad
2881 5523 3174 5578 lucendum
3203 5518 3427 5592 speciali
3457 5534 3598 5592 quo-
