3978 6050
413 162 517 215 ’759

1259 148 1603 207 GUIGONIS
1644 148 1665 201 Ι
1703 143 2113 202 CARTHUSUE
2151 141 2449 199 MAIORIS
2488 140 2765 198 PRIORIS
2805 141 2869 197 V.

3613 141 3723 195 760

417 283 545 337 dam
570 279 733 336 modo
763 279 819 333 in
848 276 1097 333 Ecclesia
1125 289 1223 329 sua
1265 272 1551 344 disposuit,
1586 278 1638 325 et
1668 270 1737 325 ad
1763 270 1907 325 hunc
1937 268 2006 323 ﬁ-
2027 272 2084 329 Α
2112 269 2217 323 hoc
2248 284 2463 339 semper
2492 269 2547 323 in
2576 277 2756 324 mente
2778 266 3061 331 habentes,
3086 278 3282 334 nempe
3306 263 3453 335 quod
3478 264 3522 318 si
3552 264 3715 330 ordo,

417 386 544 426 nem
572 384 737 438 super
768 366 1157 423 candelabrum
1204 362 1332 434 poni
1375 368 1427 417 et
1456 358 1683 416 accendi
1714 358 1881 413 voluit
1917 373 1928 411 :
1965 358 2021 411 in

422 474 529 529 quo
571 455 792 511 vivendi
854 470 1055 526 genere
1094 453 1258 523 plura
1304 458 1594 505 occurrunt
1640 447 1838 517 quibus
1874 446 2017 501 vires

420 547 673 601 humanm
700 544 940 613 impares
970 549 1111 605 sunt,
1147 548 1198 594 et
1228 540 1282 593 in
1313 547 1437 593 actu
1470 536 1633 590 veluti
1664 541 2021 606 permanente

418 632 625 689 servari
646 638 919 702 nequeunt
949 628 1157 700 absque
1202 625 1423 697 speciali
1472 624 1670 695 gratia,
1726 638 1887 693 quam
1925 616 2023 675 Dei

420 719 689 778 vocationi
739 717 809 773 ad
853 724 1050 772 statum
1118 715 1269 769 illum
1316 727 1578 767 annexam
1627 726 1748 766 esse
1799 709 2025 766 firmiter

422 808 713 864 credimus.
747 804 896 859 Multi
926 804 1142 876 quidem
1174 803 1239 856 ad
1270 800 1431 855 fidem
1477 800 1672 865 vocati,
1706 798 1863 870 pauci
1894 814 2024 853 vero

423 897 494 951 ad
523 894 963 951 Carthusiensem
992 891 1237 947 ordinem
1268 888 1640 961 praeordinati.

494 982 900 1039 Meminerimus
930 980 1171 1035 virorum
1209 978 1422 1032 illorum
1454 977 1521 1031 de
1552 975 1749 1046 quibus
1779 974 1836 1028 ﬁt
1866 990 2023 1028 men-

422 1071 495 1127 tio
523 1071 579 1125 in
608 1070 748 1124 libro
778 1069 955 1139 primo
994 1066 1450 1130 Machabaeorum,
1502 1079 1622 1133 cap.
1656 1078 1710 1127 v,
1759 1063 1851 1116 ubi
1895 1063 2023 1116 dum

423 1159 645 1231 quidam
673 1157 861 1213 volunt
890 1156 1094 1211 fortiter
1122 1170 1288 1226 agere
1318 1162 1370 1207 et
1410 1159 1684 1207 certamen
1715 1151 1867 1216 inire,
1914 1151 2024 1205 cla-

422 1247 546 1303 dem
576 1245 758 1301 multis
787 1244 1057 1309 inferunt;
1090 1252 1141 1297 et
1167 1258 1265 1312 pro
1295 1241 1501 1295 ratione
1535 1240 1609 1293 ibi
1630 1239 1845 1303 dicitur,
1880 1238 2024 1309 quod

423 1352 539 1392 non
556 1337 723 1390 erant
754 1334 818 1388 de
838 1334 1050 1388 semine
1072 1333 1315 1385 virorum
1354 1330 1584 1383 illorum
1601 1344 1704 1398 per
1725 1343 1856 1398 quos
1870 1329 2023 1381 salus

423 1426 581 1494 facta
610 1425 694 1477 est
718 1422 779 1475 in
808 1421 1001 1475 Israel.
1046 1418 1195 1473 Idem
1224 1417 1381 1472 nobis
1412 1423 1728 1471 eventurum
1757 1414 1870 1469 lore
1901 1428 2024 1483 pro-

425 1510 671 1567 nuntiare
716 1523 825 1562 non
868 1506 1076 1572 dubito,
1107 1506 1153 1560 si
1194 1507 1432 1559 humana
1480 1502 1745 1559 industria
1789 1502 2022 1557 Cartbu-

426 1598 609 1653 sianos
639 1596 939 1651 monachos
970 1594 1150 1649 facere
1182 1600 1522 1648 attentemus.

497 1685 661 1741 Novit
691 1685 838 1739 Deus
868 1682 1102 1755 quandiu
1153 1681 1449 1736 subsistere
1505 1688 1557 1735 et
1588 1694 1694 1751 quo
1730 1679 2023 1734 monacho-

431 1788 554 1829 rum
600 1787 826 1827 numero
872 1769 1125 1842 componi
1174 1770 1373 1824 debeat
1419 1768 1557 1823 ordo
1604 1767 2021 1822 Carthusiensis.

430 1861 638 1918 Divina:
666 1876 802 1933 ergo
832 1858 1185 1931 providentiae
1213 1874 1323 1912 rem
1343 1865 1506 1913 totam
1536 1856 1951 1921 committamus,
1975 1863 2029 1911 et

430 1949 577 2019 quod
596 1956 843 2005 nostrum
863 1954 946 2004 est
971 1955 1174 2003 tantum
1202 1946 1382 2016 facere
1402 1945 1660 2018 religiose
1690 1945 2025 2010 studeamus,

2122 357 2239 411 Deo
2268 357 2341 412 ita
2368 358 2707 428 disponente,
2743 372 2807 411 ex
2840 353 3057 409 defectu
3090 352 3429 407 subditorum
3478 351 3717 408 deﬁcere

2123 443 2341 513 debeat,
2374 455 2498 502 tunc
2516 462 2602 499 res
2624 446 2832 515 absque
2857 442 2954 497 Dei
2971 441 3184 509 injuria,
3219 441 3427 511 absque
3457 440 3721 497 Ecclesiae

2125 534 2378 594 seandalo
2411 542 2462 589 et
2514 534 2721 603 absque
2770 532 2878 585 ullo
2915 529 3121 585 ordinis
3168 528 3433 583 dedecore
3486 530 3720 594 eveniet,

2124 642 2247 681 nam
2279 622 2434 695 quasi
2464 622 2518 675 in
2564 620 2785 691 proprio
2831 619 2970 673 lecto
3016 633 3139 673 cum
3186 616 3393 671 honore
3437 617 3717 671 morietur.

2125 718 2191 769 At
2220 729 2327 767 non
2358 711 2454 776 sic,
2508 709 2553 763 si
2602 725 2665 764 ex
2713 708 2926 764 incauta
2972 714 3024 761 et
3052 704 3340 759 indiscreta
3380 704 3723 759 subditorum

2124 801 2454 872 receptione,
2506 797 2657 851 illum
2704 796 3009 867 repleamus
3048 792 3389 858 hominibus,
3424 793 3514 863 qui
3544 809 3577 848 a
3606 795 3727 849 Deo

2124 894 2193 948 ad
2221 892 2381 946 fidem
2412 898 2616 945 tantum
2641 887 2819 944 vocati
2849 894 2973 942 sunt
2995 894 3043 941 et
3066 902 3175 940 non
3203 885 3269 938 ad
3304 885 3725 941 Carthusianam

2126 981 2469 1053 religionem.
2497 980 2746 1050 Stragem
2782 977 2924 1031 enim
2965 976 3020 1030 in
3049 974 3256 1039 ordine,
3289 973 3411 1029 loco
3440 974 3566 1028 boni
3597 990 3728 1030 cer-

2125 1069 2339 1125 taminis
2374 1067 2722 1130 exhibebunt,
2775 1081 2875 1135 per
2924 1063 3287 1119 relaxationes
3336 1069 3387 1115 et
3430 1062 3729 1118 affectuum

2125 1157 2556 1212 inordinatorum
2576 1154 2972 1219 exsecutiones,
2996 1152 3105 1206 imo
3130 1167 3230 1222 per
3249 1150 3393 1205 bella
3420 1151 3609 1205 ordini
3628 1167 3729 1206 eos

2126 1246 2379 1301 cohibere
2422 1243 2626 1299 volenti
2673 1242 2898 1296 forsitan
2928 1240 3149 1305 indicta,
3184 1247 3236 1293 et
3266 1238 3391 1293 inde
3422 1239 3635 1293 eveniet
3662 1248 3725 1294 ut

2125 1334 2346 1387 tandem
2376 1332 2531 1396 ordo,
2564 1347 2687 1385 cum
2716 1330 2813 1384 Dei
2861 1328 3074 1397 injuria,
3126 1343 3252 1382 cum
3284 1326 3546 1382 Ecclesiae
3576 1343 3733 1382 scan-

2126 1421 2269 1487 dalo,
2304 1428 2356 1475 et
2385 1436 2505 1475 cum
2524 1419 2692 1489 ipsius
2713 1417 2980 1473 dedecore
3002 1416 3198 1470 misere
3218 1423 3424 1486 pereat.
3451 1414 3730 1488 Indulgeri

2126 1518 2305 1565 autem
2335 1508 2464 1561 mihi
2504 1522 2712 1577 precor,
2764 1505 2835 1561 ad
2870 1504 3177 1575 exemplum
3210 1505 3273 1559 R.
3308 1503 3481 1558 Patris
3512 1503 3732 1576 Guigo-

2052 1621 2105 1681 B
2128 1598 2231 1663 nis,
2269 1597 2313 1650 si
2347 1597 2414 1650 de
2434 1597 2535 1651 hac
2566 1611 2625 1649 re
2658 1594 2820 1665 paulo
2850 1593 3023 1648 fusius
3045 1592 3294 1647 scribam.

2206 1687 2347 1740 Ecce
2376 1684 2608 1748 habetis,
2642 1682 2839 1736 fratres
2878 1689 2929 1736 et
2964 1681 3123 1735 amici
3154 1680 3203 1734 in
3238 1680 3453 1737 Christo
3481 1682 3731 1737 dilectis-

2137 1773 2279 1839 simi,
2313 1772 2485 1843 prima
2535 1769 2873 1825 Carthusiani
2902 1768 3166 1840 propositi
3195 1769 3455 1835 instituta,
3489 1770 3554 1823 ad
3586 1785 3729 1841 quae,

2137 1861 2283 1916 velut
2311 1861 2379 1914 ad
2422 1858 2705 1931 principia,
2764 1857 2947 1913 omnia
2986 1872 3108 1929 quae
3147 1856 3405 1929 deinceps
3437 1857 3492 1913 in
3538 1858 3733 1914 ordine

2141 1949 2445 2005 introducta
2475 1956 2529 2003 et
2556 1947 2799 2004 ordinata
2821 1954 2964 2001 sunt.

3522 2108 3733 2119 .—

3522 2122 3734 2134 _

993 2263 1463 2408 VITA
1536 2260 2234 2408 SANCTI
2326 2262 3192 2410 HUGONIS

1570 2538 1887 2595 EPISCOPI
1924 2538 2615 2596 GRATIANOPOLITANI

734 2742 1305 2843 AUCTORE
1386 2739 1926 2867 GUIGONE
2007 2692 2460 2838 PBIORE
2543 2738 3464 2837 CAR-THUSIENSI.

1404 2967 1734 3040 (Bonum,
1766 2968 1907 3027 Acta
1937 2970 2144 3031 sanet,
2178 2964 2375 3036 April.,
2409 2973 2453 3022 t.
2494 2965 2545 3033 Ι,
2576 2983 2636 3037 p.
2677 2965 2791 3037 36.)

1740 3275 2452 3373 MONITUM.

537 3514 585 3564 1.
619 3510 763 3563 Inter
788 3507 1026 3562 illustres
1052 3506 1202 3563 viros
1232 3504 1323 3577 qui
1352 3504 1551 3577 eximio
1585 3501 1900 3577 sanctitatis
1917 3502 2212 3577 splendore
2242 3501 2443 3577 saeculo
2461 3502 2764 3577 AChristi‘ix
2778 3510 2847 3577 _et
2864 3516 2959 3577 χιι
2987 3503 3300 3577 floruerunt,
3334 3503 3546 3577 censeri
3576 3513 3755 3577 potest

463 3582 521 3638 S.
556 3582 733 3648 Hugo,
769 3579 1056 3648 episcopus
1087 3572 1698 3648 Gratianopolitanus‘in
1749 3573 2070 3648 Delphinatu
2102 3572 2730 3648 superioreLfamiliaris
2772 3572 2827 3629 S.
2862 3573 3102 3648 Brunoni
3130 3573 3430 3648 Carthusiae
3460 3572 3751 3641 fundatori,

466 3658 521 3707 et
549 3650 605 3706 S.
638 3644 914 3704 Bernardo
945 3644 1125 3703 abbati
1156 3644 1567 3701 Claravallensi.
1598 3645 1773 3700 Natus
1802 3651 1883 3716 est
1912 3644 1973 3716 S_.
2013 3646 2178 3716 Hugo
2200 3658 2343 3698 anno
2384 3644 2583 3698 Christi
2616 3648 2771 3716 17053,
2803 3644 3091 3715 episcopus
3119 3644 3394 3716 ordinatus
3421 3659 3563 3701 anno
3595 3649 3731 3700 1080

467 3737 603 3795 cum
618 3720 789 3775 ferme
820 3734 1089 3773 annorum
1118 3725 1263 3772 esset
1292 3716 1483 3795 viginti
1513 3723 1746 3795 septem,
1780 3721 1838 3768 ut
1866 3714 2005 3795 infra
2035 3689 2257 3795 inalfita,
2297 3730 2514 3795 numer:
2548 3717 2600 3795 ξ,
2634 3689 2868 3795 legitur?
2902 3689 3305 3795 Aerominum
3336 3689 3754 3795 migravit-anno

467 3791 636 3847 aetatis
669 3806 778 3845 suae
809 3805 977 3852 Lxxx,
1012 3784 1436 3844 consecrationis
1467 3787 1522 3839 in
1554 3784 1866 3856 episcopum
1912 3789 2000 3847 32,
2036 3784 2236 3839 Christi
2269 3788 2445 3856 _il32,
2497 3784 2742 3840 kalendis
2786 3786 3022 3856 Aprilis,
3057 3794 3206 3839 sexta
3248 3794 3371 3839 ante
3417 3784 3753 3841 Dominicam

465 3862 772 3917 Palmarum
803 3860 959 3923 feria,
994 3860 1069 3913 uti
1099 3857 1236 3912 infra
1266 3873 1477 3928 numer.
1512 3854 1993 3928 33‘legitur.»Erat
2023 3871 2197 3928 annus
2228 3854 2317 3928 ille
2349 3855 2660 3928 bissextilis,
2694 3872 2800 3927 quo
2830 3854 2984 3928 cyclo
3014 3855 3156 3910 lunae
3188 3859 3272 3923 12,
3296 3856 3426 3912 solis
3456 3858 3758 3922 21,1itteris

466 3931 893 3989 Dominicalibus
927 3931 1029 3996 CB,
1066 3929 1274 3984 Pascha
1304 3927 1640 3982 celebratum
1669 3926 1767 3980 fuit
1794 3926 1883 3979 die
1916 3929 1981 3979 10
2012 3926 2233 3996 Aprilis.
2269 3927 2395 3980 Haec
2424 3926 2492 3980 de
2516 3927 2633 3993 ejus
2661 3926 2841 3981 aetate.

535 4007 595 4059 2.
634 4001 862 4078 Excepit
893 4001 1290 4078 S._l3mnonem
1320 4012 1479 4077 anno.
1514 3997 1861 4078 epiSEOpatus
1908 3996 1988 4050 sui
2022 4005 2198 4078 sexto;
2246 4012 2476 4078 eumque
2513 3997 2569 4050 in
2613 3996 3217 4078 condenda-Canhus'ia
3264 4004 3485 4078 strenue
3514 4000 3753 4068 adjuvit;

467 4088 574 4149 quo
606 4067 924 4149 ab__Urbano
958 4070 1020 4149 Il,
1054 4067 1308 4149 pontifice
1322 4068 1595 4149 ‘maximo',
1626 4068 1855 4149 R_omam
1885 4076 2130 4149 evocato,
2162 4067 2501 4149 C‘arthusiam
2534 4067 2675 4122 rexit
2719 4069 3051 4149 Lauduinus,
3084 4068 3289 4138 primus
3320 4069 3376 4123 S.
3408 4067 3674 4125 Brunonis
3702 4070 3758 4125 in

468 4138 580 4201 vita
609 4142 869 4213 religiosa
900 4138 1107 4213 socius.
1147 4139 1262 4193 lloc
1288 4138 1514 4213 aliisque
1542 4138 1776 4213 duobus,
1813 4138 1904 4213 qui
1936 4138 2366 4213 pro_Carthu_size
2388 4154 2641 4213 supremo
2672 4139 2935 4213 regimine
2967 4146 3365 4204 successerant,
3401 4140 3511 4194 vita
3539 4140 3735 4195 functis

469 4182 788 4294 sub‘stituﬁis
820 4217 921 4275 est,
954 4210 1100 4289 circa
1130 4224 1340 4294 annum‘
1361 4182 1555 4263 Chlristi
1588 4212 1745 4294 mo,
1764 4182 1997 4289 ,qdintiis
2027 4182 2507 4294 Ca'rthusianorufn
2556 4210 2713 4294 prior.
2732 4182 3423 4289 f’GuiéS,"EaB'riﬁB"s"§xiiid

469 4283 817 4338 millesimum
847 4279 1241 4351 centesimum;
1275 4279 1522 4351 adeoque
1555 4278 1820 4349 superfuit
1846 4279 2208 4351 annissolu'n
2240 4280 2479 4350 quinque
2509 4287 2633 4349 post
2664 4278 2886 4351 obitum'
2910 4282 2966 4336 S.
3000 4280 3265 4351 Hugonis,
3300 4280 3384 4351 cui
3415 4278 3761 4337 sanctissima

470 4368 686 4432 semper
715 4351 1079 4432 fuitamicitia
1109 4348 1449 4432 conj-unctas;
1482 4348 1810 4432 Qua‘autem
1841 4349 2129 4432 dilectione
2178 4348 2465 4432 utrumque
2490 4348 2778 4432 amplexus
2807 4350 2967 4432 fuerit
3014 4348 3425 4432 S.:Be5nardus
3473 4352 3756 4407 Claraval-

469 4420 659 4494 lensis,
692 4421 924 4494 explicat
953 4421 1007 4474 in
1036 4421 1195 4490 hujus
1223 4421 1342 4494 Vita
1373 4420 1683 4494 Gaufredus
1713 4420 2014 4494 monachus
2046 4420 2130 4472 his
2161 4420 2344 4494 verbis
2380 4435 2392 4473 :
2430 4443 2449 4466 ιι
2486 4420 2636 4494 Curti
2644 4422 2759 4494 jam
2808 4422 2904 4477 Dei
2935 4421 3168 4494 famulus
3198 4422 3505 4494 Begrnardus
3551 4423 3758 4494 aliquot

468 4494 526 4571 in
556 4490 855 4571 Claravallne
883 4507 1062 4571 annos
1082 4492 1415 4571 peregisset,
1447 4491 1614 4571 subiit
1639 4491 2046 4571 animumhejus,
2094 4498 2149 4543 ut
2180 4490 2555 4571 S.“Hugonern
2598 4490 3159 4563 Gratianopolitanum
3192 4493 3507 4563 episcopum
3538 4501 3590 4549 et
3620 4490 3760 4549 Car-

471 4562 1002 4641 thusiensesfratres
1032 4560 1334 4641 devotionis
1364 4561 1539 4641 gratia
1568 4561 1828 4641 visitaret.
1881 4560 2055 4641 Quen}
2089 4560 2392 4640 .prmdictus
2439 4561 2727 4641 episcopus
2757 4560 2881 4616 tam'
2900 4571 3175 4635 gratanter
3204 4560 3257 4641 et
3286 4560 3396 4616 tam
3444 4572 3763 4619 reverenter

472 4632 736 4713 suscepit,
769 4631 1011 4713 divinam
1041 4632 1353 4713 intellig-ens
1368 4630 1441 4712 in
1469 4631 1712 4700 ejusdem
1742 4631 1971 4700 hospitis
2000 4630 2303 4713 visitatione
2332 4630 2790 4713 praesentiaintut
2820 4630 3122 4713 prostratus
3154 4633 3272 4687 solo
3297 4641 3451 4688 tenus
3480 4634 3756 4689 adoraret.

471 4701 676 4760 Videtis
696 4710 885 4783 autem
917 4720 1110 4783 servus
1141 4701 1337 4783 Christi
1360 4702 1695 4783 episcopum,
1716 4709 1869 4756 aetate
1892 4702 2268 4781 grandaevum,
2291 4701 2558 4756 celebrem
2579 4701 2852 4772 opinione,
2878 4703 3550 4783 sanctitateponspicuum,
3576 4720 3762 4760 coram

474 4790 535 4830 se
566 4773 960 4854 procidentem,
990 4775 1342 4854 vehementer
1371 4772 1607 4854 expavit,
1658 4773 1775 4851 ipse
1822 4772 2039 4851 qucque
2088 4772 2293 4854 pariter
2336 4788 2592 4827 corruens
2629 4782 2753 4853 ante
2796 4790 2939 4854 eum,
2964 4782 3017 4829 et
3047 4774 3117 4854 ita
3146 4772 3363 4828 demum
3395 4784 3677 4845 susceptus
3707 4777 3764 4830 in

475 4841 661 4901 osculo
692 4844 863 4917 pacis,
890 4844 1247 4917 humilitatem
1281 4841 1598 4917 suam’tanti
1627 4842 1728 4895 viri
1758 4841 2109 4917 veneratione
2139 4841 2444 4917 confusam,
2472 4858 2579 4917 non
2608 4844 2729 4917 sine
2755 4846 2908 4917 gravi
2938 4845 3143 4917 gemitu
3166 4846 3506 4917 causabatur.
3535 4841 3589 4899 In
3609 4847 3761 4913 cujus

474 4911 705 4994 pectore
727 4914 1060 4986 singularem
1104 4914 1329 4967 obtinuit
1372 4929 1437 4966 ex
1488 4928 1553 4966 eo
1600 4918 1840 5036 temgore
1871 4912 2072 4976 locum,
2105 4920 2160 4964 ut
2192 4911 2385 4967 fierent
2414 4913 2673 4982 deinceps
2700 4911 2808 4968 duo
2837 4916 2911 4969 illi
2941 4911 3037 4968 filii
3058 4916 3361 4985 splendoris
3392 4932 3485 4971 cor
3514 4911 3687 4970 unum
3710 4926 3766 4971 et

476 5000 659 5036 anima
687 5000 815 5036 una.
848 4992 901 5036 et
932 5000 991 5036 se
1020 4984 1251 5036 invicem
1284 4982 1589 5036 fruerentur
1617 4982 1672 5036 in
1746 4983 1933 5036 hristo.
1968 4983 2117 5036 Sicut
2145 4984 2290 5036 enim
2322 4984 2512 5036 regina
2544 4984 2689 5036 Saba
2718 4985 2785 5036 de
2808 4986 3098 5036 Salomone
3120 4993 3359 5036 testatur.
3390 4995 3617 5036 uteraue
3639 5003 3763 5036 sese

476 4982 659 5065 anima
687 4982 901 5065 unafet
932 5000 991 5037 se
1020 4984 1251 5065 invicem
1284 4982 1589 5065 fruerentur
1617 4982 1672 5036 in
1692 4982 1933 5065 ‘Christo.
1956 4983 2131 5063 .Sicut.
2145 4984 2290 5037 enim
2322 4984 2512 5065 regina
2544 4984 2785 5065 Sabaﬂde
2808 4982 3101 5065 _Salomone
3120 4993 3359 5053 testatur,
3389 4995 3617 5065 uterque
3639 5003 3763 5042 sese

475 5055 531 5134 in
562 5054 933 5134 alteronlonge
962 5052 1215 5133 amplius,
1260 5068 1419 5134 quam
1448 5051 1589 5134 fama
1618 5053 1917 5134 vulgasset,
1954 5052 2229 5134 invenisse
2242 5051 2650 5134 gratulabatur.
2680 5056 2978 5112 Carthasim
3010 5071 3225 5126 quoque
3277 5071 3308 5109 a
3349 5051 3468 5112 ‘viro
3497 5051 3759 5114 reveren-

474 5124 703 5204 dissimo
731 5122 1222 5204 Guig'one_.priore,.
1252 5131 1304 5202 et
1333 5138 1365 5177 a
1386 5123 1596 5204 caeteris
1646 5122 1931 5204 fratribus,
1977 5124 2171 5178 eodem
2201 5122 2395 5203 affectu
2426 5132 2486 5204 et.
2508 5125 2710 5204 eadem.
2732 5122 3102 5191 veneratione,
3139 5122 3425 5196 'susceptus
3456 5137 3539 5182 est
3568 5144 3763 5182 servus

476 5192 1119 5317 Cht'isti,texsultantibus
1149 5193 1255 5246 illis
1286 5192 1339 5246 in
1371 5194 1590 5265 gaudio,
1628 5194 1720 5265 qui
1760 5195 1974 5265 qualem
2006 5210 2128 5248 eum
2159 5210 2257 5265 per
2296 5194 2582 5265 epistolam
2630 5196 2782 5266 prius
2832 5205 3115 5265 noverant,
3162 5192 3325 5252 talem
3356 5197 3677 5254 invenerunt
3708 5209 3763 5254 et

476 5280 690 5317 nrzesen
717 5280 821 5317 em.
862 5285 883 5312 »

474 5280 823 5336 praesentem.
854 5285 883 5336 ξ»

501 5338 602 5415 "3.
638 5336 764 5415 llaec
793 5334 1146 5415 ibi._Ei_rsta_nt
1172 5334 1315 5415 inter
1346 5334 1605 5415 epistolas
1638 5335 1693 5389 S.
1730 5334 1985 5415 Be‘rnardi
2012 5335 2138 5415 diuae.
2163 5336 2231 5389 ad
2261 5336 2465 5415 dictum
2496 5335 2802 5415 Guigonem
2832 5352 2977 5390 num.
3015 5341 3071 5415 tl
3111 5344 3161 5393 et
3194 5342 3277 5402 12,
3312 5354 3380 5415 eat
3417 5340 3610 5415 quibus
3638 5340 3766 5410 qui-

478 5404 607 5459 libet
641 5404 797 5459 facile
808 5411 996 5529 Eotest
1026 5404 1313 5484 advertere
1380 5413 1545 5458 uanta
1574 5413 1700 5484 tunc
1732 5406 2007 5485 subdicto
2036 5406 2288 5487 Guigone
2332 5409 2385 5460 in
2418 5404 2697 5461 CarthuSia
2746 5408 2867 5461 vita:
2897 5408 3154 5462 sanctitas
3183 5417 3233 5464 et
3263 5404 3471 5478 purita's
3503 5404 3763 5465 floruerit.

478 5477 547 5529 At
575 5481 775 5529 quanta
831 5476 1045 5529 ‘uuzoni
1076 5473 1304 5529 alusaue
1335 5420 1636 5529 garthusxa:
1666 5477 1885 5529 Maioris
1914 5478 2197 5529 monachis
2236 5477 2393 5529 fuerit
2425 5494 2605 5529 rerum
2655 5478 2915 5529 omnium.
2964 5495 3065 5529 nro
3114 5480 3377 5529 Ecclesiae
3425 5481 3762 5529 defensione-

478 5420 607 5459 une:
641 5420 996 5529 racuegotesr
1026 5420 1313 5484 advertere
1335 5420 1545 5531 auama
1574 5420 1700 5484 tunc
1732 5420 2007 5487 sllD‘dlctO
2036 5420 2288 5487 Uuigone
2332 5424 2385 5486 1n
2418 5420 2697 5461 UaI‘mUSla
2746 5420 2867 5461 vita:
2897 5420 3154 5462 sanctitas
3183 5420 3233 5464 et
3263 5420 3471 5478 puritas
3503 5420 3763 5465 ﬂoruerit.

478 5477 547 5529 At
575 5481 775 5548 quanta
860 5489 1045 5544 ungoni
1076 5473 1304 5546 aliisque
1379 5476 1636 5531 arthusxa:
1666 5477 1885 5545 Majoris
1914 5478 2197 5543 monachis
2236 5477 2393 5533 fuerit
2425 5494 2605 5532 rerum
2655 5478 2915 5543 omnium,
2964 5495 3065 5548 pro
3114 5480 3377 5535 Ecclesiae
3425 5481 3763 5548 defensione,
