3978 6050
417 153 519 206 763

1258 152 1601 209 GUIGONIS
1642 154 1661 206 Ι
1702 151 2112 207 CARTHUSUE
2151 150 2445 207 .VIAJORIS
2486 153 2764 211 PBIORIS
2804 159 2869 212 V.

3615 166 3722 220 ’764

417 273 515 333 sed
545 279 780 333 maxime
810 294 915 333 non
938 278 1262 349 spernendae
1283 278 1619 333 auctoritatis
1638 277 1897 332 Arialdus
1937 276 2015 346 (8)
2038 278 2091 335 A
2121 275 2336 330 inﬁrma
2388 278 2577 332 mundi
2626 279 2792 352 elegit
2838 283 3006 348 Deus,
3038 294 3096 339 ut
3143 286 3434 342 confundat
3461 289 3635 354 fortia,
3672 298 3727 344 et

418 374 471 421 et
502 367 657 438 Hugo
680 368 781 436 (9),
806 367 1241 422 Mauriennensis
1269 368 1382 437 (10)
1413 365 2017 435 etGratianopolitanus

420 454 680 524 episcopi.
717 456 759 508 E
793 455 987 525 quibus
1027 456 1194 525 prior,
1233 455 1419 508 habitu
1462 462 1515 508 et
1561 454 1669 507 vita
1726 452 2012 525 regularis,

422 542 563 596 beati
591 542 694 597 viri
727 543 780 596 in
822 543 1117 599 tractandis
1149 542 1536 598 ecclesiasticis
1592 542 1752 596 rebus
1783 557 1882 611 per
1908 541 2012 593 tri-

423 631 574 702 ginta
599 630 711 685 fere
761 647 945 686 comes
996 632 1195 686 exstitit
1236 647 1449 695 annos;
1483 630 1755 700 posterior
1775 645 1925 694 vero,
1952 645 2017 683 ex

422 718 579 773 nobis
601 721 920 785 monachus,
957 720 1027 772 ita
1051 728 1102 773 et
1131 720 1183 773 in
1207 718 1579 774 ecclesiastico
1602 718 1863 789 regimine
1895 733 2017 771 suc-

422 806 585 861 cessit
614 816 671 861 ut
700 815 922 877 propter
977 808 1287 861 diuturnam
1320 823 1384 861 ac
1435 808 1812 861 vehementem
1863 803 2017 857 inﬁr-

423 896 661 949 mitatem
684 895 872 965 ipsius,
897 896 949 948 in
980 897 1094 963 ejus
1116 896 1315 960 locum,
1341 895 1459 965 ipso
1490 903 1705 964 petente
1728 902 2019 962 vestraque

422 983 623 1052 pietate
650 984 894 1051 jubente,
930 985 1246 1053 priusquam
1278 983 1454 1037 obiret
1480 984 1626 1052 ipse,
1662 996 2017 1037 consecrare-

422 1079 526 1125 tur.
553 1073 619 1126 Et
649 1087 780 1144 erga
811 1087 905 1126 eos
928 1072 1146 1143 quidem
1177 1087 1312 1142 quos
1341 1088 1455 1141 prze
1476 1071 1639 1141 longa
1661 1069 2018 1124 familiaritate

423 1160 508 1213 vel
539 1160 788 1215 convictu
821 1160 989 1215 latere
1019 1176 1125 1214 non
1182 1168 1445 1230 poteram,
1481 1167 1665 1213 nostra
1710 1175 1811 1212 nos
1841 1159 2018 1226 impe-

422 1247 541 1300 ritia
568 1263 664 1302 seu
696 1248 1041 1313 verecundia,
1075 1256 1127 1302 et
1159 1265 1279 1318 quae
1309 1248 1447 1302 forte
1497 1262 1603 1300 non
1635 1248 1811 1299 minus
1842 1246 2018 1314 impe-

423 1334 607 1390 diebat
651 1336 831 1390 carnis
858 1335 1176 1398 inﬁrmitas,
1214 1334 1540 1389 suﬁicienter
1569 1342 1821 1403 poterant
1850 1349 2018 1387 excu-

424 1439 562 1489 sare,
598 1424 667 1477 ad
708 1432 868 1476 tanta:
912 1439 1044 1477 vero
1078 1423 1290 1492 pondus
1338 1423 1694 1490 auctoritatis,
1726 1437 1794 1475 ne
1826 1422 2019 1475 mutire

425 1512 641 1580 quidam
686 1511 1154 1581 praesumpsimus,
1190 1527 1258 1565 ne
1311 1512 1435 1564 dum
1493 1510 1541 1564 ei
1572 1526 1681 1565 non
1735 1510 2021 1564 obedimus

2118 365 2380 435 ignobilia
2410 367 2597 421 mundi
2628 376 2679 421 et
2710 372 3131 440 contemptibilia
3162 376 3326 448 elegit
3356 378 3523 443 Deus,
3574 385 3623 430 et
3654 393 3721 431 ea

2120 469 2240 523 quae
2270 469 2379 508 non
2427 464 2569 520 sunt,
2604 464 2660 509 ut
2688 471 2752 510 ea
2809 474 2930 527 quae
2961 468 3085 513 sunt
3143 460 3484 527 destrueret;
3518 471 3574 516 ut
3604 480 3714 517 non

2120 542 2385 611 glorietur
2400 543 2577 596 omnis
2600 559 2731 598 caro
2752 544 2805 597 in
2828 556 3123 615 conspectu
3147 549 3262 616 ejus
3283 551 3464 619 (lCor.
3486 552 3652 619 1,26).
3691 574 3711 598 ιι

2124 631 2319 683 Verum
2354 631 2613 699 quoniam
2642 631 2675 684 ii
2710 633 2801 703 qui
2827 634 2895 687 de
2936 634 3222 690 virtutibus
3254 645 3549 692 tractavere
3579 654 3716 691 san-

2121 726 2346 781 ctorum,
2382 719 2543 772 etiam
2572 720 2824 775 carnales
2842 721 3189 777 inveniuntur
3217 740 3326 778 non
3358 726 3593 780 tacuisse
3614 742 3717 779 na-

2120 806 2274 869 tales,
2309 806 2551 860 dicamus
2574 816 2627 861 et
2656 824 2756 863 nos
2779 808 3015 864 breviter
3037 812 3182 881 quod
3212 813 3269 865 B.
3298 814 3472 883 Hugo,
3494 816 3717 869 natione

2125 893 2543 959 Valentinensis,
2569 895 2689 950 loco
2708 897 2859 963 juxta
2882 898 3089 952 Isaram
3112 900 3158 970 (1
3174 904 3223 971 l)
3247 900 3461 956 fluvium
3482 902 3602 967 sito,
3630 903 3723 957 cui

2122 981 2624 1036 Castrum-Novum
2682 1001 2878 1039 nomen
2911 994 3013 1052 est,
3048 996 3301 1057 parentes
3332 990 3517 1044 habuit
3546 1000 3599 1044 et
3629 1007 3721 1045 se-

2121 1072 2359 1125 cundum
2425 1074 2611 1128 saeculi
2658 1074 2979 1145 dignitatem
3036 1093 3145 1131 non
3196 1077 3429 1143 inﬁmos,
3464 1088 3516 1134 et
3546 1080 3718 1150 (quod

2122 1159 2356 1213 excellit)
2390 1162 2688 1215 sanctitatis
2744 1166 3101 1233 praerogativa
3146 1168 3487 1236 conspicuos.
3521 1168 3564 1221 E
3598 1169 3721 1238 qui-

2123 1248 2222 1299 bus
2254 1256 2421 1316 pater,
2455 1248 2615 1303 Odilo
2663 1251 2901 1315 nomine,
2938 1261 3135 1321 prteter
3164 1254 3263 1307 alia
3298 1255 3718 1325 quamplurima,

2123 1352 2244 1405 qum
2287 1336 2503 1390 militari
2554 1338 2678 1391 licet
2724 1339 2778 1392 in
2816 1340 3001 1394 habitu
3061 1342 3404 1397 laudabiliter
3434 1344 3604 1413 gessit
3634 1344 3721 1398 vel

2122 1424 2325 1487 habuit,
2360 1426 2606 1479 veritatis
2637 1435 2688 1480 et
2711 1428 2978 1482 castitatis
3005 1438 3218 1485 amator
3249 1432 3467 1485 exstitit.
3495 1430 3633 1485 Nam
3665 1442 3721 1486 et

2120 1512 2427 1575 mendacia,
2452 1514 2688 1583 ingenua
2711 1517 2907 1570 mentis
2930 1516 3232 1581 affectione,
3263 1519 3532 1590 religiosis
3553 1536 3717 1590 quam

424 1599 512 1653 cui
556 1607 700 1653 totus
758 1600 1079 1653 commissus
1137 1608 1218 1653 est
1278 1599 1529 1661 mundus,
1562 1615 1683 1653 cum
1714 1596 2017 1653 offendere-
2040 1625 2091 1683 B
2123 1599 2367 1668 plurimis
2393 1602 2624 1671 amplius
2664 1604 2937 1671 evitabat;
2988 1614 3038 1659 et
3068 1606 3193 1661 licet
3221 1607 3376 1673 duas,
3404 1608 3583 1677 priore
3614 1608 3717 1662 de-

422 1703 545 1740 mus
575 1703 607 1740 a
638 1703 745 1757 quo
790 1687 966 1742 factus
997 1697 1078 1741 est
1107 1688 1374 1753 mundus;
1407 1696 1457 1742 et
1489 1688 1619 1741 dum
1650 1687 1795 1757 apud
1846 1687 2021 1741 homi—

426 1790 525 1829 nes
572 1775 807 1829 vitamus
856 1776 1142 1846 imperitim
1201 1776 1615 1843 confusionem,
1646 1776 1788 1845 apud
1846 1776 2020 1830 Deum

424 1862 827 1918 incurreremus
860 1864 1279 1918 damnationem.
1315 1864 1682 1919 Obsecramus
1713 1872 1893 1917 autem
1929 1878 2022 1918 eos

428 1952 519 2022 qui
548 1952 665 2007 haec
690 1952 946 2024 legerint,
980 1969 1047 2006 ne
1070 1952 1202 2006 tanti
1235 1953 1571 2007 sanctitatem
1602 1952 1791 2017 Patris,
1834 1960 2021 2005 nostra

424 2054 534 2093 non
565 2040 739 2095 solum
783 2040 1056 2105 facundia,
1092 2041 1189 2095 sed
1219 2049 1271 2095 et
1302 2042 1627 2113 cogitatione
1660 2040 1823 2111 longe
1854 2040 2022 2107 majo-

422 2143 540 2181 rem
571 2145 635 2183 ex
666 2128 769 2182 ista
799 2129 1062 2198 scriptura
1112 2129 1421 2193 metiantur,
1454 2137 1506 2183 et
1538 2129 1789 2195 maxime,
1824 2144 1893 2182 ne
1915 2145 2020 2198 pu-

424 2224 538 2270 tent
568 2233 688 2279 nos,
724 2216 863 2270 ultra
912 2233 1073 2287 quam
1130 2233 1229 2270 sua
1277 2217 1546 2286 postulant
1576 2218 1785 2281 merita,
1820 2216 2020 2270 nostris

426 2319 547 2358 eum
578 2304 920 2358 sermonibus
951 2303 1144 2358 efferre
1168 2304 1426 2374 potuisse.
1452 2306 1677 2357 Tantum
1700 2304 1843 2358 enim
1867 2304 2021 2358 abest

425 2400 481 2445 ut
511 2391 808 2447 sanctitatis
842 2392 985 2446 illius
1031 2392 1459 2463 magnitudinem
1499 2393 1619 2462 plus
1648 2408 1805 2462 aequo
1836 2392 2020 2446 value-

426 2480 617 2545 rimus,
667 2481 821 2551 quasi
880 2480 1269 2545 favorabiliter,
1323 2480 1607 2546 extollere,
1642 2490 1698 2534 ut
1728 2496 1828 2534 nec
1875 2480 2018 2533 illam

426 2568 603 2639 ipsam
662 2578 864 2623 sanctae
921 2569 1353 2623 conversationis
1409 2569 1525 2637 ejus
1577 2569 2015 2639 praerogativam,

430 2658 570 2727 quod
601 2657 717 2711 sine
749 2655 963 2711 ﬁctione
996 2658 1245 2721 dicimus,
1281 2666 1393 2711 tum
1424 2666 1641 2727 prOpter
1673 2658 2015 2726 imperitiam,

428 2752 539 2797 tum
570 2752 791 2814 propter
838 2745 1105 2799 sermonis
1134 2745 1389 2815 inopiam,
1423 2754 1479 2799 ut
1509 2753 1619 2799 erat
1637 2746 1881 2815 dignum,
1916 2760 2018 2814 po-

426 2832 686 2886 tuerimus
734 2832 1025 2903 explicare.

957 3001 1180 3057 CAPUT
1214 3001 1501 3056 PRIMUM.

566 3145 620 3199 S.
652 3145 894 3215 Hugonis
912 3147 1197 3215 parentes,
1232 3145 1445 3210 studia,
1480 3145 1872 3200 canonicatus.

497 3288 549 3340 2.
585 3284 719 3338 Cum
751 3299 885 3357 ergo
914 3282 1120 3353 prmfati
1166 3284 1341 3338 Patris
1396 3284 1723 3339 sanctissimi
1752 3300 1935 3340 mores
1967 3294 2018 3340 et

425 3386 612 3441 opera,
639 3373 754 3427 Deo
773 3372 1063 3441 placentia,
1089 3372 1441 3427 sufficientem
1464 3373 1702 3427 sermoni
1724 3373 1862 3427 adeo
1879 3390 2018 3443 pra:-

426 3468 569 3515 stent
599 3461 878 3515 materiam
908 3468 966 3514 ut
994 3477 1103 3515 non
1151 3461 1325 3516 solum
1372 3470 1631 3529 nostram,
1666 3462 1764 3516 sed
1795 3470 1847 3515 et
1878 3478 2016 3533 quo-

422 3549 678 3604 rumlibet
723 3550 940 3604 vincant
988 3549 1314 3613 facundiam,
1347 3550 1527 3605 carnis
1577 3551 1694 3618 ejus
1732 3551 2017 3606 tacendam

426 3654 490 3693 ex
521 3646 633 3693 toto
662 3637 988 3693 duceremus
1020 3639 1306 3707 originem,
1342 3654 1406 3693 eo
1455 3638 1600 3709 quod
1645 3637 2017 3692 indifferenter

426 3724 496 3778 de
528 3722 684 3777 bonis
717 3723 909 3787 bonos,
945 3723 1011 3776 de
1043 3722 1201 3777 malis
1233 3722 1426 3787 malos,
1462 3724 1529 3777 de
1562 3723 1717 3777 bonis
1762 3723 1936 3777 malos
1965 3730 2017 3777 et

426 3811 493 3865 de
524 3811 683 3865 malis
716 3811 911 3876 bonos,
943 3827 1042 3880 per
1070 3811 1238 3865 divini
1275 3811 1459 3878 judicii
1506 3811 1908 3865 inscrutabilem
1938 3810 2015 3864 al-

422 3899 726 3963 titudinem,
759 3899 909 3953 nasci
944 3899 1184 3969 quotidie
1216 3899 1396 3952 nullus
1425 3899 1660 3969 ignoret,
1695 3914 1796 3953 nec
1820 3898 2015 3953 referat

425 3987 632 4057 aliquid
674 3986 924 4057 qualibus
955 3986 1021 4040 sit
1071 3996 1221 4041 ortus
1252 3986 1483 4057 quisque
1546 3987 1882 4055 parentibus,
1920 3987 2015 4041 sed

426 4075 674 4146 qualibus
722 4075 917 4129 vixerit
961 4075 1223 4137 moribus,
1256 4090 1356 4129 nec
1410 4082 1705 4145 augmenta
1769 4074 2015 4129 conferat

423 4164 742 4218 meritorum
765 4163 1023 4233 potentia,
1046 4163 1243 4216 divitiis
1276 4171 1329 4217 et
1358 4163 1640 4218 nobilitate
1663 4171 1881 4217 terrena
1903 4163 2015 4218 cla-

425 4252 618 4317 ruisse,
655 4252 749 4305 sed
795 4253 910 4305 haec
952 4252 1134 4305 omnia
1189 4266 1291 4321 pro
1321 4250 1533 4305 Christo
1582 4251 2010 4321 contempsisse,

2122 1688 2322 1753 functa,
2356 1690 2510 1744 citius
2550 1689 2706 1744 fuerit
2762 1692 2984 1747 sortitus
3040 1710 3268 1759 uxores,
3303 1695 3480 1749 nullos
3510 1704 3710 1760 tamen,

2122 1777 2267 1846 quod
2298 1777 2381 1831 his
2412 1780 2747 1848 temporibus
2778 1788 2829 1834 et
2852 1781 2953 1835 hac
2986 1789 3289 1851 temporum
3312 1782 3436 1837 labe
3466 1784 3718 1853 (praeser-

2123 1866 2216 1918 tim
2247 1865 2300 1918 in
2358 1867 2687 1936 potentibus)
2728 1878 2971 1923 monstro
3017 1870 3190 1924 simile
3239 1871 3472 1935 ducitur,
3516 1880 3716 1941 printer

2121 1954 2338 2008 uxorios
2369 1963 2449 2007 est
2478 1964 2727 2025 expertus
2761 1958 3059 2027 amplexus.
3121 1960 3374 2029 Idemque
3428 1960 3545 2029 ipse
3599 1976 3716 2014 aevo

2115 2042 2223 2109 jam
2254 2042 2460 2112 gravis,
2512 2045 2856 2099 sanctissimo
2879 2054 3132 2101 monente
3164 2046 3294 2113 ﬁlio,
3326 2056 3473 2102 tanto
3504 2048 3715 2103 fervore

2122 2131 2443 2200 contempsit
2464 2132 2720 2186 szrculum
2739 2176 2751 2195 ,
2788 2141 2846 2187 ut
2875 2135 3171 2195 senectutis
3228 2135 3515 2191 immemor
3538 2144 3588 2190 et
3618 2137 3715 2190 de-

2121 2217 2291 2271 licatae
2320 2220 2745 2289 consuetudinis,
2785 2222 2967 2286 duras,
3013 2239 3146 2293 quas
3179 2223 3461 2277 Carthusia
3492 2232 3714 2294 propter

2120 2306 2288 2360 verba
2316 2306 2584 2360 labiorum
2609 2308 2705 2361 Dei
2724 2309 2976 2374 custodit,
3014 2310 3128 2364 vias
3157 2311 3389 2383 aggredi
3415 2327 3524 2365 non
3556 2312 3712 2365 dubi-

2122 2394 2315 2447 taverit
2340 2413 2353 2458 ;
2382 2395 2471 2448 ubi
2491 2396 2647 2449 annis
2672 2396 2782 2450 fere
2804 2398 2993 2452 decem
3022 2406 3074 2452 et
3104 2406 3227 2453 octo
3258 2399 3315 2451 in
3346 2407 3492 2453 tanta
3510 2399 3717 2453 sobrie-

2120 2491 2248 2547 tate,
2286 2490 2431 2537 tanta
2475 2484 2605 2538 vixit
2666 2485 2980 2553 humilitate,
3015 2494 3070 2539 ut
3112 2486 3322 2541 cunctis
3351 2487 3554 2542 ibidem
3602 2489 3718 2542 Deo

2120 2570 2501 2625 famulantibus
2535 2573 2751 2635 charus,
2785 2574 2993 2628 cunctis
3034 2575 3321 2629 haberetur
3364 2576 3713 2630 veneratione

2119 2659 2496 2729 dignissimus.
2530 2661 2625 2714 Cui
2654 2661 2796 2714 viam
2845 2662 3114 2716 universae
3170 2663 3349 2717 carnis
3398 2664 3713 2735 ingressuro

2120 2748 2258 2817 (erat
2314 2748 2512 2818 quippe
2551 2748 2720 2802 ferme
2769 2750 2883 2817 jam
2949 2752 3317 2819 centonarius)
3382 2752 3710 2806 venerabilis

2118 2835 2265 2889 affuit
2291 2835 2450 2901 ﬁlius,
2473 2853 2704 2907 eumque
2723 2839 2959 2908 propriis
3005 2847 3056 2893 et
3093 2840 3299 2893 inunxit
3317 2848 3369 2894 et
3391 2856 3545 2894 sacra
3565 2855 3712 2894 com-

2119 2925 2375 2979 munione
2438 2925 2667 2995 replevit
2714 2928 2999 2993 manibus;
3061 2928 3383 2999 expletoque
3443 2929 3713 3000 condigna

2122 3012 2470 3067 veneratione
2495 3021 2604 3067 tam
2632 3023 2823 3070 sancto
2846 3014 3053 3081 funere,
3080 3017 3257 3071 obitus
3296 3017 3460 3083 diem,
3496 3017 3631 3071 sicut
3662 3025 3715 3071 et

2120 3102 2329 3167 matris,
2366 3102 2750 3172 eleemosynis,
2785 3104 2964 3174 quoad
2994 3104 3152 3170 vixit,
3188 3104 3461 3159 celebrem
3491 3104 3641 3159 duxit
3662 3113 3713 3159 et

2121 3188 2424 3244 sacriﬁciis.

2190 3282 2241 3333 3.
2278 3278 2409 3345 Quae
2441 3278 2690 3333 videlicet
2722 3280 3046 3334 venerabilis
3068 3289 3238 3335 mater
3270 3282 3403 3350 ejus,
3436 3297 3560 3336 cum
3588 3289 3711 3352 post

2120 3366 2439 3420 abscessum
2469 3367 2570 3419 viri
2600 3372 2818 3437 (praeter
2849 3384 3010 3439 quem
3041 3368 3245 3423 nullum
3294 3370 3508 3439 penitus
3538 3385 3711 3424 nove-

2119 3454 2224 3524 rat)
2258 3454 2419 3509 vellet
2442 3463 2492 3509 et
2522 3455 2638 3525 ipsa
2671 3464 2866 3510 Cuncta
2888 3457 3218 3528 relinquere,
3245 3458 3367 3527 quia
3389 3458 3710 3512 feminarum

2120 3541 2497 3613 religiosarum
2556 3559 2681 3597 rara
2730 3552 2856 3598 tunc
2930 3554 3084 3598 erant
3131 3545 3481 3609 monasteria,
3513 3546 3586 3616 pii
3620 3545 3713 3599 ﬁlii

2120 3631 2427 3685 salubribus
2457 3631 2719 3685 instructa
2749 3632 2987 3700 monitis,
3023 3634 3365 3689 continentiae
3399 3641 3452 3687 et
3482 3634 3709 3688 eleemo-

2120 3720 2288 3789 synis,
2321 3719 2658 3774 orationibus
2691 3728 2854 3790 atque
2876 3721 3115 3791 jejuniis,
3150 3736 3212 3777 ac
3252 3722 3478 3793 reliquis
3508 3722 3707 3776 sanctis

2118 3809 2372 3878 operibus
2403 3808 2457 3860 in
2495 3808 2657 3862 domo
2687 3809 2923 3879 propria,
2960 3810 3104 3879 quod
3135 3810 3403 3881 reliquum
3450 3818 3567 3863 erat
3602 3810 3706 3862 im-

2118 3896 2304 3967 pendit
2336 3896 2623 3964 temporis,
2674 3894 2813 3951 ﬁlios
2845 3897 3007 3951 etiam
3041 3914 3187 3963 suos,
3214 3898 3533 3951 militaribus
3563 3906 3705 3951 stre-

2118 4000 2255 4039 nuos
2284 3984 2514 4047 actibus,
2535 3985 2603 4036 ab
2637 3984 3024 4051 immoderatis,
3052 3995 3307 4055 quantum
3336 3994 3566 4056 poterat,
3602 3986 3708 4039 fre-

2117 4089 2251 4125 nans
2297 4072 2634 4127 excessibus.
2679 4073 2775 4127 Cui
2819 4074 3185 4137 decumbenti,
3220 4091 3284 4128 ea
3333 4091 3436 4145 qua
3467 4074 3597 4128 obiit
3627 4091 3705 4128 ae-

2116 4161 2409 4231 gritudine,
2458 4168 2641 4229 Optata
2699 4159 2791 4213 ﬁlii
2846 4162 2998 4216 adest
3046 4163 3377 4231 praesentia;
3425 4162 3705 4216 adoranda

2116 4249 2281 4302 tradit
2310 4248 2587 4319 mysteria,
2620 4258 2857 4303 extrema
2888 4266 2997 4303 non
3045 4250 3211 4304 multo
3248 4258 3371 4320 post
3415 4254 3707 4319 sepulturae

425 4355 548 4393 cum
570 4340 847 4393 videamus
880 4347 929 4394 et
947 4340 1237 4394 Dominum
1260 4340 1590 4409 pauperibus
1615 4349 1790 4393 ortum
1816 4355 2013 4410 paren-
2034 4327 2085 4385 D
2119 4337 2274 4391 solvit
2330 4337 2611 4407 obsequia,
2664 4346 2916 4407 prompta
2963 4338 3179 4392 solvens
3228 4338 3533 4392 obedientia
3564 4338 3707 4408 quod

427 4429 588 4492 tibus,
622 4436 673 4482 et
703 4428 757 4481 in
786 4428 1046 4498 apostolis
1075 4428 1399 4500 insigniores
1431 4436 1676 4497 sumptos
1725 4444 1788 4482 ex
1832 4428 2013 4498 pisca-

330 4552 335 4559 ς
423 4516 650 4570 toribus.
688 4517 838 4570 Unde
860 4524 913 4571 et
943 4518 1133 4570 beatus
1164 4517 1231 4570 ad
1264 4516 1572 4571 Corinthios
1604 4517 1846 4571 scribens
1870 4518 2013 4570 Pau-

420 4605 503 4659 lus
538 4619 549 4658 :
588 4627 608 4651 «ι
648 4604 855 4672 Videte,
890 4605 1079 4675 inquit,
1131 4605 1345 4670 fratres,
1387 4606 1726 4659 vocationem
1756 4613 2010 4669 vestram,

422 4694 549 4765 quia
578 4709 687 4747 non
730 4693 883 4747 multi
935 4694 1209 4763 sapientes
1266 4694 1561 4748 secundum
1621 4708 1861 4756 carnem,
1906 4708 2015 4746 non

419 4782 571 4836 multi
606 4790 874 4852 potentes,
910 4797 1018 4836 non
1066 4783 1217 4836 multi
1264 4781 1505 4846 nobiles;
1540 4781 1638 4835 sed
1689 4797 1808 4851 quae
1850 4781 2014 4834 stulta

419 4880 542 4925 sunt
571 4871 755 4924 mundi
786 4870 950 4942 elegit
997 4872 1163 4937 Deus,
1199 4878 1254 4923 ut
1302 4869 1597 4924 confundat
1627 4870 1921 4939 sapientes,
1964 4876 2013 4923 et

483 5048 557 5111 (8)
590 5048 832 5105 Arialdus,
873 5048 923 5095 in
970 5060 1086 5096 mss.
1129 5047 1307 5096 nostris
1354 5048 1617 5100 Airaldus.
1662 5053 1711 5096 et
1757 5047 2009 5107 Ailardus,

415 5116 529 5166 alibi
579 5118 871 5175 Ayrardus,
914 5128 973 5163 ex
1018 5114 1258 5162 monacho
1298 5116 1345 5161 et
1388 5113 1547 5176 priore
1589 5113 1857 5163 Carthusia:
1886 5114 2009 5162 Por-

414 5188 593 5242 tarum,
615 5182 840 5231 dimcesis
864 5180 1218 5243 Lugdunensis,
1249 5181 1404 5229 factus
1426 5181 1679 5242 episcopus
1706 5194 1830 5229 anno
1861 5180 2006 5240 1145,

415 5252 635 5299 mortuus
664 5260 743 5297 an.
780 5249 926 5295 1167.

481 5316 556 5379 (9)
586 5316 721 5377 Ilugo
749 5314 810 5374 ll,
832 5326 890 5361 ex
916 5314 1137 5375 professo
1177 5313 1448 5362 Carthusite
1486 5312 1715 5374 Maioris,
1758 5315 2010 5375 episcopus

413 5382 929 5443 Gratianopolitanus,
973 5381 1084 5429 dein
1132 5393 1193 5428 an
1262 5381 1390 5429 1155
1428 5380 1587 5428 factus
1612 5380 2009 5442 archiepiscopus

417 5449 721 5498 Viennensis.

483 5514 586 5577 (10)
612 5514 910 5573 Maurienua,
956 5513 1096 5574 vulgo
1146 5513 1179 5562 S
1246 5512 1452 5564 Joannis
1498 5514 1558 5564 de
1605 5514 1915 5578 Mauriemte,
1942 5516 2001 5565 ad

2116 4426 2348 4495 imperat
2379 4426 2524 4479 Deus
2575 4425 2697 4496 lege
2728 4426 2985 4488 Mosaica,
3021 4426 3249 4480 dicens:
3290 4450 3310 4472 «
3349 4427 3573 4481 llonora
3610 4443 3706 4496 pa-

2115 4522 2253 4567 trem
2282 4522 2430 4567 tuum
2463 4521 2513 4566 et
2546 4522 2792 4579 matrem,
2832 4521 2886 4567 ut
2908 4514 3280 4586 sislongaavus
3311 4531 3475 4585 super
3503 4523 3704 4569 terram

2117 4602 2312 4667 (Exod.
2337 4616 2438 4665 xx,
2467 4601 2576 4669 12.)
2614 4626 2634 4648 ››
2671 4603 2749 4656 De
2773 4618 2878 4673 qua
2900 4602 3084 4673 utique
3116 4610 3259 4657 terra
3291 4603 3573 4656 Psalmista
3598 4604 3703 4656 Do-

2115 4690 2261 4743 mino
2284 4689 2465 4743 dicere
2485 4689 2757 4743 creditur:
2784 4713 2803 4736 α
2841 4691 2918 4744 Tu
2940 4707 2999 4744 es
3033 4707 3159 4760 spes
3191 4706 3333 4754 mea,
3367 4692 3540 4761 portio
3580 4706 3705 4745 mea

2114 4780 2167 4832 in
2190 4787 2332 4833 terra
2351 4777 2833 4848 viventium(Psal.
2858 4794 3001 4844 cxu,
3027 4782 3100 4850 6).
3131 4801 3151 4829 ι
3180 4781 3305 4834 Haec
3326 4788 3502 4834 autem
3519 4780 3706 4834 dicere

2114 4868 2287 4922 fuerat
2308 4866 2484 4935 solita,
2509 4868 2653 4936 quod
2671 4868 2797 4921 dum
2820 4883 3113 4939 prazgnans
3134 4868 3245 4921 suis
3268 4885 3389 4921 eum
3414 4866 3576 4921 ferret
3598 4868 3707 4921 vis-

2112 5051 2288 5097 Arcum
2334 5049 2533 5097 ﬂuvium
2577 5061 2603 5098 e
2655 5050 2819 5097 monte
2862 5047 3027 5097 Ciniso
3066 5045 3389 5105 deﬂuentem,
3437 5045 3483 5094 in
3527 5046 3705 5095 ducatu

2110 5114 2384 5176 Sabaudiaa,
2405 5128 2577 5164 versus
2603 5117 2858 5163 orientem.
2884 5114 3073 5163 distans
3097 5112 3427 5175 Gratianopoli
3453 5126 3501 5159 xu
3526 5114 3588 5161 M.
3621 5115 3703 5169 Ρη

2110 5182 2194 5231 sed
2222 5181 2467 5230 montibus
2492 5182 2768 5244 interrupto
2798 5180 2992 5229 itinere.

2178 5246 2282 5307 (11)
2312 5248 2467 5309 Supra
2504 5242 2774 5298 Valentiam
2818 5248 3052 5295 Rhodano
3091 5246 3246 5294 inﬂuit
3281 5242 3533 5309 lsaraLad
3558 5256 3700 5304 quem

2109 5306 2298 5373 adjacet
2323 5306 2540 5364 Castrum
2570 5316 2776 5375 Novum,
2804 5313 2961 5362 adhuc
2987 5314 3078 5361 hoc
3101 5314 3319 5372 tempore
3363 5306 3719 5370 Chii-(cauisz

2108 5381 2311 5429 dictum.
2341 5383 2601 5443 Perperam
2629 5381 2791 5440 Wion,
2834 5380 2879 5427 in
2911 5381 3044 5429 Notis
3070 5379 3130 5427 ad
3173 5377 3423 5439 Martyrol.
3453 5376 3701 5426 Bcnedict.

2109 5448 2380 5497 Valentiam
2408 5448 2718 5509 Hispanicam
2747 5446 2981 5507 assignat.
