3978 6050
378 178 481 228 ’765

1430 173 1591 228 VITA
1632 174 1686 229 S.
1730 169 2044 227 HUGONIS
2084 170 2607 228 GRATIANOPOL.

3573 173 3677 227 ’766

386 300 623 366 ceribus,
658 300 835 354 visum
860 298 963 353 sibi
1002 315 1101 369 per
1147 298 1418 353 somnium
1468 272 1629 352 fuerit
1672 297 1978 369 elegantem
2007 298 2059 357 Α
2080 295 2408 350 tulabundus
2435 297 2687 362 assensit,
2724 305 2834 351 tum
2864 297 3047 353 dilecti
3078 298 3290 352 comitis
3310 298 3555 369 gaudens
3574 299 3673 353 bo-

384 404 603 443 creasse
626 387 933 459 parvulum,
954 403 1115 457 quem
1143 386 1441 441 sistendum
1455 387 1552 440 Dei
1570 386 1974 455 conspectibus,

384 476 557 531 sancti
589 477 665 547 (in
700 476 897 547 quibus
945 484 997 530 et
1044 475 1238 529 beatus
1266 483 1383 529 erat
1420 475 1633 544 Petrus)
1664 473 1977 528 deferebant

380 564 436 617 in
466 564 684 619 coelum.
719 564 855 619 Hinc
871 562 1069 618 factum
1099 572 1201 628 est,
1235 563 1428 618 eadem
1457 562 1750 627 adnitente,
1784 570 1842 615 ut
1871 561 1975 614 dis-

378 652 568 707 cendis
600 652 962 722 applicaretur
1010 651 1246 718 litteris;
1307 651 1633 721 sperabatur
1673 650 1817 705 enim
1848 650 1974 720 (nec

375 739 598 808 frustra)
621 740 914 812 singularis
938 739 1082 809 apud
1099 740 1270 794 Deum
1282 739 1471 810 gratiae
1484 737 1692 792 futurus
1705 746 1756 793 et
1772 738 1969 793 meriti.

446 831 497 883 4.
532 830 745 883 Amavit
792 836 972 883 autem
1024 828 1205 882 studia
1250 828 1555 881 litterarum
1602 843 1710 881 non
1755 827 1968 881 medio-

374 916 574 983 criter;
607 924 824 987 propter
865 932 984 987 qua:
1028 916 1191 970 etiam
1236 915 1290 968 in
1322 923 1532 969 exteras
1574 914 1845 985 profectus
1878 931 1967 968 re-

370 1006 584 1077 giones,
617 1005 784 1058 multa
815 1004 1085 1058 sustinuit.
1122 1006 1298 1058 Inerat
1345 1004 1544 1074 quippe
1575 1003 1669 1068 illi,
1714 1011 1766 1057 et
1796 1019 1965 1073 usque

370 1094 441 1147 ad
472 1093 715 1147 ultimam
749 1100 1025 1148 senectam
1063 1092 1243 1147 inesse
1274 1107 1383 1146 non
1412 1091 1632 1155 destitit,
1658 1091 1965 1146 verecunda

368 1182 666 1247 sobrietas;
690 1198 808 1252 quae
822 1197 946 1235 eum
967 1189 1019 1235 et
1036 1181 1176 1236 inter
1196 1196 1323 1235 suos
1345 1180 1504 1235 etiam
1524 1180 1962 1234 necessariorum

366 1286 512 1339 saepe
534 1270 765 1341 cogebat
804 1270 943 1323 ferre
978 1268 1237 1339 in0piam,
1264 1268 1391 1321 dum
1414 1283 1515 1323 nec
1535 1268 1743 1333 amicis,
1765 1268 1810 1321 si
1832 1268 1961 1338 quid

366 1375 492 1412 eum
524 1358 780 1428 angebat,
832 1357 1041 1427 pudore
1092 1358 1264 1412 victus
1294 1364 1507 1426 poterat
1537 1354 1816 1420 confiteri;
1853 1372 1958 1426 quo

364 1446 518 1517 quasi
561 1444 713 1499 freno
745 1461 775 1499 a
815 1445 997 1498 multis
1040 1444 1504 1515 comprimebatur
1549 1444 1769 1499 illicitis.
1824 1444 1957 1497 Cum

361 1543 541 1589 autem
572 1550 602 1587 a
636 1533 837 1588 scholis
870 1549 1144 1598 reversus,
1184 1532 1458 1598 Valentia},
1493 1532 1584 1586 ubi
1614 1531 1838 1601 majoris
1870 1548 1957 1585 ca-

2079 384 2325 450 noribus,
2376 391 2487 438 tum
2555 386 2815 440 Ecclesia:
2858 386 3048 440 favens
3110 386 3462 455 profectibus,
3516 387 3668 455 cujus

2077 472 2241 525 etiam
2270 473 2444 527 sacris
2475 472 2664 528 officiis
2708 474 2941 528 futurum
2981 491 3088 529 non
3135 476 3413 530 dubitabat
3458 491 3666 546 oppor-

2074 568 2279 613 tunum.
2314 563 2381 614 At
2414 577 2542 616 vero
2587 562 2696 627 ille,
2750 564 3034 631 repentino
3068 567 3259 621 timore
3291 565 3569 621 concussis
3596 564 3664 618 ab

2073 647 2182 701 imo
2216 648 2534 714 visceribus,
2570 657 2680 704 toto
2728 651 2884 705 reniti
2915 668 3167 722 corpore,
3203 654 3527 725 magnisque
3554 652 3663 707 cla-

2072 752 2218 789 mare
2266 737 2509 801 vocibus,
2544 746 2596 790 at
2643 754 2763 792 sese
2808 747 2984 805 aetate,
3036 742 3261 797 scientia
3306 750 3358 795 et
3386 749 3660 811 postremo

2070 824 2315 877 moribus
2345 832 2393 879 et
2443 825 2554 879 vita
2584 826 2744 880 tantis
2784 829 3058 897 mysteriis
3088 831 3348 900 imparem
3380 829 3543 898 ccepit
3572 828 3660 882 af-

2069 910 2306 975 ﬁrmare,
2343 928 2443 967 nec
2474 913 2740 967 ullatenus
2757 916 2887 984 pati,
2915 916 2970 969 in
2992 934 3103 972 suae
3122 919 3313 973 salutis
3334 917 3655 987 periculum,

2067 1014 2167 1053 sua
2192 999 2391 1055 vilitate
2435 1002 2608 1055 officia
2652 1005 2960 1057 veneranda
3008 1004 3225 1060 foedari.
3270 1007 3445 1074 Quam
3476 1006 3657 1075 utique

2065 1088 2133 1141 de
2164 1104 2223 1141 se
2270 1090 2617 1153 sententiam,
2668 1092 3096 1159 profundissima
3125 1095 3423 1149 humilitate
3454 1110 3655 1149 conce-

2064 1183 2230 1244 ptam,
2267 1193 2438 1247 usque
2488 1178 2555 1231 ad
2585 1177 2746 1232 finem
2777 1195 2885 1233 non
2927 1183 3107 1248 exuit;
3142 1199 3358 1253 semper
3404 1182 3565 1245 enim,
3600 1182 3656 1235 in

2064 1264 2497 1335 quantiscumque
2551 1266 2852 1321 sanctitatis
2910 1278 2962 1322 et
3006 1270 3269 1325 bonorum
3318 1270 3651 1340 profectibus

2062 1366 2310 1421 operum,
2357 1352 2601 1408 inutilem
2655 1370 2714 1408 se
2746 1372 2934 1409 servus
2964 1366 3016 1411 et
3047 1358 3389 1428 pontificatus
3422 1358 3651 1412 admini-

2067 1440 2325 1493 stratione
2370 1440 2651 1511 indignum
2683 1444 2967 1511 protestari
2997 1462 3106 1499 non
3134 1447 3366 1509 erubuit,
3401 1463 3645 1516 semper-

2060 1542 2165 1596 que
2197 1528 2263 1580 ad
2288 1528 2691 1597 deponendum,
2726 1530 2862 1585 sicut
2891 1548 2955 1586 ex
2986 1534 3447 1604 consequentibus
3477 1535 3652 1604 lique-

362 1623 591 1677 nonicus
622 1630 733 1677 erat
785 1621 1051 1687 ecclesizn,
1100 1622 1242 1676 inter
1288 1620 1581 1676 saeculares
1611 1629 1663 1675 et
1694 1620 2028 1706 lubricos,B
2056 1614 2151 1679 bit,
2187 1624 2408 1684 paratus
2456 1618 2572 1671 fuit.
2626 1619 2720 1672 Vir
2766 1628 2943 1674 autem
2992 1621 3248 1691 profundi
3293 1620 3520 1687 consilii,
3557 1622 3648 1693 qui

354 1711 570 1780 juvenis
620 1710 763 1775 licet,
813 1710 1159 1781 pudibundus
1225 1710 1597 1764 demoraretur
1643 1718 1694 1763 et
1740 1708 1956 1763 sobrius

362 1801 649 1867 (statuerat
670 1798 834 1863 enim,
872 1798 1004 1853 sicut
1038 1798 1155 1869 ipse
1186 1798 1419 1863 dicebat,
1440 1798 1508 1851 ab
1530 1798 1676 1851 omni
1696 1797 1954 1867 deinceps

358 1887 815 1943 contaminatione
847 1886 1143 1941 immunem
1174 1902 1253 1952 se,
1278 1887 1391 1941 Deo
1404 1886 1645 1954 juvante,
1685 1889 1948 1955 servare),

356 1976 582 2049 contigit
612 1976 892 2030 dominum
940 1976 1250 2047 Hugonem,
1286 1974 1586 2029 Galliarum
1615 1974 1855 2029 omnium
1886 1990 1951 2029 ex

356 2072 631 2135 praecepto
663 2064 834 2119 beatae
858 2064 1137 2118 memoriae
1159 2062 1413 2134 Gregorii
1436 2062 1647 2132 septimi
1670 2062 1783 2131 (l2)
1806 2063 1951 2133 lega-

355 2161 486 2217 tum,
519 2152 587 2206 ad
618 2152 864 2206 eamdem
898 2152 1084 2207 venire
1114 2152 1423 2217 civitatem;
1456 2152 1630 2205 virum
1660 2151 1865 2207 scilicet
1895 2151 1950 2204 in

354 2240 739 2296 ecclesiasticis
770 2240 1005 2312 negotiis
1038 2248 1319 2295 strenuum
1350 2248 1402 2294 et
1431 2238 1718 2305 famosum,
1750 2240 1947 2295 Eccle-

354 2330 447 2383 siae
471 2329 687 2383 Diensis
710 2336 836 2383 tunc
857 2328 1148 2399 praesulem
1170 2330 1215 2398 (1
1228 2329 1302 2397 3),
1318 2336 1509 2398 postea
1526 2327 1946 2399 Lugdunensem

350 2417 832 2488 archiepiscopum.
886 2416 991 2484 Qui
1050 2433 1282 2472 cernens
1321 2418 1577 2485 juvenem
1637 2417 1944 2489 elegantem

352 2506 523 2569 vultu,
559 2514 761 2560 statura
792 2521 1101 2575 procerum,
1136 2504 1351 2576 eloquio
1374 2512 1754 2575 temperatum,
1779 2507 1944 2560 mori-

346 2594 448 2648 bus
497 2594 907 2659 verecundum;
942 2593 1277 2664 edoctusque
1324 2594 1391 2646 ab
1439 2593 1518 2648 eis
1553 2594 1643 2664 qui
1684 2602 1945 2648 noverant

349 2684 503 2750 cujus
534 2689 675 2736 esset
723 2682 1044 2736 eruditionis
1074 2689 1125 2735 et
1155 2682 1375 2753 generis
1405 2689 1477 2747 et,
1510 2690 1567 2735 ut
1603 2689 1717 2737 erat
1748 2690 1852 2736 tam
1886 2683 1943 2737 in

344 2770 507 2824 rebus
548 2770 799 2824 humanis
841 2786 1003 2842 quam
1060 2770 1259 2824 divinis
1319 2770 1525 2842 ingenii
1582 2771 1936 2841 perspicacis,

341 2874 650 2931 agnoscens
679 2858 735 2912 in
764 2875 830 2913 eo
860 2874 1060 2930 magna
1092 2859 1337 2929 quaedam
1366 2858 1560 2915 future
1579 2859 1868 2929 probitatis
1890 2868 1942 2915 et

343 2946 638 3001 sanctitatis
666 2946 920 3018 insignia,
954 2947 1200 3002 hilariter
1220 2955 1273 3002 et
1293 2946 1585 3003 aifabiliter
1604 2949 1938 3020 amplexatus

342 3043 441 3100 est,
478 3051 683 3106 rogans
713 3043 771 3089 ut
801 3035 868 3088 ad
890 3051 949 3090 se
968 3036 1193 3101 veniret,
1219 3051 1441 3090 suorum
1462 3037 1819 3092 certaminum
1851 3053 1937 3093 co-

342 3140 459 3178 mes
492 3123 698 3177 futurus
721 3132 773 3178 et
799 3124 1091 3195 particeps.
1118 3123 1327 3193 Quibus
1350 3141 1458 3179 non
1481 3126 1655 3179 solum
1672 3127 1934 3181 adversus

337 3212 525 3276 laicos,
560 3212 652 3283 qui
674 3212 956 3277 ecclesias,
983 3212 1222 3268 decimas
1243 3228 1306 3269 ac
1328 3214 1641 3268 caemeteria
1662 3215 1933 3287 sacrilege

336 3301 668 3367 detinebant,
704 3301 801 3356 sed
833 3310 887 3356 et
922 3310 1112 3357 contra
1140 3302 1474 3366 sacerdotes,
1509 3318 1739 3373 quorum
1770 3304 1930 3358 vitam

335 3389 623 3445 inhonesta
669 3390 924 3462 conjugia
962 3390 1327 3455 maculabant,
1372 3390 1709 3446 Simoniacos
1743 3392 1925 3457 etiam,

336 3478 425 3548 qui
456 3478 747 3549 cupiditate
795 3478 999 3543 caecati,
1052 3494 1211 3534 sacra
1238 3478 1571 3550 profanaque
1602 3480 1924 3547 miscebant,

333 3567 523 3636 paucis
546 3566 876 3635 juvantibus,
911 3568 1205 3622 acerrimus
1233 3568 1546 3623 insudabat.
1604 3567 1763 3637 Quod
1810 3570 1927 3640 ipse

333 3653 566 3710 libenter
593 3655 875 3726 amplexus
906 3664 1008 3711 est.

966 3812 1195 3868 CAPUT
1226 3813 1292 3865 II.

470 3936 837 4005 Episcopatus
873 3936 1434 4009 GratianOpolitanus
1464 3944 1773 4010 susceptus.

485 4061 792 4132 Aliquando
823 4063 1016 4117 dehinc
1048 4066 1306 4135 temporis
1338 4075 1528 4122 exacto
1551 4068 1741 4137 spatio,
1776 4067 1919 4123 idem

326 4150 537 4222 legatus
569 4150 714 4220 apud
744 4152 1098 4217 Avenionem,
1145 4168 1251 4207 non
1290 4154 1586 4226 ignobilem
1618 4156 1919 4211 Provinciae

326 4239 618 4301 civitatem,
651 4239 860 4310 grande
891 4239 1181 4294 celebravit
1224 4242 1509 4296 concilium
1541 4242 1676 4313 (14),
1714 4244 1767 4297 in
1810 4260 1916 4315 quo

2063 1704 2336 1772 praedictis
2386 1721 2509 1758 eum
2561 1716 2908 1761 concesserat
2956 1709 3187 1774 clericis,
3238 1710 3339 1765 etsi
3377 1710 3647 1781 gaudebat

2056 1792 2199 1861 quod
2229 1792 2282 1845 in
2315 1794 2414 1848 hac
2444 1801 2600 1849 :etate
2622 1802 2674 1849 et
2704 1796 2888 1851 habitu
2919 1798 3057 1867 (erat
3088 1798 3229 1852 enim
3263 1798 3446 1852 habitu
3476 1814 3645 1854 saccu—

2054 1879 2209 1945 laris,
2242 1889 2294 1934 et
2322 1897 2583 1936 annorum
2614 1882 2781 1939 ferme
2812 1885 3001 1957 viginti
3033 1886 3264 1956 septem)
3286 1888 3519 1941 honores
3536 1903 3644 1941 non

2054 1969 2217 2022 modo
2268 1985 2373 2024 non
2426 1980 2709 2041 appeteret
2757 1974 3050 2040 indebitos,
3098 1975 3193 2029 sed
3238 1984 3288 2029 et
3334 1976 3643 2045 repudiaret

2051 2056 2285 2121 oblatos,
2318 2058 2482 2128 erepit
2513 2068 2713 2126 tamen,
2739 2061 3046 2116 rationabili
3068 2079 3173 2133 qua
3194 2062 3430 2133 pollebat
3453 2063 3640 2119 facun-

2051 2143 2143 2197 dia
2173 2144 2287 2212 ejus
2318 2145 2533 2219 erigere
2565 2148 3001 2218 trepidationem,
3038 2150 3200 2204 solari
3230 2153 3635 2218 verecundiam,

2049 2232 2305 2303 frangere
2345 2236 2718 2305 pertinaciam,
2767 2252 3042 2305 asserens,
3077 2239 3129 2292 in
3162 2240 3355 2293 talibus
3386 2241 3471 2295 vel
3500 2242 3635 2295 sub-

2048 2322 2240 2375 eundis
2271 2324 2356 2378 vel
2374 2324 2654 2394 portandis
2675 2326 2954 2391 oneribus,
2975 2342 3083 2381 non
3104 2328 3171 2382 de
3194 2343 3289 2382 sua
3312 2346 3636 2401 quemquam

2046 2410 2263 2476 virtute,
2297 2411 2396 2465 sed
2431 2411 2499 2465 de
2530 2412 2629 2467 Dei
2658 2414 2839 2482 potius
2886 2415 3086 2469 debere
3124 2416 3459 2487 benignitate
3489 2436 3635 2488 pra:-

2046 2514 2283 2566 sumere,
2319 2515 2351 2553 a
2382 2516 2489 2569 quo
2519 2500 2743 2555 deberet
2775 2519 2998 2572 sperare
3029 2504 3227 2558 bonum
3249 2506 3394 2576 quod
3424 2507 3631 2573 deerat,

2045 2594 2097 2640 et
2126 2588 2197 2641 ad
2229 2604 2391 2658 quem
2421 2587 2628 2643 referre
2652 2589 2915 2661 quidquid
2931 2601 3235 2662 acceperat.
3260 2595 3429 2661 Hujus
3450 2595 3633 2667 itaque

2044 2683 2096 2729 et
2126 2683 2469 2745 caaterorum,
2502 2677 2593 2748 qui
2622 2678 2869 2744 aderant,
2904 2680 3134 2734 virorum
3158 2682 3405 2752 gravium
3436 2699 3633 2739 conso-

2041 2762 2333 2818 lationibus
2356 2763 2557 2820 fractus
2578 2773 2739 2837 atque
2761 2768 3081 2833 hortatibus,
3100 2771 3317 2824 tandem
3337 2771 3631 2843 aliquando

2040 2852 2205 2906 cessit
2234 2853 2481 2908 electioni
2496 2895 2509 2908 .

2111 2944 2161 2994 6.
2196 2941 2435 2996 Praeerat
2463 2950 2644 2997 autem
2675 2958 2739 2998 eo
2768 2952 3012 3015 tempore
3044 2947 3339 3003 Viennensi
3367 2950 3629 3005 Ecclesia:

2036 3028 2504 3099 archiepiscopus,
2564 3030 2919 3087 Garmundus
2988 3035 3206 3089 nomine
3267 3039 3400 3105 (45),
3466 3055 3627 3108 quem

2034 3124 2257 3185 propter
2307 3117 2621 3184 Simoniam,
2657 3120 2807 3187 cujus
2848 3120 3145 3176 sustinebat
3192 3123 3493 3191 infamiam,
3525 3126 3626 3180 sibi

2033 3219 2226 3257 manus
2258 3204 2543 3275 imponere
2574 3222 2681 3260 non
2703 3208 2939 3263 admisit.
2968 3210 3186 3265 Cunctis
3208 3212 3409 3284 itaque,
3425 3223 3625 3283 prater

2031 3290 2294 3361 episcopi,
2328 3309 2360 3347 a
2387 3309 2496 3347 non
2544 3295 2661 3349 sine
2700 3297 3005 3351 reverentia
3055 3303 3410 3356 memorando
3438 3302 3622 3375 legato

2031 3380 2261 3449 sumptis
2309 3381 2607 3447 ordinibus,
2661 3384 2853 3438 eodem
2887 3387 3179 3442 comitante
3207 3390 3486 3459 profectus
3517 3401 3617 3457 est,

2027 3476 2081 3521 ut
2111 3484 2143 3521 a
2172 3468 2318 3523 sedis
2348 3470 2659 3539 apostolicae
2690 3488 2903 3527 summo
2926 3486 3337 3531 consecraretur
3358 3479 3615 3535 antistite.

2027 3556 2129 3611 Ubi
2160 3556 2309 3621 dum,
2357 3559 2787 3614 consecrationis
2826 3568 3084 3615 statutum
3129 3566 3417 3633 opperiens
3450 3568 3615 3635 diem,

2024 3654 2474 3715 commoraretur,
2499 3650 2553 3699 in
2583 3648 2716 3718 ipsis
2765 3650 3169 3719 quodammodo
3219 3653 3416 3709 divinae
3453 3658 3619 3712 servi-

2025 3733 2153 3787 tutis
2188 3734 2376 3799 initiis,
2428 3742 2480 3789 et
2522 3735 2577 3789 in
2622 3738 2809 3807 primis
2854 3754 3027 3793 sacrae
3076 3739 3281 3795 militiae
3330 3742 3613 3811 tirociniis,

2023 3822 2399 3893 gravissimam
2448 3825 2617 3879 hostis
2662 3826 2866 3898 antiqui
2924 3827 3411 3899 impugnationem,
3462 3833 3612 3888 rudis

2023 3917 2074 3963 et
2106 3910 2291 3966 talium
2340 3912 2685 3984 inexpertus,
2720 3915 2983 3981 incurrit;
3019 3935 3140 3988 qum
3171 3927 3413 3975 sanctam
3445 3921 3616 3991 ipsius

2020 3998 2271 4065 animam,
2323 4018 2495 4073 usque
2523 4004 2591 4057 ad
2622 4004 2765 4057 illam
2823 4006 3203 4077 tegritudinem
3235 4025 3342 4079 qua
3372 4018 3425 4064 et
3453 4010 3616 4066 decu-

2021 4087 2134 4141 buit
2179 4090 2494 4156 moriturus,
2560 4092 2648 4146 die
2695 4102 2987 4165 noctuque,
3040 4114 3182 4151 nunc
3227 4099 3426 4169 acrius,
3470 4118 3615 4157 nunc

2019 4176 2220 4241 mitius,
2259 4193 2368 4231 non
2414 4178 2618 4233 destitit
2661 4183 2995 4237 excruciare.
3050 4184 3187 4252 Quia
3236 4186 3377 4240 enim
3409 4198 3613 4247 sancta:

2018 4265 2448 4319 conversationis
2479 4275 2530 4321 et
2562 4268 2846 4324 illustrium
2876 4288 3104 4340 Operum
3138 4272 3444 4345 insignibus
3488 4294 3610 4333 me-

324 4327 493 4435 multa
522 4327 591 4380 ad
622 4326 722 4381 Dei
754 4328 1020 4435 honorem
1046 4336 1098 4435 et
1127 4328 1387 4435 Ecclesiae
1408 4331 1687 4429 utilitatem
1712 4349 1915 4402 prreco—
1936 4354 1987 4411 Ι)
2017 4351 2149 4419 mis,
2184 4370 2439 4424 magnam
2465 4356 2521 4408 in
2552 4358 2753 4426 populo
2785 4361 2883 4414 De;
2912 4326 3130 4425 famam,
3153 4326 3603 4435 ωθὲηθῌξυξιξᾷι

323 4414 412 4468 nio
443 4415 607 4486 digna
656 4417 899 4485 patravit.
941 4417 1025 4470 Ad
1054 4418 1156 4471 hoc
1194 4418 1497 4484 consilium,
1532 4420 1786 4490 episcopo
1816 4437 1911 4476 ca-

323 4511 500 4557 rentes
557 4512 611 4558 et
658 4504 975 4575 episcopum
1023 4515 1365 4576 quaerentes,
1418 4506 1911 4578 GratianOpolitani

317 4607 515 4645 venere
591 4593 871 4658 canonici;
922 4602 1308 4666 compertoque
1338 4596 1625 4665 praefatum
1653 4598 1910 4665 juvenem

318 4681 609 4734 conventui
640 4682 903 4737 interesse
952 4684 1228 4754 prmsenti,
1271 4685 1544 4755 petierunt
1575 4687 1907 4757 suppliciter,

319 4766 649 4839 suffragante
681 4770 932 4836 concilio,
969 4772 1038 4825 ab
1070 4772 1186 4839 ejus
1216 4774 1514 4827 venerabili
1548 4782 1795 4844 patrono,
1824 4777 1910 4830 cui

318 4864 486 4925 grata:
509 4856 741 4912 officium
765 4860 1042 4914 societatis
1060 4860 1370 4925 exhibebat,
1394 4870 1451 4914 ut
1473 4864 1613 4918 hunc
1632 4864 1735 4918 sibi
1757 4865 1909 4919 daret

320 4944 435 4999 sine
464 4944 719 5000 dilatione
767 4946 1103 5017 episcopum.
1138 4948 1344 5017 Quibus
1376 4950 1466 5004 ille
1496 4953 1742 5021 protinus
1773 4971 1907 5025 gra-

386 5116 491 5187 (12)
518 5118 861 5187 SAGregorius
886 5120 990 5179 Vl],
1019 5134 1164 5185 papa,
1191 5127 1303 5173 ante
1328 5124 1681 5177 llildebrandus
1729 5128 1905 5187 dictus,

314 5186 506 5255 creatus
529 5184 593 5255 22
618 5187 799 5247 Aprilis
825 5200 905 5236 an.
934 5188 1079 5249 1075,
1110 5195 1405 5240 mortuusan
1436 5194 1562 5244 1086
1587 5194 1663 5243 die
1688 5194 1752 5242 23
1775 5184 1905 5255 Maii,

314 5263 409 5311 quo
437 5250 697 5312 inscriptus
727 5256 801 5302 est
826 5255 1074 5315 Martyrol.
1104 5258 1242 5306 Rom.

384 5315 493 5387 (id)
523 5318 713 5387 Diensis
737 5320 992 5383 episcopus
1017 5326 1212 5373 creatus
1255 5327 1326 5374 est
1364 5326 1499 5387 Πυςο
1543 5338 1625 5375 an.
1676 5327 1820 5381 1075,
1849 5340 1905 5377 ac

308 5381 575 5433 translatus
601 5384 660 5434 ad
686 5381 1157 5453 archiepiScopatum
1200 5381 1568 5454 Lugdunensem
1614 5405 1695 5443 an.
1757 5394 1903 5444 1092.

2015 4441 2300 4496 habiturus
2341 4452 2393 4497 et
2440 4444 2693 4514 gloriam,
2748 4464 2815 4501 ne
2848 4448 3075 4503 forsitan
3105 4452 3472 4521 extolleretur,
3505 4474 3607 4509 an-

2015 4528 2199 4600 gelum
2228 4532 2461 4595 Satanze,
2494 4534 2633 4589 sicut
2666 4543 2719 4589 et
2742 4536 2925 4591 beatus
2959 4540 3265 4609 Apostolus,
3304 4543 3395 4613 qui
3426 4560 3484 4598 se
3517 4560 3607 4599 co-

2013 4617 2329 4687 laphizaret,
2384 4623 2589 4691 accepit
2621 4625 2695 4693 (II
2740 4626 2858 4679 Cor.
2900 4641 3002 4689 xu,
3032 4628 3107 4697 7).
3156 4630 3245 4684 Sic
3276 4631 3433 4685 etiam
3463 4635 3609 4702 apud

2012 4708 2335 4775 prophetam
2384 4711 2721 4781 Zachariam,
2773 4714 2901 4767 Jesu
2931 4716 3201 4771 sacerdoti
3228 4734 3451 4790 magno,
3486 4722 3603 4776 veri

2014 4794 2312 4849 Salvatoris
2374 4799 2694 4867 mysterium
2753 4801 3083 4870 praeferenti,
3138 4806 3299 4858 Satan
3348 4808 3527 4863 stabat
3575 4826 3609 4864 a

2011 4882 2234 4947 dextris,
2267 4893 2325 4937 ut
2374 4886 2760 4943 adversaretur
2790 4891 2839 4944 ei
2870 4892 3061 4959 (Zacli.
3106 4907 3185 4957 nt,
3235 4894 3312 4962 5).
3357 4896 3473 4951 Nec
3503 4898 3605 4953 hoc

2010 4969 2338 5035 mirandum,
2392 4989 2514 5029 cum
2568 4977 2899 5032 conditorem
2953 4987 3003 5032 et
3050 4988 3314 5035 rectorem
3362 4984 3603 5040 omnium

2007 5150 2103 5265 (ᾗἶέ
2122 5150 2215 5265 sita
2240 5152 2355 5265 uLbs
2381 5154 2428 5203 in
2457 5156 2719 5208 meditullio
2762 5158 3107 5220 Delphinatus,
3154 5162 3374 5214 Valentia
3416 5165 3603 5215 distans

2171 5232 2272 5265 mer
2310 5257 2320 5265 .

2042 5220 2347 5358 ’Ἅῖςῃιξὲῗῃό
2374 5288 2522 5358 1080,
2550 5290 2597 5358 in
2641 5302 2766 5358 quo,
2812 5290 3027 5353 deposito
3068 5296 3322 5358 Acbardo,
3363 5298 3601 5349 Gibilinus

2006 5349 2164 5421 factus
2190 5356 2265 5421 est
2292 5356 2587 5405 Arelatensis
2613 5349 3029 5421 archiepiscopus.

2072 5416 2174 5483 (Ιό)
2202 5420 2540 5473 Guarmandus
2564 5423 2689 5484 aliis,
2717 5416 2845 5475 sedit
2864 5416 3074 5479 ab'anno
3102 5429 3229 5480 1077
3254 5430 3314 5481 ad
3342 5432 3488 5483 1085.
