3978 6050
414 152 519 205 767

1255 152 1597 209 GUIGONIS
1635 155 1656 208 Ι
1694 152 2104 210 ΟΛΒΤΗΠΞΙιΕ
2141 153 2434 211 MAJORIS
2472 154 2748 213 PRIORIS
2788 158 2852 211 V.

3605 159 3712 212 768

422 276 615 344 Deum,
647 277 879 330 humana
922 292 1087 331 carne
1118 277 1390 344 vestitum,
1424 278 1604 349 impiis
1635 279 1857 333 ausibus
1890 286 2011 333 ten-
2041 278 2097 338 A
2117 278 2289 333 Deum
2321 295 2583 335 venerans
2617 279 2837 345 famulo,
2868 279 2975 345 diei
3006 277 3429 334 consecrationis
3462 279 3581 348 ejus
3610 296 3709 334 ne-

424 372 539 417 tare
596 366 1041 435 praesumpserit;
1090 374 1141 421 et
1186 374 1482 435 postremo,
1543 367 1780 421 ostensis
1852 366 2016 421 totius

424 452 611 505 mundi
642 453 828 524 regnis
861 469 982 508 cum
1016 469 1114 508 sua
1144 454 1337 526 gloria,
1376 478 1395 501 α
1418 456 1564 519 Haec,
1596 455 1867 526 inquiens,
1894 471 2015 509 om-

425 539 515 593 nia
546 540 638 593 tibi
669 541 832 605 dabo,
856 542 902 595 si
925 550 1225 611 prostratus
1246 543 1556 597 adoraveris
1579 558 1666 597 me
1689 543 1907 609 (Matth.
1936 559 2013 609 tv,

426 628 502 696 9),
541 649 561 676 ι
610 628 936 703 idololatriae
985 631 1145 685 etiam
1187 632 1365 685 scelus
1412 632 1745 700 persuadere
1792 640 2017 686 conatus

425 714 604 768 fuerit.
661 716 806 772 Sicut
851 734 987 790 ergo
1032 719 1133 788 ipsi
1167 719 1399 772 Domino
1428 718 1729 773 incredibili
1758 735 2018 789 praesum-

425 802 610 872 ptione
638 804 1022 873 idololatriam,
1056 807 1134 861 sic
1165 814 1217 861 et
1248 808 1364 874 ejus
1395 823 1554 861 servo
1587 808 1922 879 suggerebat
1948 806 2021 861 vi-

427 907 591 961 perea
620 893 1013 949 machinatione
1046 894 1455 964 blasphemiam,
1482 896 1685 950 scilicet
1719 904 1767 949 ut
1792 896 1861 950 de
1884 897 2017 962 Deo,

426 979 512 1034 vel
543 980 610 1035 de
640 981 724 1033 his
753 998 871 1051 qua:
904 983 971 1036 ad
1002 985 1173 1037 Deum
1204 984 1502 1053 pertinent,
1537 984 1739 1054 aliquid
1762 985 2021 1054 cogitaret

426 1066 729 1139 indignum.
779 1070 885 1125 Sed
917 1071 1054 1125 sicut
1083 1088 1112 1125 a
1145 1072 1394 1136 Domino,
1430 1072 1527 1139 sic,
1562 1072 1753 1126 eodem
1780 1073 2019 1140 juvante,

428 1156 494 1208 ab
526 1157 642 1225 ejus
671 1174 829 1212 servo
858 1159 1031 1214 victus
1060 1168 1113 1213 et
1139 1160 1398 1215 confusus
1427 1161 1715 1215 abscessit.

502 1246 555 1299 '7.
589 1245 724 1299 Cum
755 1246 920 1316 igitur
961 1247 1445 1319 impugnationem,
1491 1256 1547 1301 ut
1591 1248 1844 1313 diximus,
1876 1249 2024 1303 insu-

431 1332 749 1401 spicabilem
782 1335 1043 1389 sensisset
1062 1337 1231 1389 hostis
1254 1336 1478 1407 antiqui,
1505 1351 1765 1405 reputans
1788 1354 1853 1391 ne
1886 1337 2025 1392 forte

430 1421 743 1491 indignatus
759 1423 1047 1477 adversum
1072 1440 1130 1478 se
1151 1424 1339 1477 fuisset
1362 1425 1643 1488 Dominus,
1666 1426 1808 1495 quod
1827 1426 2028 1497 eligen-

431 1509 575 1563 tibus
605 1519 848 1565 cesserat
879 1512 963 1565 vel
993 1512 1211 1578 invitus,
1246 1512 1499 1567 electioni
1531 1514 1584 1567 in
1618 1530 1675 1567 se
1697 1514 1852 1569 facta:
1872 1514 2027 1569 abre-

433 1598 676 1652 nuntiare
707 1599 883 1654 modis
915 1601 1162 1655 omnibus
1192 1602 1531 1667 deliberavit,
1567 1610 1618 1655 et
1648 1617 1835 1657 sacras
1852 1603 2024 1657 admi-
2045 1632 2096 1690 B

433 1685 798 1752 nistrationes,
860 1689 1056 1759 quibus
1121 1690 1175 1743 in
1226 1690 1343 1744 dies
1404 1707 1463 1744 se
1512 1691 1690 1759 magis
1738 1708 1801 1746 ac
1850 1692 2025 1761 magis

434 1773 724 1843 deputabat
766 1776 1067 1849 indignum,
1112 1778 1259 1832 nullo
1290 1787 1446 1847 pacto
1478 1779 1817 1850 contingere.
1854 1780 2026 1848 Quam

434 1861 899 1929 deliberationem,
953 1873 1010 1917 ut
1069 1866 1315 1935 putabat,
1378 1866 1817 1932 saluberrimam,
1870 1868 2025 1921 simul

434 1965 558 2005 cum
588 1951 708 2021 ipsa
738 1953 1049 2019 tentatione,
1082 1955 1148 2007 ab
1178 1955 1286 2009 imo
1316 1956 1481 2009 corde
1514 1955 1770 2025 lacrymis
1790 1955 2027 2025 profusis

435 2047 595 2109 atque
629 2040 898 2110 suspiriis,
933 2042 1002 2106 ei,
1047 2043 1139 2113 qui
1170 2059 1229 2096 se
1258 2044 1505 2109 duxerat,
1539 2043 1809 2098 festinavit
1838 2053 2026 2099 osten-

437 2128 586 2181 dere.
620 2130 688 2182 At
717 2128 806 2183 ille
838 2128 1052 2185 defectu
1082 2130 1217 2199 ejus,
1254 2139 1305 2185 et
1326 2132 1489 2185 nimio
1511 2133 1845 2203 (quanquam
1879 2149 1910 2187 a
1942 2149 2029 2188 re-

437 2215 638 2284 ligione
668 2216 933 2286 profecto)
965 2217 1176 2286 timore,
1206 2235 1271 2273 ex
1303 2227 1456 2288 parte
1478 2220 1695 2274 interim
1718 2220 2027 2275 rationabili

437 2307 794 2373 responsione
826 2305 1032 2371 sedato,
1066 2307 1133 2360 ad
1163 2315 1518 2361 memoratum
1549 2324 1748 2377 papam
1771 2325 2023 2381 pergere,

437 2398 489 2445 et
518 2392 780 2463 quidquid
811 2394 925 2461 ejus
955 2395 1189 2466 angebat
1220 2395 1457 2449 animum
1491 2396 1698 2465 (utpote
1726 2398 1919 2450 Christi
1952 2397 2029 2451 vi-

436 2480 607 2550 cario)
652 2487 819 2536 totum
863 2482 1101 2537 revelare
1142 2483 1326 2539 suasit.
1372 2483 1531 2552 Quod
1580 2500 1704 2539 cum
1752 2486 2029 2540 humiliter

438 2566 741 2641 devoteque
787 2570 1025 2638 fecisset,
1073 2580 1215 2625 tanta
1257 2572 1640 2627 consolationis
1686 2573 1753 2627 ab
1785 2574 1903 2641 ejus
1931 2589 2029 2629 ore

439 2657 629 2727 sagina
675 2657 928 2729 perfusus
976 2668 1079 2725 est,
1121 2668 1439 2731 tantumque
1470 2677 1602 2733 erga
1632 2678 1692 2716 se
1721 2661 2029 2717 dilectionis

439 2753 695 2815 expertus
726 2745 999 2814 affectum,
1045 2756 1104 2802 ut
1132 2749 1200 2803 de
1226 2749 1331 2804 hac
1363 2749 1500 2819 ipsa,
1534 2766 1657 2820 quae
1683 2750 1738 2804 in
1766 2750 2021 2821 despera-

436 2832 644 2889 tionem
674 2850 799 2889 eum
827 2851 966 2905 pene
987 2836 1345 2908 compulerat,
1370 2838 1667 2893 tentatione
1697 2839 1955 2910 gaudere,
1977 2847 2031 2895 et

438 2920 695 2978 felicioris
724 2923 948 2995 insuper
996 2925 1112 2995 spei
1150 2925 1435 2980 materiam
1466 2942 1682 2981 sumere
1713 2936 2025 3000 cogeretur.

438 3011 631 3067 Docuit
660 3012 804 3068 enim
852 3013 1043 3069 beatus
1084 3029 1246 3085 papa,
1286 3021 1472 3085 utpote
1522 3016 1577 3069 in
1624 3016 1786 3071 rebus
1816 3017 1900 3071 his
1930 3033 2029 3073 nec

438 3099 589 3155 rudis
617 3115 720 3157 nec
750 3101 1083 3172 inexpertus,
1116 3118 1347 3175 arguere
1377 3104 1665 3159 Dominum
1688 3111 1741 3158 et
1762 3106 2031 3177 castigare

439 3204 577 3260 quos
606 3189 801 3262 diligit,
835 3197 888 3246 et
914 3206 1134 3247 omnem
1162 3190 1330 3246 ﬁlium
1352 3192 1628 3263 ﬂagellarc
1653 3210 1815 3265 quem
1837 3194 2033 3265 recipit

440 3278 623 3347 (Hebr.
656 3293 751 3343 xu,
785 3278 860 3349 6),
896 3288 948 3334 et
979 3279 1102 3335 ideo
1134 3288 1333 3352 quanto
1363 3282 1553 3336 durius
1584 3282 1735 3337 cordi
1775 3284 1893 3351 ejus
1924 3283 2030 3337 im-

439 3374 699 3437 posuerat
727 3367 1025 3439 tlagellum,
1060 3377 1206 3424 tanto
1238 3370 1543 3425 evidentius
1571 3379 1815 3440 paterna;
1833 3371 1887 3424 in
1909 3388 2032 3426 eum

437 3455 657 3511 dedisse
693 3456 999 3512 dilectionis
1027 3457 1305 3514 indicium.
1341 3459 1701 3514 Praesensisse
1731 3460 1896 3515 etiam
1921 3460 2033 3528 jam

434 3545 659 3616 jamque
688 3545 961 3601 diabolum
1007 3554 1201 3617 quanta
1246 3563 1345 3618 per
1374 3564 1499 3602 eum
1528 3548 1645 3618 ipse
1675 3548 1875 3603 damna
1902 3566 2031 3620 pas-

443 3650 620 3699 surus,
652 3642 849 3705 quanta
888 3635 988 3689 Dei
1018 3636 1249 3705 pOpulus
1281 3636 1495 3690 virtutis
1526 3635 1665 3691 foret
1697 3636 2034 3692 incrementa

440 3730 772 3793 sumpturus,
806 3730 859 3777 et
890 3723 1093 3779 idcirco
1124 3740 1317 3797 omnes
1348 3724 1660 3780 inveteratm
1680 3726 2032 3797 malignitatis

440 3810 717 3866 insumere
747 3818 993 3873 conatus,
1028 3819 1085 3865 ut
1115 3828 1144 3865 a
1175 3812 1347 3866 sacris
1367 3828 1492 3867 eum
1514 3828 1731 3883 quoque
1752 3814 1916 3867 modo
1938 3815 2034 3869 de-

438 3905 643 3953 terrere
687 3898 859 3968 possit
909 3898 1119 3965 oﬁiciis,
1170 3900 1512 3969 permittente
1558 3902 1708 3967 Deo,
1743 3902 1813 3955 ad
1863 3902 2033 3972 ipsius

442 3987 661 4057 quidem
690 3986 1047 4058 ignominiam
1077 3995 1129 4042 et
1158 4003 1405 4059 poenam,
1440 3989 1510 4043 ad
1541 3990 1697 4057 hujus
1726 4000 1907 4046 autem
1933 4007 2031 4047 co-

440 4090 629 4129 ronam
659 4083 711 4130 et
740 4073 971 4146 gloriam
986 4116 998 4129 .

512 4168 563 4219 8.
597 4163 915 4232 Hujusmodi
947 4165 1305 4231 sermonibus,
1340 4173 1391 4221 et
1409 4165 1636 4222 veritate
1659 4166 1835 4238 plenis
1857 4175 2030 4223 etau-

440 4252 690 4308 ctoritate
736 4252 1020 4319 roboratis,
1073 4268 1179 4309 non
1230 4254 1449 4325 quidem
1478 4256 1774 4311 tentatione
1806 4258 2021 4327 penitus

441 4340 726 4405 exstincta,
759 4342 856 4395 sed
890 4349 1069 4397 tamen
1100 4343 1471 4398 consolatione
1504 4353 1776 4415 suscepta,
1811 4346 2027 4401 animae-
2048 4331 2099 4389 Ῑ)

441 4429 602 4500 quior
630 4428 874 4495 effectus,
921 4432 1389 4487 consecrationem
1433 4433 1502 4486 ab
1534 4434 1727 4490 eodem
1756 4442 1879 4503 post
1909 4451 2031 4489 mo-

438 4517 621 4573 dicum
649 4520 885 4590 suscepit
916 4520 1303 4591 episcOpalem.
1339 4522 1541 4575 Tantus
1563 4530 1744 4577 autem
1766 4531 1818 4577 et
1840 4522 1893 4577 in
1915 4524 2033 4594 ipsa
2074 4515 2078 4518 ’

442 4608 875 4674 consecratione,
909 4616 959 4662 et
990 4616 1101 4663 toto
1128 4608 1220 4663 illo
1253 4625 1360 4679 quo
1387 4608 1587 4664 ibidem
1610 4610 1922 4665 demoratus
1950 4619 2033 4665 est

441 4703 708 4766 tempore,
740 4696 885 4750 illius
912 4696 1012 4751 viri
1044 4696 1173 4749 tanti
1220 4712 1375 4750 amor
1405 4696 1457 4749 in
1490 4713 1612 4751 eum
1644 4706 1897 4752 ostensus
1927 4706 2029 4765 est,

441 4792 497 4839 ut
528 4793 773 4854 patenter
818 4786 1217 4849 ostenderetur,
1270 4784 1467 4839 divinze
1505 4785 1558 4838 in
1599 4802 1665 4840 eo
1693 4787 1879 4857 gratia:
1908 4803 2031 4841 ma-

441 4890 610 4945 gnum
640 4874 860 4944 aliquod
890 4872 1246 4942 prmsensisse
1277 4874 1629 4945 praesagium.
1664 4875 1771 4929 Sed
1793 4884 1843 4930 et
1865 4876 2032 4931 comi—

440 4961 573 5015 tissa
625 4961 897 5015 Mathildis
945 4964 1076 5029 (16),
1127 4960 1339 5014 habitus
1388 4962 1603 5032 quidem
1664 4963 1902 5030 feminei,
1937 4964 2034 5019 sed

438 5049 600 5101 animi
629 5065 728 5119 per
758 5056 949 5119 cuncta
980 5049 1167 5113 virilis,
1204 5066 1323 5119 quae
1355 5066 1532 5104 rerum
1563 5053 1919 5107 humanarum
1951 5062 2034 5107 tu-

439 5137 641 5191 multus
691 5145 849 5208 aique
889 5137 1144 5206 pericula,
1185 5136 1359 5191 instar
1390 5140 1749 5207 prOphetissa:
1778 5143 2029 5206 Deborze,

438 5224 733 5297 prudenter
764 5225 955 5281 sedare
987 5234 1038 5280 et
1069 5226 1281 5281 fortiter
1308 5235 1536 5281 noverat
1568 5228 1823 5295 tolerare,
1849 5230 1904 5284 in
1934 5246 2033 5286 suo

516 5404 624 5465 (16)
665 5407 784 5455 Acta
819 5406 1011 5465 collegit
1060 5408 1109 5455 et
1144 5405 1293 5457 edidit
1352 5408 1513 5457 Italico
1553 5409 1838 5459 Franciscus
1883 5410 2035 5459 Maria

447 5472 787 5523 Florentinius.
817 5473 1024 5523 Plurima
1054 5472 1115 5523 de
1153 5486 1210 5524 ea
1247 5474 1472 5525 dicuntur
1497 5475 1547 5524 in
1573 5476 1677 5526 Vita
1716 5477 1768 5526 S.
1820 5477 2034 5528 Anselmi

2117 367 2358 422 cessaria
2389 376 2583 423 cuncta
2614 367 3063 431 subministravit,
3096 366 3446 436 pastoralem,
3482 383 3587 437 quo
3616 367 3711 421 diu

2117 472 2246 510 usus
2292 464 2393 522 est,
2427 456 2675 511 baculum
2707 457 2873 521 dedit,
2906 454 3103 509 additis
3133 454 3469 525 psalmorum
3500 470 3703 510 secun-

2116 544 2245 598 dum
2276 546 2335 598 B.
2381 546 2743 616 Augustinum
2787 543 3293 614 Explanationibus,
3328 558 3448 597 cum
3483 544 3541 597 B.
3574 552 3710 597 Am-

2122 633 2289 686 brosii
2321 633 2615 697 volumine,
2650 634 2799 701 cujus
2830 640 2913 687 est
2943 630 3130 686 titulus
3159 632 3237 685 De
3257 630 3465 696 ofﬁciis,
3491 639 3715 702 totoque

2120 737 2227 791 quo
2274 721 2533 791 deinceps
2580 729 2824 791 tempore
2865 720 3014 785 vixit,
3066 728 3326 790 tanquam
3378 736 3561 775 verum
3611 720 3712 775 Dei

2120 808 2381 863 famulum
2412 809 2624 864 sincera
2667 809 2957 864 devotione
3006 807 3315 879 specialiter
3344 808 3629 862 honoravit
3659 816 3713 863 et

2121 896 2304 961 coluit,
2361 897 2549 951 sitiens
2593 898 2706 965 ejus
2750 897 3012 952 instanter
3055 904 3107 951 et
3151 895 3392 951 consiliis
3430 896 3621 950 instrui
3660 904 3716 950 et

2122 985 2364 1039 oratione
2395 984 2632 1039 defendi.

2194 1078 2245 1126 9.
2281 1073 2373 1127 His
2420 1074 2493 1127 ita
2522 1089 2628 1127 non
2683 1072 2858 1127 solum
2888 1088 3146 1143 prospere
3204 1072 3299 1126 sed
3366 1079 3416 1127 et
3460 1071 3718 1145 religiose

2124 1161 2375 1230 peractis,
2410 1161 2477 1214 ad
2509 1168 2817 1230 susceptam
2849 1177 3101 1216 reversus
3141 1160 3473 1225 Ecclesiam,
3513 1160 3719 1214 invenit

2124 1249 2328 1303 clerum
2361 1257 2412 1303 et
2440 1249 2719 1319 populum,
2749 1248 2802 1301 in
2834 1248 3030 1303 divinis
3053 1248 3213 1303 nimis
3235 1249 3422 1303 rudem
3449 1256 3500 1303 et
3518 1248 3719 1303 incom-

2125 1337 2379 1407 positum,
2413 1344 2465 1391 et
2488 1345 2803 1392 sanctarum
2834 1337 3277 1391 Observationum
3308 1337 3359 1389 in
3393 1344 3594 1389 tantum
3628 1336 3718 1389 in-

2128 1425 2317 1489 scium,
2353 1433 2409 1479 ut
2439 1440 2547 1479 non
2579 1425 2753 1479 solum
2786 1425 2986 1494 gradus
3017 1423 3286 1479 inferioris
3307 1424 3513 1492 clerici,
3534 1423 3631 1478 sed
3663 1430 3719 1478 et

2128 1514 2443 1568 sacerdotes
2470 1529 2670 1568 uxores
2693 1513 2972 1581 ducerent,
3001 1512 3218 1583 nuptias
3238 1511 3453 1581 publice
3475 1512 3719 1566 celebra-

2130 1609 2265 1666 rent,
2302 1617 2485 1657 emere
2530 1616 2595 1657 ac
2625 1602 2862 1655 vendere
2893 1608 3083 1654 sancta
3111 1616 3219 1654 non
3247 1600 3580 1664 haesitarent,
3619 1615 3716 1654 ec-

2129 1690 2345 1753 clesias,
2396 1689 2717 1754 oblationes,
2768 1688 3011 1743 decimas
3055 1696 3108 1743 et
3145 1688 3459 1744 ccemeteria
3490 1687 3631 1753 laici,
3666 1695 3721 1742 et

2130 1794 2318 1833 eorum
2366 1778 2557 1832 ditioni
2600 1777 2912 1832 sacerdotes
2942 1776 3140 1831 subditi
3172 1776 3548 1846 possiderent;
3582 1792 3719 1829 usu-

2128 1866 2257 1920 rarii
2288 1867 2401 1920 sive
2433 1866 2786 1920 fmneratores
2817 1866 3008 1933 injusta
3040 1881 3104 1919 ex
3127 1864 3315 1919 alienis
3336 1865 3550 1918 damnis
3571 1864 3723 1919 lucra

2128 1962 2558 2018 coarcervarent,
2610 1970 2711 2008 nec
2740 1954 2811 2008 ob
2842 1954 2946 2009 hoc
2977 1961 3160 2007 tamen
3190 1953 3368 2007 minus
3394 1968 3582 2007 eorum
3614 1952 3720 2006 ali--

2130 2044 2221 2113 qui
2254 2043 2336 2097 vel
2370 2042 2632 2102 ecclesias
2663 2042 2947 2107 intrarent,
2982 2042 3066 2096 vel
3096 2041 3358 2112 mysteria
3378 2047 3719 2096 sacrosancta

2129 2132 2492 2201 perciperent.
2531 2130 2683 2185 Adeo
2714 2136 2867 2185 erant
2895 2145 3086 2184 omnes
3116 2129 3416 2199 disciplinae
3436 2129 3597 2183 totius
3620 2144 3721 2183 ex—

2129 2228 2327 2291 pertes.
2381 2220 2549 2273 Porro
2599 2218 2901 2273 substantia
2949 2219 3143 2273 domus
3174 2217 3518 2289 episcopalis,
3553 2216 3722 2271 dissi-

2129 2308 2382 2379 pantibus
2413 2322 2521 2362 non
2554 2316 2664 2361 tam
2700 2306 2973 2377 episcopis
3003 2322 3164 2377 quam
3194 2306 3438 2376 tyrannis
3469 2306 3558 2376 qui
3588 2320 3724 2376 prae-

2130 2404 2429 2462 cesserant,
2464 2412 2604 2467 pene
2636 2394 2808 2450 fuerat
2838 2402 2949 2449 tota
2970 2403 3329 2465 consumpta;
3362 2394 3503 2449 unde
3523 2394 3721 2448 multas

2131 2484 2335 2538 ibidem
2360 2484 2519 2539 etiam
2542 2483 2834 2538 necessarii
2857 2484 3029 2539 victus
3049 2483 3257 2553 inopias
3278 2498 3378 2553 per
3400 2482 3581 2553 plures
3600 2497 3725 2552 per-

2130 2572 2249 2626 tulit
2281 2588 2472 2637 annos,
2517 2587 2582 2627 eo
2631 2572 2778 2642 quod
2808 2587 2909 2625 nec
2940 2570 3139 2626 illicitis
3168 2570 3529 2626 contractibus
3559 2570 3722 2639 (sicut

2132 2661 2374 2731 pluribus
2404 2676 2524 2715 mos
2555 2661 2659 2730 est)
2682 2676 2808 2714 suas
2837 2659 3165 2731 indigentias
3196 2659 3454 2730 supplere
3483 2658 3717 2725 volebat,

2131 2757 2185 2804 et
2214 2757 2479 2813 mutuare,
2516 2748 2659 2803 unde
2689 2748 2946 2803 redderet
2975 2764 3085 2803 non
3124 2748 3329 2802 habere
3360 2763 3420 2801 se
3449 2746 3719 2820 cogitans,

2130 2838 2351 2893 minime
2394 2836 2784 2907 praesumebat.
2844 2837 3046 2892 Verum
3094 2843 3171 2890 tot
3215 2843 3268 2890 et
3307 2843 3455 2890 tanta
3484 2834 3725 2906 suscepti

2130 2926 2318 2998 populi
2347 2926 2477 2982 vitia
2506 2926 2592 2981 vel
2622 2932 2865 2996 peccata,
2916 2931 3114 2996 quanta
3154 2924 3429 2996 vigilantia
3458 2924 3723 2995 quibusve

2132 3014 2537 3087 praedicationis
2548 3022 2600 3069 et
2620 3013 2921 3085 disciplina
2937 3012 3172 3085 ﬂagellis
3193 3019 3511 3084 persecutus
3527 3011 3688 3067 fuerit
3706 3030 3720 3078 ;

2132 3120 2268 3176 quos
2297 3103 2500 3159 ibidem
2529 3102 2769 3169 labores,
2802 3117 2939 3174 quos
2959 3101 3263 3168 discursus,
3290 3116 3495 3171 quasve
3517 3100 3724 3156 sollici-

2132 3192 2346 3247 tudines
2366 3189 2714 3262 insumpserit
2737 3209 2753 3257 ;
2785 3189 3140 3262 quaejejunia,
3169 3204 3306 3261 quas
3324 3188 3553 3260 vigilias,
3579 3203 3718 3261 quas

2130 3280 2486 3352 psalmodias,
2519 3296 2654 3351 quos
2686 3278 2940 3352 gemitus,
2977 3294 3112 3350 quas
3138 3294 3352 3349 preces,
3376 3293 3620 3350 quosque
3642 3277 3728 3332 la-

2131 3384 2444 3439 crymarum
2492 3368 2722 3433 imbres,
2766 3368 2835 3421 ad
2865 3366 3263 3437 propitiandum
3291 3381 3392 3437 pro
3423 3366 3503 3420 eis
3532 3365 3722 3421 Domi-

2132 3474 2281 3522 num,
2312 3466 2543 3528 paterna
2573 3472 2669 3526 pro
2709 3456 2787 3511 eis
2828 3455 3209 3526 compassione
3258 3453 3578 3526 profuderit,
3612 3470 3721 3509 non
3746 3476 3758 3483 -

2133 3555 2216 3600 est
2244 3554 2443 3601 nostra:
2469 3544 2739 3600 facultatis
2769 3543 3044 3599 evolvere.
3079 3543 3185 3598 Sed
3218 3558 3339 3608 nec,
3375 3542 3493 3614 quis
3519 3558 3582 3597 ex
3606 3552 3723 3597 tan-

2133 3635 2200 3689 tis
2219 3634 2498 3689 laboribus
2520 3633 2829 3704 provenerit
2850 3632 3074 3697 fructus,
3095 3632 3296 3688 nostris
3319 3630 3515 3702 exponi
3536 3630 3721 3685 verbis

2134 3732 2225 3777 aut
2255 3730 2433 3793 potest
2462 3730 2553 3777 aut
2592 3737 2727 3791 Opus
2756 3730 2855 3787 est,
2889 3737 3011 3776 cum
3042 3736 3223 3775 rerum
3256 3720 3309 3774 in
3334 3719 3526 3773 melius
3555 3719 3724 3773 mani-

2134 3811 2269 3865 festa
2298 3811 2522 3866 mutatio
2552 3810 2787 3881 idipsum
2826 3808 3167 3866 cernentium
3197 3808 3477 3865 evidenter
3507 3807 3721 3880 ingerat

2134 3899 2326 3954 oculis.

2744 4092 2967 4147 CAPUT
2998 4092 3091 4146 III.

2137 4218 2500 4273 Monachum:
2523 4216 2911 4273 Cluniacensis
2939 4231 3042 4287 per
3071 4231 3310 4287 annum.
3348 4216 3626 4287 Frequens
3658 4216 3724 4270 in

2206 4288 2509 4344 Carthusia
2540 4304 2669 4343 cum
2702 4288 2755 4343 S.
2791 4286 3052 4341 Brun’one
3080 4290 3137 4341 et
3177 4286 3309 4340 aliis
3349 4286 3719 4342 conversatio.

2204 4360 2357 4415 Inter
2386 4359 2722 4431 aﬂlictiones
2753 4356 2965 4412 donum
2999 4358 3405 4427 lucri/marum.

2206 4532 2289 4581 10.
2325 4529 2445 4597 Ipse
2490 4543 2621 4582 vero
2662 4526 2896 4594 interim,
2946 4534 3305 4597 pennatorum
3351 4525 3407 4580 in
3438 4526 3721 4582 Ezechiele

2133 4615 2461 4681 animalium,
2511 4630 2694 4670 coram
2744 4630 2843 4670 sua
2892 4631 3109 4686 semper
3153 4614 3289 4670 facie
3330 4614 3719 4686 gradientium,

2133 4704 2351 4758 sedulus
2380 4703 2637 4767 imitator,
2673 4719 2795 4758 sese
2824 4710 2947 4757 ante
2980 4719 3038 4758 se
3069 4719 3293 4773 ponere,
3326 4711 3377 4758 et
3407 4720 3502 4757 sua
3529 4702 3613 4758 vel
3632 4719 3726 4773 pe-

2133 4792 2303 4848 ricula
2334 4792 2420 4847 vel
2466 4792 2744 4861 profectus
2791 4792 2974 4845 subtili
3024 4791 3422 4847 examinatione
3452 4791 3725 4846 discutere

2134 4897 2239 4935 non
2272 4880 2542 4936 cessabat.
2577 4880 2961 4949 Contemplans
2989 4880 3169 4950 itaque
3200 4895 3353 4933 suam
3385 4879 3469 4933 vel
3490 4887 3720 4944 aetatem,

2134 4969 2218 5023 vel
2248 4985 2461 5023 morum
2491 4968 2953 5038 imperfectionem
2976 4968 3052 5038 (in
3074 4984 3234 5039 quam
3255 4967 3527 5037 precipue
3550 4984 3723 5038 usque

2132 5058 2199 5111 ad
2230 5065 2459 5111 mortem
2504 5056 2701 5111 mentis
2732 5057 2919 5111 oculos
2950 5056 3184 5109 intentos
3223 5064 3277 5110 et
3303 5056 3421 5125 ipse
3452 5056 3639 5109 habuit
3669 5063 3722 5109 et

2133 5145 2269 5200 alios
2318 5145 2515 5200 habere
2563 5145 2855 5214 persuasit)
2902 5151 2955 5198 et
3004 5144 3240 5213 suscepti
3284 5143 3498 5213 pondus
3536 5141 3719 5206 oﬂicii,

2133 5233 2362 5288 necdum
2390 5232 2599 5288 duobus
2629 5241 2751 5303 post
2782 5231 3245 5287 consecrationem
3279 5231 3511 5301 expletis
3541 5230 3718 5296 annis,

2133 5426 2212 5475 ep.
2241 5413 2489 5528 Lucensigs,
2537 5426 2563 5462 a
2600 5412 2739 5462 nobis
2765 5412 2913 5473 edita,
2944 5412 3004 5463 ad
3027 5412 3159 5463 diem
3198 5411 3262 5461 18
3303 5409 3482 5470 Martii,
3530 5409 3721 5473 potissi-

2134 5491 2265 5528 mum
2290 5492 2398 5528 can.
2463 5515 2474 5528 .
3412 5510 3421 5525 .

2134 5491 2265 5530 mum
2290 5492 2398 5545 cap.
2425 5491 2474 5528 2.
