3978 6050
328 223 433 275 ’769

1386 216 1551 272 VITA
1590 214 1645 271 S.
1688 212 2006 270 HUGONIS
2045 211 2563 273 GRATIANOPOL.

3517 226 3623 281 770

328 338 649 411 contemptis
683 337 955 404 omnibus,
990 338 1145 394 Casa:
1173 338 1273 394 Dei
1311 338 1426 408 (1'7)
1455 336 1659 393 ordinis
1701 335 1989 395 Clunia-A
2023 337 2197 392 Deum
2257 354 2369 394 suae
2424 338 2725 410 dignationi
2772 339 3140 397 habitaculum
3191 351 3619 420 construentem,

329 428 509 485 censis
539 427 708 483 factus
755 435 837 483 est
867 427 1164 483 monachus
1199 443 1213 481 :
1245 424 1321 481 ibi
1352 425 1553 497 quippe
1592 426 1768 494 majus
1796 434 1925 480 tunc

328 516 683 588 pauperitatis
729 524 783 571 et
830 515 1148 570 humilitatis
1198 513 1435 569 studium
1481 513 1776 569 visebatur.
1821 513 1925 568 Ubi

330 612 666 670 sanctorum,
716 619 946 675 quorum
990 602 1194 657 ibidem
1242 602 1431 658 aderat
1477 602 1652 672 copia,
1688 601 1924 655 virorum

326 708 624 748 succensus
644 692 926 762 exemplis,
948 706 1150 762 eosque
1173 691 1305 756 suis,
1333 706 1643 762 quanquam
1663 688 1919 755 novitius,

326 796 435 836 non
466 780 640 835 minus
683 781 799 851 ipse
843 780 1203 845 succendens,
1233 795 1435 834 annum
1463 778 1630 844 fecit;
1665 794 1787 833 cum
1819 793 1923 832 cae-

327 869 461 924 teris
508 867 684 933 bonis,
740 876 853 923 tum
902 868 1173 939 praecipue
1232 868 1531 922 humilitate
1589 868 1766 935 (cujus
1806 881 1921 936 prae

325 955 535 1013 cunctis
564 956 854 1011 virtutibus
876 964 1109 1012 sectator
1137 956 1337 1012 exstitit
1358 955 1690 1025 indefessus)
1712 953 1922 1010 cunctis

326 1044 595 1099 amabilis.
633 1045 713 1099 Ita
740 1060 973 1116 namque
1003 1060 1125 1100 sese
1146 1045 1375 1115 gerebat
1395 1051 1454 1098 ut
1473 1051 1788 1099 cunctorum
1808 1041 1923 1095 imi-

324 1133 525 1189 tatione
555 1132 764 1204 pariter
792 1141 845 1188 et
872 1134 1218 1188 veneratione
1255 1132 1455 1204 dignus
1486 1131 1759 1187 existeret.
1794 1131 1921 1185 Post

324 1221 429 1277 hoc
460 1228 711 1294 cogente,
745 1220 835 1292 qui
868 1236 926 1276 se
948 1228 1272 1288 sacraverat,
1297 1227 1595 1275 memorato
1615 1219 1761 1274 sedis
1781 1233 1919 1288 apo-

329 1308 539 1365 stolicae
582 1309 817 1380 praesule
865 1309 1135 1381 Gregorio
1164 1308 1414 1379 septimo,
1448 1308 1516 1362 ad
1546 1307 1917 1378 episcopatum

325 1412 358 1451 a
388 1397 741 1463 monasterio,
774 1411 880 1468 quo
920 1396 1135 1452 fervens
1160 1395 1476 1465 intraverat,
1509 1394 1807 1451 ferventior
1837 1402 1919 1449 est

322 1500 598 1550 reversus,
650 1500 716 1540 ex
746 1484 906 1539 unius
936 1485 1064 1539 anni
1096 1483 1286 1538 studiis
1318 1491 1463 1538 tanta
1491 1482 1703 1539 virtutis
1733 1482 1917 1537 incre-

323 1582 511 1630 menta
540 1580 848 1645 reportans,
882 1580 1083 1644 quanta
1113 1572 1181 1627 de
1202 1572 1472 1627 diuturnae
1491 1572 1615 1627 vita
1637 1570 1918 1626 laboribus

320 1661 409 1717 vix
441 1661 681 1717 assolent
724 1658 917 1727 multii
944 1676 1045 1732 pro
1094 1660 1336 1717 claustro
1374 1660 1913 1730 circumspectionem
1937 1685 1990 1745 B

320 1751 527 1807 habens
557 1750 907 1823 pervigilem,
941 1765 1047 1821 qua
1075 1764 1185 1805 non
1215 1756 1418 1803 tantum
1451 1748 1532 1803 sui
1563 1764 1757 1803 sensus
1786 1762 1915 1804 cor-

321 1838 490 1909 poris,
543 1838 641 1894 sed
689 1845 741 1893 et
772 1837 1114 1911 cognitiones
1145 1836 1528 1909 comprimeret
1565 1836 1783 1901 cordis;
1816 1851 1917 1906 pro

328 1926 530 1982 abbate
569 1925 853 1995 justitiam,
904 1942 935 1981 a
963 1926 1115 1994 cujus
1160 1925 1433 1980 mandatis
1481 1939 1584 1980 nec
1637 1924 1916 1994 prosperis

326 2029 567 2087 unquam
596 2014 769 2085 potuit
798 2028 901 2071 nec
931 2014 1180 2070 adversis
1210 2013 1441 2079 abduci;
1474 2028 1576 2082 pro
1606 2027 1917 2084 congrega-

321 2102 467 2157 tione
490 2110 669 2157 autem
690 2101 984 2175 religiosos
1006 2101 1243 2174 (quibus,
1268 2107 1492 2172 propter
1510 2100 1645 2155 illud
1676 2117 1689 2154 :
1726 2122 1748 2147 «
1783 2100 1916 2155 Cum

322 2197 512 2246 sancto
541 2198 760 2246 sanctus
791 2190 921 2258 eris,
953 2197 1007 2246 et
1035 2205 1157 2247 cum
1189 2189 1308 2245 viro
1338 2189 1625 2244 innocente
1654 2188 1916 2243 innocens

325 2278 437 2333 eris
480 2277 554 2351 [II
597 2281 725 2349 Reg.
772 2293 920 2345 xxn,
964 2277 1074 2350 26],
1113 2299 1137 2327 ι
1170 2293 1357 2333 carere
1400 2291 1681 2347 nunquam
1728 2275 1919 2345 voluit)

321 2368 521 2435 socios,
574 2367 683 2423 imo
735 2374 900 2423 totam
942 2365 1325 2422 universaliter
1374 2364 1700 2431 Ecclesium,
1755 2379 1916 2434 quam

323 2460 435 2509 tam
476 2454 703 2511 sincerae
734 2454 1041 2511 dilectionis
1086 2454 1551 2526 complectebatur
1598 2452 1812 2518 affectu,
1860 2459 1917 2506 ut

318 2544 439 2611 ejus
468 2559 572 2599 nec
617 2543 852 2599 adversa
902 2559 1001 2599 nec
1050 2558 1317 2614 prospera
1362 2541 1701 2598 inconcussis
1731 2548 1916 2611 posset

317 2630 559 2687 tolerare
578 2631 896 2688 visceribus.
918 2632 1061 2688 Nam
1076 2632 1231 2700 juxta
1252 2631 1381 2686 illud
1405 2628 1653 2701 Apostoli
1688 2647 1701 2683 :
1730 2650 1752 2679 ι
1780 2628 1915 2697 Quis

319 2717 646 2787 infirmatur,
678 2728 731 2775 et
761 2735 867 2793 ego
895 2735 1005 2775 non
1027 2718 1273 2775 intirmor
1291 2719 1320 2773 τ
1352 2719 1474 2791 quis
1491 2717 1910 2783 scandalizatur,

318 2814 372 2862 et
401 2822 507 2879 ego
535 2823 645 2863 non
674 2807 840 2863 uror?
864 2828 887 2857 ι
920 2808 995 2877 (II
1022 2806 1143 2863 Cor.
1170 2822 1249 2873 ιι,
1275 2809 1388 2878 29),
1414 2822 1635 2878 semper
1654 2805 1916 2862 Ecclesia:

312 2903 363 2949 et
395 2895 673 2951 lzetabatur
699 2895 978 2968 prosperis
1006 2903 1060 2952 et
1089 2895 1443 2967 torquebatur
1470 2894 1739 2951 adversis.

384 2986 471 3039 11.
506 2984 567 3038 In
594 2984 681 3039 his
712 2983 928 3056 agebat,
979 2991 1032 3039 et
1078 2998 1208 3040 ecce
1239 2983 1411 3039 tribus
1442 2984 1675 3039 necdum
1704 2982 1761 3037 in
1792 2982 1913 3054 epi-

318 3080 568 3143 scopatu,
601 3080 723 3144 post
748 3042 1087 3128 “monasterii
1133 3073 1385 3139 reditum,
1417 3071 1703 3142 completis
1731 3071 1907 3137 annis,
1937 3042 1983 3103 Ο

319 3160 477 3215 adest
506 3160 771 3233 magister
802 3162 988 3216 Bruno
1017 3162 1150 3232 (18),
1184 3160 1268 3216 vir
1292 3159 1559 3232 religione
1581 3158 1911 3231 scientiaque

320 3248 584 3315 famosus,
635 3249 933 3306 honestatis
986 3257 1037 3304 et
1084 3248 1370 3321 gravitatis
1399 3263 1465 3303 ac
1493 3247 1658 3303 totius
1688 3247 1910 3301 maturi-

317 3337 440 3391 tatis
489 3336 645 3408 quasi
694 3337 971 3409 quoddam
1020 3337 1386 3392 simulacrum.
1434 3335 1679 3391 Habebat
1729 3343 1911 3390 autem

315 3424 499 3480 socios
527 3424 851 3498 magistrum
877 3426 1213 3481 Landuinum
1245 3425 1361 3497 (qui
1391 3432 1515 3496 post
1535 3440 1660 3479 eum
1683 3424 1912 3478 Carthu-

325 3513 420 3569 βίω
458 3513 610 3584 prior
648 3515 894 3584 exstitit),
947 3516 1084 3571 duos
1128 3514 1449 3585 Stephanos,
1491 3514 1831 3585 Burgensem
1860 3521 1913 3567 et

318 3600 576 3657 Diensem
605 3601 683 3673 (hi
717 3602 773 3657 S.
806 3601 927 3659 Rufi
958 3604 1070 3673 (l9)
1102 3602 1349 3659 canonici
1376 3601 1608 3667 fuerant,
1644 3601 1743 3656 sed
1771 3600 1912 3656 desi-

314 3688 467 3744 derio
496 3689 621 3745 vita:
672 3690 927 3746 solitaria
973 3691 1042 3759 ei,
1085 3690 1282 3746 abbate
1329 3690 1564 3755 favente,
1618 3705 1741 3745 sese
1780 3705 1911 3744 con-

312 3778 652 3847 junxerant),
703 3778 989 3850 Hugonem
1040 3779 1225 3847 etiam,
1258 3794 1419 3850 quem
1450 3778 1911 3851 cognominabant

315 3865 689 3936 Capellanum,
722 3867 963 3940 eo.quod
995 3866 1145 3922 solus
1174 3883 1241 3922 ex
1267 3867 1348 3923 eis
1376 3867 1678 3923 sacerdotis
1708 3866 1908 3937 funge-

314 3961 467 4009 retur
493 3952 703 4021 oﬂicio;
737 3955 877 4010 duos
905 3955 1090 4021 laicos,
1125 3971 1263 4027 quos
1292 3956 1631 4026 appellamus
1664 3956 1909 4010 Conver-

311 4058 425 4109 sos,
449 4042 722 4098 Andream
748 4051 800 4098 et
821 4043 1141 4099 Guarinum.
1163 4042 1491 4112 Quaerebant
1512 4052 1693 4099 autem
1734 4044 1909 4099 locum

313 4130 607 4187 eremiticae
636 4131 761 4187 vitae
807 4146 1128 4202 congruum,
1179 4131 1521 4203 necdumque
1566 4138 1905 4202 repererunt.

314 4218 430 4273 Hac
458 4234 591 4291 ergo
637 4235 755 4291 spe,
788 4220 949 4275 simul
981 4227 1032 4274 et
1064 4220 1219 4275 suavi
1250 4228 1453 4277 sanctae
1479 4219 1909 4276 conversationis

311 4307 431 4373 ejus
461 4308 631 4363 odore
676 4308 940 4374 trahente,
992 4308 1065 4363 ad
1112 4308 1289 4363 virum
1347 4316 1589 4363 sanctum
1620 4315 1904 4363 venerunt.

2027 426 2213 481 stellas
2234 428 2394 482 etiam
2417 436 2626 498 septem
2650 429 2900 483 ducatum
2925 429 3027 483 sibi
3050 440 3372 500 praestantes
3390 436 3618 495 itineris.

2025 516 2194 569 Erant
2222 532 2354 571 vero
2404 524 2456 572 et
2502 516 2557 569 hi
2601 524 2829 587 septem.
2883 517 3227 591 Quapropter
3253 538 3361 577 non
3392 525 3620 582 istorum

2026 611 2254 669 tantum,
2288 604 2385 658 sed
2416 611 2467 659 et
2496 605 2588 675 qui
2618 614 2996 661 successerunt
3018 608 3116 675 eis,
3136 610 3360 666 consilia
3386 613 3624 673 libenter

2024 691 2302 761 amplexus
2333 699 2434 757 est,
2480 701 2532 747 et
2561 709 2734 764 usque
2764 694 2832 747 ad
2863 703 3092 751 mortem
3127 697 3423 757 Carthusia:
3455 704 3615 760 habi-

2025 786 2226 834 tatores
2256 780 2495 835 consiliis
2524 780 2657 835 fovit
2686 797 2906 851 semper
2934 791 2985 837 et
3014 784 3314 842 beneﬁciis.

2096 871 2182 923 l2.
2216 868 2362 923 Licet
2403 884 2535 925 vero
2582 876 2635 923 et
2663 868 2815 939 prius
2848 870 3015 925 divini
3048 876 3251 929 amoris
3280 884 3421 933 totus
3450 880 3613 937 arde-

2022 962 2107 1009 ret
2136 955 2424 1025 incendiis,
2458 972 2566 1011 non
2597 958 2752 1012 aliter
2768 966 2947 1013 tamen
2966 960 3033 1014 ad
3055 961 3356 1033 disciplinae
3376 968 3615 1025 caelestis

2022 1044 2283 1099 exercitia
2328 1060 2517 1099 eorum
2566 1046 2829 1116 exemplis
2872 1056 2923 1101 et
2964 1048 3327 1109 familiaritate
3356 1054 3614 1113 inferbuit

2024 1146 2184 1201 quam
2214 1132 2260 1187 si
2289 1132 2588 1187 flammanti
2622 1133 2858 1204 quisfaci
2878 1134 3063 1205 plures
3085 1138 3454 1212 circumponat
3476 1145 3611 1202 alias

2021 1219 2297 1275 ardentes.
2346 1222 2479 1275 Erat
2516 1237 2639 1275 cum
2686 1222 2785 1289 eis,
2834 1238 2943 1278 non
2981 1232 3038 1278 ut
3085 1226 3337 1284 dominus
3368 1239 3458 1285 aut
3488 1234 3610 1305 epi-

2021 1322 2239 1378 sc0pus,
2294 1309 2390 1363 sed
2437 1318 2493 1363 ut
2540 1309 2720 1364 socius
2762 1318 2814 1365 et
2861 1311 3032 1366 frater
3075 1314 3425 1386 humillimus,
3459 1330 3512 1376 et
3540 1323 3611 1379 ad

2020 1404 2357 1463 cunctorum,
2392 1404 2652 1468 quantum
2683 1398 2737 1451 in
2767 1398 2886 1469 ipso
2916 1408 3055 1465 erat,
3087 1402 3348 1476 obsequia
3376 1410 3611 1477 paratis-

2022 1485 2210 1549 simus,
2235 1485 2371 1539 adeo
2388 1493 2447 1539 ut
2465 1486 2548 1540 vir
2569 1486 2898 1540 venerabilis
2921 1487 3281 1559 Guilhelmus,
3309 1495 3461 1564 prior
3484 1506 3612 1556 tunc

2021 1573 2076 1628 S.
2112 1574 2400 1641 Laurentii,
2433 1581 2619 1644 postea
2651 1575 2708 1628 S.
2742 1574 3034 1630 Theofredi
3064 1578 3177 1650 (20)
3206 1579 3394 1651 abbas,
3427 1587 3612 1658 magi-

2022 1669 2134 1715 stro
2165 1662 2402 1717 Brunoni
2427 1662 2587 1716 etiam
2614 1661 2732 1731 ipse
2762 1662 3017 1733 religiosa
3046 1666 3334 1725 devotione
3364 1687 3472 1727 non
3493 1690 3608 1732 me-

2019 1750 2279 1807 diocriter
2315 1749 2585 1822 alligatus,
2628 1751 2685 1803 B.
2731 1751 2978 1823 Hugonis
3026 1755 3431 1815 contubernalis
3474 1762 3611 1832 (bini

2019 1839 2219 1909 quippe
2258 1846 2387 1894 tunc
2428 1854 2528 1909 per
2574 1838 2817 1911 singulas
2866 1839 3241 1899 inhabitabant
3269 1847 3436 1904 cellas
3465 1853 3609 1922 apud

2016 1928 2335 1998 magistrum
2388 1927 2737 1995 Brunonem),
2785 1943 2893 1982 non
2940 1928 3132 1986 leviter
3180 1947 3610 2007 conquereretur

2017 2011 2163 2082 quod
2191 2027 2331 2081 pene
2360 2011 2557 2076 omnia,
2590 2012 2660 2066 ad
2693 2012 3047 2069 humilitatem
3093 2021 3415 2087 spectantia,
3462 2024 3607 2082 intra

2017 2099 2209 2154 cellam
2227 2098 2331 2153 sibi
2347 2100 2666 2170 praeriperet
2682 2100 2857 2157 oﬂicia
2873 2120 2887 2168 ;
2906 2110 2957 2158 et
2978 2104 3265 2176 episcOpus
3277 2124 3385 2164 non
3398 2126 3604 2182 secum,

2017 2187 2205 2242 saltem
2234 2196 2291 2242 ut
2323 2188 2523 2253 socius,
2558 2188 2657 2243 sed
2685 2190 2866 2259 potius
2896 2202 3314 2250 conversaretur
3342 2206 3400 2252 ut
3428 2199 3607 2258 famu-

2015 2276 2117 2340 lus,
2150 2290 2259 2331 non
2288 2275 2451 2331 licere
2481 2276 2582 2330 sibi
2602 2276 2773 2332 tristis
2793 2294 3049 2335 asserens
3069 2296 3133 2335 ex
3156 2284 3446 2341 servilibus
3468 2304 3606 2361 ope-

2015 2363 2168 2418 ribus
2199 2364 2492 2435 quidquam
2537 2365 2823 2436 attingere,
2870 2383 2992 2437 quae
3013 2369 3165 2436 juxta
3195 2387 3400 2429 morem
3432 2376 3606 2434 debe-

2016 2452 2142 2506 bant
2172 2469 2273 2522 per
2301 2454 2446 2527 vices
2488 2452 2720 2521 efﬁcere,
2762 2470 2827 2509 eo
2876 2455 2980 2509 sibi
3018 2466 3207 2513 cuncta
3236 2464 3604 2534 prmripiente.

2016 2541 2075 2594 In
2104 2548 2308 2595 tantum
2338 2549 2517 2597 autem
2546 2558 2785 2597 eremum
2817 2543 3049 2599 devotus
3069 2545 3342 2605 incolebat
3364 2554 3602 2624 sedulus,

2014 2636 2073 2683 ut
2102 2645 2225 2684 eum
2254 2630 2520 2700 magister
2548 2631 2728 2685 Bruno
2757 2646 3145 2705 nonnunquam
3177 2638 3328 2694 exire
3358 2644 3605 2713 compel-

2012 2716 2193 2773 leret:
2230 2740 2252 2765 α
2298 2718 2391 2783 Ite,
2439 2716 2647 2784 dicens,
2696 2718 2770 2773 ite
2815 2720 2885 2774 ad
2931 2736 3065 2777 oves
3112 2733 3362 2795 vestras;
3394 2730 3601 2803 eisque,

2012 2805 2155 2876 quod
2190 2805 2419 2871 debetis,
2455 2806 2736 2862 exsolvite.
2774 2827 2796 2857 ι
2831 2809 2912 2862 Eo
2944 2817 3206 2882 tempore,
3232 2830 3445 2888 magum
3467 2835 3603 2889 pau-

2013 2894 2235 2963 pertatis
2265 2902 2318 2950 et
2343 2894 2658 2949 humilitatis
2688 2895 2887 2952 ardore
2920 2915 3235 2968 succensus,
3271 2905 3437 2960 voluit
3459 2910 3607 2979 equi-

2014 2989 2218 3038 taturas
2249 2998 2373 3037 suas
2403 2991 2623 3039 cunctas
2660 2984 2917 3053 vendere,
2969 2994 3041 3055 et,
3070 2989 3247 3046 diviso
3278 2997 3605 3065 pauperibus

2014 3072 2209 3141 pretio,
2241 3071 2480 3141 propriis
2509 3071 2742 3141 pedibus
2775 3073 2829 3126 in
2860 3075 3245 3143 praedicatione
3272 3081 3601 3143 discurrere.

2014 3158 2121 3213 Sed
2150 3160 2316 3213 homo
2360 3159 2611 3229 profundi
2642 3160 2844 3228 cordis,
2878 3164 3139 3236 magister
3167 3168 3346 3225 Bruno
3377 3173 3601 3243 scilicet,

2013 3248 2167 3316 cujus
2196 3247 2441 3302 consiliis
2473 3264 2581 3302 non
2602 3248 2763 3304 aliter
2781 3267 2941 3321 quam
2958 3256 3247 3325 praeceptis
3268 3258 3625 3332 obtempera-_

2013 3334 2102 3389 bat
2130 3335 2364 3401 abbatis,
2398 3352 2508 3390 non
2539 3338 2834 3404 consensit,
2869 3339 3067 3396 timens
3088 3360 3156 3399 ne
3173 3346 3316 3416 apud
3338 3364 3397 3403 se
3416 3348 3603 3407 forsan

2013 3424 2381 3491 extolleretur,
2432 3432 2522 3479 aut
2549 3440 2583 3479 a
2610 3426 2819 3480 caeteris
2858 3427 2927 3483 de
2967 3430 3343 3501 singularitate
3387 3439 3604 3507 judica-

2012 3520 2160 3569 retur
2188 3513 2478 3583 episcopis,
2511 3521 2602 3568 aut
2632 3515 2801 3586 (quod
2824 3515 3050 3572 dubium
3071 3536 3177 3575 non
3202 3524 3338 3594 erat)
3368 3524 3604 3598 idipsum

2010 3609 2232 3671 propter
2260 3601 2610 3671 asperitatem
2649 3610 2702 3657 et
2730 3603 3154 3675 inaequalitatem
3183 3610 3431 3668 itinerum
3464 3629 3601 3671 con-

2012 3704 2283 3745 summare
2314 3705 2421 3745 non
2450 3699 2654 3761 posset.
2950 3758 2953 3763 _

2086 3782 2170 3831 t3.
2202 3778 2423 3833 Factum
2472 3787 2555 3834 est
2595 3787 2799 3848 autem,
2850 3791 2927 3848 ut,
2959 3784 3088 3839 dum
3120 3789 3443 3859 contemptis
3476 3805 3601 3847 car-

2010 3865 2241 3932 nalibus,
2277 3867 2577 3937 spiritualia
2624 3869 2740 3924 zelo
2771 3869 3100 3927 ferventiore
3130 3882 3452 3943 sectaretur,
3487 3896 3603 3950 pra:

2010 3955 2191 4009 nimiis
2220 3955 2442 4027 vigiliis,
2472 3956 2692 4024 jejuniis
2720 3966 2774 4013 et
2803 3958 3148 4028 lectionibus,
3184 3966 3523 4023 orationibus
3552 3977 3607 4025 et

2010 4043 2466 4111 meditationibus,
2510 4054 2563 4100 et
2606 4045 2829 4117 reliquis
2872 4049 3047 4104 sacris
3097 4054 3601 4129 exercitationibus,

2011 4131 2205 4202 capitis
2234 4140 2287 4185 et
2318 4132 2583 4187 stomachi
2627 4135 3013 4205 gravissimam
3042 4138 3320 4197 decideret
3349 4144 3405 4196 in
3432 4146 3604 4217 aegri-

2012 4218 2270 4285 tudinem,
2314 4221 2468 4288 cujus
2516 4221 2783 4277 molestiis
2832 4232 2884 4279 et
2932 4226 3293 4295 cruciatibus,
3326 4232 3474 4286 omni
3498 4232 3606 4290 fide

2012 4306 2470 4377 frequentioribus
2518 4316 2570 4363 et
2624 4310 2946 4377 acrioribus,
2996 4329 3096 4383 per
3138 4317 3493 4389 quadraginta
3533 4321 3605 4378 ad

310 4393 463 4462 Quos
491 4394 581 4450 ille
614 4411 722 4452 non
753 4396 927 4452 solum
947 4404 1229 4467 gratanter
1252 4397 1348 4453 sed
1371 4404 1425 4452 et
1445 4404 1765 4452 reverenter
1785 4412 1905 4450 sus—
1934 4394 1987 4453 D
2010 4395 2189 4449 minus
2218 4411 2410 4462 annos,
2444 4397 2623 4467 quoad
2652 4398 2803 4467 vixit,
2835 4415 3182 4472 nequaquam
3213 4407 3404 4475 caruit,
3440 4416 3604 4482 atque

311 4483 474 4553 cepit,
509 4485 779 4551 tractavit,
813 4493 867 4541 et
896 4485 1005 4541 voti
1034 4493 1313 4556 compotes
1343 4484 1487 4540 fecit.
1520 4486 1645 4555 Ipso
1673 4500 1907 4555 namque

309 4571 649 4639 consulente,
689 4574 931 4641 juvante,
977 4574 1285 4639 comitante,
1323 4574 1624 4629 Carthusiae
1653 4572 1907 4628 solitudi-

308 4674 437 4713 nem
465 4659 803 4717 intraverunt
847 4670 1008 4734 atque
1038 4669 1439 4717 exstruxerunt.
1474 4662 1695 4717 Viderat
1725 4668 1906 4715 autem

305 4746 451 4801 circa
482 4746 537 4802 id
586 4754 799 4827 tempus
847 4765 945 4820 per
991 4749 1265 4805 somnium
1306 4749 1363 4802 in
1392 4749 1583 4804 eadem
1617 4748 1908 4803 solitudine

380 4921 485 4986 (l7)
511 4926 751 4976 Casa-Dei
793 4928 1141 4978 monasterium
1182 4928 1231 4978 in
1276 4926 1535 4985 Arvernia,
1580 4923 1833 4975 fundatum
1878 4938 1907 4975 a

308 4993 360 5040 8.
388 4990 596 5042 Roberto
620 4993 778 5055 primo
802 4993 979 5044 ibidem
1006 4996 1205 5056 abbate,
1251 4997 1439 5044 mortuo
1480 5005 1605 5043 anno
1654 4993 1803 5053 1058,
1829 4991 1909 5042 die

308 5062 373 5107 tat
401 5059 607 5122 Aprilis,
637 5059 697 5109 ad
724 5060 861 5121 cujus
887 5062 1008 5111 Acta
1034 5062 1172 5123 plura
1196 5062 1255 5111 de
1294 5060 1374 5110 illo
1417 5059 1716 5109 monasterio
1740 5059 1909 5109 dicun-

309 5128 410 5174 tur.
474 5127 617 5175 Wion
677 5138 933 5189 perperam
993 5129 1045 5178 8.
1106 5129 1357 5189 Hugonem
1408 5127 1621 5190 appellat
1678 5126 1903 5177 abbatem

311 5192 681 5240 Caslesiensem.

382 5192 658 5243 slesiensem
669 5228 681 5240 .

378 5309 626 5374 (18)H:Bc
670 5308 815 5361 latius
867 5312 1146 5361 referuntur
1190 5311 1238 5360 in
1277 5311 1385 5360 Vita
1430 5312 1481 5360 S.
1526 5312 1782 5371 Brunonis,
1845 5310 1905 5359 ad

308 5377 621 5437 60ctobris,
667 5377 783 5427 hinc
826 5377 889 5427 ob
927 5378 1258 5428 sinceritatem
1301 5380 1350 5427 et
1390 5378 1728 5440 antiquitatem
1774 5378 1907 5427 illus-

303 5443 505 5495 tranda.
547 5443 704 5495 Lib.t
745 5444 940 5506 Speculi
982 5444 1289 5507 Carthusiaa,
1333 5455 1440 5506 cap.
1469 5445 1534 5504 5,
1576 5444 1752 5495 dicitur
1780 5463 1802 5486 ι
1848 5446 1901 5495 8.

2009 4484 2084 4537 ita
2112 4485 2180 4539 ad
2210 4484 2378 4554 illum,
2412 4486 2568 4553 cujus
2596 4501 2763 4556 supra
2796 4488 3160 4559 meminimus,
3195 4493 3409 4555 Satanae
3436 4513 3606 4571 ange-

2008 4572 2140 4637 lum,
2174 4588 2282 4643 quo
2310 4572 2661 4643 multiplicius
2691 4574 3063 4645 colaphizatus
3101 4580 3281 4635 minus
3311 4585 3603 4641 extollere-

2010 4669 2116 4727 tur,
2148 4662 2285 4716 alter
2319 4670 2401 4717 est
2448 4662 2682 4717 additus.
2737 4663 3009 4733 Quantum
3055 4676 3237 4723 autem
3279 4672 3365 4725 his
3394 4672 3605 4731 duabus

2010 4748 2405 4817 afﬂictionibus,
2440 4752 2739 4808 tentatione
2766 4753 3024 4811 videlicet
3044 4764 3096 4811 et
3116 4757 3456 4829 aegritudine,
3488 4768 3605 4817 tan-

2008 4927 2146 4987 Hugo
2171 4925 2304 4976 credi
2330 4927 2489 4977 socius
2514 4926 2563 4976 in
2592 4928 2772 4978 scholis
2798 4926 2950 4979 fuisse
2978 4930 3196 4991 magistri
3222 4931 3477 4984 Brunonis.
3507 4955 3530 4979 ι

2078 5019 2180 5082 (19)
2208 5020 2327 5069 Erat
2352 5023 2451 5070 tum
2478 5023 2571 5071 hoc
2596 5024 2648 5071 8.
2675 5021 2783 5074 Ruﬁ
2811 5025 3151 5076 monasterium
3176 5025 3235 5076 ad
3263 5040 3426 5079 muros
3468 5029 3603 5081 urbis

2007 5086 2389 5159 Aveniuncnsis;
2420 5089 2507 5159 sed
2528 5092 2696 5150 postea
2740 5088 2800 5137 ab
2837 5088 3175 5155 Albigensibus
3200 5098 3461 5159 vastatum,
3489 5096 3601 5148 dein

2008 5152 2281 5202 Valentiam
2310 5154 2597 5204 translatum
2623 5160 2712 5207 est.

2074 5247 2177 5308 (9.0)
2228 5249 2576 5299 Monasterium
2620 5252 2672 5299 S.
2720 5253 3011 5317 Theofredi,
3055 5268 3080 5303 a
3125 5256 3185 5305 S.
3220 5256 3454 5307 Calminio
3477 5256 3599 5307 duce

2004 5318 2333 5389 Arvernorum
2360 5318 2691 5389 exstructum,
2720 5331 2802 5389 se_x
2825 5321 2979 5389 leucirs
3001 5321 3151 5389 distat
3175 5323 3323 5373 Rodio
3345 5362 3359 5385 ,
3386 5324 3434 5373 in
3461 5324 3599 5384 cujus

2006 5380 2609 5454 e_s_tdi_mcesi._poluntur
2656 5386 2709 5434 S.
2757 5385 3019 5437 Calminius
3064 5388 3126 5439 19
3164 5380 3397 5454 Augusti,
3442 5392 3491 5440 et
3520 5380 3599 5441 ’8.

2006 5447 2310 5498 Theot‘redus
2334 5448 2397 5497 t8
2420 5451 2544 5511 Aug.
