3978 6050
413 200 510 252 ’771

1231 200 1574 257 GUIGONIS
1622 201 1643 254 Ι
1688 197 2099 256 CARTHUSUE
2144 194 2439 252 MAIORIS
2483 195 2760 252 PRIORIS
2807 196 2871 250 V.

3609 194 3715 247 772

408 339 572 396 quam
600 338 793 377 aurum
820 323 877 377 in
924 324 1167 392 fornace,
1219 326 1479 381 decoctus
1523 333 1685 397 atque
1715 332 1999 395 purgatus,
2024 325 2078 383 A
2106 320 2265 392 gulis,
2300 327 2392 375 aut
2420 319 2667 376 obscuris
2714 327 2805 374 aut
2850 317 3076 374 secretis
3106 315 3241 371 locis
3268 329 3365 370 eas
3394 314 3585 369 audire
3615 331 3706 369 so-

404 413 459 467 in
489 412 823 483 spiritualem
851 428 988 485 erga
1011 414 1182 467 Deum
1223 414 1587 479 devotionem,
1613 422 1665 469 et
1686 413 1741 467 in
1763 413 2002 468 omnium

404 500 729 556 afﬂictorum
750 515 938 557 veram
962 502 1401 572 compassionem
1423 502 1743 569 excreverit,
1768 517 1869 556 nec
1885 501 2003 572 ipse

409 589 586 644 adhuc
616 590 805 644 vivens
836 590 906 644 ad
937 589 1177 660 plenum,
1213 591 1257 644 si
1287 590 1450 646 vellet
1480 591 1662 658 etiam,
1694 598 1881 660 posset
1911 606 2003 644 ex-

406 694 633 749 ponere.
668 677 789 746 Quo
819 678 964 732 enim
1013 694 1110 748 per
1160 678 1276 734 haec
1318 678 1495 749 magis
1541 678 1902 750 afﬂigebatur,
1937 692 2002 733 eo

410 766 784 822 vehementius
814 766 1032 836 spretis,
1069 782 1191 837 qua:
1218 766 1404 821 mundi
1434 774 1578 831 sunt,
1613 767 1668 820 in
1698 768 1890 835 Deum,
1925 783 2004 820 re-

409 855 617 927 fugium
647 869 832 909 verum
864 862 916 909 et
943 854 1182 921 unicum,
1213 862 1355 909 totus
1377 853 1724 921 efferebatur,
1746 854 2001 924 volupta-

408 943 707 1009 teminde,
757 942 894 998 sicut
952 942 1151 1007 aiebat,
1204 950 1350 997 tanto
1397 942 1695 1012 pleniorem
1743 943 2001 997 hauriens

408 1039 572 1103 atque
619 1031 948 1096 suaviorem,
996 1038 1197 1101 quanto
1246 1030 1419 1085 fuerat
1467 1031 1776 1101 angustiam
1805 1046 2001 1100 passus

403 1120 764 1187 acerbiorem,
793 1120 942 1187 juxta
970 1118 1100 1172 illud
1132 1118 1326 1188 psalmi
1359 1136 1372 1173 :
1408 1140 1428 1168 ι
1475 1118 1784 1174 Secundum
1814 1119 2002 1173 multi-

408 1208 650 1263 tudinem
679 1208 930 1263 dolorum
959 1223 1207 1262 meorum
1238 1208 1292 1260 in
1322 1207 1486 1262 corde
1508 1223 1649 1276 meo,
1674 1208 2001 1262 consolatio-

409 1312 507 1351 nes
524 1304 628 1352 tuw
648 1295 1057 1351 laatificaverunt
1078 1296 1318 1349 animam
1340 1311 1517 1349 meam
1535 1296 1649 1364 (Ps.
1666 1310 1820 1362 XCIII,
1843 1297 1951 1364 19).
1974 1320 1995 1343 ιι

407 1384 723 1453 Hujusmodi
775 1384 1101 1438 alteritatum
1153 1384 1268 1454 (21)
1314 1384 1368 1437 in
1416 1400 1482 1438 eo
1530 1384 1600 1437 ad
1640 1382 1801 1438 finem
1829 1400 2002 1455 usque

406 1490 517 1529 non
546 1488 830 1528 cessavere
860 1472 1266 1527 vicissitudines
1291 1490 1305 1537 ;
1338 1487 1484 1526 nunc
1515 1471 1658 1526 enim
1688 1473 1743 1526 in
1764 1488 2001 1542 superna

407 1562 534 1617 totis
565 1561 774 1617 viribus
818 1559 1150 1630 spiritalibus
1193 1560 1392 1615 erectis
1422 1560 1613 1628 oculis,
1648 1561 1916 1632 gustando
1949 1568 2002 1615 et

405 1649 642 1705 videndo
674 1649 932 1719 quoniam
970 1648 1150 1704 suavis
1198 1656 1280 1703 est
1320 1649 1602 1715 Dominus,
1638 1647 2000 1703 ineffabilibus

402 1737 754 1793 recreabatur
816 1736 1064 1808 gaudiis;
1098 1752 1242 1791 nunc
1290 1735 1693 1791 infirmitatibus
1751 1737 1999 1792 humanae

403 1826 643 1897 pondere
664 1825 913 1895 relapsus
934 1824 1005 1879 ad
1025 1825 1199 1889 solita,
1220 1824 1495 1894 prioribus
1515 1841 1625 1879 non
1646 1826 1876 1880 vacabat
1896 1841 1999 1880 an-

403 1914 615 1987 gustiis.
651 1914 950 1984 Utrobique
980 1913 1231 1983 lacryma:
1256 1932 1269 1977 ;
1293 1913 1366 1967 ibi
1396 1929 1495 1983 pro
1525 1914 1745 1985 gaudio,
1783 1913 1870 1969 hic
1899 1930 2000 1985 pro

403 2003 583 2058 taedio.
620 2002 761 2070 Quid
790 2002 985 2071 plura?
1016 2001 1194 2056 Factae
1227 2002 1328 2055 sibi
1358 2001 1573 2056 fuerant
1609 2001 1864 2073 lacrymze
1887 2018 2007 2057 suae.

404 2106 573 2163 panes
602 2091 689 2146 die
715 2104 779 2144 ac
810 2096 968 2144 nocte
994 2107 1009 2154 ;
1042 2105 1150 2143 non
1179 2089 1276 2142 has
1320 2089 1403 2143 illi
1446 2105 1727 2160 prOSpera,
1760 2105 1869 2144 non
1898 2091 1998 2144 has

406 2180 685 2235 siccabant
714 2178 974 2243 adversa;
1006 2177 1093 2233 vix
1117 2177 1324 2249 legere,
1358 2178 1444 2233 vix
1477 2178 1729 2248 psallere,
1763 2178 1853 2234 vix
1882 2178 1998 2233 sine

405 2268 489 2323 his
527 2267 707 2323 divina
736 2265 1000 2321 meditari.
1038 2266 1190 2320 Adeo
1219 2281 1449 2337 namque
1480 2267 1673 2320 harum
1702 2266 1758 2320 in
1802 2281 1867 2320 eo
1898 2282 1997 2321 ex-

405 2363 645 2413 creverat
665 2354 837 2427 gratia
870 2362 927 2408 ut
948 2353 1264 2425 frequenter
1282 2369 1384 2409 nec
1404 2354 1604 2420 edenti,
1630 2354 1733 2408 nisi
1749 2354 1992 2423 frenatm,

404 2447 695 2511 deessent;
730 2442 998 2498 multoties
1030 2443 1172 2497 enim
1210 2459 1308 2513 per
1336 2444 1435 2497 has
1465 2443 1567 2498 sibi
1597 2451 1649 2497 et
1666 2443 1828 2499 sociis
1857 2458 1995 2498 con-

403 2535 625 2599 vivium,
656 2532 893 2587 maxime
923 2531 1129 2603 aliquot
1165 2540 1289 2587 ante
1337 2530 1499 2586 finem
1548 2547 1741 2597 annos,
1772 2531 1860 2588 vel
1887 2532 1994 2586 im-

402 2622 744 2694 pediebatur,
773 2620 859 2676 vel
891 2619 1220 2674 fuscabatur.

477 2712 563 2766 14.
605 2708 849 2764 Habebat
897 2709 1098 2779 quippe
1142 2709 1420 2776 lectorem,
1445 2724 1477 2763 a
1507 2723 1615 2780 quo
1645 2715 1865 2765 sanctos
1893 2724 1993 2765 co-

401 2800 572 2866 dices,
605 2812 835 2869 quorum
864 2812 974 2851 non
1002 2811 1206 2867 paucos
1253 2797 1414 2851 scribi
1444 2796 1666 2864 fecerat,
1700 2805 1752 2852 et
1781 2797 1911 2852 alibi
1942 2805 1994 2852 et

400 2887 671 2959 praecipue
700 2886 803 2940 sibi
833 2886 903 2940 ad
932 2900 1178 2940 mensam
1208 2885 1318 2957 legi
1350 2884 1602 2953 faciebat,
1635 2893 1692 2940 ut
1709 2885 1992 2956 duplicatis

402 2975 611 3032 deliciis
642 2990 763 3030 sese
801 2989 1038 3045 suosque
1087 2973 1377 3045 saginaret.
1429 2975 1670 3045 Cumque
1701 2974 1894 3030 lectori
1922 2975 1990 3029 de

400 3063 603 3119 divinis
633 3063 721 3118 vel
767 3062 1150 3117 severitatibus
1199 3061 1285 3117 vel
1315 3062 1759 3117 miserationibus
1788 3062 1992 3133 aliquid

402 3152 729 3208 occurrisset
757 3151 994 3223 insigne,
1028 3150 1261 3221 idipsum
1293 3150 1376 3205 bis
1407 3158 1497 3205 aut
1525 3159 1608 3205 ter
1637 3150 1820 3206 dicere
1842 3166 1989 3206 com-

342 3275 353 3281 -
397 3240 669 3312 pellebat;
710 3255 811 3295 nec
840 3255 1011 3305 mora,
1047 3238 1274 3309 spiritali
1305 3254 1406 3309 per
1444 3239 1780 3309 Scripturam
1828 3239 1988 3294 volu-

396 3336 543 3399 ptate
591 3335 818 3401 gustata,
858 3327 1139 3383 concussis
1186 3327 1255 3381 ab
1301 3328 1410 3382 imo
1457 3327 1778 3393 visceribus,
1826 3328 1986 3382 tantis

397 3417 760 3487 lacrymarum
826 3415 1211 3470 infundebatur
1276 3415 1496 3488 irriguis
1558 3422 1613 3470 ut
1660 3416 1987 3485 voluptatem

396 3506 597 3562 ventris
628 3512 680 3560 et
708 3504 959 3577 gutturis,
1012 3512 1065 3558 et
1114 3504 1215 3558 sibi
1265 3504 1507 3558 funditus
1553 3504 1790 3571 tolleret,
1833 3511 1884 3558 et
1933 3504 1987 3558 in

395 3595 557 3651 sociis
588 3601 940 3664 temperaret.
990 3593 1182 3648 Edocti
1232 3592 1413 3663 itaque
1459 3608 1555 3662 per
1595 3592 1986 3663 experientiam

394 3684 640 3748 comites,
675 3698 798 3737 cum
830 3681 961 3737 tales
1010 3688 1187 3735 motus
1237 3689 1524 3735 cernerent
1556 3680 1861 3746 imminere,
1895 3681 1983 3734 in-

392 3772 632 3827 nuebant
682 3769 873 3826 lectori
922 3768 1121 3824 cedere
1170 3776 1224 3823 et
1266 3769 1657 3840 aliquantisper
1684 3785 1714 3823 a
1748 3769 1983 3839 legendo

390 3874 632 3927 cessare,
664 3865 721 3912 ut
741 3857 922 3911 taliter
942 3855 1249 3911 molestiam
1274 3858 1415 3910 hanc
1436 3865 1661 3925 possent
1680 3856 1750 3910 ad
1770 3864 1983 3927 tempus

388 3947 684 4002 declinare.
719 3946 872 3999 Hanc
902 3951 1084 3999 autem
1124 3944 1290 3998 divini
1320 3944 1559 3998 muneris
1588 3944 1821 4015 gratiam
1846 3960 1981 4015 pec-

391 4042 623 4095 catores,
672 4033 742 4087 ob
788 4031 1189 4088 confessionem
1250 4033 1317 4086 ad
1370 4048 1496 4087 eum
1544 4033 1845 4099 venientes,
1893 4033 1981 4089 vel

389 4123 624 4178 maxime
659 4120 983 4185 sentiebant,
1008 4120 1305 4176 clementer
1324 4121 1467 4176 enim
1484 4122 1583 4175 hos
1600 4122 1980 4193 humiliterque

391 4210 716 4281 suscipiens,
765 4208 1159 4279 patientissime
1210 4208 1492 4275 audiebat;
1526 4209 1816 4280 aliquando
1844 4209 1979 4265 ﬂens

388 4299 507 4370 ipse
536 4314 658 4354 cum
690 4298 960 4363 ﬂentibus,
994 4297 1287 4368 aliquando
1315 4314 1445 4355 vero
1467 4299 1536 4352 ad
1571 4297 1845 4370 lacrymas
1866 4298 1978 4352 suis

2102 410 2229 464 litus
2259 416 2408 474 erat;
2442 408 2540 463 sed
2569 407 2749 479 potius
2779 408 2871 462 ubi
2901 423 2929 460 a
2950 404 3200 477 pluribus
3230 402 3471 473 conspici
3493 411 3701 473 posset,

2103 506 2155 552 et
2184 513 2372 553 aurem
2401 497 2620 567 quidem
2651 497 2783 551 satis
2815 494 3155 550 familiariter
3201 490 3537 562 applicabat,
3571 506 3702 545 ocu-

2102 586 2273 641 lorum
2306 593 2491 641 autem
2517 585 2573 639 in
2602 584 2829 640 alteram
2857 592 3073 655 partem
3114 580 3361 636 vertebat
3390 587 3694 649 aspectum,

2102 675 2346 729 auditum
2375 673 2568 739 solum,
2602 681 2823 744 propter
2869 671 3097 726 insidias
3136 666 3357 736 diaboli,
3390 667 3698 736 hujusmodi

2101 762 2336 834 negotiis
2367 776 2620 817 asserens
2651 760 3055 832 applicandum.

2743 862 2969 918 CAPUT
3002 860 3093 916 IV.

2175 966 2477 1022 Oculorum
2509 969 2567 1021 et
2594 966 2839 1021 aliorum
2870 979 3139 1089 iezsuum
3164 977 3228 1017 ac
3261 960 3467 1032 lingua
3494 964 3697 1016 sancta

2773 1052 2871 1089 cus
2904 1051 2932 1089 0
2975 1050 3051 1089 ut.

2773 1050 3051 1091 cuswaza.

2174 1128 2260 1180 15.
2292 1126 2613 1181 Praedictam
2645 1139 2871 1179 suorum
2891 1122 3175 1178 oculorum
3198 1119 3496 1175 custodiam
3518 1118 3698 1173 incre-

2100 1213 2250 1267 dibili
2282 1230 2497 1285 semper
2539 1222 2591 1269 et
2638 1213 2843 1284 ubique
2888 1208 3375 1280 circumspectione
3419 1207 3692 1273 servabat,

2098 1301 2175 1355 ita
2209 1309 2267 1355 ut
2312 1317 2436 1358 cum
2481 1308 2729 1372 potentes
2760 1316 2825 1355 ac
2856 1298 3068 1355 nobiles
3098 1297 3357 1352 mulieres
3381 1294 3531 1365 juxta
3560 1294 3695 1348 illud

2099 1390 2346 1459 Apostoli
2380 1407 2393 1443 :
2432 1413 2453 1436 α
2489 1390 2577 1445 cui
2606 1390 2890 1454 honorem,
2916 1389 3177 1443 honorem
3215 1386 3389 1454 (Rom.
3416 1398 3539 1447 xm,
3562 1384 3640 1452 7),
3665 1402 3688 1431 ι

2100 1478 2171 1532 ad
2218 1478 2548 1549 colloquium
2613 1475 2914 1534 honorifice
2984 1475 3334 1545 hilariterque
3382 1471 3697 1542 frequenter

2101 1566 2423 1636 susciperet,
2453 1566 2623 1621 multa
2650 1582 2835 1621 coram
2870 1580 2930 1620 se
2949 1564 3146 1634 diuque
3169 1560 3505 1617 tractantium
3526 1558 3695 1613 facies

2022 1677 2073 1736 Β
2102 1655 2315 1724 penitus
2343 1670 2453 1709 non
2483 1654 2711 1710 videret.
2746 1654 2973 1709 Dicebat
3021 1652 3166 1707 enim
3194 1648 3551 1721 cogitationes
3582 1645 3694 1700 illi-

2101 1743 2237 1798 citas
2267 1742 2579 1798 difficillime
2608 1758 2773 1814 posse
2801 1740 2980 1807 vitari,
3011 1739 3116 1794 nisi
3144 1737 3264 1810 quis
3293 1736 3538 1807 corporis
3569 1750 3692 1789 sen-

2101 1847 2196 1885 sus
2224 1831 2518 1903 vigilantia
2565 1831 2735 1885 multa
2782 1827 3205 1899 compresserit;
3239 1826 3445 1880 intrare
3488 1832 3688 1888 autem,

2100 1921 2398 1975 secundum
2449 1920 2792 1989 Prophetam,
2826 1927 3059 1973 mortem
3089 1932 3185 1987 per
3212 1915 3313 1970 has
3344 1912 3500 1985 quasi
3532 1912 3689 1966 fene-

2101 2016 2256 2075 stras,
2291 2015 2344 2063 et
2374 2008 2591 2079 ingredi
2620 2008 2813 2063 domos
2845 2014 3061 2062 nostras
3079 2005 3211 2075 (Jer.
3237 2019 3310 2069 ιχ,
3334 2005 3448 2070 21).
3473 2001 3553 2055 De
3584 2016 3691 2070 qua

2100 2096 2260 2150 etiam
2290 2096 2599 2151 cohibentia
2628 2111 2888 2150 sensuum
2916 2095 3046 2149 dum
3066 2092 3184 2148 vice
3207 2090 3437 2163 quadam
3459 2105 3579 2143 cum
3610 2104 3688 2142 re-

2098 2184 2308 2256 ligiosis
2340 2185 2667 2255 quibusdam
2698 2184 3098 2254 colloqueretur
3128 2180 3291 2250 (inter
3309 2194 3445 2250 quos
3466 2184 3582 2234 erat
3605 2176 3689 2229 vir

2098 2272 2292 2327 litteris
2342 2281 2395 2328 et
2458 2273 2688 2343 puritate
2734 2272 3062 2342 conspicuus
3112 2286 3126 2324 :
3168 2268 3423 2324 dominus
3480 2265 3688 2321 scilicet

2098 2361 2368 2427 Airaldus,
2400 2361 2846 2432 archipresbyter
2875 2368 3003 2415 tunc
3031 2357 3222 2429 ipsius,
3254 2372 3398 2411 nunc
3418 2354 3689 2409 Maurien-

2095 2450 2282 2504 nensis
2311 2449 2640 2520 episcopus),
2675 2448 2957 2519 respondit
2986 2447 3132 2502 idem
3161 2445 3244 2500 vir
3273 2443 3487 2499 Domini
3518 2441 3690 2497 Airal-

2095 2538 2198 2592 dus
2246 2537 2449 2608 passim
2500 2554 2558 2592 se
2604 2536 2855 2591 mulieres
2898 2535 3162 2607 aspicere,
3203 2548 3307 2589 nec
3352 2547 3539 2587 earum
3585 2530 3689 2585 sibi

2096 2641 2297 2682 nocere
2328 2625 2665 2691 contuitum;
2699 2632 2782 2679 est
2829 2624 2971 2679 enim
3020 2622 3373 2679 castissimus.
3425 2620 3508 2674 Ad
3538 2618 3684 2691 quod

2092 2715 2203 2779 ille,
2235 2730 2346 2770 non
2377 2729 2410 2769 a
2436 2714 2725 2769 mulierum
2753 2721 2981 2778 tantum,
3015 2711 3113 2767 sed
3142 2726 3175 2765 a
3204 2710 3441 2766 virorum
3470 2723 3686 2779 quoque

2093 2802 2329 2858 vultibus
2361 2802 2634 2873 religiosa:
2661 2801 2858 2856 mentis
2887 2799 3235 2857 avertendum
3264 2796 3542 2868 respondit
3598 2796 3688 2849 in-

2092 2890 2317 2957 tuitum;
2349 2905 2604 2945 asserens
2636 2890 2805 2962 (quod
2835 2887 3170 2960 experientia
3202 2902 3302 2941 sua
3330 2892 3509 2957 potest
3544 2884 3688 2955 quis-

2093 2994 2196 3050 que
2226 2980 2538 3049 conjicere),
2572 2994 2671 3048 per
2701 2978 3140 3035 communionem
3170 2975 3420 3030 humanae
3451 2972 3684 3028 mutabi-

2091 3067 2255 3123 litatis
2321 3078 2480 3139 atque
2535 3067 2993 3137 compassionem,
3060 3064 3177 3119 ﬁeri
3242 3071 3299 3118 ut
3365 3061 3681 3117 affectiones

2090 3156 2369 3225 conspecti
2414 3155 2731 3227 frequenter
2759 3154 2829 3210 ad
2858 3153 3285 3225 conspicientem
3314 3149 3681 3206 inaestimabili

2089 3244 2375 3299 velocitate
2420 3250 2812 3314 pertranseant,
2863 3250 2932 3307 et,
2978 3241 3132 3297 verbi
3188 3239 3379 3311 gratia,
3430 3238 3497 3292 de
3541 3238 3681 3292 irato

2089 3332 2277 3397 iratus,
2312 3339 2364 3387 et
2391 3331 2460 3387 de
2490 3332 2630 3386 tristi
2656 3331 2843 3392 tristis.
2876 3338 2925 3385 ct
2956 3330 3023 3384 de
3053 3328 3368 3384 lasciviente
3398 3325 3489 3380 fiat
3511 3325 3679 3380 lasci-

2086 3420 2276 3485 viens;
2310 3434 2447 3491 quas
2476 3418 2761 3490 passiones
2790 3418 2924 3473 satis
2971 3433 3095 3472 esse
3124 3416 3323 3471 habere
3351 3430 3678 3485 quemquam

2086 3507 2357 3579 proprias,
2389 3523 2500 3562 non
2527 3508 2581 3561 in
2612 3523 2671 3563 se
2693 3505 3057 3562 transcribere
3077 3505 3256 3559 taliter
3274 3503 3482 3558 alienas
3518 3519 3530 3555 ε
3559 3501 3679 3555 nul-

2086 3596 2189 3651 lius
2220 3612 2279 3651 se
2308 3596 2470 3651 totius
2500 3596 2846 3666 episcopatus
2877 3594 2961 3649 sui
2990 3593 3255 3661 mulieris,
3282 3600 3476 3663 prater
3494 3590 3670 3654 unius,

2086 3684 2159 3739 ita
2187 3685 2381 3740 faciem
2412 3684 2715 3755 aspexisse,
2749 3691 2806 3738 ut
2836 3699 2902 3739 ex
2933 3681 3364 3739 consideratione
3396 3678 3593 3745 vultus,
3625 3678 3673 3732 si

2086 3781 2420 3839 occurreret,
2457 3788 2706 3844 quaenam
2746 3779 2912 3837 esset,
2945 3779 3133 3841 posset
3173 3783 3497 3842 agnoscere.
3532 3766 3677 3834 Quid

2085 3862 2187 3916 hac
2216 3860 2570 3932 responsione
2598 3860 2799 3915 castius
2817 3861 2847 3915 ?
2876 3858 3005 3930 quid
3022 3856 3466 3927 circumspectius
3486 3857 3515 3910 ‘2
3546 3854 3676 3926 quid

2084 3948 2424 4018 philosophia
2455 3964 2589 4004 vera
2619 3947 2912 4003 refertius?
2938 3948 3124 4002 Talem
3154 3945 3340 4016 utique
3372 3961 3432 3999 se
3472 3942 3672 3997 mulie-

2083 4038 2233 4091 ribus
2262 4036 2589 4103 exhibuisse,
2622 4035 3023 4101 castissimum;
3058 4034 3185 4089 talia
3214 4034 3270 4087 in
3298 4031 3550 4087 humanis
3586 4029 3673 4084 af-

2081 4124 2405 4181 fectionibus
2421 4124 2742 4191 advertisse,
2763 4123 3219 4195 sapientissimum
3236 4164 3248 4175 .
3277 4120 3415 4176 Hinc
3428 4119 3522 4174 fuit
3541 4119 3677 4173 illud

2082 4213 2227 4284 quod
2255 4227 2379 4268 cum
2408 4212 2476 4268 de
2504 4220 2679 4267 matre
2707 4228 2831 4266 mea
2871 4213 3016 4283 (quae
3054 4226 3178 4266 cum
3208 4225 3295 4279 eo,
3329 4226 3450 4281 quae
3481 4207 3667 4272 voluit,

2081 4301 2320 4371 quandiu
2349 4300 2535 4365 voluit,
2559 4301 2737 4356 locuta
2756 4299 2953 4369 fuerat)
2972 4300 3040 4353 ab
3063 4314 3128 4353 eo
3150 4298 3469 4370 quaesissem
3488 4305 3667 4351 utrum

389 4403 485 4442 eos
517 4387 758 4442 excitans
786 4385 998 4440 ﬂetibus
1031 4403 1044 4439 :
1078 4386 1222 4456 quod
1252 4402 1360 4442 uno
1392 4386 1618 4457 liquebit
1647 4386 1975 4442 suﬂicienter
1995 4379 2048 4437 D
2077 4405 2196 4444 eam
2214 4389 2374 4446 valde
2391 4396 2613 4445 senecta
2629 4387 2902 4459 fregisset,
2931 4386 3205 4457 paululum
3229 4401 3416 4442 secum
3439 4400 3673 4456 praeme-

391 4475 658 4546 exemplo.
684 4474 777 4529 Vir
797 4474 911 4528 Deo
932 4475 1126 4529 charus
1146 4476 1432 4530 Gauterius
1453 4476 1585 4545 (22),
1615 4483 1979 4547 cognomento

388 4563 687 4629 Calnesius,
720 4563 809 4633 qui
868 4563 1009 4633 apud
1044 4579 1146 4618 nos
1172 4564 1228 4618 in
1256 4566 1576 4620 monachatu
1608 4564 1699 4618 diu
1728 4562 1979 4617 laudabiv

389 4652 512 4708 liter
556 4650 685 4707 vixit
733 4659 785 4705 et
830 4651 982 4717 obiit,
1036 4652 1245 4707 solebat
1292 4652 1518 4718 referre,
1567 4651 1713 4722 quod
1760 4666 1884 4725 cum
1922 4651 1976 4704 in

390 4739 591 4796 saeculo
640 4739 867 4809 positus,
919 4755 1042 4794 suas
1086 4740 1137 4794 ei
1182 4740 1531 4795 confiteretur
1569 4738 1808 4794 offensas
1842 4738 1979 4809 (erat

388 4829 530 4883 enim
556 4828 611 4883 in
641 4827 892 4883 Ecclesia
922 4828 1429 4897 GratianOpolitana
1461 4827 1655 4881 litteris
1686 4834 1738 4881 et
1768 4827 1976 4881 honore

386 4915 726 4987 praeclarus),
760 4915 1063 4971 incubuerit
1092 4916 1208 4985 ipse
1241 4931 1405 4985 super
1435 4923 1593 4985 caput
1615 4915 1752 4983 ejus,
1777 4922 1831 4969 et
1862 4922 1977 4969 tan-

387 5012 496 5059 tam
525 5003 713 5059 vertici
753 5004 1119 5074 lacrymarum
1165 5003 1422 5058 infuderit
1452 5002 1665 5074 copiam
1700 5010 1755 5057 ut
1784 5003 1975 5058 made-

386 5091 542 5147 factis
555 5092 786 5162 capillis,
810 5092 1068 5148 deorsum
1090 5092 1248 5147 etiam
1267 5091 1421 5146 rivuli
1436 5108 1535 5162 per
1553 5090 1858 5147 confitentis
1879 5107 1977 5147 ora

384 5180 704 5236 deﬂuerent.
738 5182 910 5236 Porro
938 5181 1225 5235 mulierum
1251 5180 1623 5235 confessiones
1652 5196 1761 5235 non
1795 5179 1974 5235 minus

383 5277 540 5325 caute
588 5285 745 5341 quam
787 5269 1022 5340 benigne
1072 5268 1399 5339 suscipiebat
1430 5286 1444 5324 :
1476 5285 1586 5325 non
1616 5268 1760 5324 enim
1788 5268 1843 5323 in
1872 5285 1973 5324 an-

450 5448 559 5513 (21)
589 5449 843 5510 Alteritas,
871 5447 1176 5499 vicissitudo.
1203 5449 1254 5499 S.
1305 5448 1598 5509 Augustinus
1644 5448 1711 5497 De
1763 5447 1970 5506 musica,

381 5515 469 5566 lib.
498 5529 547 5565 vi
575 5529 590 5566 :
625 5534 646 5559 ι
673 5517 794 5567 Cum
835 5514 1127 5569 adhibentur
1158 5527 1242 5579 ea,
1277 5526 1383 5578 quae
1421 5513 1671 5578 nonnulla,
1698 5517 1750 5563 ut
1785 5513 1853 5563 ita
1898 5513 1973 5564 di-

2079 4478 2278 4543 ditans,
2300 4500 2321 4525 ‹‹
2345 4477 2566 4553 Nescio,
2590 4477 2781 4548 inquit,
2806 4483 2985 4531 utrum
2997 4475 3065 4529 sit
3078 4483 3231 4531 vetus
3244 4491 3312 4529 an
3325 4490 3453 4528 non.
3484 4493 3506 4522 ι
3528 4472 3666 4526 Hinc

2079 4574 2132 4620 et
2159 4565 2311 4631 illud,
2346 4566 2491 4636 quod
2533 4565 2756 4621 muliere
2794 4564 3050 4635 quadam,
3085 4563 3325 4634 potentia
3354 4560 3667 4617 nobilitate-

2079 4669 2185 4724 que
2212 4644 2498 4723 praeclara,
2531 4653 2685 4722 cujus
2712 4668 2910 4708 nomen
2940 4652 3155 4708 edicere
3177 4651 3447 4715 nolumus,
3472 4650 3525 4703 in
3549 4649 3665 4717 ejus

2076 4749 2391 4811 conspectu,
2442 4756 2605 4812 quam
2650 4756 2870 4796 morose
2907 4740 3131 4810 placuit,
3172 4738 3340 4793 multa
3370 4738 3665 4808 loquente;

2077 4844 2201 4884 cum
2231 4837 2285 4884 et
2312 4830 2448 4899 ipse,
2465 4830 2609 4901 quod
2624 4829 2796 4897 libuit,
2820 4828 3210 4900 respondisset,
3235 4827 3436 4898 illaque
3456 4825 3662 4880 disces-

2077 4916 2257 4983 sisset,
2291 4918 2643 4988 dicerentque
2672 4917 2805 4973 socii
2835 4918 2970 4985 ejus,
3006 4933 3144 4988 quos
3172 4916 3468 4986 prudentes
3488 4922 3541 4969 et
3570 4928 3664 4968 re-

2075 5005 2301 5077 ligiosos
2330 5022 2549 5076 semper
2577 5006 2777 5060 habere
2808 5005 3054 5073 curabat,
3088 5019 3185 5059 cur
3213 5019 3323 5059 non
3355 5019 3476 5059 eam
3508 5001 3669 5057 corri-

2072 5094 2299 5165 puisset,
2324 5094 2469 5165 quod
2500 5110 2560 5150 se
2586 5110 2847 5167 suamque
2879 5092 3075 5148 faciem
3104 5100 3213 5147 tam
3242 5092 3416 5147 facete
3447 5100 3664 5161 tamque

2072 5181 2274 5237 lascive
2302 5181 2517 5252 poliret,
2550 5182 2827 5253 respondit
2857 5180 2967 5247 ille,
3000 5196 3109 5235 non
3139 5180 3256 5236 sine
3272 5180 3500 5235 horrore
3531 5193 3665 5249 quo-

2072 5270 2199 5324 dam
2228 5277 2282 5324 et
2310 5270 2707 5337 exsecratione,
2740 5269 2933 5324 faciem
2967 5270 3083 5338 ejus
3113 5285 3172 5325 se
3202 5268 3419 5339 penitus
3449 5284 3557 5323 non
3585 5266 3670 5322 vi-

2071 5455 2200 5506 cam,
2228 5444 2475 5494 alteritate
2501 5455 2679 5505 corpus
2703 5442 2937 5494 afﬁciunt.
2969 5465 2990 5487 ι

2140 5508 2249 5574 (22)
2281 5510 2401 5561 Aliis
2427 5509 2682 5561 Galterius
2707 5514 2755 5561 et
2783 5510 3085 5562 Gualterius.
