3978 6050
281 270 386 327 773

1334 264 1499 319 VITA
1540 263 1594 318 S.
1640 258 1955 317 HUGONIS
1995 258 2514 315 GRATIANOPOL.

3488 253 3592 307 ’774

284 395 451 450 disse.
487 395 552 449 Et
593 392 811 464 quidem
863 392 1081 455 mirum,
1127 390 1274 462 quod
1307 388 1498 444 faciem
1540 386 1682 440 illius
1728 383 1888 438 unius
1916 384 1970 442 Α
1991 399 2115 437 eum
2147 399 2206 439 se
2236 381 2519 453 respondit
2551 381 2785 436 scienter
2815 378 3123 434 nullatenus
3154 378 3373 433 audisse
3428 394 3588 433 men-

287 500 391 538 non
416 482 646 550 viderat,
681 481 772 553 qui
794 479 996 534 nullam
1026 479 1298 533 noverat?
1330 477 1433 532 Ubi
1465 490 1607 531 nunc
1633 473 1889 529 sacerdo-

288 580 426 637 tum,
458 570 549 625 ubi
572 570 930 640 plurimorum
971 568 1025 621 in
1055 583 1213 623 sacro
1262 566 1446 621 habitu
1478 564 1891 621 constitutorum

290 660 506 715 curiosa
558 657 816 724 lascivia,
867 656 1173 727 lascivaque
1218 652 1543 709 curiositas?
1602 650 1892 706 Attendant

285 748 406 801 hmc
440 754 491 800 et
532 745 823 810 imitentur,
860 744 905 798 si
942 751 1201 814 possunt;
1238 742 1499 797 mirentur
1528 746 1579 794 et
1610 753 1894 792 reverean—

287 843 396 900 tur,
419 835 463 889 si
484 850 591 888 non
614 839 859 903 possunt.
901 831 1008 887 Sed
1030 838 1081 886 et
1108 830 1199 902 qui
1243 830 1581 885 sanctitatem
1640 827 1756 881 sine
1784 825 1891 878 mi-

290 922 491 978 raculis
520 922 673 975 nihili
703 921 945 985 ducunt;
996 935 1117 991 qua:
1148 934 1248 973 nos
1278 918 1401 972 ideo
1432 932 1539 971 non
1589 914 1777 986 magni
1808 912 1891 967 fa-

288 1012 483 1077 cimus,
516 1011 773 1081 quoniam
823 1009 893 1063 ab
924 1007 1112 1063 electis
1168 1007 1286 1062 haec
1318 1014 1369 1061 et
1397 1004 1648 1075 reprobis
1707 1000 1894 1055 haberi

287 1098 649 1154 communiter
678 1096 899 1161 scimus,
923 1104 975 1150 et
995 1096 1048 1149 in
1080 1094 1382 1163 majoribus
1406 1090 1733 1163 patriarchis
1752 1090 1893 1143 mul-

293 1188 468 1259 tisque
491 1185 609 1239 aliis
632 1186 722 1255 qui
756 1186 869 1238 Deo
898 1183 1056 1237 valde
1094 1182 1352 1252 placuere
1382 1180 1585 1235 sanctis
1632 1178 1717 1233 vel
1748 1177 1895 1230 nulla

288 1275 376 1331 vel
406 1289 580 1345 pauca
611 1273 916 1343 reperimus
943 1289 955 1324 :
990 1272 1081 1342 qui
1113 1279 1317 1337 tamen,
1350 1277 1406 1322 ut
1427 1269 1611 1323 dicere
1642 1280 1895 1335 coapera-

290 1380 433 1429 mus,
467 1361 727 1416 miracula
751 1367 1018 1432 quaerunt,
1053 1359 1216 1413 etiam
1248 1366 1409 1428 atque
1441 1356 1599 1411 etiam
1639 1354 1894 1409 conside-

293 1459 416 1506 rent
460 1459 637 1504 utrum
694 1448 1000 1503 mirabilius
1047 1447 1117 1500 ab
1172 1446 1411 1511 homine,
1472 1443 1688 1498 mortali
1733 1458 1895 1497 carne

292 1539 647 1603 circumdato,
684 1537 981 1608 quidquam
1023 1536 1221 1591 debeat
1250 1535 1433 1605 exigi;
1467 1540 1517 1587 et
1546 1540 1728 1586 utrum
1776 1530 1896 1585 cui-

292 1644 453 1700 quam
487 1627 658 1698 possit
680 1641 787 1680 non
816 1623 1152 1695 impossibile
1184 1622 1377 1686 videri,
1407 1638 1506 1693 per
1536 1620 1898 1691 quinquagin-

291 1726 345 1770 ta
376 1724 427 1771 et
456 1715 689 1785 amplius
711 1729 882 1769 annos
903 1712 1167 1786 grandem
1191 1712 1560 1781 episcopatum
1593 1724 1625 1763 a
1657 1708 1898 1778 quolibet

290 1805 511 1859 homine
534 1803 673 1875 regi,
700 1810 751 1857 et
779 1810 977 1872 praeter
1012 1801 1192 1865 unius,
1222 1799 1419 1854 nullius
1444 1797 1665 1853 omnino
1686 1796 1899 1850 femina

293 1894 489 1948 faciem
521 1891 666 1947 sciri.
700 1893 768 1945 Et
797 1898 944 1945 certe
990 1897 1108 1944 erat
1145 1890 1263 1943 haec
1294 1888 1407 1957 ipsa
1446 1902 1637 1957 parum
1684 1884 1899 1955 quidem

295 1982 558 2045 formosa,
594 1978 691 2034 sed
713 1977 927 2034 consilii
957 1978 1073 2045 ejus
1113 1976 1244 2030 satis
1274 1975 1480 2045 indiga.
1521 1974 1589 2027 Et
1619 1980 1802 2026 tamen
1832 1971 1901 2025 ad

296 2069 467 2139 ipsius
495 2067 865 2138 praesentiam,
897 2081 1007 2120 non
1052 2065 1227 2119 solum
1280 2081 1344 2119 ex
1369 2079 1486 2129 suo,
1530 2061 1626 2116 sed
1650 2061 1807 2115 etiam
1836 2075 1902 2113 ex

299 2155 863 2227 aliisepiscopatibus,
898 2170 995 2210 seu
1044 2169 1145 2224 pro
1204 2151 1568 2215 confessione,
1630 2164 1726 2204 seu
1783 2147 1902 2201 aliis

301 2244 477 2301 causis
507 2243 829 2307 innumeris,
852 2250 1003 2297 tanto
1034 2242 1284 2297 devotius
1330 2238 1774 2310 frequentiusque
1802 2251 1901 2291 ve-

299 2333 539 2398 niebant,
573 2340 775 2404 quanto
805 2330 1132 2387 sanctiorem
1162 2334 1555 2401 cognoverant.

378 2426 464 2476 16.
496 2422 620 2476 Non
648 2428 827 2475 autem
850 2421 993 2475 hunc
1024 2419 1219 2485 solum,
1254 2417 1308 2471 id
1340 2425 1441 2481 est,
1475 2414 1757 2471 oculorum
1786 2428 1907 2467 sen-

306 2527 448 2576 sum,
482 2509 579 2564 sed
606 2517 658 2563 et
689 2517 913 2564 caeteros
943 2523 1133 2563 omnes
1164 2505 1325 2560 simili
1368 2502 1647 2574 diligentia
1677 2502 1903 2557 cohibe-

302 2599 413 2653 bat.
448 2602 624 2653 Aures
652 2614 885 2667 namque
924 2604 976 2650 et
1005 2596 1245 2665 linguam
1267 2609 1390 2649 cum
1409 2609 1440 2647 a
1460 2590 1902 2656 casterisillicitis,

304 2696 487 2742 tamen
520 2702 677 2758 quam
726 2685 960 2739 maxime
1011 2684 1078 2737 ab
1126 2680 1608 2737 obtrectationibus
1660 2678 1901 2746 frenans,

302 2776 480 2831 aiebat
510 2773 759 2829 suflicere
790 2772 1079 2841 unicuique
1108 2770 1327 2841 propria
1374 2776 1615 2839 peccata,
1647 2781 1750 2821 nec
1784 2781 1905 2820 esse

304 2878 532 2919 necesse
560 2868 617 2915 ut
644 2861 855 2925 alienis,
891 2875 1045 2914 suam
1074 2858 1161 2914 vel
1189 2858 1459 2911 audiendo
1494 2853 1901 2921 conscientiam,

304 2951 389 3007 vel
421 2949 710 3022 loquendo,
746 2948 1073 3004 contaminet
1104 2946 1368 3017 linguam.
1394 2945 1662 2999 Rumores
1693 2958 1795 2997 nec
1817 2942 1905 2995 in—

308 3041 638 3111 terrogabat,
670 3053 772 3093 nec
801 3037 957 3092 facile
980 3036 1264 3092 referebat.
1298 3036 1563 3089 Veracem
1582 3040 1759 3088 autem
1784 3048 1906 3085 eum

308 3130 474 3184 fuisse
502 3130 555 3182 in
579 3127 691 3181 suis
722 3125 1081 3191 sermonibus,
1130 3139 1238 3195 quo
1268 3123 1470 3179 certius
1508 3138 1671 3193 quam
1699 3120 1903 3175 inimici

304 3216 611 3273 testimonio
643 3216 876 3287 probare
922 3213 1222 3284 poterimus
1250 3211 1279 3265 ?
1309 3211 1488 3281 Guigo
1532 3210 1645 3279 (23)
1698 3224 1900 3274 comes,

306 3306 377 3360 ad
408 3321 473 3360 ea
503 3321 624 3376 quae
666 3302 853 3357 mundi
902 3309 1025 3356 sunt
1063 3302 1226 3357 homo
1274 3300 1405 3354 satis
1463 3298 1710 3365 idoneus,
1759 3298 1907 3352 circa

311 3393 564 3449 eumdem
594 3393 752 3447 etiam
800 3391 899 3445 Dei
931 3389 1189 3444 famulum
1229 3386 1632 3458 tranquillitatis
1664 3394 1907 3455 tempore

306 3481 464 3537 valde
502 3481 752 3546 devotus,
804 3479 1157 3534 invictissime
1210 3493 1313 3548 pro
1355 3476 1563 3545 justitia
1611 3473 1903 3537 resistenti,

305 3570 584 3625 molestias
614 3585 722 3623 non
742 3583 943 3639 parvas
972 3584 1071 3622 nec
1091 3582 1292 3637 paucas
1313 3565 1509 3629 intulit,
1542 3563 1625 3617 bis
1653 3578 1905 3633 namque,

307 3664 362 3713 ut
392 3659 557 3713 multa
581 3666 874 3724 taceamus,
908 3656 975 3710 ab
1025 3670 1089 3711 eo
1118 3670 1215 3725 pro
1256 3652 1367 3708 suis
1398 3660 1480 3708 est
1534 3650 1909 3707 excommuni-

309 3756 461 3803 catus
484 3745 823 3811 excessibus,
858 3744 943 3798 bis
975 3760 1098 3799 eum
1130 3742 1535 3814 episc0palibus
1572 3738 1775 3811 expulit
1806 3738 1909 3792 do-

308 3836 505 3890 mibus.
531 3836 719 3907 Itaque
750 3850 872 3889 cum
903 3832 1114 3903 grande
1143 3831 1396 3903 placitum
1443 3830 1582 3885 inter
1610 3845 1705 3884 eos
1739 3826 1909 3881 habe-

310 3932 473 3991 retur,
506 3924 561 3977 in
592 3922 885 3993 praesentia
929 3919 1196 3977 Guidonis
1228 3922 1341 3989 (24)
1374 3917 1699 3975 Viennensis
1731 3915 1911 3971 archi-

311 4012 573 4082 episcopi,
608 4011 700 4082 qui
728 4018 919 4080 postea
944 4024 1087 4081 papa
1116 4008 1355 4062 Calixtus
1386 4006 1609 4062 effectus
1623 4013 1723 4074 est,
1757 4012 1808 4059 et
1829 4002 1913 4059 vir

310 4100 430 4165 Dei,
456 4101 600 4169 justa
630 4099 763 4153 illud
797 4097 943 4169 quod
974 4097 1236 4168 scriptum
1292 4103 1375 4150 est
1412 4114 1425 4150 :
1464 4118 1484 4142 α
1522 4096 1707 4149 Justus
1757 4090 1914 4163 quasi

312 4189 399 4243 leo
427 4187 709 4243 confidens
740 4187 950 4257 absque
979 4194 1185 4241 terrore
1204 4183 1308 4238 erit
1328 4185 1513 4255 (Prov.
1555 4196 1759 4249 xxvm,
1787 4181 1860 4251 1),
1889 4204 1909 4226 ι»

305 4277 572 4345 justitiam
626 4276 887 4331 adversus
934 4274 1187 4330 comitem
1262 4280 1445 4343 aperta
1491 4269 1916 4327 contradictione

314 4364 653 4429 defenderet,
687 4363 998 4435 indignatus
1036 4362 1126 4416 ille
1155 4368 1319 4432 atque
1377 4359 1674 4415 iracundia:
1709 4357 1917 4412 facibus

311 4452 695 4517 inflammatus,
727 4459 1074 4522 paratusque,
1134 4449 1271 4505 sicut
1327 4447 1592 4519 apparuit,
1655 4441 1988 4517 quidquidD

315 4541 582 4611 potuisset
610 4540 866 4608 objicere,
903 4539 1055 4611 quasi
1100 4554 1203 4609 pro
1248 4537 1402 4609 gravi
1450 4535 1677 4591 crimine
1716 4533 1912 4599 intulit,

318 4629 507 4684 dicens
534 4646 547 4681 :
576 4650 597 4679 «
616 4628 813 4683 Audivi
841 4626 1135 4698 aliquando
1157 4642 1189 4679 a
1219 4626 1375 4681 vobis
1406 4640 1530 4695 ego,
1552 4622 1697 4694 quod
1728 4638 1917 4678 verum

318 4733 426 4772 non
446 4724 563 4772 erat
586 4717 713 4771 dici.
753 4738 775 4766 ι
810 4717 892 4770 Ad
920 4717 1038 4771 hac
1094 4722 1316 4769 sanctus
1372 4714 1682 4783 episcopus,
1734 4726 1919 4767 coram

317 4806 525 4860 cunctis
548 4805 640 4876 qui
662 4805 892 4859 aderant
932 4804 1185 4873 (aderant
1240 4810 1421 4856 autem
1454 4800 1659 4855 diversi
1711 4798 1921 4853 ordinis

318 4910 428 4948 non
456 4893 638 4964 pauci)
668 4892 1027 4965 interrogavit
1056 4900 1235 4946 utrum
1277 4906 1336 4945 se
1366 4889 1629 4945 scientem
1679 4887 1922 4941 audisset

318 4982 620 5036 mentitum.
655 4983 806 5037 Tunc
850 4981 960 5048 ille,
1015 4995 1325 5051 quanquam
1374 4978 1563 5042 iratus,
1612 4989 1919 5047 quanquam

318 5070 502 5125 furore
548 5070 809 5141 repletus,
858 5068 1103 5125 veritatis
1160 5076 1341 5121 tamen
1386 5066 1633 5138 pondere
1680 5079 1923 5136 pressus,

396 5248 495 5308 (223)
543 5249 840 5298 Floruerunt
888 5248 981 5297 isto
1031 5251 1248 5309 tempore
1294 5247 1450 5308 Guigo
1497 5244 1734 5301 Crassus.
1798 5243 1928 5293 filius

1990 474 2164 527 titum.
2199 473 2277 526 De
2300 470 2603 541 veriloquio
2660 464 2841 540 igitur
2868 468 3036 539 ipsius
3068 468 3172 522 hoc
3220 482 3385 521 unum
3416 467 3588 522 hostis

1991 571 2042 617 et
2064 561 2184 616 irati
2215 559 2443 615 sufﬁciat
2492 558 2878 613 testimonium.

2064 653 2148 704 17.
2184 651 2247 703 Et
2280 662 2586 719 quanquam
2617 644 2979 717 digressionis
3006 643 3232 698 forsitan
3274 659 3592 716 arguamur,

1993 740 2118 811 quia
2140 747 2322 791 tamen
2350 752 2447 806 per
2493 735 2746 790 comitem
2804 733 2949 788 beati
2995 733 3097 787 viri
3145 733 3315 803 patuit
3369 734 3589 798 veritas,

1990 844 2089 898 per
2118 826 2368 881 eumdem
2398 830 2728 878 monstretur
2754 829 3153 892 consequenter
3203 822 3366 876 etiam
3412 822 3593 877 chari-

1993 924 2094 970 tas.
2128 913 2618 978 Infestissimus,ut
2665 911 2865 965 dictum
2925 919 3025 978 est,
3085 918 3202 965 erat
3258 911 3326 976 ei,
3372 911 3510 966 adeo
3541 919 3599 965 ut

1992 1020 2101 1058 non
2132 1004 2183 1056 in
2212 1002 2323 1055 suis
2353 1001 2627 1067 domibus,
2662 1000 2759 1054 sed
2783 1006 2876 1053 aut
2904 998 3209 1065 nobiscum,
3234 1007 3325 1053 aut
3351 1000 3596 1070 Lugduni

1995 1094 2373 1147 demoraretur
2404 1108 2418 1155 ;
2451 1089 2566 1157 ejus
2588 1088 2785 1159 quippe
2806 1088 3037 1142 civitatis
3068 1087 3317 1143 Ecclesia
3339 1103 3596 1159 magnam

1994 1181 2070 1235 illi
2100 1178 2480 1242 reverentiam,
2515 1192 2887 1247 magnumque
2917 1176 2970 1229 in
2995 1176 3107 1229 suis
3156 1175 3596 1230 tribulationibus

1997 1268 2307 1340 praesidium
2342 1282 2556 1335 semper
2585 1264 2846 1328 exhibuit,
2881 1266 3106 1335 ejusque
3128 1264 3369 1319 consiliis
3390 1265 3445 1318 in
3473 1280 3596 1335 gra-

1995 1366 2235 1420 vioribus
2266 1366 2340 1417 uti
2369 1362 2603 1432 negotiis
2637 1368 2956 1431 pergratum
3014 1361 3221 1414 habuit.
3272 1361 3407 1416 Cum
3462 1378 3594 1432 ergo

1997 1454 2083 1508 die
2117 1454 2351 1525 quadam
2383 1452 2450 1505 de
2475 1450 2669 1505 comite
2700 1449 2900 1519 pariter
2956 1448 3324 1518 loqueremur,
3358 1450 3429 1503 ait
3479 1450 3596 1519 ipse

1996 1544 2197 1597 bonam
2229 1558 2286 1595 se
2326 1540 2392 1593 de
2419 1538 2591 1594 salute
2620 1537 2762 1590 illius
2785 1552 2935 1606 spem
2968 1552 3181 1606 gerere,
3216 1552 3319 1591 nec
3366 1553 3594 1593 assecu-

1998 1642 2178 1687 turum
2208 1629 2306 1685 Dei
2335 1625 2764 1682 misericordiam
2813 1625 3127 1694 desperare,
3171 1625 3298 1695 quia
3322 1642 3602 1697 nunquam

1933 1736 1985 1794 Β
2006 1717 2381 1775 delectabilius
2420 1724 2509 1768 aut
2541 1712 2838 1768 ferventius
2870 1729 3029 1783 quam
3051 1728 3151 1782 pro
3174 1728 3239 1768 eo
3257 1713 3444 1768 solitus
3467 1714 3599 1769 fuis-

2004 1816 2086 1865 set
2127 1823 2306 1862 orare.
2358 1802 2604 1857 Mirauda
2645 1801 2903 1867 charitas,
2962 1801 3059 1855 sed
3091 1809 3141 1855 et
3196 1802 3462 1872 stupenda
3491 1818 3601 1857 non

2001 1898 2177 1952 minus
2206 1890 2510 1948 humilitas!
2539 1888 2681 1957 Quid
2703 1889 2844 1943 enirn
2868 1889 3129 1944 charitate
3146 1890 3378 1960 plenius,
3402 1892 3599 1962 quidve

2002 1986 2146 2057 apud
2174 1982 2423 2037 homines
2445 1978 2777 2051 singularius
2808 1994 2969 2049 quam
3011 1994 3172 2032 orare
3220 1995 3329 2033 non
3374 1981 3597 2050 segnius

2001 2091 2102 2146 pro
2133 2077 2491 2144 persequente
2524 2083 2683 2139 quam
2716 2068 3051 2137 obsequente
3073 2068 3101 2122 ?
3132 2067 3271 2135 Quid
3292 2076 3469 2122 autem
3502 2069 3597 2123 hu-

2003 2162 2179 2217 milius
2212 2175 2374 2229 quam
2416 2158 2557 2211 hanc
2613 2156 2788 2226 ipsam
2819 2155 3159 2210 devotionem
3208 2171 3317 2210 non
3374 2157 3443 2211 ad
3484 2173 3603 2224 sua,

2004 2251 2101 2306 sed
2132 2249 2198 2303 ad
2229 2248 2400 2318 ipsius
2431 2244 2640 2299 referre
2669 2244 2881 2311 merita,
2915 2259 3023 2297 non
3055 2261 3175 2313 quae
3191 2245 3305 2313 jam
3335 2260 3458 2300 esse
3489 2246 3601 2301 sci-

2004 2348 2104 2405 ret,
2139 2338 2237 2393 sed
2266 2353 2385 2407 qua:
2413 2334 2592 2388 futura
2614 2339 2861 2403 speraret
2891 2332 2919 2385 ε»
2951 2331 3268 2403 Quiaigitur
3297 2341 3503 2388 certum
3524 2344 3607 2389 est

2005 2428 2074 2482 ab
2105 2443 2169 2483 eo
2198 2425 2516 2479 mandatum
2548 2437 2670 2477 esse
2702 2420 2999 2491 impletum,
3035 2437 3140 2491 quo
3180 2421 3376 2476 dicitur
3407 2440 3421 2476 :
3454 2443 3475 2473 α
3503 2423 3603 2477 Di-

2004 2516 2154 2587 ligite
2186 2512 2433 2567 inimicos
2462 2518 2695 2575 vestros,
2745 2508 3049 2564 benefacite
3098 2509 3182 2563 his
3233 2510 3324 2581 qui
3371 2510 3606 2565 oderunt

2004 2621 2124 2668 vos,
2142 2611 2194 2658 et
2212 2608 2365 2657 orate
2378 2616 2477 2670 pro
2490 2596 2944 2669 persequentibus
2962 2606 3013 2651 et
3033 2596 3488 2653 calumniantibus
3508 2615 3606 2654 vos

2006 2692 2303 2763 (Matth.v,
2341 2690 2450 2757 44),
2482 2686 2717 2741 dubitari
2740 2702 2849 2740 non
2897 2685 3023 2741 licet
3076 2694 3385 2742 assecutum
3442 2687 3605 2742 etiam

2006 2779 2314 2835 mercedem
2346 2792 2465 2848 quae
2488 2774 2732 2846 sequitur
2766 2789 2778 2826 :
2817 2775 2917 2829 «Ut
2947 2774 3061 2827 sitis
3090 2772 3185 2828 filii
3216 2774 3388 2829 Patris
3417 2776 3605 2841 vestri,

2007 2868 2098 2941 qui
2117 2869 2172 2922 in
2191 2866 2342 2922 cuelis
2361 2872 2461 2929 est,
2483 2864 2570 2934 qui
2587 2862 2758 2918 solem
2773 2879 2929 2917 suum
2962 2862 3093 2917 oriri
3110 2861 3237 2917 facit
3253 2880 3416 2933 super
3433 2865 3605 2919 bonos

2008 2966 2060 3012 et
2091 2957 2284 3019 malos,
2311 2952 2514 3024 etpluit
2547 2968 2712 3022 super
2726 2952 2901 3020 justos
2924 2958 2974 3006 et
3004 2951 3231 3019 injustos
3253 2952 3430 3022 (ibid.,
3455 2953 3599 3024 45).»

2009 3046 2128 3114 Qua
2159 3043 2403 3116 profecto
2434 3041 2688 3096 mercede
2722 3039 2855 3093 nihil
2887 3039 3117 3107 beatius,
3165 3047 3221 3093 ut
3250 3047 3303 3094 et
3335 3049 3605 3111 praecepto

2008 3133 2215 3188 nullum
2246 3130 2550 3185 sublimius.
2586 3128 2865 3184 Accedant
2894 3127 3095 3198 itaque,
3128 3127 3219 3198 qui
3267 3128 3444 3182 cordis
3497 3144 3607 3183 non

2006 3229 2194 3277 carent
2224 3218 2416 3283 oculis,
2442 3225 2499 3270 ut
2528 3216 2747 3272 videant
2803 3217 2956 3285 cujus
3004 3216 3072 3269 sit
3116 3215 3294 3270 meriti
3338 3216 3427 3287 qui
3484 3215 3606 3271 talis

2007 3315 2289 3365 exsecutor
2319 3305 2594 3377 praecepti,
2626 3305 2761 3358 tanti
2789 3320 3014 3374 compos
3043 3311 3124 3359 est
3162 3304 3391 3375 praemii.

2082 3402 2166 3452 18.
2202 3398 2280 3451 De
2312 3402 2458 3450 tactu
2490 3408 2619 3447 vero
2649 3392 2733 3447 vel
2764 3394 2995 3447 odoratu
3053 3392 3327 3462 superflue
3380 3392 3607 3449 facimus

2008 3486 2337 3541 mentionem
2370 3502 2384 3547 ;
2419 3498 2651 3553 quorum
2695 3480 2946 3549 alterum,
2994 3480 3048 3534 id
3079 3488 3160 3535 est
3208 3481 3511 3549 odoratum,
3538 3483 3608 3537 ad

2008 3576 2112 3629 hoc
2143 3573 2319 3628 solum
2356 3571 2603 3639 curabat,
2638 3577 2695 3625 ut
2720 3577 2941 3640 putores
2961 3577 3187 3639 prOpter
3204 3571 3489 3639 passiones
3519 3587 3609 3627 ce-

2010 3662 2156 3717 rebri
2186 3677 2295 3716 non
2353 3660 2661 3714 admitteret
2695 3676 2710 3725 ;
2745 3657 2901 3712 alteri
2941 3672 3092 3725 vero,
3126 3657 3179 3711 id
3208 3665 3290 3712 est
3330 3659 3511 3725 tactui,
3556 3668 3609 3713 et

2011 3758 2304 3821 antequam
2333 3748 2697 3812 ordinaretur,
2728 3746 2783 3800 in
2804 3753 2973 3801 totum
2994 3745 3338 3801 valefecerat.
3358 3747 3472 3802 Nec
3490 3747 3611 3803 ideo

2013 3856 2071 3895 se
2120 3854 2358 3909 suosque
2390 3852 2583 3891 sensus
2613 3836 2682 3890 ab
2722 3835 2912 3889 intuitu
2952 3834 3273 3889 feminarum
3304 3842 3410 3889 tam
3442 3835 3611 3890 disci-

2012 3928 2213 4000 plinate
2245 3925 2511 3989 fremebat,
2546 3924 2690 3995 quod
2719 3924 2868 3979 circa
2923 3923 3161 3977 libidinis
3190 3923 3379 3978 vitium
3410 3938 3468 3977 se
3489 3937 3614 3979 sen-

2013 4017 2136 4071 tiret
2175 4014 2449 4068 infirmum
2482 4013 2703 4084 (quippe
2726 4028 2887 4084 quem
2919 4019 2971 4066 et
3001 4011 3238 4082 praefatae
3286 4012 3613 4067 tentationes

2014 4114 2174 4176 atque
2202 4102 2525 4157 infirmitatis
2565 4101 2852 4171 angustiae,
2889 4108 2941 4156 et
2964 4100 3344 4156 ecclesiastica}
3394 4099 3615 4172 dispen-

2015 4192 2238 4248 sationis
2268 4190 2594 4260 multiplices
2634 4205 2799 4255 curae,
2842 4196 2895 4244 et
2939 4189 3172 4243 maxime
3229 4189 3515 4243 assiduum
3538 4188 3617 4243 1e-

2014 4281 2199 4353 gandi,
2234 4278 2522 4349 psallendi,
2556 4278 2769 4345 orandi,
2810 4277 3125 4343 meditandi,
3186 4276 3614 4349 Speculandique

2016 4369 2199 4424 divina
2230 4366 2486 4433 studium,
2522 4366 2591 4420 ad
2621 4366 2927 4434 hujusmodi
2955 4365 3339 4420 delectationes
3370 4382 3509 4436 pene
3540 4366 3618 4421 fe-

2019 4463 2205 4513 cerant
2250 4454 2665 4523 insensibilem),
2723 4453 2820 4508 sed
2850 4460 2906 4506 ut
2935 4454 3015 4507 sui
3074 4453 3289 4508 habitus
3321 4461 3373 4509 et
3429 4453 3612 4523 officii,

2018 4544 2233 4617 qualem
2256 4543 2505 4607 decebat,
2539 4542 2900 4597 maturitatem
2922 4543 3374 4613 scveritatemque
3422 4558 3617 4598 serva-

2018 4642 2139 4700 ret;
2174 4642 2224 4688 et
2252 4641 2443 4688 contra
2476 4632 2753 4686 inveterati
2784 4631 2953 4686 hostis
2992 4632 3235 4701 insidias,
3277 4631 3618 4703 circumspe-

2020 4722 2213 4777 ctionis
2270 4719 2656 4775 infirmioribus
2690 4763 2702 4785 ,
2754 4736 2876 4790 quae
2929 4727 3306 4790 sequerentur,
3370 4720 3622 4789 exempla

2021 4816 2383 4875 monstraret;
2416 4808 2621 4864 docens
2643 4823 2751 4861 non
2772 4808 2972 4862 debere
3002 4824 3330 4879 quemquam
3360 4807 3428 4861 de
3451 4822 3624 4877 quan-

2023 4898 2211 4959 talibet
2268 4897 2501 4966 puritate
2544 4896 2629 4951 vel
2690 4896 2941 4950 firmitate
3008 4911 3358 4966 praesumere,
3417 4911 3540 4949 cum
3572 4904 3626 4951 et

2025 4984 2207 5045 homo,
2242 4988 2473 5035 testante
2503 4981 2624 5049 Job,
2666 4980 2722 5034 in
2754 4981 2946 5035 eodem
2979 4988 3121 5034 statu
3150 4995 3259 5033 non
3311 4986 3627 5050 perseveret

2029 5070 2145 5138 (Job
2165 5071 2376 5138 xiv,2);
2413 5076 2465 5123 et
2506 5068 2862 5124 adversarius
2902 5067 3171 5141 rugiendo
3202 5068 3343 5123 sicut
3381 5067 3469 5123 leo
3521 5069 3623 5124 cir-

2099 5240 2205 5307 (24)
2234 5242 2410 5303 Guido,
2453 5256 2479 5292 e
2524 5244 2821 5293 nobilissima
2848 5242 3081 5292 comitum
3106 5243 3395 5303 Burgundite
3421 5242 3624 5303 familia,

326 5316 561 5377 Guigonis
605 5317 809 5373 veteris,
860 5315 939 5375 qui
993 5325 1039 5363 ct
1086 5326 1251 5363 comes
1300 5311 1627 5367 Albonensis,
1678 5314 1728 5359 et
1775 5311 1931 5372 Guigo

324 5395 487 5432 comes
522 5382 847 5440 Forestensis,
870 5382 929 5430 de
947 5381 1123 5441 quibus
1148 5382 1247 5441 agit
1268 5380 1495 5429 Nicolaus
1517 5377 1816 5437 Choirerius,
1838 5377 1927 5425 lib.

324 5476 357 5509 ιι
384 5461 703 5521 Delphinatus
727 5472 837 5521 pag.
883 5460 997 5509 797.
1028 5462 1090 5509 At
1115 5460 1338 5520 quisnam
1366 5459 1447 5507 hic
1467 5445 1931 5520 ἀντονομαστικῶς

242 5554 245 5557 ν
324 5526 480 5588 Guigo
504 5539 669 5578 comes
694 5526 987 5590 appelletur,
1015 5524 1289 5587 diiudicent
1316 5525 1422 5576 alii.

2032 5315 2227 5361 creatus
2262 5311 2661 5372 archiepiscopus
2695 5321 2824 5358 anno
2872 5310 3031 5366 1083,
3069 5310 3181 5360 dein
3219 5311 3407 5371 legatus
3445 5314 3632 5370 aposto-

2032 5379 2171 5436 licus,
2201 5390 2324 5439 papa
2360 5378 2543 5426 electus
2588 5382 2663 5427 est
2710 5390 2788 5426 an.
2838 5376 2987 5434 1119.
3039 5383 3088 5425 et
3134 5376 3350 5427 Calixtus
3376 5376 3414 5424 ll
3450 5376 3636 5439 dictus,

2035 5447 2258 5495 mortuus
2282 5454 2365 5493 an.
2395 5443 2543 5493 1124.
