3978 6050
428 215 534 269 ’775
1234 212 1574 269 GUIGONIS
1631 212 1652 266 Ι
1701 207 2109 267 CARTHUSL/E
2165 209 2459 267 MAJORIS
2516 210 2793 268 PRIORIS
2849 212 2913 267 V.
3622 216 3731 269 776

430 340 697 407 cumiens,
762 346 971 411 quaerat
1026 337 1144 394 sine
1213 338 1518 394 cessatione
1585 351 1747 408 quem
1802 336 2029 393 devoret
2057 335 2108 394 A
2200 337 2289 391 20.
2341 335 2540 391 Verum
2572 337 2616 391 si
2647 337 2888 394 scribere
2937 335 3167 393 velimus
3214 342 3416 408 quanta
3464 336 3728 394 modera-

428 430 481 500 (I
507 431 667 485 Patr.
707 443 762 496 v,
798 428 889 497 8);
920 427 1095 483 David
1125 434 1177 482 et
1207 427 1558 482 Salomonem
1602 442 1700 496 pro
1721 425 1893 481 oculis
1923 438 2026 495 po—

431 512 631 581 nendo,
666 532 929 587 quorum;
964 516 1091 588 quia
1128 532 1187 571 se
1227 516 1375 571 circa
1420 515 1677 570 mulieres
1733 514 2028 569 exhibuere

434 606 703 671 licentius,
728 604 864 659 alter
892 620 956 660 ex
988 619 1202 658 summa
1255 602 1561 658 innocentia
1591 602 1646 656 in
1702 601 2027 656 adulterium

436 694 637 750 decidit
666 702 718 749 et
739 692 1086 749 homicidium
1111 711 1127 760 ;
1159 692 1294 747 alter
1322 692 1390 746 de
1420 690 1707 761 sapientia,
1742 706 1850 761 qua
1878 704 2027 745 mor-

436 788 573 838 tales
601 791 823 839 cunctos
854 790 1184 849 excesserat,
1218 782 1273 835 in
1302 780 1618 836 servitutem
1648 794 1821 850 usque
1876 778 2028 833 desi-

438 873 553 944 puit
572 871 863 927 idolorum.
913 870 1198 926 Desideria
1245 884 1408 941 porro
1456 868 1659 923 ventris
1689 875 1739 922 et
1794 866 2028 939 gutturis

436 962 519 1016 vir
550 961 740 1016 beatus
782 960 1037 1014 instantia
1094 966 1295 1030 quanta
1362 956 1700 1027 represserit,
1749 971 1839 1010 res
1886 954 2025 1024 ipsa,

436 1050 741 1106 tacentibus
764 1049 943 1116 nobis,
976 1047 1298 1104 certioribus
1325 1047 1521 1117 probat
1551 1044 1788 1099 indiciis.
1827 1041 2032 1113 Capitis

440 1152 677 1210 namque
702 1137 921 1193 dolores
952 1144 1003 1192 et
1033 1134 1319 1200 stomachi,
1350 1134 1435 1188 his
1464 1133 1697 1187 maxime
1728 1131 1894 1187 creati
1925 1138 2032 1185 stu-

437 1226 561 1293 diis,
598 1226 729 1281 satis
751 1233 803 1281 et
833 1240 998 1295 super
1028 1224 1157 1279 satis
1188 1240 1311 1279 eum
1343 1222 1412 1277 ab
1448 1220 1824 1291 hujuscemodi
1869 1234 2029 1274 mon-

440 1322 616 1370 strant
658 1314 986 1370 abstinuisse
1014 1312 1243 1368 deliciis.

1080 1452 1304 1510 CAPUT
1330 1453 1397 1509 V.

441 1575 819 1644 Eleemosynaz
834 1576 1022 1643 facta,
1046 1585 1285 1644 munera
1298 1572 1508 1640 spreta,
1533 1566 1767 1622 ᾱὶεείάὶτ
1786 1564 2031 1644 sublata,

512 1635 843 1710 conciones;
890 1635 1200 1699 auctoritas
1268 1635 1616 1695 summorum
1698 1635 2034 1709 pontiﬁcum

509 1715 761 1786 defensa.

515 1833 601 1885 19.
633 1829 1010 1901 Eleemosynae
1039 1843 1171 1884 sane
1200 1826 1298 1883 fuit
1319 1834 1372 1881 et
1398 1842 1497 1897 per
1527 1841 1585 1879 se
1616 1822 1850 1894 diligens
1880 1836 2036 1877 exse—

441 1927 614 1985 cutor,
645 1926 698 1973 et
725 1918 779 1972 in
804 1917 925 1972 aliis
956 1917 1118 1972 etiam
1149 1915 1391 1971 fervidus
1422 1914 1761 1977 exhortator;
1797 1909 2035 1979 exceptis

442 2006 585 2063 enim
641 2006 835 2062 domus
877 2021 990 2061 suae
1056 2007 1314 2059 duntaxat
1346 2000 1779 2067 necessitatibus,
1839 2004 2036 2053 cuncta

439 2111 601 2167 pene,
633 2111 754 2167 qua:
782 2093 1043 2164 consequi
1071 2100 1301 2163 poterat,
1336 2107 1443 2146 non
1474 2090 1527 2145 in
1559 2090 1844 2143 thesauros
1896 2101 2033 2141 con-

441 2184 685 2256 gerebat,
720 2190 1064 2253 posterorum
1095 2181 1181 2236 vel
1210 2180 1522 2249 dissipanda
1551 2177 1755 2243 litibus,
1788 2174 1875 2230 vel
1906 2189 2037 2229 con-

442 2271 707 2326 sumenda
728 2270 959 2335 luxibus,
994 2269 1091 2324 sed
1123 2269 1301 2325 sciens
1332 2267 1465 2322 illud
1497 2264 1742 2337 Apostoli
1780 2271 1842 2318 :‘u
1880 2262 2034 2316 Hila-

445 2375 559 2415 rem
591 2359 840 2415 datorem
871 2357 1048 2429 diligit
1076 2358 1223 2412 Deus
1254 2357 1327 2426 (II
1356 2356 1476 2413 Cor.
1501 2371 1580 2421 ix,
1612 2354 1689 2424 7),
1727 2350 2034 2407 ndistribuit

441 2447 596 2503 laetus
626 2448 931 2521 egentibus.
962 2446 1207 2517 Denique
1229 2446 1460 2500 annulos
1488 2458 1685 2499 aureos
1715 2449 1767 2496 et
1796 2454 2037 2513 gemma-

444 2544 547 2603 tos,
580 2536 807 2593 calicem
838 2536 999 2591 etiam
1029 2534 1273 2590 similiter
1317 2548 1540 2589 aureum
1588 2532 1846 2601 vendidit,
1882 2542 2031 2589 tem-

440 2641 571 2696 pore
588 2640 806 2697 magna:
826 2623 1003 2691 famis,
1037 2622 1251 2677 horreis
1280 2621 1549 2677 defectum
1596 2621 1949 2693 minantibus,
1982 2633 2035 2680 et

441 2713 651 2768 alendis
680 2712 942 2783 impendit
971 2710 1319 2783 pauperibus.
1352 2710 1683 2779 Adjuvantes
1732 2710 1895 2766 etiam
1924 2727 2034 2767 non

439 2800 660 2856 minime
682 2801 823 2856 hanc
851 2800 905 2854 in
934 2816 999 2854 eo
1028 2798 1259 2870 gratiam
1302 2805 1552 2868 potentes
1579 2806 1632 2853 et
1678 2799 1906 2866 nobiles,
1942 2800 2034 2871 qui

440 2897 642 2945 sanctae
671 2888 1099 2945 conversationis
1127 2887 1263 2955 ejus,
1294 2886 1458 2959 longe
1487 2887 1700 2957 lateque
1746 2888 2033 2943 salubriter

440 2977 787 3049 suaviterque
818 2976 1125 3048 fragrantis,
1168 2975 1334 3031 odore
1364 2982 1638 3047 percepto,
1692 2976 1761 3031 de
1809 2978 2031 3032 remotis

441 3066 601 3122 etiam
623 3065 955 3137 regionibus,
1009 3064 1255 3136 quamvis
1302 3079 1427 3118 eum
1468 3080 1577 3118 non
1620 3052 1913 3132 lvidissent,
1964 3065 2034 3119 ob

438 3154 677 3211 divinam
720 3162 901 3208 tamen
942 3151 1299 3208 reverentiam
1350 3150 1612 3207 beneﬁcia
1685 3152 1850 3207 multa
1906 3153 2033 3207 mit-

440 3244 645 3297 tebant.
679 3241 872 3297 Procul
895 3256 1002 3296 non
1034 3257 1063 3295 a
1094 3256 1283 3296 mensa
1312 3247 1515 3295 tantum
1545 3240 1677 3311 ejus,
1720 3240 1817 3295 sed
1848 3256 1879 3295 a
1907 3241 2033 3296 totis

442 3331 605 3386 etiam
636 3330 809 3396 atriis,
843 3329 1139 3385 histriones
1179 3337 1431 3400 tanquam
1475 3344 1605 3384 vasa
1634 3328 1952 3399 perditionis
1982 3338 2033 3384 et

440 3434 651 3491 organa
680 3417 951 3485 falsitatis,
983 3416 1177 3488 procul
1204 3417 1462 3473 militares
1495 3417 1741 3482 clientes,
1777 3426 2031 3489 tanquam

441 3507 757 3578 rapinarum
788 3515 842 3561 et
872 3507 1101 3563 caedium
1131 3514 1183 3562 et
1204 3506 1364 3561 totius
1403 3505 1755 3561 instrumenta
1794 3506 2031 3562 crudeli-

441 3595 584 3662 tatis,
616 3596 802 3667 procul
832 3595 994 3651 etiam
1044 3595 1274 3667 equites,
1315 3593 1417 3648 nisi
1456 3595 1583 3661 rari,
1634 3602 1687 3650 et
1734 3594 1836 3665 ipsi
1884 3610 2027 3662 raro,

438 3692 798 3756 respectuque
843 3700 1007 3756 quam
1044 3682 1262 3736 maximi
1298 3682 1548 3753 specialis
1598 3683 1712 3753 (25)
1768 3683 2026 3737 utilitatis.

439 3773 561 3827 Non
592 3773 736 3828 enim
770 3788 985 3843 azquum
1032 3771 1256 3842 putabat
1308 3770 1657 3826 ecclesiarum
1710 3771 1869 3837 bona,
1911 3788 2032 3843 qua:

439 3860 764 3930 patrimonia
796 3868 921 3914 sunt
946 3858 1271 3915 aestimanda
1314 3875 1636 3929 pauperum,
1695 3860 1749 3913 in
1800 3859 2029 3915 aliorum

394 4006 397 4011 ν
439 3948 689 4018 expendi,
724 3946 1024 4018 praesertim
1052 3947 1343 4012 malorum,
1369 3947 1558 4000 usibus
1586 3947 1893 4013 hominum;
1921 3948 2030 4004 imo

439 4035 613 4107 magis
643 4033 1015 4105 semetipsum,
1051 4043 1303 4105 tanquam
1346 4050 1410 4088 ex
1468 4034 1796 4104 pauperibus
1840 4052 2027 4105 unum,

436 4122 676 4193 graviter
706 4123 1016 4188 accusabat,
1047 4122 1189 4193 quod
1217 4122 1321 4176 sibi
1351 4138 1414 4177 ac
1445 4122 1627 4191 sociis,
1652 4123 1720 4178 de
1742 4124 1906 4179 rebus
1928 4124 2033 4179 sibi

437 4211 743 4267 commissis
783 4218 1179 4281 competentem
1235 4218 1471 4265 sumeret
1519 4211 1748 4282 copiam,
1809 4228 1875 4267 ac
1920 4230 2029 4268 non

435 4300 612 4371 potius
642 4300 927 4355 sustineret
957 4316 1078 4355 cum
1109 4299 1440 4370 pauperibus
1472 4307 1523 4353 et
1560 4300 1678 4370 ipse
1706 4316 1914 4371 pauper
1941 4302 2029 4355 in-

2130 422 2276 478 tione
2305 424 2422 480 haec
2452 426 2572 496 ipsa
2600 442 2702 496 pro
2743 424 3017 496 personis,
3068 424 3295 492 viribus,
3343 424 3627 481 affectibus
3676 434 3731 482 et

2130 511 2475 569 facultatibus
2513 515 2832 585 dispensare
2879 513 3069 569 solitus
3126 521 3263 578 erat,
3307 529 3578 586 quamque
3632 530 3729 569 sa-

2130 606 2349 675 pienter
2378 615 2431 661 et
2460 605 2639 661 sobrie
2669 620 2759 659 res
2790 618 2919 659 suas
2946 604 2999 658 in
3022 618 3240 658 suorum
3270 610 3323 658 et
3372 618 3502 658 suos
3524 603 3737 673 spirita-

2129 699 2211 754 les
2241 705 2295 752 et
2321 694 2639 767 corporales
2667 708 2819 759 usus,
2851 707 2953 747 nec
2982 706 3091 747 non
3120 699 3173 746 et
3209 706 3509 762 pauperum
3540 690 3730 746 solatia

2130 785 2482 852 distribuerit,
2516 784 2618 838 erit
2648 781 2867 853 quidem
2897 796 3007 835 non
3036 779 3209 835 solum
3248 780 3552 835 sanctitatis
3591 781 3729 849 ejus,

2130 874 2228 929 sed
2258 882 2310 928 et
2370 872 2601 928 solertiae
2662 870 3046 925 documentum
3090 868 3552 925 evidentissimum
3587 883 3600 921 :
3634 866 3735 923 sed

2130 961 2352 1018 lectoris
2382 960 2647 1016 debemus
2676 958 2849 1014 vitare
2898 956 3199 1012 fastidium.
3258 956 3396 1011 Illud
3438 972 3566 1011 sane
3622 970 3731 1027 quo

2130 1059 2290 1127 pacto
2311 1048 2587 1121 praeterire
2625 1061 2938 1118 possumus,
2991 1046 3120 1117 quin
3166 1044 3253 1100 vel
3281 1045 3518 1101 breviter
3563 1044 3732 1099 attin—

2132 1155 2347 1212 gamus,
2383 1137 2526 1211 quod
2556 1152 2681 1193 cum
2709 1134 3148 1207 frequentissime
3178 1149 3400 1189 suorum
3438 1141 3490 1189 et
3519 1133 3733 1189 alieno-

2133 1244 2254 1283 rum
2282 1242 2478 1283 causas
2508 1224 2806 1281 mundanas
2835 1231 2888 1278 et
2906 1221 3306 1279 ecclesiasticas
3334 1220 3564 1287 audiret,
3598 1237 3735 1276 ven-

2133 1316 2332 1381 tilaret,
2370 1313 2720 1379 terminaret;
2775 1325 3007 1382 cumque
3036 1310 3090 1365 in
3123 1309 3352 1364 subditis
3381 1309 3483 1364 sibi
3520 1308 3737 1365 clericis

2134 1420 2233 1474 per
2255 1411 2363 1457 tam
2394 1401 2665 1473 prolixum
2694 1399 2817 1455 vitae
2846 1398 3079 1469 spatium
3096 1398 3254 1454 toties
3268 1397 3731 1463 consecrationes,

2134 1491 2580 1564 degradationes,
2610 1488 3103 1553 reconciliationes,
3161 1502 3263 1557 pro
3291 1500 3652 1557 personarum
3683 1494 3739 1541 et

2135 1579 2491 1636 ecclesiarum
2521 1577 2954 1649 competentibus
2991 1575 3171 1631 causis
3211 1583 3264 1630 et
3290 1575 3730 1641 necessitatibus,

2064 1682 2119 1742 Β
2138 1668 2459 1734 celebraret,
2480 1683 2669 1721 manus
2683 1682 2806 1720 suas
2822 1672 3004 1720 tamen
3024 1663 3094 1718 ab
3106 1663 3271 1730 omni,
3290 1662 3589 1719 secundum
3604 1677 3737 1733 pro-

2138 1757 2413 1828 pheticum
2461 1754 2817 1826 praeconium,
2849 1752 3087 1809 excussit
3115 1768 3336 1806 munere
3371 1752 3501 1820 (Isai
3522 1765 3731 1818 χχχιιι,

2140 1848 2255 1915 15).
2296 1846 2374 1899 Eo
2408 1844 2614 1913 judice,
2666 1841 2801 1897 nulli
2856 1856 3113 1912 unquam,
3163 1855 3417 1911 persona:
3471 1840 3728 1912 dignitas,

2137 1934 2269 1989 nulli
2290 1932 2534 2004 pecunia:
2579 1930 2783 2001 profuit
2840 1930 3130 2001 quantitas,
3163 1928 3369 1983 nullum
3416 1935 3730 1999 paupertas,

2135 2022 2345 2076 nullum
2375 2028 2790 2092 quantacunque
2819 2017 3115 2074 ciliciorum
3147 2016 3261 2073 sive
3277 2016 3535 2071 natalium
3554 2031 3733 2071 rerum

2136 2110 2262 2167 fecit
2292 2109 2644 2176 extremitas;
2677 2124 2787 2163 non
2819 2107 3091 2162 mitiorem
3127 2104 3352 2169 amicus,
3384 2120 3492 2160 non
3539 2103 3730 2159 durio-

2135 2215 2252 2255 rem
2284 2205 2536 2269 expertus
2565 2206 2648 2252 est
2676 2196 2963 2261 inimicus;
2995 2210 3105 2250 non
3130 2193 3538 2266 deargentatam
3596 2206 3733 2248 con-

2134 2283 2291 2338 victis
2320 2283 2407 2339 vel
2463 2280 2843 2337 conﬁtentibus
2882 2278 3139 2350 imposuit
3182 2278 3572 2348 pmnitentiam,
3624 2292 3735 2330 non

2135 2366 2413 2421 lucrosam
2434 2365 2487 2418 in
2517 2362 2731 2435 placitis
2784 2360 3024 2418 defendit
3073 2360 3308 2417 ediditve
3358 2360 3727 2424 sententiam;

2137 2469 2245 2509 non
2275 2452 2658 2509 considerabat
2681 2466 2973 2522 personam
3001 2448 3280 2520 pauperis,
3300 2464 3408 2503 non
3429 2447 3731 2502 honorabat

2137 2543 2340 2597 vultum
2362 2541 2595 2611 potentis
2630 2555 2642 2593 :
2677 2538 2823 2610 quod
2854 2537 2999 2593 beati
3028 2537 3128 2593 viri
3165 2553 3229 2593 eo
3269 2536 3581 2608 praeclarius
3610 2535 3730 2590 illu—

2136 2639 2265 2686 strat
2294 2630 2569 2699 meritum,
2601 2643 2707 2699 quo
2739 2628 2911 2682 rarius
2938 2626 3027 2681 vel
3054 2625 3109 2679 in
3146 2624 3524 2697 praesentibus,
3559 2624 3647 2679 vel
3676 2623 3731 2678 in

2135 2718 2418 2790 praeteritis
2448 2717 2608 2771 habet
2648 2715 2975 2786 exemplum.
3017 2714 3229 2783 Quanta
3264 2714 3422 2769 nobis
3451 2714 3556 2768 hoc
3584 2711 3726 2779 loco,

2136 2807 2182 2861 si
2204 2806 2427 2861 laudare
2443 2804 2844 2876 comparatione
2882 2803 3149 2858 malorum
3178 2802 3320 2857 bona
3364 2801 3617 2867 velimus,
3648 2799 3729 2855 of-

2135 2894 2307 2951 fertur
2334 2894 2563 2949 materia
2583 2892 2637 2947 in
2664 2892 3017 2963 prasentium
3055 2899 3363 2961 temporum
3385 2888 3547 2945 faeces
3572 2890 3727 2945 inve-

2134 2983 2337 3050 hendi;
2369 2982 2422 3037 in
2454 2981 2670 3054 quibus,
2704 2996 2828 3037 cum
2859 2979 3130 3035 dedecore
3152 2986 3313 3051 atque
3336 2978 3616 3034 eversione
3633 2977 3730 3033 ho-

2134 3073 2358 3128 nestatis
2388 3079 2440 3127 et
2468 3070 2752 3142 aequitatis,
2784 3069 3015 3140 pecunia
3037 3067 3237 3139 templa
3256 3074 3519 3138 penetrat,
3539 3065 3729 3121 alteria

2133 3161 2387 3226 maculat,
2444 3158 2747 3216 sacerdotia
2793 3156 3088 3223 venundat,
3139 3155 3504 3211 innocentiam
3542 3162 3727 3210 exter-

2134 3246 2321 3310 minat,
2364 3244 2545 3299 omnia
2593 3243 2776 3298 divina
2818 3241 3154 3313 profanaque
3205 3240 3532 3295 contaminat
3564 3238 3576 3293 l
3612 3239 3726 3293 Ex-

2133 3341 2337 3389 caecant
2355 3349 2499 3388 nunc
2530 3346 2755 3387 munera
2783 3330 2971 3386 oculos
2992 3330 3317 3400 sapientum,
3350 3328 3729 3383 etsubvertunt

2134 3423 2300 3478 verba
2321 3423 2627 3489 justorum;
2660 3435 2851 3475 omnes
2868 3418 3096 3489 diligunt
3131 3431 3375 3483 munera,
3429 3424 3730 3487 sequuntur

2134 3510 2517 3567 retributiones
2542 3529 2556 3577 ;
2588 3525 2621 3563 a
2648 3508 2872 3563 minimo
2904 3522 3076 3577 usque
3107 3506 3176 3561 ad
3204 3505 3499 3560 maximum
3538 3519 3728 3559 omnes

2134 3595 2356 3651 avaritze
2387 3593 2620 3659 student,
2663 3608 2695 3647 a
2738 3591 3005 3663 propheta
3051 3606 3224 3661 usque
3271 3590 3339 3643 ad
3388 3588 3730 3644 sacerdotem

2132 3683 2309 3739 cuncti
2340 3682 2541 3738 faciunt
2576 3680 2781 3747 dolum,
2812 3694 2919 3735 non
2964 3676 3146 3733 deficit
3175 3678 3243 3732 de
3286 3677 3480 3748 plateis
3527 3676 3729 3731 nostris

2133 3787 2301 3826 usura
2330 3778 2383 3826 et
2419 3770 2597 3837 dolus,
2630 3778 2907 3840 postremo
2934 3768 2988 3821 in
3018 3766 3191 3838 capite
3216 3766 3457 3821 omnium
3488 3764 3726 3830 avaritia,

2133 3869 2186 3914 et
2206 3860 2449 3930 pecuniae
2477 3857 2736 3914 obediunt
2765 3857 2966 3913 omnia.
3018 3855 3127 3911 Sed
3155 3855 3272 3910 haec
3301 3855 3586 3919 hactenus;
3619 3867 3726 3908 non

2132 3948 2277 4004 enim
2314 3948 2413 4002 ista
2447 3946 2804 4016 suscepimus.

2203 4040 2297 4092 21.
2338 4035 2422 4089 Ad
2461 4035 2560 4089 Dei
2588 4034 2753 4104 igitur
2781 4032 3058 4087 hominem
3096 4032 3267 4087 verba
3308 4039 3603 4096 vertamus,
3638 4028 3731 4101 qui

2133 4122 2511 4193 temporalium
2533 4122 2876 4193 negotiorum
2898 4121 3165 4192 litigiosas
3188 4134 3384 4176 causas
3402 4126 3726 4175 aeternorum

2132 4228 2315 4267 amore
2353 4227 2463 4267 non
2514 4226 2716 4275 amare,
2768 4209 2865 4264 sed
2893 4208 3150 4273 tolerare,
3200 4208 3462 4281 magistra
3508 4207 3725 4277 pietate,

2133 4300 2412 4355 didicerat.
2430 4300 2654 4355 Dicebat
2666 4299 2811 4353 enim
2823 4298 2969 4352 omni
2988 4297 3139 4352 febre
3155 4296 3466 4351 molestiora
3488 4294 3587 4349 sibi
3609 4294 3727 4365 pla-

436 4389 637 4459 Opiam.
687 4389 1106 4459 Eleemosynam
1164 4387 1344 4459 igitur,
1380 4396 1437 4442 ut
1490 4388 1745 4455 diximus,
1798 4388 2031 4444 libenter
2060 4385 2255 4455 Dcita,
2288 4389 2575 4458 modisque
2605 4386 2858 4443 omnibus
2888 4386 2972 4440 his
3023 4385 3518 4440 abrenuntiaturum
3553 4382 3729 4436 sinon

438 4476 690 4541 faciebat,
730 4475 915 4532 sedule
970 4476 1252 4539 suadebat,
1298 4492 1397 4547 pro
1444 4477 1812 4532 satisfactione
1869 4478 2030 4532 etiam

437 4564 1177 4636 pcenitentibusinjungebat.
1212 4565 1337 4619 Haec
1368 4581 1603 4635 namque
1637 4566 1736 4619 tria
1757 4565 2031 4636 praecipue

438 4652 627 4724 culpas
658 4668 785 4707 suas
812 4653 1102 4707 emendare
1132 4652 1470 4725 cupientibus
1524 4654 1783 4708 sectanda
1831 4654 2030 4723 praeci-

436 4741 638 4811 piebat,
663 4740 984 4806 orationem,
1029 4740 1310 4809 jejunium,
1361 4749 1413 4795 et
1440 4740 1864 4812 eleemosynam,
1923 4756 2033 4796 non

435 4830 730 4884 humanam
761 4829 815 4883 in
840 4830 944 4884 hoc
965 4829 1341 4898 temeritatem,
1374 4829 1469 4883 sed
1514 4828 1889 4899 evangelicum
1937 4845 2029 4884 se-

439 4934 610 4989 quens
640 4917 1040 4973 auctoritatem.
1072 4917 1215 4971 Dicit
1243 4917 1386 4972 enim
1416 4918 1679 4972 Dominus
1734 4917 2031 4987 pessimum

435 5005 823 5061 daamoniorum
854 5022 1028 5078 genus
1062 5005 1179 5073 ejici
1201 5020 1307 5059 non
1346 5020 1528 5075 posse,
1564 5005 1665 5058 nisi
1703 5005 1757 5059 in
1788 5007 2030 5061 oratione

439 5101 490 5148 et
506 5094 712 5162 jejunio
734 5095 923 5163 (Marc.
958 5109 1038 5158 Ix,
1067 5094 1178 5161 28).
1210 5092 1353 5148 Alibi
1386 5109 1602 5163 quoque
1634 5094 1921 5149 Pharisaeis
1950 5095 2030 5149 lo-

437 5196 609 5252 quens
640 5201 657 5236 :
691 5204 713 5229 u
738 5183 893 5245 Date,
926 5181 1117 5253 inquit,
1150 5182 1574 5252 eleemosynam,
1618 5190 1668 5238 et
1699 5198 1827 5239 ecce
1848 5184 2030 5239 omnia

436 5270 641 5325 munda
670 5278 794 5325 sunt
822 5269 975 5325 vobis
1006 5270 1162 5338 (Luc.
1193 5284 1273 5337 χι,
1306 5270 1379 5340 4).
1419 5293 1441 5318 ››

2130 4479 2185 4531 in
2216 4479 2317 4533 hoc
2340 4479 2511 4532 Deum
2542 4492 2600 4530 se
2632 4475 2797 4531 sciret
2835 4473 3193 4530 offensurum.
3252 4474 3518 4527 Intererat
3548 4479 3727 4525 autem

2131 4566 2237 4620 illis
2268 4563 2640 4619 tantummodo
2675 4563 2823 4634 pacis
2871 4563 3113 4629 obtentu,
3169 4561 3402 4616 maxime
3431 4574 3727 4630 pauperum

2133 4661 2294 4724 atque
2324 4652 2679 4709 ecclesiarum
2699 4669 2713 4717 ;
2738 4652 2822 4706 his
2838 4650 3039 4706 etenim
3058 4657 3286 4705 noverat
3306 4648 3529 4720 gravius
3548 4656 3729 4701 motus

2132 4758 2329 4797 nocere
2355 4756 2697 4813 guerrarum.
2728 4740 2830 4795 Ubi
2861 4754 2989 4795 vero
3038 4737 3389 4793 inexorabilia
3438 4736 3494 4791 in
3531 4734 3728 4806 aliqui-

2134 4830 2234 4884 bus
2263 4829 2385 4885 odia
2423 4837 2475 4884 et
2504 4828 2858 4899 inexpiabiles
2888 4834 3165 4897 repererat
3193 4827 3320 4890 iras,
3353 4835 3478 4879 tunc
3506 4824 3727 4878 demum

2133 4918 2443 4983 fortissime,
2475 4917 2542 4973 de
2564 4917 2663 4971 Dei
2684 4916 2814 4970 fisus
2843 4915 3060 4983 auxilio,
3090 4923 3340 4986 totusque
3361 4913 3417 4967 in
3446 4911 3728 4968 charitatis

2133 5014 2295 5078 atque
2324 5005 2639 5060 humilitatis
2672 5004 2880 5059 solutus
2927 5002 3199 5071 allectum,
3250 5000 3639 5056 instantissime
3670 5014 3733 5054 ac

2133 5095 2501 5160 devotissime,
2535 5092 2789 5159 offensis,
2824 5108 2925 5163 pro
2955 5092 3039 5147 his
3070 5092 3161 5162 qui
3200 5089 3558 5155 offenderant,
3593 5104 3728 5158 sup-

2132 5184 2387 5254 plicabat.
2413 5182 2458 5237 Ο
2489 5183 2699 5253 quoties
2748 5181 2938 5236 salutis
2983 5182 3231 5236 humanae
3276 5178 3432 5250 quasi
3498 5185 3729 5233 cmcatus

2132 5270 2425 5338 desiderio,
2458 5271 2515 5325 in
2534 5286 2757 5327 caenosa
2788 5287 2847 5326 se
2874 5285 2976 5340 pro
3006 5268 3207 5323 talibus
3235 5268 3414 5323 causis
3443 5266 3564 5321 loca
3592 5280 3727 5336 pro-

502 5449 604 5514 (25)
631 5449 759 5500 Loco
781 5447 1013 5510 specialis
1036 5447 1086 5499 in
1111 5448 1266 5501 altero
1291 5451 1456 5503 nostro
1479 5460 1573 5501 ms.
1598 5447 1774 5513 legitur
1796 5449 2098 5517 spiritantia,
2126 5451 2250 5516 quod
2274 5453 2325 5502 et
2346 5449 2551 5513 margini
2575 5449 2701 5513 apud
2722 5450 2914 5504 Surium
2935 5447 3205 5513 appositum
3232 5450 3325 5498 est.
