  <div class='ocr_page' id='page_1' title='image "/cluster/home/n/w/nwhite01/storage/ocr_20150623/153/hvd.32044054760111/394.png"; bbox 0 0 3978 6050; ppageno 0'>
   <div class='ocr_carea' id='block_1_1' title="bbox 209 213 303 264">
    <p class='ocr_par' dir='ltr' id='par_1_1' title="bbox 209 213 303 264">
     <span class='ocr_line' id='line_1_1' title="bbox 209 213 303 264; baseline -0.011 0"><span class='ocrx_word' id='word_1_1' title='bbox 209 213 303 264; x_wconf 80' lang='grc'><strong>777</strong></span> 
     </span>
    </p>
   </div>
   <div class='ocr_carea' id='block_1_2' title="bbox 1256 204 2427 267">
    <p class='ocr_par' dir='ltr' id='par_1_2' title="bbox 1256 204 2427 267">
     <span class='ocr_line' id='line_1_2' title="bbox 1256 204 2427 267; baseline 0.001 -4"><span class='ocrx_word' id='word_1_2' title='bbox 1256 209 1414 264; x_wconf 83' lang='lat' dir='ltr'><strong>VITA</strong></span> <span class='ocrx_word' id='word_1_3' title='bbox 1455 210 1509 265; x_wconf 91' lang='lat' dir='ltr'>S.</span> <span class='ocrx_word' id='word_1_4' title='bbox 1554 204 1870 264; x_wconf 87' lang='lat' dir='ltr'>HUGONIS</span> <span class='ocrx_word' id='word_1_5' title='bbox 1910 208 2427 267; x_wconf 82' lang='lat' dir='ltr'>GRATIANOPOL.</span> 
     </span>
    </p>
   </div>
   <div class='ocr_carea' id='block_1_3' title="bbox 3384 214 3486 268">
    <p class='ocr_par' dir='ltr' id='par_1_3' title="bbox 3384 214 3486 268">
     <span class='ocr_line' id='line_1_3' title="bbox 3384 214 3486 268; baseline 0 -1"><span class='ocrx_word' id='word_1_6' title='bbox 3384 214 3486 268; x_wconf 85' lang='lat'>778</span> 
     </span>
    </p>
   </div>
   <div class='ocr_carea' id='block_1_4' title="bbox 205 331 3492 405">
    <p class='ocr_par' dir='ltr' id='par_1_4' title="bbox 205 331 3492 405">
     <span class='ocr_line' id='line_1_4' title="bbox 205 331 3492 405; baseline 0.001 -17"><span class='ocrx_word' id='word_1_7' title='bbox 205 331 327 400; x_wconf 89' lang='lat' dir='ltr'>jecit</span> <span class='ocrx_word' id='word_1_8' title='bbox 356 331 368 386; x_wconf 83' lang='grc' dir='ltr'><strong>ι</strong></span> <span class='ocrx_word' id='word_1_9' title='bbox 404 331 617 403; x_wconf 90' lang='lat' dir='ltr'>quoties</span> <span class='ocrx_word' id='word_1_10' title='bbox 647 331 717 387; x_wconf 89' lang='lat' dir='ltr'>ad</span> <span class='ocrx_word' id='word_1_11' title='bbox 745 331 915 401; x_wconf 89' lang='lat' dir='ltr'><strong>pedes</strong></span> <span class='ocrx_word' id='word_1_12' title='bbox 945 332 1429 402; x_wconf 89' lang='lat' dir='ltr'>contemptibilium</span> <span class='ocrx_word' id='word_1_13' title='bbox 1477 333 1636 388; x_wconf 90' lang='lat' dir='ltr'>etiam</span> <span class='ocrx_word' id='word_1_14' title='bbox 1667 349 1791 403; x_wconf 85' lang='lat' dir='ltr'>per-</span> <span class='ocrx_word' id='word_1_15' title='bbox 1810 335 1865 394; x_wconf 87' lang='grc' dir='ltr'>Α</span> <span class='ocrx_word' id='word_1_16' title='bbox 1896 332 1940 386; x_wconf 89' lang='lat' dir='ltr'>si</span> <span class='ocrx_word' id='word_1_17' title='bbox 1974 333 2268 396; x_wconf 87' lang='lat' dir='ltr'>humilitas,</span> <span class='ocrx_word' id='word_1_18' title='bbox 2303 334 2422 405; x_wconf 87' lang='lat' dir='ltr'>quis</span> <span class='ocrx_word' id='word_1_19' title='bbox 2440 334 2742 403; x_wconf 79' lang='lat' dir='ltr'>dejectior?</span> <span class='ocrx_word' id='word_1_20' title='bbox 2771 335 2816 388; x_wconf 87' lang='lat' dir='ltr'><strong>si</strong></span> <span class='ocrx_word' id='word_1_21' title='bbox 2847 335 3215 405; x_wconf 83' lang='lat' dir='ltr'>eleemosyna,</span> <span class='ocrx_word' id='word_1_22' title='bbox 3243 335 3362 405; x_wconf 87' lang='lat' dir='ltr'>quis</span> <span class='ocrx_word' id='word_1_23' title='bbox 3383 336 3492 390; x_wconf 88' lang='lat' dir='ltr'>lar-</span> 
     </span>
    </p>
   </div>
   <div class='ocr_carea' id='block_1_5' title="bbox 209 419 1798 489">
    <p class='ocr_par' dir='ltr' id='par_1_5' title="bbox 209 419 1798 489">
     <span class='ocr_line' id='line_1_5' title="bbox 209 419 1798 489; baseline 0 -16"><span class='ocrx_word' id='word_1_24' title='bbox 209 434 456 473; x_wconf 87' lang='lat' dir='ltr'>sonarum</span> <span class='ocrx_word' id='word_1_25' title='bbox 484 419 576 473; x_wconf 91' lang='lat' dir='ltr'>diu</span> <span class='ocrx_word' id='word_1_26' title='bbox 606 426 909 489; x_wconf 73' lang='lat' dir='ltr'>prostratus</span> <span class='ocrx_word' id='word_1_27' title='bbox 935 420 1105 487; x_wconf 90' lang='lat' dir='ltr'>jacuit</span> <span class='ocrx_word' id='word_1_28' title='bbox 1131 419 1142 473; x_wconf 88' lang='lat' dir='ltr'>l</span> <span class='ocrx_word' id='word_1_29' title='bbox 1178 420 1293 479; x_wconf 90' lang='lat' dir='ltr'>Nec</span> <span class='ocrx_word' id='word_1_30' title='bbox 1323 419 1501 483; x_wconf 84' lang='lat' dir='ltr'>facile,</span> <span class='ocrx_word' id='word_1_31' title='bbox 1527 421 1637 473; x_wconf 92' lang='lat' dir='ltr'>imo</span> <span class='ocrx_word' id='word_1_32' title='bbox 1659 436 1798 489; x_wconf 88' lang='lat' dir='ltr'>pene</span> 
     </span>
    </p>
   </div>
   <div class='ocr_carea' id='block_1_6' title="bbox 207 505 1798 578">
    <p class='ocr_par' dir='ltr' id='par_1_6' title="bbox 207 505 1798 578">
     <span class='ocr_line' id='line_1_6' title="bbox 207 505 1798 578; baseline 0 -18"><span class='ocrx_word' id='word_1_33' title='bbox 207 522 475 577; x_wconf 86' lang='lat' dir='ltr'>nunquam</span> <span class='ocrx_word' id='word_1_34' title='bbox 505 505 873 560; x_wconf 88' lang='lat' dir='ltr'>frustrabatur</span> <span class='ocrx_word' id='word_1_35' title='bbox 904 507 1101 576; x_wconf 90' lang='lat' dir='ltr'>optatis</span> <span class='ocrx_word' id='word_1_36' title='bbox 1126 526 1139 571; x_wconf 87' lang='lat'><strong>;</strong></span> <span class='ocrx_word' id='word_1_37' title='bbox 1172 522 1300 560; x_wconf 91' lang='lat' dir='ltr'>nam</span> <span class='ocrx_word' id='word_1_38' title='bbox 1329 515 1383 561; x_wconf 90' lang='lat' dir='ltr'>et</span> <span class='ocrx_word' id='word_1_39' title='bbox 1411 508 1456 560; x_wconf 92' lang='lat' dir='ltr'>si</span> <span class='ocrx_word' id='word_1_40' title='bbox 1486 508 1577 578; x_wconf 92' lang='lat' dir='ltr'>qui</span> <span class='ocrx_word' id='word_1_41' title='bbox 1594 523 1798 578; x_wconf 86' lang='lat' dir='ltr'>negas-</span> 
     </span>
    </p>
   </div>
   <div class='ocr_carea' id='block_1_7' title="bbox 209 594 1798 665">
    <p class='ocr_par' dir='ltr' id='par_1_7' title="bbox 209 594 1798 665">
     <span class='ocr_line' id='line_1_7' title="bbox 209 594 1798 665; baseline 0.001 -17"><span class='ocrx_word' id='word_1_42' title='bbox 209 602 341 661; x_wconf 90' lang='lat' dir='ltr'>sent,</span> <span class='ocrx_word' id='word_1_43' title='bbox 376 610 484 648; x_wconf 89' lang='lat' dir='ltr'>non</span> <span class='ocrx_word' id='word_1_44' title='bbox 515 594 687 648; x_wconf 92' lang='lat' dir='ltr'>solum</span> <span class='ocrx_word' id='word_1_45' title='bbox 717 594 908 665; x_wconf 82' lang='lat' dir='ltr'>gratis,</span> <span class='ocrx_word' id='word_1_46' title='bbox 935 594 1033 647; x_wconf 90' lang='lat' dir='ltr'>sed</span> <span class='ocrx_word' id='word_1_47' title='bbox 1062 602 1112 648; x_wconf 93' lang='lat' dir='ltr'>et</span> <span class='ocrx_word' id='word_1_48' title='bbox 1141 609 1265 649; x_wconf 91' lang='lat' dir='ltr'>cum</span> <span class='ocrx_word' id='word_1_49' title='bbox 1288 594 1656 650; x_wconf 78' lang='lat' dir='ltr'>satisfactione</span> <span class='ocrx_word' id='word_1_50' title='bbox 1676 610 1798 664; x_wconf 69' lang='lat' dir='ltr'>poe-</span> 
     </span>
    </p>
   </div>
   <div class='ocr_carea' id='block_1_8' title="bbox 209 680 1801 753">
    <p class='ocr_par' dir='ltr' id='par_1_8' title="bbox 209 680 1801 753">
     <span class='ocr_line' id='line_1_8' title="bbox 209 680 1801 753; baseline 0.001 -18"><span class='ocrx_word' id='word_1_51' title='bbox 209 681 454 746; x_wconf 88' lang='lat' dir='ltr'>nitentes,</span> <span class='ocrx_word' id='word_1_52' title='bbox 481 680 780 735; x_wconf 76' lang='lat' dir='ltr'>oﬂ&#39;erebant</span> <span class='ocrx_word' id='word_1_53' title='bbox 820 688 1011 751; x_wconf 91' lang='lat' dir='ltr'>postea</span> <span class='ocrx_word' id='word_1_54' title='bbox 1048 697 1156 736; x_wconf 91' lang='lat' dir='ltr'>non</span> <span class='ocrx_word' id='word_1_55' title='bbox 1205 683 1422 753; x_wconf 82' lang='lat' dir='ltr'>roganti</span> <span class='ocrx_word' id='word_1_56' title='bbox 1451 683 1597 753; x_wconf 89' lang='lat' dir='ltr'>quod</span> <span class='ocrx_word' id='word_1_57' title='bbox 1624 698 1801 753; x_wconf 84' lang='lat' dir='ltr'>nega—</span> 
     </span>
    </p>
   </div>
   <div class='ocr_carea' id='block_1_9' title="bbox 209 768 1799 840">
    <p class='ocr_par' dir='ltr' id='par_1_9' title="bbox 209 768 1799 840">
     <span class='ocr_line' id='line_1_9' title="bbox 209 768 1799 840; baseline -0.001 -16"><span class='ocrx_word' id='word_1_58' title='bbox 209 776 396 824; x_wconf 89' lang='lat' dir='ltr'>verant</span> <span class='ocrx_word' id='word_1_59' title='bbox 425 768 772 839; x_wconf 86' lang='lat' dir='ltr'>supplicanti.</span> <span class='ocrx_word' id='word_1_60' title='bbox 807 770 1035 823; x_wconf 81' lang='lat' dir='ltr'>Tantam</span> <span class='ocrx_word' id='word_1_61' title='bbox 1066 770 1268 839; x_wconf 90' lang='lat' dir='ltr'>quippe</span> <span class='ocrx_word' id='word_1_62' title='bbox 1306 785 1465 824; x_wconf 91' lang='lat' dir='ltr'>omne</span> <span class='ocrx_word' id='word_1_63' title='bbox 1494 786 1665 840; x_wconf 86' lang='lat' dir='ltr'>genus</span> <span class='ocrx_word' id='word_1_64' title='bbox 1696 771 1799 823; x_wconf 95' lang='lat' dir='ltr'>ho-</span> 
     </span>
    </p>
   </div>
   <div class='ocr_carea' id='block_1_10' title="bbox 210 855 1802 929">
    <p class='ocr_par' dir='ltr' id='par_1_10' title="bbox 210 855 1802 929">
     <span class='ocr_line' id='line_1_10' title="bbox 210 855 1802 929; baseline 0 -18"><span class='ocrx_word' id='word_1_65' title='bbox 210 856 411 911; x_wconf 90' lang='lat' dir='ltr'>minum</span> <span class='ocrx_word' id='word_1_66' title='bbox 432 856 482 911; x_wconf 92' lang='lat' dir='ltr'>ei</span> <span class='ocrx_word' id='word_1_67' title='bbox 530 855 892 911; x_wconf 85' lang='lat' dir='ltr'>reverentiam</span> <span class='ocrx_word' id='word_1_68' title='bbox 937 855 1236 923; x_wconf 82' lang='lat' dir='ltr'>deferebat,</span> <span class='ocrx_word' id='word_1_69' title='bbox 1276 864 1332 911; x_wconf 93' lang='lat' dir='ltr'>ut</span> <span class='ocrx_word' id='word_1_70' title='bbox 1360 859 1534 912; x_wconf 92' lang='lat' dir='ltr'>Deum</span> <span class='ocrx_word' id='word_1_71' title='bbox 1563 859 1802 929; x_wconf 84' lang='lat' dir='ltr'>graviter</span> 
     </span>
    </p>
   </div>
   <div class='ocr_carea' id='block_1_11' title="bbox 210 942 1806 1016">
    <p class='ocr_par' dir='ltr' id='par_1_11' title="bbox 210 942 1806 1016">
     <span class='ocr_line' id='line_1_11' title="bbox 210 942 1806 1016; baseline 0.001 -18"><span class='ocrx_word' id='word_1_72' title='bbox 210 942 497 999; x_wconf 67' lang='lat' dir='ltr'>offendisse</span> <span class='ocrx_word' id='word_1_73' title='bbox 527 960 587 999; x_wconf 90' lang='lat' dir='ltr'>se</span> <span class='ocrx_word' id='word_1_74' title='bbox 618 944 868 999; x_wconf 88' lang='lat' dir='ltr'>crederet</span> <span class='ocrx_word' id='word_1_75' title='bbox 919 944 1166 1015; x_wconf 88' lang='lat' dir='ltr'>quisquis</span> <span class='ocrx_word' id='word_1_76' title='bbox 1224 944 1274 999; x_wconf 92' lang='lat' dir='ltr'>ei</span> <span class='ocrx_word' id='word_1_77' title='bbox 1305 946 1578 1016; x_wconf 89' lang='lat' dir='ltr'>postulata</span> <span class='ocrx_word' id='word_1_78' title='bbox 1606 960 1806 1016; x_wconf 89' lang='lat' dir='ltr'>negas-</span> 
     </span>
    </p>
   </div>
   <div class='ocr_carea' id='block_1_12' title="bbox 208 1040 304 1087">
    <p class='ocr_par' dir='ltr' id='par_1_12' title="bbox 208 1040 304 1087">
     <span class='ocr_line' id='line_1_12' title="bbox 208 1040 304 1087; baseline 0 -2"><span class='ocrx_word' id='word_1_79' title='bbox 208 1040 304 1087; x_wconf 85' lang='lat' dir='ltr'>set.</span> 
     </span>
    </p>
   </div>
   <div class='ocr_carea' id='block_1_13' title="bbox 275 1118 1800 1192">
    <p class='ocr_par' dir='ltr' id='par_1_13' title="bbox 275 1118 1800 1192">
     <span class='ocr_line' id='line_1_13' title="bbox 275 1118 1800 1192; baseline 0 -17"><span class='ocrx_word' id='word_1_80' title='bbox 275 1123 364 1175; x_wconf 91' lang='lat'>22.</span> <span class='ocrx_word' id='word_1_81' title='bbox 396 1119 514 1173; x_wconf 89' lang='lat' dir='ltr'>Fuit</span> <span class='ocrx_word' id='word_1_82' title='bbox 543 1119 700 1174; x_wconf 90' lang='lat' dir='ltr'>etiam</span> <span class='ocrx_word' id='word_1_83' title='bbox 748 1118 1069 1189; x_wconf 75' lang='lat' dir='ltr'>przedieator</span> <span class='ocrx_word' id='word_1_84' title='bbox 1097 1120 1396 1192; x_wconf 85' lang='lat' dir='ltr'>egregius;</span> <span class='ocrx_word' id='word_1_85' title='bbox 1437 1129 1554 1176; x_wconf 89' lang='lat' dir='ltr'>erat</span> <span class='ocrx_word' id='word_1_86' title='bbox 1601 1121 1800 1191; x_wconf 88' lang='lat' dir='ltr'>quippe</span> 
     </span>
    </p>
   </div>
   <div class='ocr_carea' id='block_1_14' title="bbox 210 1206 1799 1279">
    <p class='ocr_par' dir='ltr' id='par_1_14' title="bbox 210 1206 1799 1279">
     <span class='ocr_line' id='line_1_14' title="bbox 210 1206 1799 1279; baseline 0.001 -18"><span class='ocrx_word' id='word_1_87' title='bbox 210 1222 317 1262; x_wconf 90' lang='lat' dir='ltr'>non</span> <span class='ocrx_word' id='word_1_88' title='bbox 336 1206 682 1263; x_wconf 88' lang='lat' dir='ltr'>mediocriter</span> <span class='ocrx_word' id='word_1_89' title='bbox 711 1206 1001 1261; x_wconf 89' lang='lat' dir='ltr'>litteratus.</span> <span class='ocrx_word' id='word_1_90' title='bbox 1043 1208 1151 1262; x_wconf 91' lang='lat' dir='ltr'>Sed</span> <span class='ocrx_word' id='word_1_91' title='bbox 1182 1216 1233 1261; x_wconf 92' lang='lat' dir='ltr'>et</span> <span class='ocrx_word' id='word_1_92' title='bbox 1262 1208 1485 1279; x_wconf 88' lang='lat' dir='ltr'>ingenio</span> <span class='ocrx_word' id='word_1_93' title='bbox 1508 1216 1558 1262; x_wconf 93' lang='lat' dir='ltr'>et</span> <span class='ocrx_word' id='word_1_94' title='bbox 1586 1222 1799 1262; x_wconf 86' lang='lat' dir='ltr'>memo-</span> 
     </span>
    </p>
   </div>
   <div class='ocr_carea' id='block_1_15' title="bbox 214 1294 1799 1365">
    <p class='ocr_par' dir='ltr' id='par_1_15' title="bbox 214 1294 1799 1365">
     <span class='ocr_line' id='line_1_15' title="bbox 214 1294 1799 1365; baseline 0 -17"><span class='ocrx_word' id='word_1_95' title='bbox 214 1295 295 1348; x_wconf 88' lang='lat' dir='ltr'>ria</span> <span class='ocrx_word' id='word_1_96' title='bbox 322 1295 460 1349; x_wconf 88' lang='lat' dir='ltr'>bene</span> <span class='ocrx_word' id='word_1_97' title='bbox 486 1294 750 1365; x_wconf 72' lang='lat' dir='ltr'>praeditus</span> <span class='ocrx_word' id='word_1_98' title='bbox 777 1302 912 1358; x_wconf 83' lang='lat' dir='ltr'>erat,</span> <span class='ocrx_word' id='word_1_99' title='bbox 946 1294 1264 1365; x_wconf 89' lang='lat' dir='ltr'>inquantum</span> <span class='ocrx_word' id='word_1_100' title='bbox 1312 1295 1565 1350; x_wconf 86' lang='lat' dir='ltr'>molestia</span> <span class='ocrx_word' id='word_1_101' title='bbox 1606 1296 1799 1364; x_wconf 84' lang='lat' dir='ltr'>capitis</span> 
     </span>
    </p>
   </div>
   <div class='ocr_carea' id='block_1_16' title="bbox 212 1382 1795 1453">
    <p class='ocr_par' dir='ltr' id='par_1_16' title="bbox 212 1382 1795 1453">
     <span class='ocr_line' id='line_1_16' title="bbox 212 1382 1795 1453; baseline -0.001 -17"><span class='ocrx_word' id='word_1_102' title='bbox 212 1397 319 1437; x_wconf 89' lang='lat' dir='ltr'>non</span> <span class='ocrx_word' id='word_1_103' title='bbox 366 1382 741 1446; x_wconf 89' lang='lat' dir='ltr'>obtundebat;</span> <span class='ocrx_word' id='word_1_104' title='bbox 774 1397 899 1436; x_wconf 89' lang='lat' dir='ltr'>nam</span> <span class='ocrx_word' id='word_1_105' title='bbox 930 1390 978 1437; x_wconf 91' lang='lat' dir='ltr'>et</span> <span class='ocrx_word' id='word_1_106' title='bbox 1010 1383 1218 1437; x_wconf 88' lang='lat' dir='ltr'>litteras</span> <span class='ocrx_word' id='word_1_107' title='bbox 1248 1398 1376 1437; x_wconf 91' lang='lat' dir='ltr'>suas</span> <span class='ocrx_word' id='word_1_108' title='bbox 1403 1383 1519 1453; x_wconf 88' lang='lat' dir='ltr'>ipse</span> <span class='ocrx_word' id='word_1_109' title='bbox 1542 1383 1795 1447; x_wconf 86' lang='lat' dir='ltr'>dictabat,</span> 
     </span>
    </p>
   </div>
   <div class='ocr_carea' id='block_1_17' title="bbox 213 1470 1799 1541">
    <p class='ocr_par' dir='ltr' id='par_1_17' title="bbox 213 1470 1799 1541">
     <span class='ocr_line' id='line_1_17' title="bbox 213 1470 1799 1541; baseline 0 -17"><span class='ocrx_word' id='word_1_110' title='bbox 213 1485 304 1525; x_wconf 91' lang='lat' dir='ltr'>eas</span> <span class='ocrx_word' id='word_1_111' title='bbox 332 1470 634 1540; x_wconf 70' lang='lat' dir='ltr'>praesertim</span> <span class='ocrx_word' id='word_1_112' title='bbox 666 1484 894 1541; x_wconf 89' lang='lat' dir='ltr'>quarum</span> <span class='ocrx_word' id='word_1_113' title='bbox 925 1470 974 1524; x_wconf 90' lang='lat' dir='ltr'>ei</span> <span class='ocrx_word' id='word_1_114' title='bbox 1006 1486 1136 1525; x_wconf 89' lang='lat' dir='ltr'>cura</span> <span class='ocrx_word' id='word_1_115' title='bbox 1156 1471 1481 1541; x_wconf 86' lang='lat' dir='ltr'>propensior</span> <span class='ocrx_word' id='word_1_116' title='bbox 1510 1478 1648 1524; x_wconf 90' lang='lat' dir='ltr'>erat.</span> <span class='ocrx_word' id='word_1_117' title='bbox 1671 1470 1799 1525; x_wconf 91' lang='lat' dir='ltr'>Ideo</span> 
     </span>
    </p>
   </div>
   <div class='ocr_carea' id='block_1_18' title="bbox 212 1557 1800 1629">
    <p class='ocr_par' dir='ltr' id='par_1_18' title="bbox 212 1557 1800 1629">
     <span class='ocr_line' id='line_1_18' title="bbox 212 1557 1800 1629; baseline 0.001 -18"><span class='ocrx_word' id='word_1_118' title='bbox 212 1565 389 1611; x_wconf 88' lang='lat' dir='ltr'>autem</span> <span class='ocrx_word' id='word_1_119' title='bbox 437 1558 742 1628; x_wconf 69' lang='lat' dir='ltr'>praedicans</span> <span class='ocrx_word' id='word_1_120' title='bbox 762 1557 967 1612; x_wconf 81' lang='lat' dir='ltr'>facilius</span> <span class='ocrx_word' id='word_1_121' title='bbox 989 1558 1274 1624; x_wconf 86' lang='lat' dir='ltr'>suadebat,</span> <span class='ocrx_word' id='word_1_122' title='bbox 1300 1558 1426 1627; x_wconf 89' lang='lat' dir='ltr'>quia</span> <span class='ocrx_word' id='word_1_123' title='bbox 1456 1558 1601 1629; x_wconf 87' lang='lat' dir='ltr'>quod</span> <span class='ocrx_word' id='word_1_124' title='bbox 1620 1558 1800 1612; x_wconf 88' lang='lat' dir='ltr'>verbis</span> 
     </span>
    </p>
   </div>
   <div class='ocr_carea' id='block_1_19' title="bbox 1901 421 3491 493">
    <p class='ocr_par' dir='ltr' id='par_1_19' title="bbox 1901 421 3491 493">
     <span class='ocr_line' id='line_1_19' title="bbox 1901 421 3491 493; baseline 0.002 -19"><span class='ocrx_word' id='word_1_125' title='bbox 1901 421 2023 489; x_wconf 88' lang='lat' dir='ltr'>gior</span> <span class='ocrx_word' id='word_1_126' title='bbox 2042 422 2070 474; x_wconf 82' lang='lat'><strong>?</strong></span> <span class='ocrx_word' id='word_1_127' title='bbox 2092 421 2137 475; x_wconf 91' lang='lat' dir='ltr'>si</span> <span class='ocrx_word' id='word_1_128' title='bbox 2156 422 2350 485; x_wconf 84' lang='lat' dir='ltr'>oratio,</span> <span class='ocrx_word' id='word_1_129' title='bbox 2375 423 2498 493; x_wconf 89' lang='lat' dir='ltr'>quis</span> <span class='ocrx_word' id='word_1_130' title='bbox 2518 423 2808 477; x_wconf 83' lang='lat' dir='ltr'>devotior?</span> <span class='ocrx_word' id='word_1_131' title='bbox 2840 424 2885 477; x_wconf 92' lang='lat' dir='ltr'>si</span> <span class='ocrx_word' id='word_1_132' title='bbox 2906 423 3269 492; x_wconf 80' lang='lat' dir='ltr'>lacrymarum</span> <span class='ocrx_word' id='word_1_133' title='bbox 3291 424 3491 493; x_wconf 86' lang='lat' dir='ltr'>gratia,</span> 
     </span>
    </p>
   </div>
   <div class='ocr_carea' id='block_1_20' title="bbox 1902 508 3490 580">
    <p class='ocr_par' dir='ltr' id='par_1_20' title="bbox 1902 508 3490 580">
     <span class='ocr_line' id='line_1_20' title="bbox 1902 508 3490 580; baseline 0.003 -20"><span class='ocrx_word' id='word_1_134' title='bbox 1902 508 1957 560; x_wconf 91' lang='lat' dir='ltr'>in</span> <span class='ocrx_word' id='word_1_135' title='bbox 1989 524 2095 577; x_wconf 90' lang='lat' dir='ltr'>quo</span> <span class='ocrx_word' id='word_1_136' title='bbox 2118 508 2341 563; x_wconf 74' lang='lat' dir='ltr'>effusior</span> <span class='ocrx_word' id='word_1_137' title='bbox 2361 511 2390 563; x_wconf 78' lang='lat'><strong>?</strong></span> <span class='ocrx_word' id='word_1_138' title='bbox 2422 510 2465 563; x_wconf 92' lang='lat' dir='ltr'>si</span> <span class='ocrx_word' id='word_1_139' title='bbox 2497 511 2901 580; x_wconf 85' lang='lat' dir='ltr'>contemplatio,</span> <span class='ocrx_word' id='word_1_140' title='bbox 2937 511 2990 563; x_wconf 94' lang='lat' dir='ltr'>in</span> <span class='ocrx_word' id='word_1_141' title='bbox 3023 525 3130 579; x_wconf 91' lang='lat' dir='ltr'>quo</span> <span class='ocrx_word' id='word_1_142' title='bbox 3162 510 3490 565; x_wconf 83' lang='lat' dir='ltr'>sublimior?</span> 
     </span>
    </p>
   </div>
   <div class='ocr_carea' id='block_1_21' title="bbox 1902 595 3488 667">
    <p class='ocr_par' dir='ltr' id='par_1_21' title="bbox 1902 595 3488 667">
     <span class='ocr_line' id='line_1_21' title="bbox 1902 595 3488 667; baseline 0.001 -18"><span class='ocrx_word' id='word_1_143' title='bbox 1902 595 1947 649; x_wconf 91' lang='lat' dir='ltr'>si</span> <span class='ocrx_word' id='word_1_144' title='bbox 1976 596 2282 658; x_wconf 85' lang='lat' dir='ltr'>tolerantia,</span> <span class='ocrx_word' id='word_1_145' title='bbox 2317 596 2439 667; x_wconf 87' lang='lat' dir='ltr'>quis</span> <span class='ocrx_word' id='word_1_146' title='bbox 2470 597 2523 650; x_wconf 91' lang='lat' dir='ltr'>in</span> <span class='ocrx_word' id='word_1_147' title='bbox 2557 598 2900 651; x_wconf 88' lang='lat' dir='ltr'>tribulatione</span> <span class='ocrx_word' id='word_1_148' title='bbox 2918 597 3110 651; x_wconf 82' lang='lat' dir='ltr'>fortior</span> <span class='ocrx_word' id='word_1_149' title='bbox 3132 598 3160 652; x_wconf 83' lang='lat'><strong>?</strong></span> <span class='ocrx_word' id='word_1_150' title='bbox 3191 597 3236 650; x_wconf 92' lang='lat' dir='ltr'>si</span> <span class='ocrx_word' id='word_1_151' title='bbox 3264 597 3488 665; x_wconf 79' lang='lat' dir='ltr'>iustitia,</span> 
     </span>
    </p>
   </div>
   <div class='ocr_carea' id='block_1_22' title="bbox 1902 682 3495 755">
    <p class='ocr_par' dir='ltr' id='par_1_22' title="bbox 1902 682 3495 755">
     <span class='ocr_line' id='line_1_22' title="bbox 1902 682 3495 755; baseline 0.003 -20"><span class='ocrx_word' id='word_1_152' title='bbox 1902 682 2023 753; x_wconf 93' lang='lat' dir='ltr'>quis</span> <span class='ocrx_word' id='word_1_153' title='bbox 2052 682 2347 738; x_wconf 89' lang='lat' dir='ltr'>districtior</span> <span class='ocrx_word' id='word_1_154' title='bbox 2368 684 2395 736; x_wconf 65' lang='grc' dir='ltr'><strong>ξ)</strong></span> <span class='ocrx_word' id='word_1_155' title='bbox 2427 684 2473 737; x_wconf 91' lang='lat' dir='ltr'>si</span> <span class='ocrx_word' id='word_1_156' title='bbox 2502 685 2807 754; x_wconf 88' lang='lat' dir='ltr'>prudentia,</span> <span class='ocrx_word' id='word_1_157' title='bbox 2842 685 2968 754; x_wconf 90' lang='lat' dir='ltr'>quis</span> <span class='ocrx_word' id='word_1_158' title='bbox 2999 684 3447 755; x_wconf 89' lang='lat' dir='ltr'>circumspectior</span> <span class='ocrx_word' id='word_1_159' title='bbox 3465 684 3495 739; x_wconf 71' lang='grc' dir='ltr'><strong><em>τ</em></strong></span> 
     </span>
    </p>
   </div>
   <div class='ocr_carea' id='block_1_23' title="bbox 1903 770 3494 841">
    <p class='ocr_par' dir='ltr' id='par_1_23' title="bbox 1903 770 3494 841">
     <span class='ocr_line' id='line_1_23' title="bbox 1903 770 3494 841; baseline 0.001 -18"><span class='ocrx_word' id='word_1_160' title='bbox 1903 770 1949 824; x_wconf 91' lang='lat' dir='ltr'>si</span> <span class='ocrx_word' id='word_1_161' title='bbox 1981 772 2359 841; x_wconf 86' lang='lat' dir='ltr'>temperantia,</span> <span class='ocrx_word' id='word_1_162' title='bbox 2396 771 2517 841; x_wconf 85' lang='lat' dir='ltr'>quis</span> <span class='ocrx_word' id='word_1_163' title='bbox 2546 772 2933 827; x_wconf 79' lang='lat' dir='ltr'>moderatior?</span> <span class='ocrx_word' id='word_1_164' title='bbox 2964 774 3189 840; x_wconf 76' lang='lat' dir='ltr'>Verum,</span> <span class='ocrx_word' id='word_1_165' title='bbox 3220 787 3341 829; x_wconf 88' lang='lat' dir='ltr'>cum</span> <span class='ocrx_word' id='word_1_166' title='bbox 3374 772 3494 827; x_wconf 90' lang='lat' dir='ltr'>talis</span> 
     </span>
    </p>
   </div>
   <div class='ocr_carea' id='block_1_24' title="bbox 1902 859 3492 931">
    <p class='ocr_par' dir='ltr' id='par_1_24' title="bbox 1902 859 3492 931">
     <span class='ocr_line' id='line_1_24' title="bbox 1902 859 3492 931; baseline 0.001 -19"><span class='ocrx_word' id='word_1_167' title='bbox 1902 865 2047 912; x_wconf 87' lang='lat' dir='ltr'>esset</span> <span class='ocrx_word' id='word_1_168' title='bbox 2078 872 2144 912; x_wconf 93' lang='lat' dir='ltr'>ac</span> <span class='ocrx_word' id='word_1_169' title='bbox 2193 865 2388 918; x_wconf 86' lang='lat' dir='ltr'>tantus.</span> <span class='ocrx_word' id='word_1_170' title='bbox 2422 859 2539 928; x_wconf 89' lang='lat' dir='ltr'>ipse</span> <span class='ocrx_word' id='word_1_171' title='bbox 2588 867 2789 925; x_wconf 86' lang='lat' dir='ltr'>tamen,</span> <span class='ocrx_word' id='word_1_172' title='bbox 2816 859 2975 928; x_wconf 84' lang='lat' dir='ltr'>juxta</span> <span class='ocrx_word' id='word_1_173' title='bbox 3006 859 3137 913; x_wconf 92' lang='lat' dir='ltr'>illud</span> <span class='ocrx_word' id='word_1_174' title='bbox 3166 859 3453 931; x_wconf 84' lang='lat' dir='ltr'>Evangelii</span> <span class='ocrx_word' id='word_1_175' title='bbox 3479 874 3492 913; x_wconf 93' lang='lat'><strong>:</strong></span> 
     </span>
    </p>
   </div>
   <div class='ocr_carea' id='block_1_25' title="bbox 1906 943 3495 1010">
    <p class='ocr_par' dir='ltr' id='par_1_25' title="bbox 1906 943 3495 1010">
     <span class='ocr_line' id='line_1_25' title="bbox 1906 943 3495 1010; baseline 0.004 -15"><span class='ocrx_word' id='word_1_176' title='bbox 1906 966 1928 995; x_wconf 76' lang='grc' dir='ltr'>ι</span> <span class='ocrx_word' id='word_1_177' title='bbox 1965 945 2099 999; x_wconf 90' lang='lat' dir='ltr'>Cum</span> <span class='ocrx_word' id='word_1_178' title='bbox 2126 943 2364 1000; x_wconf 84' lang='lat' dir='ltr'>feceritis</span> <span class='ocrx_word' id='word_1_179' title='bbox 2393 946 2599 1010; x_wconf 88' lang='lat' dir='ltr'>omnia,</span> <span class='ocrx_word' id='word_1_180' title='bbox 2633 946 2793 1002; x_wconf 91' lang='lat' dir='ltr'>dicite</span> <span class='ocrx_word' id='word_1_181' title='bbox 2829 962 2840 1000; x_wconf 93' lang='lat'>:</span> <span class='ocrx_word' id='word_1_182' title='bbox 2878 947 3030 1001; x_wconf 83' lang='lat' dir='ltr'>Servi</span> <span class='ocrx_word' id='word_1_183' title='bbox 3061 946 3279 1003; x_wconf 92' lang='lat' dir='ltr'>inutiles</span> <span class='ocrx_word' id='word_1_184' title='bbox 3306 962 3495 1001; x_wconf 90' lang='lat' dir='ltr'>sumus</span> 
     </span>
    </p>
   </div>
   <div class='ocr_carea' id='block_1_26' title="bbox 1901 1033 3496 1106">
    <p class='ocr_par' dir='ltr' id='par_1_26' title="bbox 1901 1033 3496 1106">
     <span class='ocr_line' id='line_1_26' title="bbox 1901 1033 3496 1106; baseline 0.003 -21"><span class='ocrx_word' id='word_1_185' title='bbox 1901 1034 2065 1101; x_wconf 87' lang='lat' dir='ltr'>(Luc.</span> <span class='ocrx_word' id='word_1_186' title='bbox 2106 1048 2245 1101; x_wconf 84' lang='lat' dir='ltr'>xvn,</span> <span class='ocrx_word' id='word_1_187' title='bbox 2281 1036 2408 1103; x_wconf 71' lang='lat'>10);</span> <span class='ocrx_word' id='word_1_188' title='bbox 2444 1050 2503 1088; x_wconf 92' lang='lat' dir='ltr'>se</span> <span class='ocrx_word' id='word_1_189' title='bbox 2547 1033 2961 1101; x_wconf 88' lang='lat' dir='ltr'>infructuosum,</span> <span class='ocrx_word' id='word_1_190' title='bbox 2996 1050 3054 1089; x_wconf 92' lang='lat' dir='ltr'>se</span> <span class='ocrx_word' id='word_1_191' title='bbox 3084 1050 3300 1106; x_wconf 91' lang='lat' dir='ltr'>semper</span> <span class='ocrx_word' id='word_1_192' title='bbox 3329 1050 3496 1090; x_wconf 91' lang='lat' dir='ltr'>accu-</span> 
     </span>
    </p>
   </div>
   <div class='ocr_carea' id='block_1_27' title="bbox 1902 1121 3498 1193">
    <p class='ocr_par' dir='ltr' id='par_1_27' title="bbox 1902 1121 3498 1193">
     <span class='ocr_line' id='line_1_27' title="bbox 1902 1121 3498 1193; baseline 0.002 -19"><span class='ocrx_word' id='word_1_193' title='bbox 1902 1135 2026 1175; x_wconf 89' lang='lat' dir='ltr'>sare</span> <span class='ocrx_word' id='word_1_194' title='bbox 2050 1135 2155 1175; x_wconf 91' lang='lat' dir='ltr'>non</span> <span class='ocrx_word' id='word_1_195' title='bbox 2186 1121 2437 1175; x_wconf 90' lang='lat' dir='ltr'>cessabat</span> <span class='ocrx_word' id='word_1_196' title='bbox 2454 1121 2718 1190; x_wconf 90' lang='lat' dir='ltr'>inutilem,</span> <span class='ocrx_word' id='word_1_197' title='bbox 2748 1122 2839 1193; x_wconf 90' lang='lat' dir='ltr'>qui</span> <span class='ocrx_word' id='word_1_198' title='bbox 2860 1122 3101 1192; x_wconf 89' lang='lat' dir='ltr'>episcopi</span> <span class='ocrx_word' id='word_1_199' title='bbox 3132 1122 3312 1178; x_wconf 93' lang='lat' dir='ltr'>locum</span> <span class='ocrx_word' id='word_1_200' title='bbox 3332 1136 3498 1177; x_wconf 88' lang='lat' dir='ltr'>occu-</span> 
     </span>
    </p>
   </div>
   <div class='ocr_carea' id='block_1_28' title="bbox 1901 1208 3496 1281">
    <p class='ocr_par' dir='ltr' id='par_1_28' title="bbox 1901 1208 3496 1281">
     <span class='ocr_line' id='line_1_28' title="bbox 1901 1208 3496 1281; baseline 0.003 -20"><span class='ocrx_word' id='word_1_201' title='bbox 1901 1216 2076 1278; x_wconf 88' lang='lat' dir='ltr'>paret,</span> <span class='ocrx_word' id='word_1_202' title='bbox 2110 1208 2353 1278; x_wconf 84' lang='lat' dir='ltr'>episcopi</span> <span class='ocrx_word' id='word_1_203' title='bbox 2374 1208 2836 1264; x_wconf 84' lang='lat' dir='ltr'>honoriﬁcentiam</span> <span class='ocrx_word' id='word_1_204' title='bbox 2862 1210 3179 1280; x_wconf 89' lang='lat' dir='ltr'>susciperet,</span> <span class='ocrx_word' id='word_1_205' title='bbox 3205 1210 3496 1281; x_wconf 88' lang='lat' dir='ltr'>episcopa-</span> 
     </span>
    </p>
   </div>
   <div class='ocr_carea' id='block_1_29' title="bbox 1901 1296 3498 1367">
    <p class='ocr_par' dir='ltr' id='par_1_29' title="bbox 1901 1296 3498 1367">
     <span class='ocr_line' id='line_1_29' title="bbox 1901 1296 3498 1367; baseline 0.003 -18"><span class='ocrx_word' id='word_1_206' title='bbox 1901 1296 1975 1350; x_wconf 90' lang='lat' dir='ltr'>lia</span> <span class='ocrx_word' id='word_1_207' title='bbox 2005 1296 2147 1350; x_wconf 87' lang='lat' dir='ltr'>bona</span> <span class='ocrx_word' id='word_1_208' title='bbox 2177 1304 2540 1362; x_wconf 88' lang='lat' dir='ltr'>consumeret,</span> <span class='ocrx_word' id='word_1_209' title='bbox 2575 1297 2818 1367; x_wconf 91' lang='lat' dir='ltr'>episcopi</span> <span class='ocrx_word' id='word_1_210' title='bbox 2847 1313 2980 1352; x_wconf 89' lang='lat' dir='ltr'>vero</span> <span class='ocrx_word' id='word_1_211' title='bbox 3007 1313 3109 1352; x_wconf 92' lang='lat' dir='ltr'>nec</span> <span class='ocrx_word' id='word_1_212' title='bbox 3136 1298 3361 1363; x_wconf 90' lang='lat' dir='ltr'>merita,</span> <span class='ocrx_word' id='word_1_213' title='bbox 3394 1312 3498 1354; x_wconf 85' lang='lat' dir='ltr'>nec</span> 
     </span>
    </p>
   </div>
   <div class='ocr_carea' id='block_1_30' title="bbox 1902 1384 3498 1456">
    <p class='ocr_par' dir='ltr' id='par_1_30' title="bbox 1902 1384 3498 1456">
     <span class='ocr_line' id='line_1_30' title="bbox 1902 1384 3498 1456; baseline 0.003 -20"><span class='ocrx_word' id='word_1_214' title='bbox 1902 1384 2107 1438; x_wconf 86' lang='lat' dir='ltr'>fructus</span> <span class='ocrx_word' id='word_1_215' title='bbox 2137 1384 2380 1438; x_wconf 87' lang='lat' dir='ltr'>haberet.</span> <span class='ocrx_word' id='word_1_216' title='bbox 2421 1384 2491 1437; x_wconf 89' lang='lat' dir='ltr'>Et</span> <span class='ocrx_word' id='word_1_217' title='bbox 2522 1392 2665 1439; x_wconf 90' lang='lat' dir='ltr'>certe</span> <span class='ocrx_word' id='word_1_218' title='bbox 2684 1391 2887 1453; x_wconf 64' lang='lat' dir='ltr'>praesto</span> <span class='ocrx_word' id='word_1_219' title='bbox 2919 1391 3069 1440; x_wconf 88' lang='lat' dir='ltr'>erant</span> <span class='ocrx_word' id='word_1_220' title='bbox 3120 1400 3241 1456; x_wconf 63' lang='lat' dir='ltr'>qua:</span> <span class='ocrx_word' id='word_1_221' title='bbox 3272 1391 3498 1455; x_wconf 87' lang='lat' dir='ltr'>possent</span> 
     </span>
    </p>
   </div>
   <div class='ocr_carea' id='block_1_31' title="bbox 1901 1470 3497 1538">
    <p class='ocr_par' dir='ltr' id='par_1_31' title="bbox 1901 1470 3497 1538">
     <span class='ocr_line' id='line_1_31' title="bbox 1901 1470 3497 1538; baseline 0.001 -15"><span class='ocrx_word' id='word_1_222' title='bbox 1901 1470 2069 1525; x_wconf 90' lang='lat' dir='ltr'>menti</span> <span class='ocrx_word' id='word_1_223' title='bbox 2098 1471 2214 1538; x_wconf 90' lang='lat' dir='ltr'>ejus</span> <span class='ocrx_word' id='word_1_224' title='bbox 2235 1484 2345 1526; x_wconf 92' lang='lat' dir='ltr'>non</span> <span class='ocrx_word' id='word_1_225' title='bbox 2372 1471 2538 1527; x_wconf 91' lang='lat' dir='ltr'>modo</span> <span class='ocrx_word' id='word_1_226' title='bbox 2568 1470 2814 1526; x_wconf 90' lang='lat' dir='ltr'>solamen</span> <span class='ocrx_word' id='word_1_227' title='bbox 2847 1470 3062 1537; x_wconf 76' lang='lat' dir='ltr'>afferre,</span> <span class='ocrx_word' id='word_1_228' title='bbox 3106 1471 3204 1526; x_wconf 92' lang='lat' dir='ltr'>sed</span> <span class='ocrx_word' id='word_1_229' title='bbox 3230 1479 3283 1526; x_wconf 91' lang='lat' dir='ltr'>et</span> <span class='ocrx_word' id='word_1_230' title='bbox 3314 1472 3368 1526; x_wconf 91' lang='lat' dir='ltr'>in</span> <span class='ocrx_word' id='word_1_231' title='bbox 3398 1488 3497 1526; x_wconf 86' lang='lat' dir='ltr'>su-</span> 
     </span>
    </p>
   </div>
   <div class='ocr_carea' id='block_1_32' title="bbox 1900 1558 3498 1627">
    <p class='ocr_par' dir='ltr' id='par_1_32' title="bbox 1900 1558 3498 1627">
     <span class='ocr_line' id='line_1_32' title="bbox 1900 1558 3498 1627; baseline 0.001 -15"><span class='ocrx_word' id='word_1_232' title='bbox 1900 1558 2167 1627; x_wconf 88' lang='lat' dir='ltr'>perbiam,</span> <span class='ocrx_word' id='word_1_233' title='bbox 2218 1558 2321 1611; x_wconf 90' lang='lat' dir='ltr'>nisi</span> <span class='ocrx_word' id='word_1_234' title='bbox 2368 1566 2479 1611; x_wconf 89' lang='lat' dir='ltr'>tam</span> <span class='ocrx_word' id='word_1_235' title='bbox 2510 1558 2690 1611; x_wconf 89' lang='lat' dir='ltr'>solida</span> <span class='ocrx_word' id='word_1_236' title='bbox 2746 1567 2911 1624; x_wconf 90' lang='lat' dir='ltr'>esset,</span> <span class='ocrx_word' id='word_1_237' title='bbox 2945 1559 3223 1613; x_wconf 88' lang='lat' dir='ltr'>extollere.</span> <span class='ocrx_word' id='word_1_238' title='bbox 3256 1560 3325 1614; x_wconf 94' lang='lat' dir='ltr'>Ut</span> <span class='ocrx_word' id='word_1_239' title='bbox 3352 1558 3498 1613; x_wconf 90' lang='lat' dir='ltr'>enim</span> 
     </span>
    </p>
   </div>
   <div class='ocr_carea' id='block_1_33' title="bbox 212 1644 3502 1732">
    <p class='ocr_par' dir='ltr' id='par_1_33' title="bbox 212 1644 3502 1732">
     <span class='ocr_line' id='line_1_33' title="bbox 212 1644 3502 1732; baseline 0 -33"><span class='ocrx_word' id='word_1_240' title='bbox 212 1644 442 1709; x_wconf 91' lang='lat' dir='ltr'>dicebat,</span> <span class='ocrx_word' id='word_1_241' title='bbox 476 1645 735 1714; x_wconf 91' lang='lat' dir='ltr'>operibus</span> <span class='ocrx_word' id='word_1_242' title='bbox 781 1645 1121 1700; x_wconf 89' lang='lat' dir='ltr'>ostendebat.</span> <span class='ocrx_word' id='word_1_243' title='bbox 1158 1646 1227 1699; x_wconf 88' lang='lat' dir='ltr'>Ut</span> <span class='ocrx_word' id='word_1_244' title='bbox 1273 1645 1416 1699; x_wconf 92' lang='lat' dir='ltr'>enim</span> <span class='ocrx_word' id='word_1_245' title='bbox 1455 1647 1797 1701; x_wconf 89' lang='lat' dir='ltr'>commissam</span> <span class='ocrx_word' id='word_1_246' title='bbox 1822 1673 1875 1732; x_wconf 81' lang='lat' dir='ltr'><strong>B</strong></span> <span class='ocrx_word' id='word_1_247' title='bbox 1904 1653 2180 1700; x_wconf 89' lang='lat' dir='ltr'>taceamus</span> <span class='ocrx_word' id='word_1_248' title='bbox 2238 1661 2358 1715; x_wconf 83' lang='lat' dir='ltr'>quae</span> <span class='ocrx_word' id='word_1_249' title='bbox 2396 1645 2546 1699; x_wconf 90' lang='lat' dir='ltr'>clero</span> <span class='ocrx_word' id='word_1_250' title='bbox 2576 1645 2783 1715; x_wconf 88' lang='lat' dir='ltr'>pariter</span> <span class='ocrx_word' id='word_1_251' title='bbox 2816 1653 2869 1700; x_wconf 92' lang='lat' dir='ltr'>et</span> <span class='ocrx_word' id='word_1_252' title='bbox 2897 1645 3043 1716; x_wconf 89' lang='lat' dir='ltr'>plebi</span> <span class='ocrx_word' id='word_1_253' title='bbox 3074 1662 3172 1716; x_wconf 89' lang='lat' dir='ltr'>per</span> <span class='ocrx_word' id='word_1_254' title='bbox 3201 1661 3325 1700; x_wconf 91' lang='lat' dir='ltr'>eum</span> <span class='ocrx_word' id='word_1_255' title='bbox 3355 1645 3502 1701; x_wconf 88' lang='lat' dir='ltr'>bona</span> 
     </span>
    </p>
   </div>
   <div class='ocr_carea' id='block_1_34' title="bbox 212 1731 3500 1803">
    <p class='ocr_par' dir='ltr' id='par_1_34' title="bbox 212 1731 3500 1803">
     <span class='ocr_line' id='line_1_34' title="bbox 212 1731 3500 1803; baseline 0 -16"><span class='ocrx_word' id='word_1_256' title='bbox 212 1731 480 1787; x_wconf 76' lang='lat' dir='ltr'>efﬁcacius</span> <span class='ocrx_word' id='word_1_257' title='bbox 524 1732 816 1788; x_wconf 91' lang='lat' dir='ltr'>instrueret</span> <span class='ocrx_word' id='word_1_258' title='bbox 858 1732 1095 1803; x_wconf 88' lang='lat' dir='ltr'>plebem,</span> <span class='ocrx_word' id='word_1_259' title='bbox 1127 1731 1379 1787; x_wconf 90' lang='lat' dir='ltr'>faciendo</span> <span class='ocrx_word' id='word_1_260' title='bbox 1435 1731 1840 1803; x_wconf 35' lang='lat' dir='ltr'>praeveniebat’</span> <span class='ocrx_word' id='word_1_261' title='bbox 1903 1741 2286 1802; x_wconf 88' lang='lat' dir='ltr'>provenerant,</span> <span class='ocrx_word' id='word_1_262' title='bbox 2320 1747 2535 1787; x_wconf 89' lang='lat' dir='ltr'>eremus</span> <span class='ocrx_word' id='word_1_263' title='bbox 2592 1732 2914 1798; x_wconf 78' lang='lat' dir='ltr'>Carthusiae,</span> <span class='ocrx_word' id='word_1_264' title='bbox 2965 1732 3295 1788; x_wconf 87' lang='lat' dir='ltr'>Calesiensis</span> <span class='ocrx_word' id='word_1_265' title='bbox 3329 1733 3500 1787; x_wconf 89' lang='lat' dir='ltr'>abba-</span> 
     </span>
    </p>
   </div>
   <div class='ocr_carea' id='block_1_35' title="bbox 212 1819 1805 1890">
    <p class='ocr_par' dir='ltr' id='par_1_35' title="bbox 212 1819 1805 1890">
     <span class='ocr_line' id='line_1_35' title="bbox 212 1819 1805 1890; baseline 0.001 -17"><span class='ocrx_word' id='word_1_266' title='bbox 212 1835 539 1885; x_wconf 89' lang='lat' dir='ltr'>sermonem,</span> <span class='ocrx_word' id='word_1_267' title='bbox 562 1819 702 1874; x_wconf 88' lang='lat' dir='ltr'>sicut</span> <span class='ocrx_word' id='word_1_268' title='bbox 729 1827 782 1875; x_wconf 89' lang='lat' dir='ltr'>et</span> <span class='ocrx_word' id='word_1_269' title='bbox 809 1820 878 1875; x_wconf 92' lang='lat' dir='ltr'>de</span> <span class='ocrx_word' id='word_1_270' title='bbox 906 1820 1140 1875; x_wconf 92' lang='lat' dir='ltr'>Domino</span> <span class='ocrx_word' id='word_1_271' title='bbox 1173 1820 1434 1889; x_wconf 88' lang='lat' dir='ltr'>scriptum</span> <span class='ocrx_word' id='word_1_272' title='bbox 1464 1828 1547 1875; x_wconf 88' lang='lat' dir='ltr'>est</span> <span class='ocrx_word' id='word_1_273' title='bbox 1580 1836 1593 1875; x_wconf 89' lang='lat'><strong>:</strong></span> <span class='ocrx_word' id='word_1_274' title='bbox 1622 1842 1642 1866; x_wconf 82' lang='grc' dir='ltr'>α</span> <span class='ocrx_word' id='word_1_275' title='bbox 1679 1820 1805 1890; x_wconf 90' lang='lat' dir='ltr'>quia</span> 
     </span>
    </p>
   </div>
   <div class='ocr_carea' id='block_1_36' title="bbox 212 1906 1806 1977">
    <p class='ocr_par' dir='ltr' id='par_1_36' title="bbox 212 1906 1806 1977">
     <span class='ocr_line' id='line_1_36' title="bbox 212 1906 1806 1977; baseline -0.002 -14"><span class='ocrx_word' id='word_1_276' title='bbox 212 1906 373 1977; x_wconf 70' lang='lat' dir='ltr'>cmpit</span> <span class='ocrx_word' id='word_1_277' title='bbox 401 1908 561 1962; x_wconf 77' lang='lat' dir='ltr'>Iesus</span> <span class='ocrx_word' id='word_1_278' title='bbox 583 1906 760 1963; x_wconf 86' lang='lat' dir='ltr'>facere</span> <span class='ocrx_word' id='word_1_279' title='bbox 782 1914 834 1961; x_wconf 89' lang='lat' dir='ltr'>et</span> <span class='ocrx_word' id='word_1_280' title='bbox 862 1908 1062 1963; x_wconf 91' lang='lat' dir='ltr'>docere</span> <span class='ocrx_word' id='word_1_281' title='bbox 1093 1910 1238 1977; x_wconf 84' lang='lat' dir='ltr'>(Act.</span> <span class='ocrx_word' id='word_1_282' title='bbox 1264 1923 1302 1973; x_wconf 84' lang='grc' dir='ltr'>ι,</span> <span class='ocrx_word' id='word_1_283' title='bbox 1339 1910 1412 1977; x_wconf 87' lang='grc'>1).</span> <span class='ocrx_word' id='word_1_284' title='bbox 1438 1928 1459 1957; x_wconf 74' lang='grc' dir='ltr'><strong>ι</strong></span> <span class='ocrx_word' id='word_1_285' title='bbox 1496 1907 1806 1962; x_wconf 84' lang='lat' dir='ltr'>Instruebat</span> 
     </span>
    </p>
   </div>
   <div class='ocr_carea' id='block_1_37' title="bbox 212 1994 1802 2065">
    <p class='ocr_par' dir='ltr' id='par_1_37' title="bbox 212 1994 1802 2065">
     <span class='ocr_line' id='line_1_37' title="bbox 212 1994 1802 2065; baseline -0.001 -16"><span class='ocrx_word' id='word_1_286' title='bbox 212 1995 379 2065; x_wconf 82' lang='lat' dir='ltr'>igitur</span> <span class='ocrx_word' id='word_1_287' title='bbox 404 1995 472 2049; x_wconf 88' lang='lat' dir='ltr'>ad</span> <span class='ocrx_word' id='word_1_288' title='bbox 523 1994 948 2059; x_wconf 90' lang='lat' dir='ltr'>confessionem,</span> <span class='ocrx_word' id='word_1_289' title='bbox 980 1996 1246 2051; x_wconf 88' lang='lat' dir='ltr'>excitabat</span> <span class='ocrx_word' id='word_1_290' title='bbox 1291 1996 1361 2049; x_wconf 92' lang='lat' dir='ltr'>ad</span> <span class='ocrx_word' id='word_1_291' title='bbox 1409 1995 1802 2064; x_wconf 76' lang='lat' dir='ltr'>pcenitentiam,</span> 
     </span>
    </p>
   </div>
   <div class='ocr_carea' id='block_1_38' title="bbox 212 2082 1805 2156">
    <p class='ocr_par' dir='ltr' id='par_1_38' title="bbox 212 2082 1805 2156">
     <span class='ocr_line' id='line_1_38' title="bbox 212 2082 1805 2156; baseline 0.001 -20"><span class='ocrx_word' id='word_1_292' title='bbox 212 2092 522 2154; x_wconf 88' lang='lat' dir='ltr'>promptam</span> <span class='ocrx_word' id='word_1_293' title='bbox 544 2084 613 2137; x_wconf 91' lang='lat' dir='ltr'>ad</span> <span class='ocrx_word' id='word_1_294' title='bbox 632 2083 1028 2156; x_wconf 81' lang='lat' dir='ltr'>ignoscendum</span> <span class='ocrx_word' id='word_1_295' title='bbox 1058 2083 1296 2138; x_wconf 89' lang='lat' dir='ltr'>divinam</span> <span class='ocrx_word' id='word_1_296' title='bbox 1314 2083 1668 2138; x_wconf 88' lang='lat' dir='ltr'>monstrando</span> <span class='ocrx_word' id='word_1_297' title='bbox 1689 2082 1805 2138; x_wconf 93' lang='lat' dir='ltr'>cle-</span> 
     </span>
    </p>
   </div>
   <div class='ocr_carea' id='block_1_39' title="bbox 217 2170 1807 2241">
    <p class='ocr_par' dir='ltr' id='par_1_39' title="bbox 217 2170 1807 2241">
     <span class='ocr_line' id='line_1_39' title="bbox 217 2170 1807 2241; baseline -0.001 -16"><span class='ocrx_word' id='word_1_298' title='bbox 217 2171 513 2235; x_wconf 88' lang='lat' dir='ltr'>mentiam;</span> <span class='ocrx_word' id='word_1_299' title='bbox 563 2186 666 2225; x_wconf 93' lang='lat' dir='ltr'>nec</span> <span class='ocrx_word' id='word_1_300' title='bbox 722 2174 994 2241; x_wconf 69' lang='lat' dir='ltr'>quaerebat</span> <span class='ocrx_word' id='word_1_301' title='bbox 1048 2170 1105 2224; x_wconf 92' lang='lat' dir='ltr'>in</span> <span class='ocrx_word' id='word_1_302' title='bbox 1162 2186 1269 2240; x_wconf 91' lang='lat' dir='ltr'>quo</span> <span class='ocrx_word' id='word_1_303' title='bbox 1301 2185 1334 2224; x_wconf 91' lang='lat' dir='ltr'>a</span> <span class='ocrx_word' id='word_1_304' title='bbox 1376 2171 1807 2241; x_wconf 70' lang='lat' dir='ltr'>litteratis,quasi</span> 
     </span>
    </p>
   </div>
   <div class='ocr_carea' id='block_1_40' title="bbox 218 2257 1808 2329">
    <p class='ocr_par' dir='ltr' id='par_1_40' title="bbox 218 2257 1808 2329">
     <span class='ocr_line' id='line_1_40' title="bbox 218 2257 1808 2329; baseline -0.002 -15"><span class='ocrx_word' id='word_1_305' title='bbox 218 2258 437 2329; x_wconf 89' lang='lat' dir='ltr'>sapiens</span> <span class='ocrx_word' id='word_1_306' title='bbox 464 2258 799 2324; x_wconf 85' lang='lat' dir='ltr'>laudaretur,</span> <span class='ocrx_word' id='word_1_307' title='bbox 833 2259 931 2312; x_wconf 91' lang='lat' dir='ltr'>sed</span> <span class='ocrx_word' id='word_1_308' title='bbox 978 2259 1122 2327; x_wconf 92' lang='lat' dir='ltr'>quod</span> <span class='ocrx_word' id='word_1_309' title='bbox 1154 2258 1221 2312; x_wconf 88' lang='lat' dir='ltr'>ab</span> <span class='ocrx_word' id='word_1_310' title='bbox 1251 2257 1586 2312; x_wconf 91' lang='lat' dir='ltr'>auditoribus</span> <span class='ocrx_word' id='word_1_311' title='bbox 1616 2266 1669 2311; x_wconf 91' lang='lat' dir='ltr'>et</span> <span class='ocrx_word' id='word_1_312' title='bbox 1688 2274 1808 2311; x_wconf 90' lang='lat' dir='ltr'>me-</span> 
     </span>
    </p>
   </div>
   <div class='ocr_carea' id='block_1_41' title="bbox 218 2344 1811 2417">
    <p class='ocr_par' dir='ltr' id='par_1_41' title="bbox 218 2344 1811 2417">
     <span class='ocr_line' id='line_1_41' title="bbox 218 2344 1811 2417; baseline 0.001 -19"><span class='ocrx_word' id='word_1_313' title='bbox 218 2344 320 2399; x_wconf 90' lang='lat' dir='ltr'>lius</span> <span class='ocrx_word' id='word_1_314' title='bbox 342 2346 741 2417; x_wconf 84' lang='lat' dir='ltr'>intelligeretur</span> <span class='ocrx_word' id='word_1_315' title='bbox 773 2354 827 2400; x_wconf 90' lang='lat' dir='ltr'>et</span> <span class='ocrx_word' id='word_1_316' title='bbox 862 2346 1042 2400; x_wconf 88' lang='lat' dir='ltr'>utilius</span> <span class='ocrx_word' id='word_1_317' title='bbox 1086 2347 1429 2401; x_wconf 87' lang='lat' dir='ltr'>retineretur.</span> <span class='ocrx_word' id='word_1_318' title='bbox 1482 2346 1725 2416; x_wconf 89' lang='lat' dir='ltr'>Denique</span> <span class='ocrx_word' id='word_1_319' title='bbox 1755 2346 1811 2399; x_wconf 92' lang='lat' dir='ltr'>in</span> 
     </span>
    </p>
   </div>
   <div class='ocr_carea' id='block_1_42' title="bbox 224 2433 1810 2503">
    <p class='ocr_par' dir='ltr' id='par_1_42' title="bbox 224 2433 1810 2503">
     <span class='ocr_line' id='line_1_42' title="bbox 224 2433 1810 2503; baseline 0.001 -18"><span class='ocrx_word' id='word_1_320' title='bbox 224 2440 435 2487; x_wconf 90' lang='lat' dir='ltr'>tantum</span> <span class='ocrx_word' id='word_1_321' title='bbox 478 2433 751 2487; x_wconf 88' lang='lat' dir='ltr'>auditores</span> <span class='ocrx_word' id='word_1_322' title='bbox 800 2434 915 2500; x_wconf 88' lang='lat' dir='ltr'>ejus</span> <span class='ocrx_word' id='word_1_323' title='bbox 962 2433 1233 2488; x_wconf 87' lang='lat' dir='ltr'>interdum</span> <span class='ocrx_word' id='word_1_324' title='bbox 1279 2433 1664 2503; x_wconf 73' lang='lat' dir='ltr'>prmdieatione</span> <span class='ocrx_word' id='word_1_325' title='bbox 1694 2434 1810 2501; x_wconf 89' lang='lat' dir='ltr'>ejus</span> 
     </span>
    </p>
   </div>
   <div class='ocr_carea' id='block_1_43' title="bbox 216 2521 1810 2591">
    <p class='ocr_par' dir='ltr' id='par_1_43' title="bbox 216 2521 1810 2591">
     <span class='ocr_line' id='line_1_43' title="bbox 216 2521 1810 2591; baseline 0.001 -18"><span class='ocrx_word' id='word_1_326' title='bbox 216 2521 591 2588; x_wconf 87' lang='lat' dir='ltr'>movebantur,</span> <span class='ocrx_word' id='word_1_327' title='bbox 629 2528 686 2574; x_wconf 90' lang='lat' dir='ltr'>ut</span> <span class='ocrx_word' id='word_1_328' title='bbox 708 2521 961 2591; x_wconf 87' lang='lat' dir='ltr'>capitalia</span> <span class='ocrx_word' id='word_1_329' title='bbox 982 2521 1145 2576; x_wconf 90' lang='lat' dir='ltr'>etiam</span> <span class='ocrx_word' id='word_1_330' title='bbox 1175 2521 1337 2591; x_wconf 88' lang='lat' dir='ltr'>aliqui</span> <span class='ocrx_word' id='word_1_331' title='bbox 1368 2521 1613 2586; x_wconf 88' lang='lat' dir='ltr'>crimina,</span> <span class='ocrx_word' id='word_1_332' title='bbox 1638 2522 1810 2575; x_wconf 93' lang='lat' dir='ltr'>Deum</span> 
     </span>
    </p>
   </div>
   <div class='ocr_carea' id='block_1_44' title="bbox 216 2607 1808 2679">
    <p class='ocr_par' dir='ltr' id='par_1_44' title="bbox 216 2607 1808 2679">
     <span class='ocr_line' id='line_1_44' title="bbox 216 2607 1808 2679; baseline 0.001 -18"><span class='ocrx_word' id='word_1_333' title='bbox 216 2607 393 2679; x_wconf 88' lang='lat' dir='ltr'>magis</span> <span class='ocrx_word' id='word_1_334' title='bbox 423 2615 678 2663; x_wconf 90' lang='lat' dir='ltr'>verentes</span> <span class='ocrx_word' id='word_1_335' title='bbox 707 2624 870 2679; x_wconf 91' lang='lat' dir='ltr'>quam</span> <span class='ocrx_word' id='word_1_336' title='bbox 921 2610 1189 2674; x_wconf 89' lang='lat' dir='ltr'>homines,</span> <span class='ocrx_word' id='word_1_337' title='bbox 1219 2608 1436 2679; x_wconf 89' lang='lat' dir='ltr'>publice</span> <span class='ocrx_word' id='word_1_338' title='bbox 1482 2609 1808 2675; x_wconf 83' lang='lat' dir='ltr'>faterentur;</span> 
     </span>
    </p>
   </div>
   <div class='ocr_carea' id='block_1_45' title="bbox 218 2696 1812 2767">
    <p class='ocr_par' dir='ltr' id='par_1_45' title="bbox 218 2696 1812 2767">
     <span class='ocr_line' id='line_1_45' title="bbox 218 2696 1812 2767; baseline 0.001 -18"><span class='ocrx_word' id='word_1_339' title='bbox 218 2696 365 2765; x_wconf 89' lang='lat' dir='ltr'>quod</span> <span class='ocrx_word' id='word_1_340' title='bbox 394 2710 633 2767; x_wconf 89' lang='lat' dir='ltr'>sequens</span> <span class='ocrx_word' id='word_1_341' title='bbox 670 2696 968 2751; x_wconf 89' lang='lat' dir='ltr'>declarabit</span> <span class='ocrx_word' id='word_1_342' title='bbox 1002 2696 1309 2766; x_wconf 89' lang='lat' dir='ltr'>exemplum</span> <span class='ocrx_word' id='word_1_343' title='bbox 1342 2696 1539 2766; x_wconf 84' lang='lat' dir='ltr'>:Apud</span> <span class='ocrx_word' id='word_1_344' title='bbox 1584 2696 1812 2751; x_wconf 80' lang='lat' dir='ltr'>Vinnai-</span> 
     </span>
    </p>
   </div>
   <div class='ocr_carea' id='block_1_46' title="bbox 224 2784 1813 2855">
    <p class='ocr_par' dir='ltr' id='par_1_46' title="bbox 224 2784 1813 2855">
     <span class='ocr_line' id='line_1_46' title="bbox 224 2784 1813 2855; baseline 0 -18"><span class='ocrx_word' id='word_1_345' title='bbox 224 2798 347 2837; x_wconf 91' lang='lat' dir='ltr'>cum</span> <span class='ocrx_word' id='word_1_346' title='bbox 378 2791 618 2838; x_wconf 88' lang='lat' dir='ltr'>castrum</span> <span class='ocrx_word' id='word_1_347' title='bbox 648 2786 785 2853; x_wconf 86' lang='lat'>(26).</span> <span class='ocrx_word' id='word_1_348' title='bbox 808 2784 1012 2855; x_wconf 90' lang='lat' dir='ltr'>populo</span> <span class='ocrx_word' id='word_1_349' title='bbox 1067 2784 1254 2849; x_wconf 88' lang='lat' dir='ltr'>multo,</span> <span class='ocrx_word' id='word_1_350' title='bbox 1300 2784 1371 2838; x_wconf 91' lang='lat' dir='ltr'>ad</span> <span class='ocrx_word' id='word_1_351' title='bbox 1416 2784 1813 2839; x_wconf 88' lang='lat' dir='ltr'>dedicationem</span> 
     </span>
    </p>
   </div>
   <div class='ocr_carea' id='block_1_47' title="bbox 225 2870 1818 2943">
    <p class='ocr_par' dir='ltr' id='par_1_47' title="bbox 225 2870 1818 2943">
     <span class='ocr_line' id='line_1_47' title="bbox 225 2870 1818 2943; baseline 0 -18"><span class='ocrx_word' id='word_1_352' title='bbox 225 2870 476 2926; x_wconf 78' lang='lat' dir='ltr'>ecclesiae</span> <span class='ocrx_word' id='word_1_353' title='bbox 506 2878 858 2943; x_wconf 87' lang='lat' dir='ltr'>congregato,</span> <span class='ocrx_word' id='word_1_354' title='bbox 890 2871 1117 2927; x_wconf 85' lang='lat' dir='ltr'>verbum</span> <span class='ocrx_word' id='word_1_355' title='bbox 1149 2870 1276 2927; x_wconf 85' lang='lat' dir='ltr'>fecit</span> <span class='ocrx_word' id='word_1_356' title='bbox 1300 2888 1406 2943; x_wconf 91' lang='lat' dir='ltr'>quo</span> <span class='ocrx_word' id='word_1_357' title='bbox 1434 2871 1490 2926; x_wconf 90' lang='lat' dir='ltr'>in</span> <span class='ocrx_word' id='word_1_358' title='bbox 1519 2873 1715 2925; x_wconf 90' lang='lat' dir='ltr'>multas</span> <span class='ocrx_word' id='word_1_359' title='bbox 1743 2872 1818 2925; x_wconf 88' lang='lat' dir='ltr'>1a-</span> 
     </span>
    </p>
   </div>
   <div class='ocr_carea' id='block_1_48' title="bbox 220 2959 1810 3028">
    <p class='ocr_par' dir='ltr' id='par_1_48' title="bbox 220 2959 1810 3028">
     <span class='ocr_line' id='line_1_48' title="bbox 220 2959 1810 3028; baseline 0.001 -16"><span class='ocrx_word' id='word_1_360' title='bbox 220 2973 440 3028; x_wconf 81' lang='lat' dir='ltr'>crymas</span> <span class='ocrx_word' id='word_1_361' title='bbox 456 2959 793 3014; x_wconf 87' lang='lat' dir='ltr'>audientium</span> <span class='ocrx_word' id='word_1_362' title='bbox 817 2960 987 3015; x_wconf 89' lang='lat' dir='ltr'>corda</span> <span class='ocrx_word' id='word_1_363' title='bbox 1017 2959 1260 3015; x_wconf 90' lang='lat' dir='ltr'>resolvit.</span> <span class='ocrx_word' id='word_1_364' title='bbox 1280 2959 1359 3013; x_wconf 92' lang='lat' dir='ltr'>Ibi</span> <span class='ocrx_word' id='word_1_365' title='bbox 1388 2960 1645 3014; x_wconf 89' lang='lat' dir='ltr'>mulieres</span> <span class='ocrx_word' id='word_1_366' title='bbox 1670 2960 1810 3025; x_wconf 68' lang='lat' dir='ltr'>duae,</span> 
     </span>
    </p>
   </div>
   <div class='ocr_carea' id='block_1_49' title="bbox 1906 1819 3504 1890">
    <p class='ocr_par' dir='ltr' id='par_1_49' title="bbox 1906 1819 3504 1890">
     <span class='ocr_line' id='line_1_49' title="bbox 1906 1819 3504 1890; baseline 0 -16"><span class='ocrx_word' id='word_1_367' title='bbox 1906 1820 1998 1884; x_wconf 90' lang='lat' dir='ltr'>tia,</span> <span class='ocrx_word' id='word_1_368' title='bbox 2050 1819 2403 1874; x_wconf 87' lang='lat' dir='ltr'>excubiarum</span> <span class='ocrx_word' id='word_1_369' title='bbox 2432 1835 2667 1884; x_wconf 89' lang='lat' dir='ltr'>eremus,</span> <span class='ocrx_word' id='word_1_370' title='bbox 2731 1820 3061 1890; x_wconf 89' lang='lat' dir='ltr'>regularium</span> <span class='ocrx_word' id='word_1_371' title='bbox 3110 1820 3504 1876; x_wconf 89' lang='lat' dir='ltr'>canonicorum</span> 
     </span>
    </p>
   </div>
   <div class='ocr_carea' id='block_1_50' title="bbox 1906 1906 3503 1979">
    <p class='ocr_par' dir='ltr' id='par_1_50' title="bbox 1906 1906 3503 1979">
     <span class='ocr_line' id='line_1_50' title="bbox 1906 1906 3503 1979; baseline 0.001 -19"><span class='ocrx_word' id='word_1_372' title='bbox 1906 1907 2050 1976; x_wconf 89' lang='lat' dir='ltr'>apud</span> <span class='ocrx_word' id='word_1_373' title='bbox 2078 1906 2402 1961; x_wconf 86' lang='lat' dir='ltr'>Miserenum</span> <span class='ocrx_word' id='word_1_374' title='bbox 2433 1914 2484 1961; x_wconf 91' lang='lat' dir='ltr'>et</span> <span class='ocrx_word' id='word_1_375' title='bbox 2513 1907 2657 1976; x_wconf 90' lang='lat' dir='ltr'>apud</span> <span class='ocrx_word' id='word_1_376' title='bbox 2687 1906 2743 1961; x_wconf 92' lang='lat' dir='ltr'>S.</span> <span class='ocrx_word' id='word_1_377' title='bbox 2806 1907 3105 1979; x_wconf 81' lang='lat' dir='ltr'>Georgium</span> <span class='ocrx_word' id='word_1_378' title='bbox 3135 1907 3349 1974; x_wconf 90' lang='lat' dir='ltr'>domus,</span> <span class='ocrx_word' id='word_1_379' title='bbox 3382 1908 3503 1978; x_wconf 92' lang='lat' dir='ltr'>ipso</span> 
     </span>
    </p>
   </div>
   <div class='ocr_carea' id='block_1_51' title="bbox 1908 1993 3506 2066">
    <p class='ocr_par' dir='ltr' id='par_1_51' title="bbox 1908 1993 3506 2066">
     <span class='ocr_line' id='line_1_51' title="bbox 1908 1993 3506 2066; baseline 0.001 -19"><span class='ocrx_word' id='word_1_380' title='bbox 1908 1994 2183 2048; x_wconf 86' lang='lat' dir='ltr'>adnitente</span> <span class='ocrx_word' id='word_1_381' title='bbox 2212 2002 2512 2064; x_wconf 72' lang='lat' dir='ltr'>cesperant.</span> <span class='ocrx_word' id='word_1_382' title='bbox 2544 1993 2664 2064; x_wconf 90' lang='lat' dir='ltr'>ipso</span> <span class='ocrx_word' id='word_1_383' title='bbox 2708 1994 3020 2063; x_wconf 88' lang='lat' dir='ltr'>spiritaliter</span> <span class='ocrx_word' id='word_1_384' title='bbox 3049 2003 3102 2049; x_wconf 90' lang='lat' dir='ltr'>et</span> <span class='ocrx_word' id='word_1_385' title='bbox 3147 1995 3506 2066; x_wconf 88' lang='lat' dir='ltr'>corporaliter</span> 
     </span>
    </p>
   </div>
   <div class='ocr_carea' id='block_1_52' title="bbox 1908 2080 3505 2152">
    <p class='ocr_par' dir='ltr' id='par_1_52' title="bbox 1908 2080 3505 2152">
     <span class='ocr_line' id='line_1_52' title="bbox 1908 2080 3505 2152; baseline 0.001 -17"><span class='ocrx_word' id='word_1_386' title='bbox 1908 2082 2123 2136; x_wconf 82' lang='lat' dir='ltr'>fovente</span> <span class='ocrx_word' id='word_1_387' title='bbox 2153 2080 2511 2150; x_wconf 84' lang='lat' dir='ltr'>profecerant.</span> <span class='ocrx_word' id='word_1_388' title='bbox 2549 2081 2656 2136; x_wconf 91' lang='lat' dir='ltr'>Sed</span> <span class='ocrx_word' id='word_1_389' title='bbox 2686 2082 2805 2151; x_wconf 92' lang='lat' dir='ltr'>ipse</span> <span class='ocrx_word' id='word_1_390' title='bbox 2827 2081 3297 2152; x_wconf 89' lang='lat' dir='ltr'>imperfectionem</span> <span class='ocrx_word' id='word_1_391' title='bbox 3328 2097 3505 2147; x_wconf 90' lang='lat' dir='ltr'>suam,</span> 
     </span>
    </p>
   </div>
   <div class='ocr_carea' id='block_1_53' title="bbox 1910 2168 3507 2240">
    <p class='ocr_par' dir='ltr' id='par_1_53' title="bbox 1910 2168 3507 2240">
     <span class='ocr_line' id='line_1_53' title="bbox 1910 2168 3507 2240; baseline 0.001 -17"><span class='ocrx_word' id='word_1_392' title='bbox 1910 2185 2017 2240; x_wconf 89' lang='lat' dir='ltr'>qua</span> <span class='ocrx_word' id='word_1_393' title='bbox 2036 2184 2138 2223; x_wconf 91' lang='lat' dir='ltr'>nec</span> <span class='ocrx_word' id='word_1_394' title='bbox 2158 2169 2451 2238; x_wconf 78' lang='lat' dir='ltr'>Apostolus</span> <span class='ocrx_word' id='word_1_395' title='bbox 2473 2168 2713 2231; x_wconf 90' lang='lat' dir='ltr'>carebat,</span> <span class='ocrx_word' id='word_1_396' title='bbox 2755 2169 2942 2224; x_wconf 88' lang='lat' dir='ltr'>dicens</span> <span class='ocrx_word' id='word_1_397' title='bbox 2976 2184 2989 2223; x_wconf 93' lang='lat'>:</span> <span class='ocrx_word' id='word_1_398' title='bbox 3026 2192 3048 2217; x_wconf 75' lang='grc' dir='ltr'><strong><em>α</em></strong></span> <span class='ocrx_word' id='word_1_399' title='bbox 3084 2171 3207 2224; x_wconf 91' lang='lat' dir='ltr'>Non</span> <span class='ocrx_word' id='word_1_400' title='bbox 3236 2170 3381 2240; x_wconf 89' lang='lat' dir='ltr'>quod</span> <span class='ocrx_word' id='word_1_401' title='bbox 3396 2171 3507 2238; x_wconf 89' lang='lat' dir='ltr'>jam</span> 
     </span>
    </p>
   </div>
   <div class='ocr_carea' id='block_1_54' title="bbox 1911 2255 3511 2327">
    <p class='ocr_par' dir='ltr' id='par_1_54' title="bbox 1911 2255 3511 2327">
     <span class='ocr_line' id='line_1_54' title="bbox 1911 2255 3511 2327; baseline 0.001 -17"><span class='ocrx_word' id='word_1_402' title='bbox 1911 2256 2215 2325; x_wconf 88' lang='lat' dir='ltr'>acceperim</span> <span class='ocrx_word' id='word_1_403' title='bbox 2257 2264 2348 2309; x_wconf 91' lang='lat' dir='ltr'>aut</span> <span class='ocrx_word' id='word_1_404' title='bbox 2395 2255 2669 2326; x_wconf 87' lang='lat' dir='ltr'>perfectus</span> <span class='ocrx_word' id='word_1_405' title='bbox 2728 2257 2826 2309; x_wconf 90' lang='lat' dir='ltr'>sim</span> <span class='ocrx_word' id='word_1_406' title='bbox 2860 2256 3031 2323; x_wconf 80' lang='lat' dir='ltr'>(Phil.</span> <span class='ocrx_word' id='word_1_407' title='bbox 3067 2273 3147 2322; x_wconf 84' lang='lat' dir='ltr'><strong>III,</strong></span> <span class='ocrx_word' id='word_1_408' title='bbox 3183 2259 3293 2327; x_wconf 89' lang='grc'><strong>12).</strong></span> <span class='ocrx_word' id='word_1_409' title='bbox 3332 2280 3353 2305; x_wconf 81' lang='lat' dir='ltr'>n</span> <span class='ocrx_word' id='word_1_410' title='bbox 3390 2264 3511 2312; x_wconf 89' lang='lat' dir='ltr'>tan-</span> 
     </span>
    </p>
   </div>
   <div class='ocr_carea' id='block_1_55' title="bbox 1912 2344 3509 2415">
    <p class='ocr_par' dir='ltr' id='par_1_55' title="bbox 1912 2344 3509 2415">
     <span class='ocr_line' id='line_1_55' title="bbox 1912 2344 3509 2415; baseline 0.001 -18"><span class='ocrx_word' id='word_1_411' title='bbox 1912 2344 2190 2398; x_wconf 91' lang='lat' dir='ltr'>tummodo</span> <span class='ocrx_word' id='word_1_412' title='bbox 2220 2344 2504 2415; x_wconf 82' lang='lat' dir='ltr'>cogitans;</span> <span class='ocrx_word' id='word_1_413' title='bbox 2540 2351 2733 2398; x_wconf 91' lang='lat' dir='ltr'>etcum</span> <span class='ocrx_word' id='word_1_414' title='bbox 2766 2344 3053 2399; x_wconf 85' lang='lat' dir='ltr'>Psalmista</span> <span class='ocrx_word' id='word_1_415' title='bbox 3084 2345 3298 2401; x_wconf 85' lang='lat' dir='ltr'>dicente</span> <span class='ocrx_word' id='word_1_416' title='bbox 3331 2360 3344 2398; x_wconf 90' lang='lat'>:</span> <span class='ocrx_word' id='word_1_417' title='bbox 3383 2367 3404 2392; x_wconf 82' lang='lat' dir='ltr'>u</span> <span class='ocrx_word' id='word_1_418' title='bbox 3438 2346 3509 2401; x_wconf 91' lang='lat' dir='ltr'>Ut</span> 
     </span>
    </p>
   </div>
   <div class='ocr_carea' id='block_1_56' title="bbox 1914 2431 3514 2503">
    <p class='ocr_par' dir='ltr' id='par_1_56' title="bbox 1914 2431 3514 2503">
     <span class='ocr_line' id='line_1_56' title="bbox 1914 2431 3514 2503; baseline 0.001 -18"><span class='ocrx_word' id='word_1_419' title='bbox 1914 2432 2102 2491; x_wconf 85' lang='lat' dir='ltr'>sciam,</span> <span class='ocrx_word' id='word_1_420' title='bbox 2138 2431 2267 2501; x_wconf 92' lang='lat' dir='ltr'>quid</span> <span class='ocrx_word' id='word_1_421' title='bbox 2297 2431 2438 2486; x_wconf 92' lang='lat' dir='ltr'>desit</span> <span class='ocrx_word' id='word_1_422' title='bbox 2468 2431 2597 2485; x_wconf 91' lang='lat' dir='ltr'>mihi</span> <span class='ocrx_word' id='word_1_423' title='bbox 2629 2432 2805 2501; x_wconf 81' lang='lat' dir='ltr'>(Psal.</span> <span class='ocrx_word' id='word_1_424' title='bbox 2839 2446 3085 2497; x_wconf 76' lang='lat' dir='ltr'>xxxviii,</span> <span class='ocrx_word' id='word_1_425' title='bbox 3123 2433 3210 2503; x_wconf 76' lang='lat'>5);</span> <span class='ocrx_word' id='word_1_426' title='bbox 3241 2448 3351 2487; x_wconf 91' lang='lat' dir='ltr'>non</span> <span class='ocrx_word' id='word_1_427' title='bbox 3382 2432 3514 2503; x_wconf 91' lang='lat' dir='ltr'>quid</span> 
     </span>
    </p>
   </div>
   <div class='ocr_carea' id='block_1_57' title="bbox 1914 2518 3503 2589">
    <p class='ocr_par' dir='ltr' id='par_1_57' title="bbox 1914 2518 3503 2589">
     <span class='ocr_line' id='line_1_57' title="bbox 1914 2518 3503 2589; baseline 0.001 -17"><span class='ocrx_word' id='word_1_428' title='bbox 1914 2518 2016 2573; x_wconf 90' lang='lat' dir='ltr'>sibi</span> <span class='ocrx_word' id='word_1_429' title='bbox 2046 2519 2253 2573; x_wconf 85' lang='lat' dir='ltr'>virtutis</span> <span class='ocrx_word' id='word_1_430' title='bbox 2285 2518 2520 2583; x_wconf 89' lang='lat' dir='ltr'>adesset,</span> <span class='ocrx_word' id='word_1_431' title='bbox 2556 2518 2652 2572; x_wconf 92' lang='lat' dir='ltr'>sed</span> <span class='ocrx_word' id='word_1_432' title='bbox 2686 2519 2816 2589; x_wconf 88' lang='lat' dir='ltr'>quid</span> <span class='ocrx_word' id='word_1_433' title='bbox 2846 2519 3064 2574; x_wconf 90' lang='lat' dir='ltr'>deesset</span> <span class='ocrx_word' id='word_1_434' title='bbox 3094 2519 3277 2574; x_wconf 88' lang='lat' dir='ltr'>subtili</span> <span class='ocrx_word' id='word_1_435' title='bbox 3307 2519 3503 2574; x_wconf 86' lang='lat' dir='ltr'>admo-</span> 
     </span>
    </p>
   </div>
   <div class='ocr_carea' id='block_1_58' title="bbox 1914 2605 3509 2677">
    <p class='ocr_par' dir='ltr' id='par_1_58' title="bbox 1914 2605 3509 2677">
     <span class='ocr_line' id='line_1_58' title="bbox 1914 2605 3509 2677; baseline 0 -16"><span class='ocrx_word' id='word_1_436' title='bbox 1914 2607 2043 2661; x_wconf 89' lang='lat' dir='ltr'>dum</span> <span class='ocrx_word' id='word_1_437' title='bbox 2069 2606 2409 2661; x_wconf 87' lang='lat' dir='ltr'>discussione</span> <span class='ocrx_word' id='word_1_438' title='bbox 2436 2605 2810 2671; x_wconf 89' lang='lat' dir='ltr'>considerans,</span> <span class='ocrx_word' id='word_1_439' title='bbox 2843 2607 3207 2677; x_wconf 88' lang='lat' dir='ltr'>episcopalem</span> <span class='ocrx_word' id='word_1_440' title='bbox 3237 2607 3509 2662; x_wconf 90' lang='lat' dir='ltr'>sarcinam</span> 
     </span>
    </p>
   </div>
   <div class='ocr_carea' id='block_1_59' title="bbox 1915 2694 3514 2765">
    <p class='ocr_par' dir='ltr' id='par_1_59' title="bbox 1915 2694 3514 2765">
     <span class='ocr_line' id='line_1_59' title="bbox 1915 2694 3514 2765; baseline 0.001 -18"><span class='ocrx_word' id='word_1_441' title='bbox 1915 2694 2092 2749; x_wconf 91' lang='lat' dir='ltr'>modis</span> <span class='ocrx_word' id='word_1_442' title='bbox 2138 2694 2389 2747; x_wconf 89' lang='lat' dir='ltr'>omnibus</span> <span class='ocrx_word' id='word_1_443' title='bbox 2437 2710 2638 2748; x_wconf 84' lang='lat' dir='ltr'>exuere</span> <span class='ocrx_word' id='word_1_444' title='bbox 2697 2694 3078 2761; x_wconf 88' lang='lat' dir='ltr'>desiderabat;</span> <span class='ocrx_word' id='word_1_445' title='bbox 3111 2711 3217 2765; x_wconf 90' lang='lat' dir='ltr'>qua</span> <span class='ocrx_word' id='word_1_446' title='bbox 3245 2695 3514 2750; x_wconf 88' lang='lat' dir='ltr'>sententia</span> 
     </span>
    </p>
   </div>
   <div class='ocr_carea' id='block_1_60' title="bbox 1916 2780 3514 2852">
    <p class='ocr_par' dir='ltr' id='par_1_60' title="bbox 1916 2780 3514 2852">
     <span class='ocr_line' id='line_1_60' title="bbox 1916 2780 3514 2852; baseline 0 -15"><span class='ocrx_word' id='word_1_447' title='bbox 1916 2782 2001 2837; x_wconf 90' lang='lat' dir='ltr'>vel</span> <span class='ocrx_word' id='word_1_448' title='bbox 2045 2780 2337 2845; x_wconf 90' lang='lat' dir='ltr'>desiderio,</span> <span class='ocrx_word' id='word_1_449' title='bbox 2387 2782 2522 2837; x_wconf 88' lang='lat' dir='ltr'>sicut</span> <span class='ocrx_word' id='word_1_450' title='bbox 2550 2782 2606 2834; x_wconf 93' lang='lat' dir='ltr'>in</span> <span class='ocrx_word' id='word_1_451' title='bbox 2662 2781 2932 2852; x_wconf 89' lang='lat' dir='ltr'>principio</span> <span class='ocrx_word' id='word_1_452' title='bbox 2970 2782 3223 2847; x_wconf 77' lang='lat' dir='ltr'>diximus,</span> <span class='ocrx_word' id='word_1_453' title='bbox 3264 2783 3334 2836; x_wconf 90' lang='lat' dir='ltr'>ab</span> <span class='ocrx_word' id='word_1_454' title='bbox 3363 2781 3514 2837; x_wconf 91' lang='lat' dir='ltr'>initio</span> 
     </span>
    </p>
   </div>
   <div class='ocr_carea' id='block_1_61' title="bbox 1916 2868 3370 2941">
    <p class='ocr_par' dir='ltr' id='par_1_61' title="bbox 1916 2868 3370 2941">
     <span class='ocr_line' id='line_1_61' title="bbox 1916 2868 3370 2941; baseline 0.001 -18"><span class='ocrx_word' id='word_1_455' title='bbox 1916 2884 2028 2923; x_wconf 81' lang='lat' dir='ltr'>suae</span> <span class='ocrx_word' id='word_1_456' title='bbox 2062 2868 2421 2939; x_wconf 90' lang='lat' dir='ltr'>promotionis</span> <span class='ocrx_word' id='word_1_457' title='bbox 2451 2868 2518 2922; x_wconf 90' lang='lat' dir='ltr'>ad</span> <span class='ocrx_word' id='word_1_458' title='bbox 2548 2876 2777 2923; x_wconf 88' lang='lat' dir='ltr'>mortem</span> <span class='ocrx_word' id='word_1_459' title='bbox 2834 2886 3005 2941; x_wconf 92' lang='lat' dir='ltr'>usque</span> <span class='ocrx_word' id='word_1_460' title='bbox 3035 2884 3142 2925; x_wconf 90' lang='lat' dir='ltr'>non</span> <span class='ocrx_word' id='word_1_461' title='bbox 3174 2870 3370 2925; x_wconf 90' lang='lat' dir='ltr'>caruit.</span> 
     </span>
    </p>
   </div>
   <div class='ocr_carea' id='block_1_62' title="bbox 1986 2956 3513 3028">
    <p class='ocr_par' dir='ltr' id='par_1_62' title="bbox 1986 2956 3513 3028">
     <span class='ocr_line' id='line_1_62' title="bbox 1986 2956 3513 3028; baseline 0.001 -16"><span class='ocrx_word' id='word_1_462' title='bbox 1986 2958 2075 3012; x_wconf 80' lang='grc'>24.</span> <span class='ocrx_word' id='word_1_463' title='bbox 2107 2957 2215 3011; x_wconf 86' lang='lat' dir='ltr'>Hac</span> <span class='ocrx_word' id='word_1_464' title='bbox 2244 2956 2409 3028; x_wconf 81' lang='lat' dir='ltr'>igitur</span> <span class='ocrx_word' id='word_1_465' title='bbox 2430 2957 2706 3013; x_wconf 85' lang='lat' dir='ltr'>voluntate</span> <span class='ocrx_word' id='word_1_466' title='bbox 2723 2958 2775 3011; x_wconf 90' lang='lat' dir='ltr'>in</span> <span class='ocrx_word' id='word_1_467' title='bbox 2795 2956 2911 3011; x_wconf 92' lang='lat' dir='ltr'>dies</span> <span class='ocrx_word' id='word_1_468' title='bbox 2932 2965 3225 3028; x_wconf 86' lang='lat' dir='ltr'>augmenta</span> <span class='ocrx_word' id='word_1_469' title='bbox 3247 2964 3513 3026; x_wconf 82' lang='lat' dir='ltr'>sumente,</span> 
     </span>
    </p>
   </div>
   <div class='ocr_carea' id='block_1_63' title="bbox 218 3017 3515 3117">
    <p class='ocr_par' dir='ltr' id='par_1_63' title="bbox 218 3017 3515 3117">
     <span class='ocr_line' id='line_1_63' title="bbox 218 3017 3515 3117; baseline 0 -17"><span class='ocrx_word' id='word_1_470' title='bbox 218 3017 340 3117; x_wconf 63' lang='lat' dir='ltr'>quae</span> <span class='ocrx_word' id='word_1_471' title='bbox 372 3046 827 3117; x_wconf 84' lang='lat' dir='ltr'>(sicutapparuit)</span> <span class='ocrx_word' id='word_1_472' title='bbox 857 3047 973 3115; x_wconf 88' lang='lat' dir='ltr'>ejus</span> <span class='ocrx_word' id='word_1_473' title='bbox 994 3047 1163 3101; x_wconf 88' lang='lat' dir='ltr'>verba</span> <span class='ocrx_word' id='word_1_474' title='bbox 1191 3046 1513 3117; x_wconf 88' lang='lat' dir='ltr'>profundius</span> <span class='ocrx_word' id='word_1_475' title='bbox 1532 3063 1662 3101; x_wconf 89' lang='lat' dir='ltr'>aure</span> <span class='ocrx_word' id='word_1_476' title='bbox 1693 3017 1817 3102; x_wconf 52' lang='lat' dir='ltr'>cor;</span> <span class='ocrx_word' id='word_1_477' title='bbox 1842 3017 1897 3076; x_wconf 74' lang='lat'>0&#39;</span> <span class='ocrx_word' id='word_1_478' title='bbox 1922 3045 2147 3099; x_wconf 81' lang='lat' dir='ltr'>Romam</span> <span class='ocrx_word' id='word_1_479' title='bbox 2193 3017 2403 3114; x_wconf 63' lang='lat' dir='ltr'>legatos</span> <span class='ocrx_word' id='word_1_480' title='bbox 2451 3053 2503 3099; x_wconf 88' lang='lat' dir='ltr'>et</span> <span class='ocrx_word' id='word_1_481' title='bbox 2550 3044 2756 3099; x_wconf 88' lang='lat' dir='ltr'>litteras</span> <span class='ocrx_word' id='word_1_482' title='bbox 2800 3045 2853 3098; x_wconf 90' lang='lat' dir='ltr'>in</span> <span class='ocrx_word' id='word_1_483' title='bbox 2902 3017 3213 3115; x_wconf 52' lang='lat' dir='ltr'>hocuipsum</span> <span class='ocrx_word' id='word_1_484' title='bbox 3242 3045 3312 3100; x_wconf 88' lang='lat' dir='ltr'>ad</span> <span class='ocrx_word' id='word_1_485' title='bbox 3342 3017 3515 3101; x_wconf 55' lang='lat' dir='ltr'>vene;</span> 
     </span>
    </p>
   </div>
   <div class='ocr_carea' id='block_1_64' title="bbox 216 3133 1817 3204">
    <p class='ocr_par' dir='ltr' id='par_1_64' title="bbox 216 3133 1817 3204">
     <span class='ocr_line' id='line_1_64' title="bbox 216 3133 1817 3204; baseline 0.001 -17"><span class='ocrx_word' id='word_1_486' title='bbox 216 3133 305 3188; x_wconf 90' lang='lat' dir='ltr'>dis</span> <span class='ocrx_word' id='word_1_487' title='bbox 334 3133 683 3201; x_wconf 89' lang='lat' dir='ltr'>imbiberant,</span> <span class='ocrx_word' id='word_1_488' title='bbox 745 3133 1090 3189; x_wconf 89' lang='lat' dir='ltr'>audientibus</span> <span class='ocrx_word' id='word_1_489' title='bbox 1134 3134 1381 3204; x_wconf 88' lang='lat' dir='ltr'>pluribus</span> <span class='ocrx_word' id='word_1_490' title='bbox 1439 3134 1649 3190; x_wconf 90' lang='lat' dir='ltr'>scelera</span> <span class='ocrx_word' id='word_1_491' title='bbox 1678 3148 1817 3189; x_wconf 69' lang='lat' dir='ltr'>con-</span> 
     </span>
    </p>
   </div>
   <div class='ocr_carea' id='block_1_65' title="bbox 217 3220 1819 3293">
    <p class='ocr_par' dir='ltr' id='par_1_65' title="bbox 217 3220 1819 3293">
     <span class='ocr_line' id='line_1_65' title="bbox 217 3220 1819 3293; baseline 0.001 -17"><span class='ocrx_word' id='word_1_492' title='bbox 217 3220 382 3277; x_wconf 62' lang='lat' dir='ltr'>fessae</span> <span class='ocrx_word' id='word_1_493' title='bbox 413 3230 537 3276; x_wconf 90' lang='lat' dir='ltr'>sunt</span> <span class='ocrx_word' id='word_1_494' title='bbox 567 3237 686 3293; x_wconf 65' lang='lat' dir='ltr'>quae</span> <span class='ocrx_word' id='word_1_495' title='bbox 714 3222 1103 3277; x_wconf 87' lang='lat' dir='ltr'>commiserant</span> <span class='ocrx_word' id='word_1_496' title='bbox 1131 3241 1145 3289; x_wconf 87' lang='lat'><strong>;</strong></span> <span class='ocrx_word' id='word_1_497' title='bbox 1174 3230 1227 3277; x_wconf 92' lang='lat' dir='ltr'>et</span> <span class='ocrx_word' id='word_1_498' title='bbox 1274 3222 1542 3291; x_wconf 90' lang='lat' dir='ltr'>posterior</span> <span class='ocrx_word' id='word_1_499' title='bbox 1599 3222 1819 3292; x_wconf 90' lang='lat' dir='ltr'>quidem</span> 
     </span>
    </p>
   </div>
   <div class='ocr_carea' id='block_1_66' title="bbox 218 3309 1820 3379">
    <p class='ocr_par' dir='ltr' id='par_1_66' title="bbox 218 3309 1820 3379">
     <span class='ocr_line' id='line_1_66' title="bbox 218 3309 1820 3379; baseline 0.001 -17"><span class='ocrx_word' id='word_1_500' title='bbox 218 3309 353 3379; x_wconf 90' lang='lat' dir='ltr'>quid</span> <span class='ocrx_word' id='word_1_501' title='bbox 382 3309 598 3373; x_wconf 85' lang='lat' dir='ltr'>dixerit,</span> <span class='ocrx_word' id='word_1_502' title='bbox 639 3324 749 3363; x_wconf 92' lang='lat' dir='ltr'>non</span> <span class='ocrx_word' id='word_1_503' title='bbox 788 3309 917 3363; x_wconf 90' lang='lat' dir='ltr'>satis</span> <span class='ocrx_word' id='word_1_504' title='bbox 945 3309 1211 3364; x_wconf 90' lang='lat' dir='ltr'>habemus</span> <span class='ocrx_word' id='word_1_505' title='bbox 1260 3317 1633 3379; x_wconf 89' lang='lat' dir='ltr'>compertum;</span> <span class='ocrx_word' id='word_1_506' title='bbox 1666 3310 1820 3379; x_wconf 90' lang='lat' dir='ltr'>prior</span> 
     </span>
    </p>
   </div>
   <div class='ocr_carea' id='block_1_67' title="bbox 216 3396 1819 3468">
    <p class='ocr_par' dir='ltr' id='par_1_67' title="bbox 216 3396 1819 3468">
     <span class='ocr_line' id='line_1_67' title="bbox 216 3396 1819 3468; baseline 0.001 -19"><span class='ocrx_word' id='word_1_507' title='bbox 216 3406 397 3451; x_wconf 89' lang='lat' dir='ltr'>autem</span> <span class='ocrx_word' id='word_1_508' title='bbox 429 3412 587 3451; x_wconf 91' lang='lat' dir='ltr'>suum</span> <span class='ocrx_word' id='word_1_509' title='bbox 620 3412 680 3451; x_wconf 87' lang='lat' dir='ltr'>se</span> <span class='ocrx_word' id='word_1_510' title='bbox 700 3396 940 3467; x_wconf 89' lang='lat' dir='ltr'>prodidit</span> <span class='ocrx_word' id='word_1_511' title='bbox 968 3397 1237 3453; x_wconf 90' lang='lat' dir='ltr'>occidisse</span> <span class='ocrx_word' id='word_1_512' title='bbox 1266 3397 1541 3451; x_wconf 90' lang='lat' dir='ltr'>maritum.</span> <span class='ocrx_word' id='word_1_513' title='bbox 1574 3398 1819 3468; x_wconf 88' lang='lat' dir='ltr'>Cumque</span> 
     </span>
    </p>
   </div>
   <div class='ocr_carea' id='block_1_68' title="bbox 215 3483 1818 3556">
    <p class='ocr_par' dir='ltr' id='par_1_68' title="bbox 215 3483 1818 3556">
     <span class='ocr_line' id='line_1_68' title="bbox 215 3483 1818 3556; baseline 0 -19"><span class='ocrx_word' id='word_1_514' title='bbox 215 3483 299 3538; x_wconf 85' lang='lat' dir='ltr'>vir</span> <span class='ocrx_word' id='word_1_515' title='bbox 329 3483 429 3539; x_wconf 90' lang='lat' dir='ltr'>Dei</span> <span class='ocrx_word' id='word_1_516' title='bbox 471 3484 623 3540; x_wconf 89' lang='lat' dir='ltr'>necis</span> <span class='ocrx_word' id='word_1_517' title='bbox 673 3485 985 3556; x_wconf 88' lang='lat' dir='ltr'>exquireret</span> <span class='ocrx_word' id='word_1_518' title='bbox 1030 3484 1273 3549; x_wconf 88' lang='lat' dir='ltr'>modum,</span> <span class='ocrx_word' id='word_1_519' title='bbox 1336 3485 1519 3539; x_wconf 87' lang='lat' dir='ltr'>retulit</span> <span class='ocrx_word' id='word_1_520' title='bbox 1548 3484 1603 3539; x_wconf 92' lang='lat' dir='ltr'>in</span> <span class='ocrx_word' id='word_1_521' title='bbox 1638 3499 1818 3539; x_wconf 89' lang='lat' dir='ltr'>escam</span> 
     </span>
    </p>
   </div>
   <div class='ocr_carea' id='block_1_69' title="bbox 213 3571 1820 3644">
    <p class='ocr_par' dir='ltr' id='par_1_69' title="bbox 213 3571 1820 3644">
     <span class='ocr_line' id='line_1_69' title="bbox 213 3571 1820 3644; baseline 0.001 -18"><span class='ocrx_word' id='word_1_522' title='bbox 213 3571 297 3626; x_wconf 92' lang='lat' dir='ltr'>illi</span> <span class='ocrx_word' id='word_1_523' title='bbox 329 3586 389 3625; x_wconf 91' lang='lat' dir='ltr'>se</span> <span class='ocrx_word' id='word_1_524' title='bbox 417 3571 637 3627; x_wconf 89' lang='lat' dir='ltr'>dedisse</span> <span class='ocrx_word' id='word_1_525' title='bbox 664 3588 967 3639; x_wconf 86' lang='lat' dir='ltr'>venenum;</span> <span class='ocrx_word' id='word_1_526' title='bbox 998 3580 1123 3644; x_wconf 82' lang='lat' dir='ltr'>post</span> <span class='ocrx_word' id='word_1_527' title='bbox 1155 3589 1277 3644; x_wconf 67' lang='lat' dir='ltr'>qua:</span> <span class='ocrx_word' id='word_1_528' title='bbox 1326 3572 1489 3641; x_wconf 91' lang='lat' dir='ltr'>jussit</span> <span class='ocrx_word' id='word_1_529' title='bbox 1518 3579 1820 3643; x_wconf 77' lang='lat' dir='ltr'>praesentes</span> 
     </span>
    </p>
   </div>
   <div class='ocr_carea' id='block_1_70' title="bbox 215 3658 1821 3731">
    <p class='ocr_par' dir='ltr' id='par_1_70' title="bbox 215 3658 1821 3731">
     <span class='ocr_line' id='line_1_70' title="bbox 215 3658 1821 3731; baseline 0.001 -19"><span class='ocrx_word' id='word_1_530' title='bbox 215 3659 542 3725; x_wconf 85' lang='lat' dir='ltr'>abscedere,</span> <span class='ocrx_word' id='word_1_531' title='bbox 599 3666 657 3714; x_wconf 87' lang='lat' dir='ltr'>ut</span> <span class='ocrx_word' id='word_1_532' title='bbox 690 3659 742 3715; x_wconf 93' lang='lat' dir='ltr'>ei</span> <span class='ocrx_word' id='word_1_533' title='bbox 811 3659 1013 3726; x_wconf 77' lang='lat' dir='ltr'>caeteri,</span> <span class='ocrx_word' id='word_1_534' title='bbox 1062 3660 1209 3731; x_wconf 91' lang='lat' dir='ltr'>quod</span> <span class='ocrx_word' id='word_1_535' title='bbox 1264 3660 1538 3726; x_wconf 88' lang='lat' dir='ltr'>volebant,</span> <span class='ocrx_word' id='word_1_536' title='bbox 1597 3658 1821 3714; x_wconf 84' lang='lat' dir='ltr'>liberius</span> 
     </span>
    </p>
   </div>
   <div class='ocr_carea' id='block_1_71' title="bbox 213 3746 1823 3816">
    <p class='ocr_par' dir='ltr' id='par_1_71' title="bbox 213 3746 1823 3816">
     <span class='ocr_line' id='line_1_71' title="bbox 213 3746 1823 3816; baseline 0 -17"><span class='ocrx_word' id='word_1_537' title='bbox 213 3754 444 3816; x_wconf 89' lang='lat' dir='ltr'>possent</span> <span class='ocrx_word' id='word_1_538' title='bbox 472 3747 779 3801; x_wconf 90' lang='lat' dir='ltr'>ostendere.</span> <span class='ocrx_word' id='word_1_539' title='bbox 825 3748 999 3802; x_wconf 89' lang='lat' dir='ltr'>Tanta</span> <span class='ocrx_word' id='word_1_540' title='bbox 1028 3762 1158 3803; x_wconf 90' lang='lat' dir='ltr'>vero</span> <span class='ocrx_word' id='word_1_541' title='bbox 1201 3747 1266 3800; x_wconf 91' lang='lat' dir='ltr'>ad</span> <span class='ocrx_word' id='word_1_542' title='bbox 1326 3747 1692 3803; x_wconf 80' lang='lat' dir='ltr'>conﬁtendum</span> <span class='ocrx_word' id='word_1_543' title='bbox 1723 3746 1823 3800; x_wconf 90' lang='lat' dir='ltr'>fuit</span> 
     </span>
    </p>
   </div>
   <div class='ocr_carea' id='block_1_72' title="bbox 216 3833 1822 3905">
    <p class='ocr_par' dir='ltr' id='par_1_72' title="bbox 216 3833 1822 3905">
     <span class='ocr_line' id='line_1_72' title="bbox 216 3833 1822 3905; baseline 0.002 -19"><span class='ocrx_word' id='word_1_544' title='bbox 216 3833 449 3903; x_wconf 73' lang='lat' dir='ltr'>reliquae</span> <span class='ocrx_word' id='word_1_545' title='bbox 498 3833 675 3904; x_wconf 88' lang='lat' dir='ltr'>plebis</span> <span class='ocrx_word' id='word_1_546' title='bbox 722 3834 1000 3899; x_wconf 90' lang='lat' dir='ltr'>instantia,</span> <span class='ocrx_word' id='word_1_547' title='bbox 1062 3842 1121 3888; x_wconf 90' lang='lat' dir='ltr'>ut</span> <span class='ocrx_word' id='word_1_548' title='bbox 1168 3851 1235 3889; x_wconf 92' lang='lat' dir='ltr'>ne</span> <span class='ocrx_word' id='word_1_549' title='bbox 1292 3834 1575 3889; x_wconf 88' lang='lat' dir='ltr'>dimidiam</span> <span class='ocrx_word' id='word_1_550' title='bbox 1604 3835 1822 3905; x_wconf 90' lang='lat' dir='ltr'>quidem</span> 
     </span>
    </p>
   </div>
   <div class='ocr_carea' id='block_1_73' title="bbox 217 3921 1825 3993">
    <p class='ocr_par' dir='ltr' id='par_1_73' title="bbox 217 3921 1825 3993">
     <span class='ocr_line' id='line_1_73' title="bbox 217 3921 1825 3993; baseline 0.001 -20"><span class='ocrx_word' id='word_1_551' title='bbox 217 3928 438 3991; x_wconf 90' lang='lat' dir='ltr'>partem</span> <span class='ocrx_word' id='word_1_552' title='bbox 467 3922 603 3991; x_wconf 90' lang='lat' dir='ltr'>ejus,</span> <span class='ocrx_word' id='word_1_553' title='bbox 637 3921 694 3976; x_wconf 91' lang='lat' dir='ltr'>in</span> <span class='ocrx_word' id='word_1_554' title='bbox 724 3921 818 3976; x_wconf 90' lang='lat' dir='ltr'>tali</span> <span class='ocrx_word' id='word_1_555' title='bbox 846 3938 1013 3993; x_wconf 91' lang='lat' dir='ltr'>opere</span> <span class='ocrx_word' id='word_1_556' title='bbox 1042 3922 1198 3978; x_wconf 88' lang='lat' dir='ltr'>valde</span> <span class='ocrx_word' id='word_1_557' title='bbox 1227 3921 1350 3978; x_wconf 89' lang='lat' dir='ltr'>licet</span> <span class='ocrx_word' id='word_1_558' title='bbox 1374 3922 1586 3991; x_wconf 86' lang='lat' dir='ltr'>devota,</span> <span class='ocrx_word' id='word_1_559' title='bbox 1618 3922 1825 3978; x_wconf 91' lang='lat' dir='ltr'>auscul-</span> 
     </span>
    </p>
   </div>
   <div class='ocr_carea' id='block_1_74' title="bbox 217 4009 1821 4080">
    <p class='ocr_par' dir='ltr' id='par_1_74' title="bbox 217 4009 1821 4080">
     <span class='ocr_line' id='line_1_74' title="bbox 217 4009 1821 4080; baseline 0.002 -19"><span class='ocrx_word' id='word_1_560' title='bbox 217 4015 342 4062; x_wconf 89' lang='lat' dir='ltr'>tare</span> <span class='ocrx_word' id='word_1_561' title='bbox 388 4009 619 4080; x_wconf 87' lang='lat' dir='ltr'>quiverit</span> <span class='ocrx_word' id='word_1_562' title='bbox 668 4009 974 4064; x_wconf 87' lang='lat' dir='ltr'>tolerantia.</span> <span class='ocrx_word' id='word_1_563' title='bbox 1007 4010 1123 4065; x_wconf 85' lang='lat' dir='ltr'>Hoc</span> <span class='ocrx_word' id='word_1_564' title='bbox 1169 4025 1203 4064; x_wconf 89' lang='lat' dir='ltr'>a</span> <span class='ocrx_word' id='word_1_565' title='bbox 1240 4010 1359 4065; x_wconf 87' lang='lat' dir='ltr'>viro</span> <span class='ocrx_word' id='word_1_566' title='bbox 1390 4017 1546 4066; x_wconf 67' lang='lat' dir='ltr'>aetate</span> <span class='ocrx_word' id='word_1_567' title='bbox 1573 4018 1625 4065; x_wconf 93' lang='lat' dir='ltr'>et</span> <span class='ocrx_word' id='word_1_568' title='bbox 1656 4025 1821 4065; x_wconf 89' lang='lat' dir='ltr'>sanc-</span> 
     </span>
    </p>
   </div>
   <div class='ocr_carea' id='block_1_75' title="bbox 220 4096 1819 4164">
    <p class='ocr_par' dir='ltr' id='par_1_75' title="bbox 220 4096 1819 4164">
     <span class='ocr_line' id='line_1_75' title="bbox 220 4096 1819 4164; baseline 0.003 -15"><span class='ocrx_word' id='word_1_569' title='bbox 220 4096 376 4151; x_wconf 87' lang='lat' dir='ltr'>titate</span> <span class='ocrx_word' id='word_1_570' title='bbox 398 4096 701 4152; x_wconf 90' lang='lat' dir='ltr'>reverendo</span> <span class='ocrx_word' id='word_1_571' title='bbox 714 4097 1032 4164; x_wconf 90' lang='lat' dir='ltr'>Wilhelmo,</span> <span class='ocrx_word' id='word_1_572' title='bbox 1056 4098 1111 4152; x_wconf 95' lang='lat' dir='ltr'>S.</span> <span class='ocrx_word' id='word_1_573' title='bbox 1132 4097 1420 4153; x_wconf 88' lang='lat' dir='ltr'>Theofredi</span> <span class='ocrx_word' id='word_1_574' title='bbox 1441 4114 1584 4153; x_wconf 90' lang='lat' dir='ltr'>nunc</span> <span class='ocrx_word' id='word_1_575' title='bbox 1604 4098 1819 4162; x_wconf 89' lang='lat' dir='ltr'>abbate,</span> 
     </span>
    </p>
   </div>
   <div class='ocr_carea' id='block_1_76' title="bbox 219 4185 1823 4256">
    <p class='ocr_par' dir='ltr' id='par_1_76' title="bbox 219 4185 1823 4256">
     <span class='ocr_line' id='line_1_76' title="bbox 219 4185 1823 4256; baseline 0.002 -20"><span class='ocrx_word' id='word_1_576' title='bbox 219 4191 355 4238; x_wconf 86' lang='lat' dir='ltr'>tunc</span> <span class='ocrx_word' id='word_1_577' title='bbox 384 4185 674 4253; x_wconf 88' lang='lat' dir='ltr'>monacho,</span> <span class='ocrx_word' id='word_1_578' title='bbox 704 4201 806 4239; x_wconf 90' lang='lat' dir='ltr'>nos</span> <span class='ocrx_word' id='word_1_579' title='bbox 828 4186 1155 4253; x_wconf 85' lang='lat' dir='ltr'>audivimus,</span> <span class='ocrx_word' id='word_1_580' title='bbox 1187 4186 1277 4256; x_wconf 92' lang='lat' dir='ltr'>qui</span> <span class='ocrx_word' id='word_1_581' title='bbox 1299 4185 1443 4241; x_wconf 89' lang='lat' dir='ltr'>beati</span> <span class='ocrx_word' id='word_1_582' title='bbox 1472 4185 1570 4241; x_wconf 88' lang='lat' dir='ltr'>viri</span> <span class='ocrx_word' id='word_1_583' title='bbox 1599 4202 1696 4255; x_wconf 91' lang='lat' dir='ltr'>per</span> <span class='ocrx_word' id='word_1_584' title='bbox 1723 4201 1823 4239; x_wconf 88' lang='lat' dir='ltr'>an-</span> 
     </span>
    </p>
   </div>
   <div class='ocr_carea' id='block_1_77' title="bbox 220 4271 1713 4344">
    <p class='ocr_par' dir='ltr' id='par_1_77' title="bbox 220 4271 1713 4344">
     <span class='ocr_line' id='line_1_77' title="bbox 220 4271 1713 4344; baseline 0.001 -19"><span class='ocrx_word' id='word_1_585' title='bbox 220 4286 327 4327; x_wconf 87' lang='lat' dir='ltr'>nos</span> <span class='ocrx_word' id='word_1_586' title='bbox 359 4271 647 4342; x_wconf 87' lang='lat' dir='ltr'>plusquam</span> <span class='ocrx_word' id='word_1_587' title='bbox 703 4272 895 4344; x_wconf 88' lang='lat' dir='ltr'>viginti</span> <span class='ocrx_word' id='word_1_588' title='bbox 941 4287 1129 4329; x_wconf 90' lang='lat' dir='ltr'>comes</span> <span class='ocrx_word' id='word_1_589' title='bbox 1158 4273 1360 4328; x_wconf 89' lang='lat' dir='ltr'>exstitit</span> <span class='ocrx_word' id='word_1_590' title='bbox 1382 4273 1713 4328; x_wconf 89' lang='lat' dir='ltr'>individuus.</span> 
     </span>
    </p>
   </div>
   <div class='ocr_carea' id='block_1_78' title="bbox 1919 3131 3514 3203">
    <p class='ocr_par' dir='ltr' id='par_1_78' title="bbox 1919 3131 3514 3203">
     <span class='ocr_line' id='line_1_78' title="bbox 1919 3131 3514 3203; baseline 0.003 -19"><span class='ocrx_word' id='word_1_591' title='bbox 1919 3131 2102 3185; x_wconf 76' lang='lat' dir='ltr'>randm</span> <span class='ocrx_word' id='word_1_592' title='bbox 2140 3132 2419 3185; x_wconf 71' lang='lat' dir='ltr'>memoria:</span> <span class='ocrx_word' id='word_1_593' title='bbox 2448 3146 2651 3202; x_wconf 87' lang='lat' dir='ltr'>papam</span> <span class='ocrx_word' id='word_1_594' title='bbox 2708 3131 2854 3186; x_wconf 91' lang='lat' dir='ltr'>misit</span> <span class='ocrx_word' id='word_1_595' title='bbox 2909 3132 3206 3188; x_wconf 86' lang='lat' dir='ltr'>Honorium</span> <span class='ocrx_word' id='word_1_596' title='bbox 3235 3133 3369 3203; x_wconf 86' lang='lat'>(2’7).</span> <span class='ocrx_word' id='word_1_597' title='bbox 3404 3132 3514 3188; x_wconf 87' lang='lat' dir='ltr'>Sed</span> 
     </span>
    </p>
   </div>
   <div class='ocr_carea' id='block_1_79' title="bbox 1918 3217 3518 3291">
    <p class='ocr_par' dir='ltr' id='par_1_79' title="bbox 1918 3217 3518 3291">
     <span class='ocr_line' id='line_1_79' title="bbox 1918 3217 3518 3291; baseline 0 -17"><span class='ocrx_word' id='word_1_598' title='bbox 1918 3235 2041 3274; x_wconf 91' lang='lat' dir='ltr'>cum</span> <span class='ocrx_word' id='word_1_599' title='bbox 2071 3217 2235 3289; x_wconf 89' lang='lat' dir='ltr'>legati</span> <span class='ocrx_word' id='word_1_600' title='bbox 2285 3218 2548 3287; x_wconf 90' lang='lat' dir='ltr'>postulata</span> <span class='ocrx_word' id='word_1_601' title='bbox 2588 3235 2697 3274; x_wconf 89' lang='lat' dir='ltr'>non</span> <span class='ocrx_word' id='word_1_602' title='bbox 2738 3219 3140 3290; x_wconf 91' lang='lat' dir='ltr'>impetrassent,</span> <span class='ocrx_word' id='word_1_603' title='bbox 3174 3220 3283 3277; x_wconf 90' lang='lat' dir='ltr'>imo</span> <span class='ocrx_word' id='word_1_604' title='bbox 3338 3220 3518 3291; x_wconf 88' lang='lat' dir='ltr'>magis</span> 
     </span>
    </p>
   </div>
   <div class='ocr_carea' id='block_1_80' title="bbox 1916 3305 3623 3378">
    <p class='ocr_par' dir='ltr' id='par_1_80' title="bbox 1916 3305 3623 3378">
     <span class='ocr_line' id='line_1_80' title="bbox 1916 3305 3623 3378; baseline 0.002 -19"><span class='ocrx_word' id='word_1_605' title='bbox 1916 3306 2123 3360; x_wconf 88' lang='lat' dir='ltr'>litteras</span> <span class='ocrx_word' id='word_1_606' title='bbox 2155 3305 2223 3359; x_wconf 89' lang='lat' dir='ltr'>ad</span> <span class='ocrx_word' id='word_1_607' title='bbox 2250 3320 2372 3359; x_wconf 91' lang='lat' dir='ltr'>eum</span> <span class='ocrx_word' id='word_1_608' title='bbox 2423 3306 2817 3361; x_wconf 90' lang='lat' dir='ltr'>consolatorias</span> <span class='ocrx_word' id='word_1_609' title='bbox 2869 3316 2920 3361; x_wconf 88' lang='lat' dir='ltr'>et</span> <span class='ocrx_word' id='word_1_610' title='bbox 2949 3308 3019 3362; x_wconf 91' lang='lat' dir='ltr'>ad</span> <span class='ocrx_word' id='word_1_611' title='bbox 3048 3309 3518 3378; x_wconf 88' lang='lat' dir='ltr'>perseverandum</span> <span class='ocrx_word' id='word_1_612' title='bbox 3620 3352 3623 3353; x_wconf 43' lang='grc' dir='ltr'><em>ν</em></span> 
     </span>
    </p>
   </div>
   <div class='ocr_carea' id='block_1_81' title="bbox 1920 3393 3520 3466">
    <p class='ocr_par' dir='ltr' id='par_1_81' title="bbox 1920 3393 3520 3466">
     <span class='ocr_line' id='line_1_81' title="bbox 1920 3393 3520 3466; baseline 0.001 -18"><span class='ocrx_word' id='word_1_613' title='bbox 1920 3393 2319 3448; x_wconf 83' lang='lat' dir='ltr'>exhortatorias</span> <span class='ocrx_word' id='word_1_614' title='bbox 2366 3393 2725 3463; x_wconf 90' lang='lat' dir='ltr'>accepissent,</span> <span class='ocrx_word' id='word_1_615' title='bbox 2761 3394 3009 3464; x_wconf 90' lang='lat' dir='ltr'>ipsemet,</span> <span class='ocrx_word' id='word_1_616' title='bbox 3036 3396 3281 3466; x_wconf 84' lang='lat' dir='ltr'>quamvis</span> <span class='ocrx_word' id='word_1_617' title='bbox 3310 3396 3520 3451; x_wconf 88' lang='lat' dir='ltr'>morbis</span> 
     </span>
    </p>
   </div>
   <div class='ocr_carea' id='block_1_82' title="bbox 1919 3482 3520 3555">
    <p class='ocr_par' dir='ltr' id='par_1_82' title="bbox 1919 3482 3520 3555">
     <span class='ocr_line' id='line_1_82' title="bbox 1919 3482 3520 3555; baseline 0.002 -20"><span class='ocrx_word' id='word_1_618' title='bbox 1919 3496 1985 3537; x_wconf 91' lang='lat' dir='ltr'>ac</span> <span class='ocrx_word' id='word_1_619' title='bbox 2015 3488 2295 3537; x_wconf 89' lang='lat' dir='ltr'>senectute</span> <span class='ocrx_word' id='word_1_620' title='bbox 2334 3489 2608 3553; x_wconf 85' lang='lat' dir='ltr'>gravatus,</span> <span class='ocrx_word' id='word_1_621' title='bbox 2640 3497 2738 3552; x_wconf 92' lang='lat' dir='ltr'>spe</span> <span class='ocrx_word' id='word_1_622' title='bbox 2768 3490 2950 3537; x_wconf 90' lang='lat' dir='ltr'>tamen</span> <span class='ocrx_word' id='word_1_623' title='bbox 2978 3482 3034 3536; x_wconf 89' lang='lat' dir='ltr'>in</span> <span class='ocrx_word' id='word_1_624' title='bbox 3061 3491 3343 3553; x_wconf 90' lang='lat' dir='ltr'>posterum</span> <span class='ocrx_word' id='word_1_625' title='bbox 3373 3483 3520 3555; x_wconf 90' lang='lat' dir='ltr'>quie-</span> 
     </span>
    </p>
   </div>
   <div class='ocr_carea' id='block_1_83' title="bbox 1920 3568 3518 3640">
    <p class='ocr_par' dir='ltr' id='par_1_83' title="bbox 1920 3568 3518 3640">
     <span class='ocr_line' id='line_1_83' title="bbox 1920 3568 3518 3640; baseline 0.001 -17"><span class='ocrx_word' id='word_1_626' title='bbox 1920 3569 2107 3623; x_wconf 91' lang='lat' dir='ltr'>scendi</span> <span class='ocrx_word' id='word_1_627' title='bbox 2164 3568 2472 3634; x_wconf 89' lang='lat' dir='ltr'>roboratus,</span> <span class='ocrx_word' id='word_1_628' title='bbox 2534 3569 2788 3625; x_wconf 87' lang='lat' dir='ltr'>eumdem</span> <span class='ocrx_word' id='word_1_629' title='bbox 2842 3570 3149 3625; x_wconf 79' lang='lat' dir='ltr'>Romanum</span> <span class='ocrx_word' id='word_1_630' title='bbox 3204 3570 3518 3640; x_wconf 85' lang='lat' dir='ltr'>pontificem</span> 
     </span>
    </p>
   </div>
   <div class='ocr_carea' id='block_1_84' title="bbox 1919 3656 3517 3728">
    <p class='ocr_par' dir='ltr' id='par_1_84' title="bbox 1919 3656 3517 3728">
     <span class='ocr_line' id='line_1_84' title="bbox 1919 3656 3517 3728; baseline 0.001 -17"><span class='ocrx_word' id='word_1_631' title='bbox 1919 3656 2069 3711; x_wconf 89' lang='lat' dir='ltr'>adire</span> <span class='ocrx_word' id='word_1_632' title='bbox 2098 3657 2326 3722; x_wconf 89' lang='lat' dir='ltr'>curavit,</span> <span class='ocrx_word' id='word_1_633' title='bbox 2374 3672 2579 3728; x_wconf 88' lang='lat' dir='ltr'>rogans</span> <span class='ocrx_word' id='word_1_634' title='bbox 2631 3657 2945 3728; x_wconf 87' lang='lat' dir='ltr'>suppliciter</span> <span class='ocrx_word' id='word_1_635' title='bbox 2973 3666 3026 3713; x_wconf 89' lang='lat' dir='ltr'>et</span> <span class='ocrx_word' id='word_1_636' title='bbox 3074 3657 3351 3714; x_wconf 89' lang='lat' dir='ltr'>obtestans</span> <span class='ocrx_word' id='word_1_637' title='bbox 3400 3657 3517 3713; x_wconf 90' lang='lat' dir='ltr'>dari</span> 
     </span>
    </p>
   </div>
   <div class='ocr_carea' id='block_1_85' title="bbox 1921 3743 3514 3816">
    <p class='ocr_par' dir='ltr' id='par_1_85' title="bbox 1921 3743 3514 3816">
     <span class='ocr_line' id='line_1_85' title="bbox 1921 3743 3514 3816; baseline 0.003 -19"><span class='ocrx_word' id='word_1_638' title='bbox 1921 3743 2184 3799; x_wconf 89' lang='lat' dir='ltr'>senectuti</span> <span class='ocrx_word' id='word_1_639' title='bbox 2212 3760 2322 3799; x_wconf 63' lang='lat' dir='ltr'>sua:</span> <span class='ocrx_word' id='word_1_640' title='bbox 2344 3743 2615 3799; x_wconf 87' lang='lat' dir='ltr'>licentiam</span> <span class='ocrx_word' id='word_1_641' title='bbox 2639 3745 2979 3816; x_wconf 90' lang='lat' dir='ltr'>quiescendi,</span> <span class='ocrx_word' id='word_1_642' title='bbox 3012 3753 3063 3801; x_wconf 92' lang='lat' dir='ltr'>et</span> <span class='ocrx_word' id='word_1_643' title='bbox 3082 3745 3343 3802; x_wconf 78' lang='lat' dir='ltr'>Ecclesiae</span> <span class='ocrx_word' id='word_1_644' title='bbox 3366 3747 3514 3801; x_wconf 85' lang='lat' dir='ltr'>Gra-</span> 
     </span>
    </p>
   </div>
   <div class='ocr_carea' id='block_1_86' title="bbox 1920 3830 3514 3904">
    <p class='ocr_par' dir='ltr' id='par_1_86' title="bbox 1920 3830 3514 3904">
     <span class='ocr_line' id='line_1_86' title="bbox 1920 3830 3514 3904; baseline 0.003 -19"><span class='ocrx_word' id='word_1_645' title='bbox 1920 3830 2324 3901; x_wconf 85' lang='lat' dir='ltr'>tianOpolitanae</span> <span class='ocrx_word' id='word_1_646' title='bbox 2402 3832 2685 3888; x_wconf 91' lang='lat' dir='ltr'>meliorem</span> <span class='ocrx_word' id='word_1_647' title='bbox 2772 3833 2828 3888; x_wconf 91' lang='lat' dir='ltr'>in</span> <span class='ocrx_word' id='word_1_648' title='bbox 2911 3850 3069 3888; x_wconf 91' lang='lat' dir='ltr'>suum</span> <span class='ocrx_word' id='word_1_649' title='bbox 3124 3834 3305 3889; x_wconf 91' lang='lat' dir='ltr'>locum</span> <span class='ocrx_word' id='word_1_650' title='bbox 3380 3849 3514 3904; x_wconf 88' lang='lat' dir='ltr'>pas-</span> 
     </span>
    </p>
   </div>
   <div class='ocr_carea' id='block_1_87' title="bbox 1920 3919 3516 3993">
    <p class='ocr_par' dir='ltr' id='par_1_87' title="bbox 1920 3919 3516 3993">
     <span class='ocr_line' id='line_1_87' title="bbox 1920 3919 3516 3993; baseline 0.003 -21"><span class='ocrx_word' id='word_1_651' title='bbox 1920 3927 2093 3974; x_wconf 90' lang='lat' dir='ltr'>torem</span> <span class='ocrx_word' id='word_1_652' title='bbox 2125 3919 2510 3974; x_wconf 89' lang='lat' dir='ltr'>substituendi.</span> <span class='ocrx_word' id='word_1_653' title='bbox 2550 3920 2658 3975; x_wconf 91' lang='lat' dir='ltr'>Sed</span> <span class='ocrx_word' id='word_1_654' title='bbox 2689 3936 2792 3977; x_wconf 90' lang='lat' dir='ltr'>nec</span> <span class='ocrx_word' id='word_1_655' title='bbox 2838 3921 2957 3992; x_wconf 89' lang='lat' dir='ltr'>ipse</span> <span class='ocrx_word' id='word_1_656' title='bbox 2990 3922 3262 3993; x_wconf 87' lang='lat' dir='ltr'>(quamvis</span> <span class='ocrx_word' id='word_1_657' title='bbox 3296 3921 3516 3988; x_wconf 88' lang='lat' dir='ltr'>multas,</span> 
     </span>
    </p>
   </div>
   <div class='ocr_carea' id='block_1_88' title="bbox 1922 4006 3521 4080">
    <p class='ocr_par' dir='ltr' id='par_1_88' title="bbox 1922 4006 3521 4080">
     <span class='ocr_line' id='line_1_88' title="bbox 1922 4006 3521 4080; baseline 0.004 -21"><span class='ocrx_word' id='word_1_658' title='bbox 1922 4013 1978 4061; x_wconf 93' lang='lat' dir='ltr'>ut</span> <span class='ocrx_word' id='word_1_659' title='bbox 2013 4006 2254 4076; x_wconf 87' lang='lat' dir='ltr'>putabat,</span> <span class='ocrx_word' id='word_1_660' title='bbox 2282 4007 2458 4075; x_wconf 90' lang='lat' dir='ltr'>justas</span> <span class='ocrx_word' id='word_1_661' title='bbox 2492 4014 2544 4062; x_wconf 92' lang='lat' dir='ltr'>et</span> <span class='ocrx_word' id='word_1_662' title='bbox 2577 4008 2745 4063; x_wconf 90' lang='lat' dir='ltr'>animi</span> <span class='ocrx_word' id='word_1_663' title='bbox 2773 4016 2825 4064; x_wconf 91' lang='lat' dir='ltr'>et</span> <span class='ocrx_word' id='word_1_664' title='bbox 2855 4010 3099 4079; x_wconf 90' lang='lat' dir='ltr'>corporis</span> <span class='ocrx_word' id='word_1_665' title='bbox 3127 4009 3392 4080; x_wconf 82' lang='lat' dir='ltr'>allegaret</span> <span class='ocrx_word' id='word_1_666' title='bbox 3420 4024 3521 4065; x_wconf 84' lang='lat' dir='ltr'>oc—</span> 
     </span>
    </p>
   </div>
   <div class='ocr_carea' id='block_1_89' title="bbox 1923 4094 3519 4164">
    <p class='ocr_par' dir='ltr' id='par_1_89' title="bbox 1923 4094 3519 4164">
     <span class='ocr_line' id='line_1_89' title="bbox 1923 4094 3519 4164; baseline 0.004 -17"><span class='ocrx_word' id='word_1_667' title='bbox 1923 4094 2194 4162; x_wconf 90' lang='lat' dir='ltr'>casiones)</span> <span class='ocrx_word' id='word_1_668' title='bbox 2226 4096 2523 4164; x_wconf 90' lang='lat' dir='ltr'>impetrare</span> <span class='ocrx_word' id='word_1_669' title='bbox 2570 4096 2757 4162; x_wconf 91' lang='lat' dir='ltr'>valuit,</span> <span class='ocrx_word' id='word_1_670' title='bbox 2823 4105 2881 4151; x_wconf 90' lang='lat' dir='ltr'>ut</span> <span class='ocrx_word' id='word_1_671' title='bbox 2909 4098 3011 4152; x_wconf 90' lang='lat' dir='ltr'>sibi</span> <span class='ocrx_word' id='word_1_672' title='bbox 3067 4106 3275 4152; x_wconf 88' lang='lat' dir='ltr'>tantum</span> <span class='ocrx_word' id='word_1_673' title='bbox 3321 4104 3373 4152; x_wconf 87' lang='lat' dir='ltr'>et</span> <span class='ocrx_word' id='word_1_674' title='bbox 3402 4099 3519 4153; x_wconf 89' lang='lat' dir='ltr'>Deo</span> 
     </span>
    </p>
   </div>
   <div class='ocr_carea' id='block_1_90' title="bbox 1924 4183 3523 4255">
    <p class='ocr_par' dir='ltr' id='par_1_90' title="bbox 1924 4183 3523 4255">
     <span class='ocr_line' id='line_1_90' title="bbox 1924 4183 3523 4255; baseline 0.003 -20"><span class='ocrx_word' id='word_1_675' title='bbox 1924 4197 2118 4236; x_wconf 88' lang='lat' dir='ltr'>vacare</span> <span class='ocrx_word' id='word_1_676' title='bbox 2161 4183 2585 4251; x_wconf 89' lang='lat' dir='ltr'>permitteretur.</span> <span class='ocrx_word' id='word_1_677' title='bbox 2635 4184 2910 4239; x_wconf 90' lang='lat' dir='ltr'>Creditum</span> <span class='ocrx_word' id='word_1_678' title='bbox 2941 4192 3024 4239; x_wconf 89' lang='lat' dir='ltr'>est</span> <span class='ocrx_word' id='word_1_679' title='bbox 3052 4185 3197 4239; x_wconf 88' lang='lat' dir='ltr'>enim</span> <span class='ocrx_word' id='word_1_680' title='bbox 3229 4186 3374 4255; x_wconf 93' lang='lat' dir='ltr'>quod</span> <span class='ocrx_word' id='word_1_681' title='bbox 3404 4185 3523 4250; x_wconf 85' lang='lat' dir='ltr'>sola</span> 
     </span>
    </p>
   </div>
   <div class='ocr_carea' id='block_1_91' title="bbox 1924 4268 3523 4344">
    <p class='ocr_par' dir='ltr' id='par_1_91' title="bbox 1924 4268 3523 4344">
     <span class='ocr_line' id='line_1_91' title="bbox 1924 4268 3523 4344; baseline 0.003 -21"><span class='ocrx_word' id='word_1_682' title='bbox 1924 4268 2237 4323; x_wconf 91' lang='lat' dir='ltr'>auctoritate</span> <span class='ocrx_word' id='word_1_683' title='bbox 2277 4278 2331 4325; x_wconf 91' lang='lat' dir='ltr'>et</span> <span class='ocrx_word' id='word_1_684' title='bbox 2370 4279 2569 4325; x_wconf 64' lang='lat' dir='ltr'>sanctae</span> <span class='ocrx_word' id='word_1_685' title='bbox 2620 4271 3051 4326; x_wconf 89' lang='lat' dir='ltr'>conversationis</span> <span class='ocrx_word' id='word_1_686' title='bbox 3105 4272 3354 4344; x_wconf 90' lang='lat' dir='ltr'>exemplo</span> <span class='ocrx_word' id='word_1_687' title='bbox 3399 4273 3523 4344; x_wconf 86' lang='lat' dir='ltr'>plus</span> 
     </span>
    </p>
   </div>
   <div class='ocr_carea' id='block_1_92' title="bbox 296 4356 3518 4433">
    <p class='ocr_par' dir='ltr' id='par_1_92' title="bbox 296 4356 3518 4433">
     <span class='ocr_line' id='line_1_92' title="bbox 296 4356 3518 4433; baseline 0.001 -20"><span class='ocrx_word' id='word_1_688' title='bbox 296 4362 389 4414; x_wconf 85' lang='lat'>23.</span> <span class='ocrx_word' id='word_1_689' title='bbox 423 4359 530 4414; x_wconf 91' lang='lat' dir='ltr'>Sed</span> <span class='ocrx_word' id='word_1_690' title='bbox 560 4360 777 4430; x_wconf 88' lang='lat' dir='ltr'>quando</span> <span class='ocrx_word' id='word_1_691' title='bbox 798 4376 899 4415; x_wconf 90' lang='lat' dir='ltr'>nos</span> <span class='ocrx_word' id='word_1_692' title='bbox 929 4361 1107 4416; x_wconf 87' lang='lat' dir='ltr'>omnia</span> <span class='ocrx_word' id='word_1_693' title='bbox 1136 4360 1278 4415; x_wconf 89' lang='lat' dir='ltr'>bona</span> <span class='ocrx_word' id='word_1_694' title='bbox 1307 4361 1443 4429; x_wconf 89' lang='lat' dir='ltr'>ejus,</span> <span class='ocrx_word' id='word_1_695' title='bbox 1473 4360 1559 4415; x_wconf 89' lang='lat' dir='ltr'>vel</span> <span class='ocrx_word' id='word_1_696' title='bbox 1591 4360 1825 4415; x_wconf 90' lang='lat' dir='ltr'>breviter</span> <span class='ocrx_word' id='word_1_697' title='bbox 1851 4359 1903 4418; x_wconf 92' lang='lat' dir='ltr'>D</span> <span class='ocrx_word' id='word_1_698' title='bbox 1923 4364 2109 4427; x_wconf 85' lang='lat' dir='ltr'>pOSset</span> <span class='ocrx_word' id='word_1_699' title='bbox 2146 4356 2292 4426; x_wconf 92' lang='lat' dir='ltr'>plebi</span> <span class='ocrx_word' id='word_1_700' title='bbox 2339 4358 2604 4427; x_wconf 88' lang='lat' dir='ltr'>prodesse</span> <span class='ocrx_word' id='word_1_701' title='bbox 2639 4359 2898 4427; x_wconf 83' lang='lat' dir='ltr'>subjectae</span> <span class='ocrx_word' id='word_1_702' title='bbox 2927 4359 3122 4414; x_wconf 91' lang='lat' dir='ltr'>debilis</span> <span class='ocrx_word' id='word_1_703' title='bbox 3156 4368 3211 4415; x_wconf 88' lang='lat' dir='ltr'>et</span> <span class='ocrx_word' id='word_1_704' title='bbox 3255 4368 3518 4433; x_wconf 67' lang='lat' dir='ltr'>aegrotus,</span> 
     </span>
    </p>
   </div>
   <div class='ocr_carea' id='block_1_93' title="bbox 218 4447 1828 4519">
    <p class='ocr_par' dir='ltr' id='par_1_93' title="bbox 218 4447 1828 4519">
     <span class='ocr_line' id='line_1_93' title="bbox 218 4447 1828 4519; baseline 0.002 -19"><span class='ocrx_word' id='word_1_705' title='bbox 218 4447 520 4517; x_wconf 84' lang='lat' dir='ltr'>tangendo,</span> <span class='ocrx_word' id='word_1_706' title='bbox 534 4447 810 4502; x_wconf 68' lang='lat' dir='ltr'>memoria:</span> <span class='ocrx_word' id='word_1_707' title='bbox 824 4448 1089 4502; x_wconf 89' lang='lat' dir='ltr'>mandare</span> <span class='ocrx_word' id='word_1_708' title='bbox 1108 4448 1403 4517; x_wconf 89' lang='lat' dir='ltr'>poterimus</span> <span class='ocrx_word' id='word_1_709' title='bbox 1414 4448 1443 4503; x_wconf 71' lang='lat' dir='ltr'>‘I</span> <span class='ocrx_word' id='word_1_710' title='bbox 1459 4448 1828 4519; x_wconf 87' lang='lat' dir='ltr'>Congesserat</span> 
     </span>
    </p>
   </div>
   <div class='ocr_carea' id='block_1_94' title="bbox 219 4533 1825 4607">
    <p class='ocr_par' dir='ltr' id='par_1_94' title="bbox 219 4533 1825 4607">
     <span class='ocr_line' id='line_1_94' title="bbox 219 4533 1825 4607; baseline 0.002 -20"><span class='ocrx_word' id='word_1_711' title='bbox 219 4548 462 4604; x_wconf 86' lang='lat' dir='ltr'>namque</span> <span class='ocrx_word' id='word_1_712' title='bbox 490 4533 545 4587; x_wconf 90' lang='lat' dir='ltr'>in</span> <span class='ocrx_word' id='word_1_713' title='bbox 574 4535 726 4589; x_wconf 90' lang='lat' dir='ltr'>illum</span> <span class='ocrx_word' id='word_1_714' title='bbox 763 4552 931 4590; x_wconf 91' lang='lat' dir='ltr'>unum</span> <span class='ocrx_word' id='word_1_715' title='bbox 960 4535 1144 4591; x_wconf 87' lang='lat' dir='ltr'>divina</span> <span class='ocrx_word' id='word_1_716' title='bbox 1172 4536 1352 4607; x_wconf 84' lang='lat' dir='ltr'>gratia</span> <span class='ocrx_word' id='word_1_717' title='bbox 1373 4535 1629 4591; x_wconf 89' lang='lat' dir='ltr'>virtutum</span> <span class='ocrx_word' id='word_1_718' title='bbox 1660 4551 1825 4591; x_wconf 88' lang='lat' dir='ltr'>orna-</span> 
     </span>
    </p>
   </div>
   <div class='ocr_carea' id='block_1_95' title="bbox 216 4622 1826 4695">
    <p class='ocr_par' dir='ltr' id='par_1_95' title="bbox 216 4622 1826 4695">
     <span class='ocr_line' id='line_1_95' title="bbox 216 4622 1826 4695; baseline 0.002 -20"><span class='ocrx_word' id='word_1_719' title='bbox 216 4629 409 4677; x_wconf 88' lang='lat' dir='ltr'>menta</span> <span class='ocrx_word' id='word_1_720' title='bbox 429 4622 681 4691; x_wconf 90' lang='lat' dir='ltr'>plurima,</span> <span class='ocrx_word' id='word_1_721' title='bbox 704 4639 825 4693; x_wconf 73' lang='lat' dir='ltr'>quae</span> <span class='ocrx_word' id='word_1_722' title='bbox 852 4622 1129 4693; x_wconf 90' lang='lat' dir='ltr'>dispertita</span> <span class='ocrx_word' id='word_1_723' title='bbox 1160 4639 1256 4693; x_wconf 90' lang='lat' dir='ltr'>per</span> <span class='ocrx_word' id='word_1_724' title='bbox 1276 4623 1543 4695; x_wconf 87' lang='lat' dir='ltr'>singulos,</span> <span class='ocrx_word' id='word_1_725' title='bbox 1562 4624 1826 4693; x_wconf 88' lang='lat' dir='ltr'>plurimos</span> 
     </span>
    </p>
   </div>
   <div class='ocr_carea' id='block_1_96' title="bbox 216 4708 1823 4782">
    <p class='ocr_par' dir='ltr' id='par_1_96' title="bbox 216 4708 1823 4782">
     <span class='ocr_line' id='line_1_96' title="bbox 216 4708 1823 4782; baseline 0.002 -19"><span class='ocrx_word' id='word_1_726' title='bbox 216 4709 468 4763; x_wconf 89' lang='lat' dir='ltr'>illustres</span> <span class='ocrx_word' id='word_1_727' title='bbox 497 4708 829 4765; x_wconf 78' lang='lat' dir='ltr'>sufﬁcienter</span> <span class='ocrx_word' id='word_1_728' title='bbox 850 4710 1029 4766; x_wconf 87' lang='lat' dir='ltr'>facere</span> <span class='ocrx_word' id='word_1_729' title='bbox 1052 4718 1274 4781; x_wconf 90' lang='lat' dir='ltr'>possent</span> <span class='ocrx_word' id='word_1_730' title='bbox 1294 4718 1458 4781; x_wconf 88' lang='lat' dir='ltr'>atque</span> <span class='ocrx_word' id='word_1_731' title='bbox 1481 4712 1823 4782; x_wconf 90' lang='lat' dir='ltr'>conspicuos.</span> 
     </span>
    </p>
   </div>
   <div class='ocr_carea' id='block_1_97' title="bbox 222 4796 1827 4869">
    <p class='ocr_par' dir='ltr' id='par_1_97' title="bbox 222 4796 1827 4869">
     <span class='ocr_line' id='line_1_97' title="bbox 222 4796 1827 4869; baseline 0.002 -19"><span class='ocrx_word' id='word_1_732' title='bbox 222 4796 288 4851; x_wconf 93' lang='lat' dir='ltr'>Si</span> <span class='ocrx_word' id='word_1_733' title='bbox 319 4796 463 4850; x_wconf 91' lang='lat' dir='ltr'>enim</span> <span class='ocrx_word' id='word_1_734' title='bbox 484 4797 739 4852; x_wconf 89' lang='lat' dir='ltr'>laudatur</span> <span class='ocrx_word' id='word_1_735' title='bbox 756 4798 997 4866; x_wconf 87' lang='lat' dir='ltr'>castitas,</span> <span class='ocrx_word' id='word_1_736' title='bbox 1031 4798 1152 4869; x_wconf 91' lang='lat' dir='ltr'>quis</span> <span class='ocrx_word' id='word_1_737' title='bbox 1183 4799 1274 4853; x_wconf 92' lang='lat' dir='ltr'>illo</span> <span class='ocrx_word' id='word_1_738' title='bbox 1302 4799 1597 4853; x_wconf 79' lang='lat' dir='ltr'>mundior?</span> <span class='ocrx_word' id='word_1_739' title='bbox 1627 4799 1673 4853; x_wconf 91' lang='lat' dir='ltr'>si</span> <span class='ocrx_word' id='word_1_740' title='bbox 1704 4815 1827 4854; x_wconf 91' lang='lat' dir='ltr'>ser-</span> 
     </span>
    </p>
   </div>
   <div class='ocr_carea' id='block_1_98' title="bbox 218 4883 1826 4957">
    <p class='ocr_par' dir='ltr' id='par_1_98' title="bbox 218 4883 1826 4957">
     <span class='ocr_line' id='line_1_98' title="bbox 218 4883 1826 4957; baseline 0 -18"><span class='ocrx_word' id='word_1_741' title='bbox 218 4883 407 4939; x_wconf 86' lang='lat' dir='ltr'>monis</span> <span class='ocrx_word' id='word_1_742' title='bbox 437 4884 657 4950; x_wconf 89' lang='lat' dir='ltr'>veritas,</span> <span class='ocrx_word' id='word_1_743' title='bbox 694 4886 815 4956; x_wconf 89' lang='lat' dir='ltr'>quis</span> <span class='ocrx_word' id='word_1_744' title='bbox 850 4886 906 4940; x_wconf 92' lang='lat' dir='ltr'>in</span> <span class='ocrx_word' id='word_1_745' title='bbox 930 4886 1205 4957; x_wconf 90' lang='lat' dir='ltr'>loquendo</span> <span class='ocrx_word' id='word_1_746' title='bbox 1226 4886 1434 4942; x_wconf 90' lang='lat' dir='ltr'>cautior</span> <span class='ocrx_word' id='word_1_747' title='bbox 1452 4886 1480 4939; x_wconf 75' lang='lat' dir='ltr'>‘P</span> <span class='ocrx_word' id='word_1_748' title='bbox 1510 4886 1556 4940; x_wconf 91' lang='lat' dir='ltr'>si</span> <span class='ocrx_word' id='word_1_749' title='bbox 1578 4886 1678 4942; x_wconf 85' lang='lat' dir='ltr'>Dei</span> <span class='ocrx_word' id='word_1_750' title='bbox 1693 4887 1826 4942; x_wconf 87' lang='lat' dir='ltr'>cha-</span> 
     </span>
    </p>
   </div>
   <div class='ocr_carea' id='block_1_99' title="bbox 222 4971 1828 5047">
    <p class='ocr_par' dir='ltr' id='par_1_99' title="bbox 222 4971 1828 5047">
     <span class='ocr_line' id='line_1_99' title="bbox 222 4971 1828 5047; baseline 0.002 -22"><span class='ocrx_word' id='word_1_751' title='bbox 222 4971 385 5037; x_wconf 90' lang='lat' dir='ltr'>ritas,</span> <span class='ocrx_word' id='word_1_752' title='bbox 419 4972 541 5043; x_wconf 88' lang='lat' dir='ltr'>quis</span> <span class='ocrx_word' id='word_1_753' title='bbox 571 4972 909 5029; x_wconf 84' lang='lat' dir='ltr'>ferventior?</span> <span class='ocrx_word' id='word_1_754' title='bbox 965 4973 1012 5029; x_wconf 91' lang='lat' dir='ltr'>si</span> <span class='ocrx_word' id='word_1_755' title='bbox 1065 4974 1315 5045; x_wconf 83' lang='lat' dir='ltr'>proximi,</span> <span class='ocrx_word' id='word_1_756' title='bbox 1349 4974 1471 5045; x_wconf 92' lang='lat' dir='ltr'>quis</span> <span class='ocrx_word' id='word_1_757' title='bbox 1493 4974 1779 5047; x_wconf 86' lang='lat' dir='ltr'>benignior</span> <span class='ocrx_word' id='word_1_758' title='bbox 1801 4975 1828 5029; x_wconf 71' lang='lat' dir='ltr'>‘P</span> 
     </span>
    </p>
   </div>
   <div class='ocr_carea' id='block_1_100' title="bbox 303 5144 1834 5211">
    <p class='ocr_par' dir='ltr' id='par_1_100' title="bbox 303 5144 1834 5211">
     <span class='ocr_line' id='line_1_100' title="bbox 303 5144 1834 5211; baseline 0.003 -18"><span class='ocrx_word' id='word_1_759' title='bbox 303 5144 411 5207; x_wconf 83' lang='lat'>(26)</span> <span class='ocrx_word' id='word_1_760' title='bbox 437 5146 725 5197; x_wconf 88' lang='lat' dir='ltr'>Vinnaicum</span> <span class='ocrx_word' id='word_1_761' title='bbox 750 5148 983 5207; x_wconf 82' lang='lat' dir='ltr'>castrum,</span> <span class='ocrx_word' id='word_1_762' title='bbox 1029 5147 1176 5210; x_wconf 81' lang='lat' dir='ltr'>vulgo</span> <span class='ocrx_word' id='word_1_763' title='bbox 1230 5146 1382 5209; x_wconf 76' lang='lat' dir='ltr'>Vinay</span> <span class='ocrx_word' id='word_1_764' title='bbox 1432 5148 1661 5211; x_wconf 82' lang='lat' dir='ltr'>Oppidum</span> <span class='ocrx_word' id='word_1_765' title='bbox 1688 5188 1700 5210; x_wconf 94' lang='lat'>,</span> <span class='ocrx_word' id='word_1_766' title='bbox 1746 5160 1834 5198; x_wconf 82' lang='lat' dir='ltr'>sex</span> 
     </span>
    </p>
   </div>
   <div class='ocr_carea' id='block_1_101' title="bbox 224 5213 1835 5278">
    <p class='ocr_par' dir='ltr' id='par_1_101' title="bbox 224 5213 1835 5278">
     <span class='ocr_line' id='line_1_101' title="bbox 224 5213 1835 5278; baseline 0.002 -17"><span class='ocrx_word' id='word_1_767' title='bbox 224 5213 296 5261; x_wconf 82' lang='grc' dir='ltr'><strong>Μ.</strong></span> <span class='ocrx_word' id='word_1_768' title='bbox 326 5213 380 5261; x_wconf 84' lang='grc' dir='ltr'><strong>Ρ.</strong></span> <span class='ocrx_word' id='word_1_769' title='bbox 412 5213 474 5261; x_wconf 84' lang='lat' dir='ltr'>ab</span> <span class='ocrx_word' id='word_1_770' title='bbox 502 5215 778 5264; x_wconf 84' lang='lat' dir='ltr'>Antoniano</span> <span class='ocrx_word' id='word_1_771' title='bbox 803 5214 1023 5263; x_wconf 68' lang='lat' dir='ltr'>coenobio</span> <span class='ocrx_word' id='word_1_772' title='bbox 1065 5214 1269 5264; x_wconf 83' lang='lat' dir='ltr'>distans.</span> <span class='ocrx_word' id='word_1_773' title='bbox 1318 5216 1371 5264; x_wconf 91' lang='lat' dir='ltr'>1n</span> <span class='ocrx_word' id='word_1_774' title='bbox 1417 5216 1569 5266; x_wconf 85' lang='lat' dir='ltr'>altero</span> <span class='ocrx_word' id='word_1_775' title='bbox 1596 5228 1689 5266; x_wconf 87' lang='lat' dir='ltr'>ms.</span> <span class='ocrx_word' id='word_1_776' title='bbox 1716 5216 1835 5278; x_wconf 78' lang='lat' dir='ltr'>legi-</span> 
     </span>
    </p>
   </div>
   <div class='ocr_carea' id='block_1_102' title="bbox 225 5279 1580 5340">
    <p class='ocr_par' dir='ltr' id='par_1_102' title="bbox 225 5279 1580 5340">
     <span class='ocr_line' id='line_1_102' title="bbox 225 5279 1580 5340; baseline 0.001 -12"><span class='ocrx_word' id='word_1_777' title='bbox 225 5281 312 5328; x_wconf 90' lang='lat' dir='ltr'>tur</span> <span class='ocrx_word' id='word_1_778' title='bbox 334 5279 645 5340; x_wconf 78' lang='lat' dir='ltr'>Insuaicum;</span> <span class='ocrx_word' id='word_1_779' title='bbox 672 5284 721 5331; x_wconf 91' lang='lat' dir='ltr'>et</span> <span class='ocrx_word' id='word_1_780' title='bbox 743 5281 888 5331; x_wconf 86' lang='lat' dir='ltr'>Surio</span> <span class='ocrx_word' id='word_1_781' title='bbox 912 5279 1159 5340; x_wconf 87' lang='lat' dir='ltr'>adjectum</span> <span class='ocrx_word' id='word_1_782' title='bbox 1183 5284 1257 5331; x_wconf 87' lang='lat' dir='ltr'>est</span> <span class='ocrx_word' id='word_1_783' title='bbox 1278 5280 1580 5331; x_wconf 79' lang='lat' dir='ltr'>Jusnatcum.</span> 
     </span>
    </p>
   </div>
   <div class='ocr_carea' id='block_1_103' title="bbox 454 5476 914 5531">
    <p class='ocr_par' dir='ltr' id='par_1_103' title="bbox 454 5476 914 5531">
     <span class='ocr_line' id='line_1_103' title="bbox 454 5476 914 5531; baseline 0.002 -2"><span class='ocrx_word' id='word_1_784' title='bbox 454 5476 691 5531; x_wconf 75' lang='lat' dir='ltr'>PATBOL.</span> <span class='ocrx_word' id='word_1_785' title='bbox 734 5476 914 5531; x_wconf 87' lang='lat' dir='ltr'><strong>CLIII.</strong></span> 
     </span>
    </p>
   </div>
   <div class='ocr_carea' id='block_1_104' title="bbox 1927 4444 3521 4515">
    <p class='ocr_par' dir='ltr' id='par_1_104' title="bbox 1927 4444 3521 4515">
     <span class='ocr_line' id='line_1_104' title="bbox 1927 4444 3521 4515; baseline 0.003 -17"><span class='ocrx_word' id='word_1_786' title='bbox 1927 4458 2089 4515; x_wconf 89' lang='lat' dir='ltr'>quam</span> <span class='ocrx_word' id='word_1_787' title='bbox 2120 4444 2299 4514; x_wconf 91' lang='lat' dir='ltr'>quivis</span> <span class='ocrx_word' id='word_1_788' title='bbox 2327 4445 2486 4510; x_wconf 89' lang='lat' dir='ltr'>alius,</span> <span class='ocrx_word' id='word_1_789' title='bbox 2520 4446 2776 4502; x_wconf 89' lang='lat' dir='ltr'>robustus</span> <span class='ocrx_word' id='word_1_790' title='bbox 2823 4447 2947 4501; x_wconf 86' lang='lat' dir='ltr'>licet</span> <span class='ocrx_word' id='word_1_791' title='bbox 2977 4455 3030 4502; x_wconf 89' lang='lat' dir='ltr'>et</span> <span class='ocrx_word' id='word_1_792' title='bbox 3060 4463 3243 4503; x_wconf 91' lang='lat' dir='ltr'>sanus.</span> <span class='ocrx_word' id='word_1_793' title='bbox 3276 4448 3521 4505; x_wconf 86' lang='lat' dir='ltr'>Conces-</span> 
     </span>
    </p>
   </div>
   <div class='ocr_carea' id='block_1_105' title="bbox 1927 4531 3526 4607">
    <p class='ocr_par' dir='ltr' id='par_1_105' title="bbox 1927 4531 3526 4607">
     <span class='ocr_line' id='line_1_105' title="bbox 1927 4531 3526 4607; baseline 0.004 -22"><span class='ocrx_word' id='word_1_794' title='bbox 1927 4531 2002 4586; x_wconf 91' lang='lat' dir='ltr'>sis</span> <span class='ocrx_word' id='word_1_795' title='bbox 2049 4531 2233 4603; x_wconf 90' lang='lat' dir='ltr'>itaque</span> <span class='ocrx_word' id='word_1_796' title='bbox 2298 4534 2510 4588; x_wconf 69' lang='lat' dir='ltr'>caeteris</span> <span class='ocrx_word' id='word_1_797' title='bbox 2558 4550 2679 4605; x_wconf 73' lang='lat' dir='ltr'>qua:</span> <span class='ocrx_word' id='word_1_798' title='bbox 2728 4534 2975 4604; x_wconf 87' lang='lat' dir='ltr'>petebat,</span> <span class='ocrx_word' id='word_1_799' title='bbox 3027 4536 3435 4607; x_wconf 89' lang='lat' dir='ltr'>honoratusque</span> <span class='ocrx_word' id='word_1_800' title='bbox 3490 4552 3526 4592; x_wconf 88' lang='lat' dir='ltr'>a</span> 
     </span>
    </p>
   </div>
   <div class='ocr_carea' id='block_1_106' title="bbox 1928 4619 3526 4695">
    <p class='ocr_par' dir='ltr' id='par_1_106' title="bbox 1928 4619 3526 4695">
     <span class='ocr_line' id='line_1_106' title="bbox 1928 4619 3526 4695; baseline 0.002 -21"><span class='ocrx_word' id='word_1_801' title='bbox 1928 4635 2140 4674; x_wconf 90' lang='lat' dir='ltr'>summo</span> <span class='ocrx_word' id='word_1_802' title='bbox 2170 4619 2423 4689; x_wconf 86' lang='lat' dir='ltr'>pontiﬁce</span> <span class='ocrx_word' id='word_1_803' title='bbox 2452 4629 2504 4676; x_wconf 90' lang='lat' dir='ltr'>et</span> <span class='ocrx_word' id='word_1_804' title='bbox 2534 4621 2846 4677; x_wconf 90' lang='lat' dir='ltr'>consolatus</span> <span class='ocrx_word' id='word_1_805' title='bbox 2878 4631 2931 4677; x_wconf 91' lang='lat' dir='ltr'>ut</span> <span class='ocrx_word' id='word_1_806' title='bbox 2965 4624 3153 4693; x_wconf 89' lang='lat' dir='ltr'>potuit,</span> <span class='ocrx_word' id='word_1_807' title='bbox 3200 4624 3271 4679; x_wconf 90' lang='lat' dir='ltr'>ad</span> <span class='ocrx_word' id='word_1_808' title='bbox 3299 4623 3526 4695; x_wconf 89' lang='lat' dir='ltr'>propria</span> 
     </span>
    </p>
   </div>
   <div class='ocr_carea' id='block_1_107' title="bbox 1928 4707 3523 4795">
    <p class='ocr_par' dir='ltr' id='par_1_107' title="bbox 1928 4707 3523 4795">
     <span class='ocr_line' id='line_1_107' title="bbox 1928 4707 3523 4795; baseline 0.004 -34"><span class='ocrx_word' id='word_1_809' title='bbox 1928 4707 2227 4795; x_wconf 74' lang='lat' dir='ltr'>remeavit;</span> <span class='ocrx_word' id='word_1_810' title='bbox 2262 4708 2565 4764; x_wconf 91' lang='lat' dir='ltr'>dimittendi</span> <span class='ocrx_word' id='word_1_811' title='bbox 2596 4718 2778 4765; x_wconf 90' lang='lat' dir='ltr'>tamen</span> <span class='ocrx_word' id='word_1_812' title='bbox 2811 4710 3179 4781; x_wconf 88' lang='lat' dir='ltr'>episcopatum</span> <span class='ocrx_word' id='word_1_813' title='bbox 3208 4727 3317 4767; x_wconf 90' lang='lat' dir='ltr'>non</span> <span class='ocrx_word' id='word_1_814' title='bbox 3346 4711 3523 4783; x_wconf 89' lang='lat' dir='ltr'>depo-</span> 
     </span>
    </p>
   </div>
   <div class='ocr_carea' id='block_1_108' title="bbox 1928 4795 2421 4850">
    <p class='ocr_par' dir='ltr' id='par_1_108' title="bbox 1928 4795 2421 4850">
     <span class='ocr_line' id='line_1_108' title="bbox 1928 4795 2421 4850; baseline 0 -1"><span class='ocrx_word' id='word_1_815' title='bbox 1928 4795 2035 4849; x_wconf 89' lang='lat' dir='ltr'>suit</span> <span class='ocrx_word' id='word_1_816' title='bbox 2074 4795 2421 4850; x_wconf 89' lang='lat' dir='ltr'>desiderium.</span> 
     </span>
    </p>
   </div>
   <div class='ocr_carea' id='block_1_109' title="bbox 1999 4882 3525 4958">
    <p class='ocr_par' dir='ltr' id='par_1_109' title="bbox 1999 4882 3525 4958">
     <span class='ocr_line' id='line_1_109' title="bbox 1999 4882 3525 4958; baseline 0.003 -19"><span class='ocrx_word' id='word_1_817' title='bbox 1999 4886 2089 4939; x_wconf 78' lang='lat'>25.</span> <span class='ocrx_word' id='word_1_818' title='bbox 2114 4882 2381 4939; x_wconf 88' lang='lat' dir='ltr'>Defuncto</span> <span class='ocrx_word' id='word_1_819' title='bbox 2411 4891 2590 4938; x_wconf 88' lang='lat' dir='ltr'>autem</span> <span class='ocrx_word' id='word_1_820' title='bbox 2620 4885 2861 4941; x_wconf 88' lang='lat' dir='ltr'>Honorio</span> <span class='ocrx_word' id='word_1_821' title='bbox 2891 4888 3025 4956; x_wconf 87' lang='lat'>(28),</span> <span class='ocrx_word' id='word_1_822' title='bbox 3060 4902 3183 4943; x_wconf 90' lang='lat' dir='ltr'>cum</span> <span class='ocrx_word' id='word_1_823' title='bbox 3203 4903 3303 4958; x_wconf 88' lang='lat' dir='ltr'>per</span> <span class='ocrx_word' id='word_1_824' title='bbox 3330 4894 3525 4958; x_wconf 82' lang='lat' dir='ltr'>tyran-</span> 
     </span>
    </p>
   </div>
   <div class='ocr_carea' id='block_1_110' title="bbox 1928 4969 3530 5046">
    <p class='ocr_par' dir='ltr' id='par_1_110' title="bbox 1928 4969 3530 5046">
     <span class='ocr_line' id='line_1_110' title="bbox 1928 4969 3530 5046; baseline 0.005 -21"><span class='ocrx_word' id='word_1_825' title='bbox 1928 4969 2109 5026; x_wconf 90' lang='lat' dir='ltr'>nicam</span> <span class='ocrx_word' id='word_1_826' title='bbox 2141 4979 2192 5026; x_wconf 93' lang='lat' dir='ltr'>et</span> <span class='ocrx_word' id='word_1_827' title='bbox 2214 4971 2619 5028; x_wconf 88' lang='lat' dir='ltr'>schismaticam</span> <span class='ocrx_word' id='word_1_828' title='bbox 2640 4974 2870 5043; x_wconf 90' lang='lat' dir='ltr'>rabiem,</span> <span class='ocrx_word' id='word_1_829' title='bbox 2894 4991 3005 5031; x_wconf 88' lang='lat' dir='ltr'>non</span> <span class='ocrx_word' id='word_1_830' title='bbox 3035 4976 3149 5030; x_wconf 90' lang='lat' dir='ltr'>suis</span> <span class='ocrx_word' id='word_1_831' title='bbox 3179 4975 3405 5046; x_wconf 87' lang='lat' dir='ltr'>meritis,</span> <span class='ocrx_word' id='word_1_832' title='bbox 3430 4976 3530 5033; x_wconf 89' lang='lat' dir='ltr'>sed</span> 
     </span>
    </p>
   </div>
   <div class='ocr_carea' id='block_1_111' title="bbox 2000 5148 3529 5216">
    <p class='ocr_par' dir='ltr' id='par_1_111' title="bbox 2000 5148 3529 5216">
     <span class='ocr_line' id='line_1_111' title="bbox 2000 5148 3529 5216; baseline 0.006 -19"><span class='ocrx_word' id='word_1_833' title='bbox 2000 5148 2103 5211; x_wconf 79' lang='lat'>(27)</span> <span class='ocrx_word' id='word_1_834' title='bbox 2152 5150 2399 5200; x_wconf 88' lang='lat' dir='ltr'>Successit</span> <span class='ocrx_word' id='word_1_835' title='bbox 2439 5150 2629 5201; x_wconf 74' lang='lat' dir='ltr'>Calixto</span> <span class='ocrx_word' id='word_1_836' title='bbox 2670 5152 2711 5201; x_wconf 90' lang='grc' dir='ltr'>Ιῐ</span> <span class='ocrx_word' id='word_1_837' title='bbox 2755 5153 2969 5216; x_wconf 86' lang='lat' dir='ltr'>pontiﬁci</span> <span class='ocrx_word' id='word_1_838' title='bbox 3012 5155 3251 5206; x_wconf 83' lang='lat' dir='ltr'>Honorius</span> <span class='ocrx_word' id='word_1_839' title='bbox 3291 5156 3351 5215; x_wconf 86' lang='grc'><strong>11,</strong></span> <span class='ocrx_word' id='word_1_840' title='bbox 3402 5166 3529 5206; x_wconf 90' lang='lat' dir='ltr'>anno</span> 
     </span>
    </p>
   </div>
   <div class='ocr_carea' id='block_1_112' title="bbox 1938 5215 3452 5273">
    <p class='ocr_par' dir='ltr' id='par_1_112' title="bbox 1938 5215 3452 5273">
     <span class='ocr_line' id='line_1_112' title="bbox 1938 5215 3452 5273; baseline 0.005 -10"><span class='ocrx_word' id='word_1_841' title='bbox 1938 5215 2084 5273; x_wconf 63' lang='grc'><strong>1124,</strong></span> <span class='ocrx_word' id='word_1_842' title='bbox 2118 5217 2178 5264; x_wconf 74' lang='grc'><strong>14</strong></span> <span class='ocrx_word' id='word_1_843' title='bbox 2203 5218 2434 5267; x_wconf 85' lang='lat' dir='ltr'>Decemb.</span> <span class='ocrx_word' id='word_1_844' title='bbox 2461 5220 2523 5268; x_wconf 87' lang='lat' dir='ltr'>Et</span> <span class='ocrx_word' id='word_1_845' title='bbox 2547 5218 2667 5268; x_wconf 90' lang='lat' dir='ltr'>obiit</span> <span class='ocrx_word' id='word_1_846' title='bbox 2694 5232 2861 5270; x_wconf 89' lang='lat' dir='ltr'>mense</span> <span class='ocrx_word' id='word_1_847' title='bbox 2886 5222 3139 5273; x_wconf 87' lang='lat' dir='ltr'>Februarii</span> <span class='ocrx_word' id='word_1_848' title='bbox 3165 5224 3275 5272; x_wconf 88' lang='lat' dir='ltr'>anni</span> <span class='ocrx_word' id='word_1_849' title='bbox 3304 5224 3452 5272; x_wconf 81' lang='grc'><strong>1150.</strong></span> 
     </span>
    </p>
   </div>
   <div class='ocr_carea' id='block_1_113' title="bbox 2006 5280 3533 5343">
    <p class='ocr_par' dir='ltr' id='par_1_113' title="bbox 2006 5280 3533 5343">
     <span class='ocr_line' id='line_1_113' title="bbox 2006 5280 3533 5343; baseline 0.005 -13"><span class='ocrx_word' id='word_1_850' title='bbox 2006 5280 2107 5343; x_wconf 78' lang='lat'>(28)</span> <span class='ocrx_word' id='word_1_851' title='bbox 2136 5284 2383 5333; x_wconf 88' lang='lat' dir='ltr'>Successit</span> <span class='ocrx_word' id='word_1_852' title='bbox 2402 5282 2506 5343; x_wconf 82' lang='lat' dir='ltr'>jam</span> <span class='ocrx_word' id='word_1_853' title='bbox 2531 5285 2673 5336; x_wconf 90' lang='lat' dir='ltr'>dictis</span> <span class='ocrx_word' id='word_1_854' title='bbox 2700 5298 2869 5338; x_wconf 85' lang='lat' dir='ltr'>mense</span> <span class='ocrx_word' id='word_1_855' title='bbox 2894 5292 2943 5338; x_wconf 87' lang='lat' dir='ltr'>et</span> <span class='ocrx_word' id='word_1_856' title='bbox 2968 5301 3096 5340; x_wconf 90' lang='lat' dir='ltr'>anno</span> <span class='ocrx_word' id='word_1_857' title='bbox 3121 5289 3431 5341; x_wconf 87' lang='lat' dir='ltr'>Innocentius</span> <span class='ocrx_word' id='word_1_858' title='bbox 3470 5287 3533 5339; x_wconf 89' lang='lat' dir='ltr'><strong>II.</strong></span> 
     </span>
    </p>
   </div>
   <div class='ocr_carea' id='block_1_114' title="bbox 3251 5486 3320 5553">
    <p class='ocr_par' dir='ltr' id='par_1_114' title="bbox 3251 5486 3320 5553">
     <span class='ocr_line' id='line_1_114' title="bbox 3251 5486 3320 5553; baseline 0 0"><span class='ocrx_word' id='word_1_859' title='bbox 3251 5486 3320 5553; x_wconf 65' lang='grc'><strong>23</strong></span> 
     </span>
    </p>
   </div>
  </div>
