3978 6050
484 209 587 260 ’779

1334 206 1673 261 GUIGONIS
1713 206 1733 258 Ι
1772 202 2179 259 CARTHUSIE
2220 200 2508 256 MAIORIS
2549 200 2823 257 PRIORIS
2862 201 2924 254 V.

3667 199 3779 251 780

488 335 845 399 cognatorum
876 335 930 383 et
958 327 1183 381 fratrum
1214 326 1379 380 fultus
1408 326 1698 396 praesidiis,
1730 326 1921 380 Petrus
1951 326 2079 379 Leo-
2106 328 2160 386 Α
2182 332 2233 377 et
2266 324 2647 394 temporalium
2676 340 2863 379 rerum
2913 320 3196 377 continens
3245 318 3467 373 formas.
3510 318 3591 372 Ea
3637 333 3780 390 ergo

487 415 571 469 nis
603 416 716 485 (29)
748 414 1010 469 adversus
1060 424 1296 469 vestram
1348 414 1726 478 innocentiam,
1762 428 1881 484 quae
1908 413 2081 467 beatae

486 503 766 559 memoria
820 503 1060 557 Honorio
1116 510 1491 565 successerat,
1540 502 1869 567 emersisset,
1922 508 2081 570 atque

489 592 593 646 hoc
676 591 758 644 vir
839 591 937 645 Dei
1024 590 1329 645 certissime
1404 591 1809 659 comperisset,
1876 587 2083 643 morbis

490 678 636 743 licet,
671 687 728 733 ut
757 678 1011 743 diximus,
1046 687 1095 732 et
1138 686 1295 731 aetate
1342 686 1715 746 consumptus,
1754 677 1871 731 zelo
1903 685 2085 731 tamen

489 766 688 820 domus
720 767 840 832 Dei,
883 767 1035 835 cujus
1066 765 1326 835 diligebat
1368 765 1644 829 decorem,
1680 764 1919 835 perrexit
1945 764 2082 817 Ani-

488 848 632 904 cium
662 849 796 919 (30).
828 857 885 903 ut
916 848 1167 903 eumdem
1217 864 1339 903 cum
1384 848 1503 901 aliis
1560 848 1831 917 episcopis
1862 861 2083 902 excom-

489 936 788 992 municaret
811 936 1239 991 schismaticum.
1279 934 1411 1003 Quae
1442 934 1688 1005 profecto
1720 934 2086 989 excommuni-

489 1025 650 1092 catio,
682 1032 900 1095 prOptcr
947 1024 1318 1078 auctoritatem
1358 1024 1492 1077 tanti
1534 1023 1656 1089 viri,
1690 1022 1914 1077 contulit
1941 1021 2085 1075 mul-

486 1119 599 1167 tum
630 1120 683 1167 et
710 1110 1014 1183 profectum
1061 1111 1353 1166 Catholicis
1384 1119 1435 1166 et
1492 1111 1877 1165 detrimentum
1908 1109 2086 1164 schis-

487 1199 715 1255 maticis.
741 1200 809 1255 Et
839 1207 987 1255 certe
1023 1207 1131 1253 tam
1163 1199 1304 1257 idem
1334 1198 1547 1267 Petrus,
1582 1214 1745 1269 quam
1774 1206 1928 1268 pater
1950 1197 2086 1265 ejus,

487 1295 678 1342 sancto
710 1287 828 1342 viro
877 1287 1077 1341 multas
1141 1286 1267 1340 olim
1327 1286 1710 1340 vcnerationes
1749 1293 1801 1339 et
1832 1285 2091 1355 obsequia

486 1375 855 1447 praestiterant
880 1393 893 1440 ;
929 1375 1025 1428 sed
1047 1374 1237 1427 beatus
1264 1374 1425 1427 homo
1448 1374 1503 1426 in
1534 1373 1625 1427 tali
1647 1373 1886 1443 negotio,
1911 1372 1964 1425 id
1986 1380 2087 1439 est,

487 1463 581 1517 ubi
640 1462 1051 1533 periclitabatur
1086 1461 1311 1528 justitia,
1343 1476 1444 1516 nec
1474 1461 1706 1515 amicitia
1753 1460 2089 1524 ﬂectebatur,

488 1565 593 1605 nec
636 1549 879 1621 potentia
908 1548 1227 1603 terrebatur.
1258 1548 1399 1602 Nam
1431 1556 1482 1603 et
1515 1558 1638 1603 ante
1664 1548 1867 1619 aliquot
1897 1563 2090 1613 annos,

493 1653 619 1693 cum
668 1637 936 1693 Henricus
996 1637 1293 1707 imperator
1340 1652 1537 1707 papam
1595 1637 1936 1701 Paschalem,
1971 1651 2093 1690 cum

491 1731 707 1787 clericis
738 1739 790 1786 et
818 1738 969 1801 parte
992 1730 1209 1795 civium,
1241 1732 1295 1784 in
1317 1730 1552 1785 ecclesia
1585 1732 1649 1784 B.
1688 1730 1831 1784 Petri
1854 1729 2089 1785 nefanda

491 1820 796 1890 proditione
829 1819 1085 1889 cepisset,
1120 1828 1173 1873 et
1202 1835 1391 1874 eorum
1423 1820 1515 1889 qui
1537 1834 1723 1873 secum
1744 1826 1896 1872 erant
1924 1817 2087 1888 capti,

493 1908 694 1979 pietate
723 1907 944 1972 vietum,
980 1907 1047 1960 ad
1097 1906 1281 1961 illicita
1313 1915 1469 1976 pacta
1509 1907 1796 1977 coegisset,
1835 1905 1951 1975 ipse
1979 1920 2091 1976 prae

496 1994 727 2060 cunctis,
762 2003 819 2049 ut
850 1994 995 2065 apud
1041 1994 1307 2049 Viennam
1338 1994 1451 2063 (3t)
1508 1993 2089 2059 excommunicaretur,

503 2080 721 2150 effecit;
757 2098 867 2153 qua
896 2080 1476 2147 excommunicatione,
1528 2081 1790 2137 Ecclesiae
1821 2097 1930 2135 suae
1979 2082 2093 2135 Do-

497 2170 646 2225 mino
680 2169 971 2224 roborante
1004 2170 1344 2233 sententiam,
1386 2169 1600 2238 tyranni
1630 2169 1774 2222 illius
1804 2168 1858 2222 in
1887 2175 2098 2223 contra-

496 2258 640 2312 rium
668 2265 752 2312 est
798 2264 1003 2311 mutata
1050 2257 1403 2327 prosperitas,
1438 2265 1491 2309 et
1538 2256 1799 2325 imperiali
1832 2257 2096 2327 dignitate

497 2345 700 2417 privata
733 2344 1087 2415 prosperitas.
1122 2344 1438 2399 Declinante
1472 2344 1639 2415 igitur
1687 2344 2099 2414 persecutiones

495 2432 705 2503 prmfati
736 2433 1063 2488 schismatici
1094 2432 1379 2487 serenitate
1418 2441 1621 2496 vestra,
1673 2440 1723 2485 et
1772 2431 1977 2485 Gallias
2009 2431 2097 2484 in-

495 2537 704 2593 gressa,
738 2522 976 2576 occurrit
1001 2521 1048 2575 ei
1092 2520 1389 2575 Valentiam
1424 2520 1481 2573 B.
1545 2522 1720 2591 Ilugo,
1758 2535 1879 2574 cum
1915 2519 2097 2589 lacry-

500 2609 603 2663 mis
632 2624 835 2679 rogans
866 2617 918 2662 et
969 2609 1265 2663 obsecrans
1297 2608 1466 2678 (quod
1498 2616 1547 2662 et
1577 2608 1791 2678 pridem
1840 2608 1907 2660 ab
1938 2615 2097 2662 ante-

502 2712 721 2752 cessore
754 2704 936 2750 vestro
984 2697 1255 2765 petierat),
1291 2704 1347 2748 ut
1376 2695 1583 2749 scilicet
1632 2695 1841 2750 cunctis
1875 2694 2099 2749 sarcinis

499 2791 551 2838 et
605 2783 899 2838 honoribus
938 2782 1324 2837 ecclesiasticis
1380 2783 1777 2847 absolveretur,
1811 2792 1863 2836 et
1920 2782 2103 2836 utilior

502 2871 558 2925 in
586 2870 835 2926 Ecclesia
865 2870 1369 2941 Gratianopolitana
1401 2878 1590 2941 pastor
1622 2871 1956 2942 eligeretur;
2003 2868 2100 2923 sed

501 2974 644 3014 nunc
674 2966 799 3013 tunc
830 2958 1050 3029 quidem
1080 2959 1372 3029 impetrare
1405 2958 1609 3029 potuit,
1645 2958 1789 3029 quod
1827 2963 1935 3011 tam
1983 2956 2101 3012 eﬂi-

418 3096 419 3099 η
503 3047 704 3103 caciter
733 3047 1112 3118 humiliterque
1141 3047 1349 3118 petivit.

1121 3188 1345 3243 CAPUT
1410 3188 1498 3241 VI.

506 3303 735 3367 Morbus,
767 3302 1131 3357 uisitantibus
1160 3302 1381 3355 monita
1410 3301 1565 3365 data,
1589 3315 1759 3368 mors,
1786 3302 2100 3372 sepultura.

576 3421 666 3473 26.
710 3417 791 3472 Ab
820 3418 924 3473 hoc
955 3424 1201 3486 tempore
1244 3416 1408 3487 coepit
1437 3416 1492 3469 in
1518 3415 1636 3469 dies
1666 3414 1845 3486 magis
1892 3414 2104 3485 magis-

517 3521 621 3577 que
652 3504 889 3561 deficere
929 3512 981 3559 et
1010 3504 1170 3559 morti
1190 3503 1665 3559 crebrescentibus
1688 3502 1949 3556 molestiis
1971 3517 2104 3573 pro-

511 3594 799 3665 pinquarc.
842 3593 887 3648 E
928 3593 1138 3647 duobus
1169 3608 1404 3663 namque
1444 3593 1659 3646 Satanae
1708 3590 1936 3661 angelis,
1972 3605 2107 3661 quos

511 3682 561 3736 ei
600 3682 669 3736 ad
704 3681 1171 3751 colapliizandum,
1232 3696 1299 3733 ne
1339 3679 1713 3746 extolleretur,
1750 3678 1908 3732 datos
1940 3693 2107 3747 supra

509 3769 810 3835 retulimus,
843 3768 1139 3823 tentatione
1168 3767 1419 3823 videlicet
1468 3776 1628 3837 atque
1658 3764 1989 3830 infirmitate,
2022 3765 2107 3819 al-

508 3865 610 3923 ter,
644 3858 699 3911 id
738 3864 820 3911 est
840 3856 1083 3922 tentatio,
1115 3856 1189 3909 ita
1232 3856 1523 3911 exstinctus
1556 3862 1639 3909 est
1669 3862 1725 3907 ut
1780 3868 1883 3908 nec
1936 3853 2107 3908 vesti-

510 3944 659 4015 gium
682 3944 799 4011 ejus
825 3942 1033 3997 nullum
1060 3942 1461 4012 relinqueretur
1488 3960 1501 4006 ;
1538 3941 1679 3996 alter
1709 3956 1862 4008 vero,
1893 3941 1997 3996 hoc
2027 3948 2109 3995 est

509 4030 815 4099 inﬁrmitas,
845 4045 1171 4085 excrescere
1200 4028 1528 4100 quotidianis
1561 4044 1666 4083 non
1700 4029 1937 4084 cessavit
1966 4045 2108 4099 aug—

510 4119 725 4188 mentis,
758 4119 932 4174 donec
963 4118 1054 4171 illo
1084 4117 1337 4181 obeuntc,
1386 4118 1502 4187 ipse
1542 4132 1757 4188 quoque
1804 4117 2013 4188 pariter
2042 4116 2109 4171 ﬁ-

512 4208 739 4262 niretur.
772 4207 880 4262 Sed
912 4222 1035 4260 cum
1075 4212 1127 4259 et
1156 4213 1319 4259 antea
1349 4221 1567 4275 semper
1608 4205 1791 4259 verbis
1841 4213 1893 4259 et
1924 4204 2110 4275 operi-

515 4296 636 4364 bus,
677 4296 730 4349 in
760 4296 876 4362 ejus
908 4295 1071 4349 beata
1101 4293 1283 4347 anima
1321 4294 1493 4349 Deum
1542 4293 1789 4347 habitare
1832 4292 2108 4361 claruerit,

2125 3017 2171 3077 Ο

2184 414 2460 468 memoriae
2492 422 2640 483 parte
2668 412 2957 467 obliterata
2987 410 3101 465 sive
3118 406 3362 472 confusa,
3386 422 3517 477 pars
3543 406 3635 460 illa
3651 422 3780 477 qua:

2185 501 2425 555 veritatis
2454 509 2504 556 et
2531 501 2752 569 justitiaa
2787 498 3062 569 totiusque
3090 496 3257 551 divini
3302 494 3477 550 cultus
3505 494 3781 563 impressa

2184 588 2341 643 lineis
2368 590 2421 643 in
2472 589 2779 643 hominibus
2815 586 3016 642 sanctis
3045 592 3096 640 et
3134 582 3345 655 angelis
3383 590 3590 636 tantum
3633 596 3779 636 con-

2186 677 2327 746 gruit
2366 678 2581 746 pietatis
2629 676 2860 741 actibus,
2918 690 3028 729 non
3073 672 3249 727 solum
3304 686 3457 741 reque
3500 678 3557 724 ut
3602 670 3780 740 prius,

2186 781 2374 819 verum
2437 764 2601 818 etiam
2654 762 2989 819 constantior
3050 759 3318 814 interdum
3372 758 3781 827 ferventiorque

2186 852 2452 918 innotuit,
2504 852 2641 906 adeo
2696 859 2752 905 ut
2788 850 2987 904 litaniis
3040 855 3095 903 et
3151 846 3377 919 psalmis
3427 844 3780 917 pectorisque

2188 939 2615 1006 contusionibus,
2646 938 2839 993 diebus
2867 952 2932 993 ac
2968 936 3218 992 noctibus
3250 934 3446 989 divinae
3474 932 3781 989 clementiae

2189 1043 2351 1081 aures
2384 1026 2799 1097 interpellando,
2847 1024 3141 1097 religiosis,
3174 1024 3263 1094 qui
3310 1022 3413 1076 sibi
3442 1020 3781 1088 serviebant,

2189 1130 2455 1170 onerosus
2488 1115 2809 1185 plerumque
2857 1112 3013 1167 fieret
3073 1111 3355 1166 fratribus.

2259 1204 2348 1259 27.
2382 1203 2621 1257 Aderant
2663 1217 2899 1271 namque
2928 1201 2998 1255 ad
3045 1198 3394 1255 serviendum
3440 1197 3509 1263 ei,
3550 1204 3660 1251 tam
3717 1211 3787 1252 ex

2191 1291 2353 1346 sociis
2410 1290 2648 1360 pr0priis
2684 1305 2845 1360 quam
2904 1304 2970 1344 ex
3026 1296 3215 1344 nostra
3247 1294 3300 1342 et
3329 1285 3649 1351 Calesiensi,
3682 1298 3787 1339 nec

2191 1394 2298 1433 non
2321 1387 2373 1433 et
2393 1378 2721 1433 Excubiensi
2766 1376 3039 1440 domibus,
3076 1382 3201 1431 octo
3231 1373 3317 1428 vel
3362 1388 3579 1437 novem,
3612 1379 3667 1427 et
3694 1372 3785 1425 in-

2192 1467 2407 1521 terdum
2462 1466 2625 1519 etiam
2673 1465 2885 1529 decem,
2917 1463 3116 1533 partim
3164 1461 3407 1526 litterati,
3437 1460 3635 1531 partim
3665 1460 3787 1514 sine

2192 1554 2402 1619 litteris,
2428 1569 2619 1608 omnes
2640 1552 2885 1623 religiosi
2910 1551 3137 1615 fratres;
3164 1564 3267 1605 nec
3288 1549 3399 1603 ulla
3419 1562 3647 1618 prorsus
3668 1563 3791 1617 per-

2196 1656 2329 1697 sona
2348 1638 2629 1697 saicularis
2651 1641 2719 1694 ad
2740 1640 2910 1710 ipsius
2942 1638 3327 1693 admittebatur
3357 1636 3699 1706 obsequium.
3721 1635 3788 1689 Hi

2193 1746 2325 1785 vero
2337 1730 2424 1784 die
2440 1737 2601 1784 noctu
2610 1745 2713 1799 que
2738 1726 3116 1797 corporalibus
3133 1740 3198 1780 ac
3219 1723 3586 1795 spiritualibus
3605 1737 3795 1777 neces-

2194 1818 2440 1872 sitatibus
2462 1818 2576 1885 ejus
2590 1815 2942 1871 devotissime
2974 1813 3307 1869 serviebant.
3331 1813 3481 1884 Erga
3496 1826 3653 1882 quos,
3673 1826 3794 1865 ser-

2193 1906 2395 1962 vitores
2438 1904 2691 1960 videlicet
2736 1919 2883 1969 suos,
2927 1910 3188 1974 quantum
3211 1902 3265 1954 in
3286 1900 3582 1954 humilitate
3604 1900 3795 1969 (quam

2207 1995 2348 2048 inter
2380 2002 2609 2049 caeteras
2639 1992 2867 2048 virtutes
2896 1991 3167 2061 praecipue
3210 1996 3471 2044 sectatum
3503 2001 3669 2057 supra
3697 2002 3795 2041 re-

2196 2082 2443 2152 tulimus)
2474 2080 2802 2152 profecerat,
2844 2094 3113 2150 quamquc
3142 2076 3411 2147 profunde
3446 2075 3569 2146 puri
3611 2074 3797 2131 cordis

2197 2171 2371 2225 sacris
2405 2186 2531 2224 eam
2557 2170 2909 2239 impresserat
2940 2165 3269 2231 recessibus,
3295 2163 3595 2219 manifestis
3614 2171 3800 2218 osten-

2198 2259 2275 2311 dit
2318 2257 2552 2313 indiciis.
2583 2258 2724 2311 Nam
2757 2257 2802 2309 si
2830 2256 2959 2326 quid
2990 2270 3127 2324 Opus
3173 2252 3429 2319 habebat,
3453 2267 3561 2306 non
3590 2266 3623 2305 a
3652 2267 3795 2322 quo-

2200 2362 2361 2417 quam
2382 2361 2570 2400 eorum
2582 2345 2825 2413 jubendo
2838 2353 3094 2414 tanquam
3107 2342 3379 2409 dominus,
3396 2340 3493 2395 sed
3510 2339 3759 2411 rogando
3778 2357 3793 2405 ;

2199 2450 2301 2488 nec
2324 2434 2636 2497 humanam,
2663 2432 2761 2487 sed
2807 2431 3047 2487 divinam
3082 2430 3261 2500 potius
3300 2427 3794 2483 remunerationem

2199 2522 2573 2591 imprecando,
2608 2520 2924 2590 suppliciter
2953 2517 3303 2588 exposcebat,
3350 2514 3509 2571 verbi
3535 2515 3710 2587 gratia
3742 2532 3757 2568 :

2205 2631 2226 2659 ι
2253 2610 2464 2663 Exhibe
2497 2608 2582 2663 vel
2614 2607 2700 2663 fac
2730 2608 2861 2661 mihi
2909 2608 3014 2661 hoc
3042 2613 3133 2659 aut
3168 2604 3302 2659 illud
3343 2611 3570 2673 prOpter
3596 2604 3794 2667 Deum,

2200 2704 2257 2751 ut
2286 2698 2434 2751 Deus
2484 2697 2588 2750 hoc
2626 2695 2721 2749 tibi
2772 2694 3037 2749 retribuat
3066 2692 3122 2746 in
3170 2691 3370 2746 futuro.
3407 2715 3428 2739 ι»
3462 2689 3799 2745 Mirabantur

2202 2792 2383 2839 autem
2414 2792 2467 2838 et
2496 2784 2846 2838 vehementer
2895 2781 3181 2852 stupebant
3219 2778 3362 2850 quod
3400 2778 3493 2850 qui
3520 2777 3799 2846 subjectos

2202 2887 2413 2936 omnes,
2448 2880 2499 2926 et
2540 2870 2822 2941 propriam
2851 2869 3152 2940 praesertim
3193 2866 3456 2923 familiam
3502 2874 3652 2921 tanta
3694 2881 3797 2919 au-

2204 2960 2452 3015 ctoritate
2491 2966 2745 3030 tantaque
2821 2957 3112 3013 severitate
3166 2970 3364 3028 regere
3409 2954 3710 3021 consuevit,
3744 2953 3801 3007 in

2203 3047 2546 3118 aegritudine,
2603 3046 2820 3117 quando
2863 3046 3039 3100 solent
3093 3043 3202 3110 alii,
3264 3042 3442 3098 morbi
3490 3042 3796 3097 stimulante

2204 3136 2471 3200 molestia,
2526 3135 2594 3188 ad
2625 3135 2830 3189 irarum
2868 3142 2922 3189 et
2978 3131 3410 3205 indignationum
3466 3139 3643 3186 motus
3674 3144 3796 3185 esse

2204 3223 2577 3292 procliviores,
2611 3230 2814 3277 tantam
2846 3222 3340 3288 mansuetudinem,
3369 3227 3573 3274 tantam
3601 3218 3799 3273 indue—

2206 3318 2291 3365 rat
2321 3310 2696 3365 humilitatem.
2721 3311 2881 3377 Nam,
2908 3309 3121 3366 etiamsi
3176 3310 3296 3380 quis
3336 3308 3423 3364 vel
3450 3306 3664 3363 modice
3703 3320 3797 3360 re-

2205 3399 2588 3468 prehendisset
2624 3413 2769 3464 eum,
2822 3398 2910 3453 vel
2941 3397 3179 3468 aliquam
3206 3396 3514 3451 molestiam
3571 3396 3625 3448 in
3682 3394 3801 3461 ejus

2207 3486 2465 3541 famulatu
2496 3503 2557 3541 se
2576 3486 2864 3557 pertulisse
2893 3485 3136 3549 dixisset,
3160 3485 3426 3555 protimus
3454 3483 3655 3555 pugnis
3675 3498 3802 3554 gra-

2206 3576 2343 3630 viter
2362 3582 2553 3645 pectus
2573 3574 2892 3642 verberans,
2928 3589 3003 3627 se-
3022 3588 3179 3627 reum
3199 3572 3490 3640 clamabat,
3526 3579 3579 3626 et
3609 3571 3799 3641 virga-

2206 3678 2327 3716 rum
2360 3662 2705 3732 disciplinam
2730 3661 2935 3732 imponi
2966 3660 3069 3715 sibi
3108 3660 3459 3716 devotissime
3498 3659 3801 3730 ﬂagitabat.

2208 3749 2365 3818 Quod
2407 3750 2534 3820 quia
2564 3750 2744 3805 cuncti
2774 3756 3000 3819 pr0pter
3028 3748 3250 3803 multam
3302 3748 3453 3803 circa
3481 3763 3605 3803 eum
3637 3762 3801 3801 reve-

2207 3838 2441 3892 rentiam
2458 3837 2801 3904 recusabant,
2824 3836 2991 3891 ﬂebat
3015 3836 3271 3903 ubertim,
3294 3835 3803 3905 confessionemque

2207 3925 2377 3991 illam,
2412 3940 2519 3995 qua
2568 3924 2831 3994 mysteria
2862 3924 3239 3980 celebraturus
3270 3924 3345 3978 uti
3383 3923 3560 3979 fuerat
3589 3922 3801 3988 solitus,

2207 4013 2673 4069 innumerabiliter
2705 4013 3004 4082 repetebat.
3039 4012 3288 4068 Psalmos
3318 4028 3534 4084 quoque
3577 4019 3627 4065 et
3657 4011 3804 4064 divi-

2209 4118 2402 4157 narum
2463 4102 2866 4172 Scripturarum
2923 4102 3243 4169 sententias,
3296 4101 3511 4156 litanias
3559 4100 3720 4155 etiam
3751 4105 3807 4154 et

2208 4190 2487 4245 orationes
2508 4189 2907 4244 ecclesiasticas
2936 4189 3025 4243 die
3058 4197 3330 4260 noctuque
3384 4187 3691 4244 incredibili
3715 4186 3807 4241 in-

2211 4278 2409 4332 stantia
2440 4276 2840 4348 frequentabat,
2901 4276 2976 4331 ita
3021 4285 3075 4331 ut
3106 4284 3265 4333 nocte
3302 4290 3409 4331 una
3455 4275 3617 4346 (sicut
3645 4274 3808 4329 nobis

516 4362 628 4437 tum
648 4384 921 4454 praecipue
951 4382 1006 4435 in
1024 4382 1127 4437 hac
1150 4380 1476 4435 infirmitatis
1499 4381 1786 4437 afﬂictione
1809 4390 2105 4452 postrema,
2130 4365 2180 4424 Ῑ)
2213 4366 2395 4421 νθΐθοί
2424 4365 2732 4454 narratione
2762 4364 2995 4454 rdinum
3052 4365 3156 4433 εει)
3186 4364 3499 4421 Ποῐηίῐιίοαε
3528 4362 3810 4418 Orationes

518 4472 638 4541 quis
669 4470 755 4527 vel
784 4470 969 4541 quanti
1000 4470 1139 4525 foret
1190 4470 1387 4535 meriti,
1421 4478 1474 4525 et
1529 4485 1691 4540 quam
1749 4470 1962 4524 sincero
1993 4470 2109 4523 Do-

515 4560 722 4613 minum
749 4566 1102 4613 veneraretur
1140 4557 1353 4625 affectu,
1380 4566 1431 4611 et
1469 4574 1631 4628 quam
1664 4573 1795 4611 vera
1822 4556 2110 4611 dilectione

517 4648 571 4701 in
604 4655 711 4701 tam
734 4645 988 4700 diuturna
1018 4646 1127 4700 vita
1158 4662 1255 4700 sua
1280 4646 1547 4713 justitiam
1586 4645 1978 4714 veritatemque
2008 4645 2109 4698 de-

518 4736 805 4800 t'cnsasset,
837 4734 1006 4788 latere
1030 4748 1137 4788 non
1168 4732 1340 4803 potuit
1365 4751 1379 4797 ;
1417 4748 1541 4787 nam
1562 4748 1661 4801 per
1681 4732 1927 4799 ejusdem
1958 4730 2109 4784 infir-

516 4824 714 4878 mitatis
778 4822 999 4877 nimiam
1045 4822 1389 4886 violentiam,
1439 4821 1618 4874 deleta
1671 4820 1753 4873 vel
1793 4819 2111 4890 perturbata

515 4921 599 4966 est
644 4927 783 4982 pene
807 4918 913 4965 tota
962 4910 1246 4977 memoria,
1282 4910 1335 4961 in
1386 4924 1450 4963 ea
1484 4909 1744 4962 duntaxat
1798 4916 1953 4977 parte
1989 4924 2110 4979 quae

516 4999 672 5053 bonis
701 4998 968 5067 malisque
1012 4996 1310 5050 communis
1342 5002 1442 5061 est,
1476 5003 1529 5049 ct
1586 4994 1743 5049 bonis
1801 4996 1870 5049 ad
1904 4996 2105 5062 bonos,

516 5085 673 5139 malis
696 5087 764 5139 ad
795 5086 967 5139 malos
1000 5084 1371 5138 indiﬂ'erenter
1401 5098 1530 5136 usus
1553 5083 1813 5148 deservit,
1856 5083 2107 5139 localium

586 5264 681 5325 (29)
727 5265 896 5313 Petrus
943 5262 1119 5312 Leonis
1167 5262 1413 5310 Romanus
1444 5298 1457 5321 ,
1501 5273 1627 5310 anno
1698 5260 1862 5319 1120,
1913 5262 2109 5310 creatus

515 5330 796 5389 cardinalis,
825 5330 1053 5391 antipapa
1078 5328 1236 5377 dictus
1281 5326 1544 5375 Anaclctus
1570 5327 1639 5385 ll,
1685 5327 1743 5376 de
1788 5340 1880 5387 quo
1922 5330 2110 5387 egimus

518 5398 579 5447 10
600 5398 742 5446 Febr.
770 5398 817 5445 in
842 5397 938 5444 vita
970 5398 1021 5443 S.
1050 5393 1293 5443 Guilielmi
1322 5394 1558 5454 eremitw,
1585 5394 1839 5442 occasione
1864 5393 2106 5442 Guiliclmi

517 5465 673 5514 ultimi
698 5464 832 5513 ducis
858 5460 1149 5522 Aquitaniae,
1177 5472 1203 5506 a
1230 5462 1281 5507 S.
1311 5459 1559 5509 Bernardo
1587 5460 1647 5510 ab
1673 5459 1819 5519 hujus
1845 5460 2107 5511 schismate

519 5532 577 5581 ad
602 5528 873 5580 Innocentii
903 5528 941 5576 ll
968 5526 1296 5576 obedientiam
1325 5524 1531 5575 reducti.

2211 4462 2477 4509 trecentas
2498 4453 2816 4523 expleverit.
2842 4453 3084 4523 Cumque
3112 4468 3142 4505 a
3173 4452 3532 4508 servientibus
3552 4450 3655 4504 sibi
3676 4464 3809 4505 cor-

2210 4542 2498 4612 riperetur,
2534 4542 2679 4612 quod
2723 4541 2841 4596 haec
2872 4541 3086 4611 agendo
3115 4556 3227 4595 non
3256 4541 3433 4595 solum
3472 4554 3571 4594 suo
3601 4538 3807 4609 fatiga-

2210 4630 2409 4684 tionem
2441 4628 2674 4698 corpori,
2710 4628 2808 4683 sed
2837 4629 2998 4684 etiam
3026 4636 3323 4701 augmenta
3352 4628 3625 4699 praeberet
3647 4624 3807 4679 inﬁr—

2209 4717 2398 4784 mitati,
2431 4716 2794 4787 respondebat
2842 4716 2953 4783 ille,
2995 4732 3105 4771 non
3162 4716 3338 4771 solum
3397 4731 3506 4771 non
3534 4714 3660 4769 hinc
3690 4712 3807 4767 suis

2209 4804 2545 4860 incrementa
2574 4804 2827 4869 miseriis,
2874 4803 2973 4859 sed
3031 4805 3256 4875 insuper
3284 4816 3488 4876 magna
3515 4800 3808 4873 provenire

2210 4892 2473 4947 remedia.

2278 4984 2366 5037 28.
2392 4980 2467 5033 Ita
2498 4980 2696 5051 quippe
2726 4980 2810 5034 his
2831 4986 3151 5034 assueverat
3182 4978 3395 5045 studiis,
3420 4985 3471 5033 et
3501 4978 3575 5031 ita
3604 4976 3803 5032 dulce-

2209 5068 2390 5121 dinem
2421 5068 2616 5122 divinaa
2644 5067 2822 5123 laudis
2852 5075 2905 5121 et
2931 5066 3329 5122 obsecrationis
3350 5065 3661 5121 medullitus
3692 5064 3803 5118 im-

2276 5239 2378 5301 (30)
2406 5240 2627 5290 Anicium
2670 5251 2756 5289 seu
2795 5239 2994 5289 Pedium
3022 5242 3077 5289 B.
3105 5240 3275 5290 Maria:
3317 5240 3367 5289 in
3410 5236 3684 5299 Arvernia,
3726 5236 3811 5287 ubi

2208 5305 2450 5355 Gerardus
2473 5320 2549 5368 ep.
2581 5306 2961 5368 Engolismensis
2987 5305 3236 5368 depositus
3257 5308 3349 5356 est.

2275 5399 2378 5461 (5|)
2408 5401 2547 5448 Anno
2576 5399 2723 5459 “19,
2764 5399 2969 5461 praeside
3013 5397 3231 5448 Guidone
3275 5396 3498 5457 archiep.
3543 5395 3809 5461 Viennen.,

2208 5468 2255 5514 et
2281 5460 2421 5514 valde
2448 5460 2779 5516 collaborante
2819 5466 2873 5516 S.
2918 5463 3225 5527 Godet‘redo,
3252 5476 3330 5526 ep.
3358 5460 3697 5521 Ambianensi,
3728 5460 3812 5523 qui

2209 5530 2385 5580 colitur
2405 5529 2437 5578 8
2458 5530 2695 5582 Novemb.
