3978 6050
247 222 345 275 ’781

1304 218 1465 273 VITA
1506 217 1562 271 S.
1606 213 1921 272 HUGONIS
1961 214 2479 271 GRATIANOPOL.

3436 223 3545 280 78S

241 343 476 410 biberat,
509 348 567 397 ut
598 354 723 397 cum
754 348 953 396 caetera
998 356 1138 411 pene
1168 339 1348 395 omnia
1376 356 1473 410 per
1502 340 1835 411 passionem,
1861 345 1916 402 Α
1944 340 2141 417 divinis
2176 340 2455 397 beneficiis
2492 357 2602 397 non
2642 342 2758 396 sine
2806 342 3041 413 pectoris
3069 345 3386 401 contusione
3417 361 3548 402 con-

233 440 293 486 ut
318 429 686 501 praediximus,
721 429 910 498 capitis
941 429 1009 484 de
1041 429 1302 484 memoria
1329 428 1693 500 diffugissent,
1726 428 1845 482 hmo

231 535 463 589 prorsus
493 518 561 572 de
592 517 931 572 sanctissima
975 518 1091 586 ejus
1136 525 1318 572 mente
1354 517 1497 571 nulla
1547 516 1633 571 vel
1678 517 1846 585 phre-

234 606 384 661 nesis
413 606 500 661 vel
546 604 768 660 alterius
811 604 991 660 morbi
1037 603 1088 660 vi
1132 604 1400 673 potuerint
1449 603 1680 658 aboleri.
1735 604 1849 656 Imo

241 700 391 747 tanto
457 693 573 748 base
643 691 932 746 instantius
996 698 1048 746 et
1089 690 1462 745 delectabilius
1512 689 1849 754 revolvebat,

236 788 444 852 quanto
475 788 693 849 caetera,
726 779 999 835 oblivione
1043 794 1259 851 quoque
1283 779 1527 847 juvante,
1561 777 1734 831 rarius
1762 777 1849 829 in-

234 869 545 924 cursabant.
592 868 661 923 Et
709 882 835 923 cum
880 868 1222 938 plerumque,
1268 866 1370 921 hac
1416 866 1533 936 ipsa
1578 864 1851 919 oblivione

234 964 491 1030 cogente,
522 955 614 1010 ubi
638 963 803 1022 esset,
831 954 920 1011 vel
940 970 1064 1011 cum
1085 954 1301 1025 quibuis
1322 962 1487 1021 esset,
1512 953 1749 1008 nesciret
1771 952 1853 1005 in-

240 1052 548 1117 terrogatus
577 1050 761 1098 tamen
792 1043 861 1098 de
877 1042 963 1097 bis
983 1059 1103 1115 quae
1120 1042 1191 1097 ad
1206 1042 1470 1111 justitiam
1492 1039 1855 1111 religionem-

239 1149 347 1204 que
365 1132 731 1203 pertinebant,
758 1131 876 1187 sine
897 1131 1240 1187 cunctatione
1263 1128 1615 1187 veracissime
1638 1128 1852 1199 sapien-

243 1220 563 1292 tissimeque
632 1219 1020 1291 respondebat.
1082 1219 1221 1274 Nam
1269 1234 1393 1274 cum
1437 1217 1608 1273 falsus
1651 1231 1844 1271 rumor

248 1308 451 1365 exisset
531 1308 677 1379 quod
752 1307 937 1362 comiti
989 1306 1231 1362 Amedeo
1298 1306 1433 1377 (32),
1493 1305 1584 1376 qui
1639 1302 1857 1359 comitis

258 1394 521 1464 Umberti,
551 1394 724 1466 patris
741 1394 996 1451 videlicet
1017 1394 1119 1463 sui,
1141 1400 1362 1449 secutus
1392 1391 1718 1462 exemplum,
1749 1406 1861 1446 non

250 1484 508 1554 exiguam
552 1484 713 1538 beato
764 1482 883 1537 seni
946 1482 1308 1538 reverentiam
1362 1481 1684 1545 exhibebat,
1718 1479 1862 1533 filius

254 1580 416 1627 natus
453 1570 664 1637 fuisset,
719 1578 1135 1641 quarerentque
1184 1570 1277 1640 qui
1326 1568 1658 1623 assistebant
1706 1567 1757 1621 ei
1796 1583 1863 1620 an

1949 437 2178 484 testans.
2213 428 2458 497 Quadam
2488 438 2666 485 autem
2689 430 2806 487 vice
2826 431 3045 501 quidam
3076 449 3141 486 ex
3171 433 3353 501 sociis,
3387 435 3551 489 tantis

1950 518 2066 586 ejus
2097 518 2312 572 fletibus
2344 526 2506 589 atque
2537 519 2788 589 suspiriis
2817 527 3016 586 motus,
3050 521 3205 592 quasi
3237 521 3553 578 consolatu-

1950 621 2044 659 rus
2080 622 2092 659 :
2132 626 2154 655 α
2191 605 2353 673 Quid,
2387 606 2573 677 inquit,
2599 608 2774 674 Pater,
2804 615 3008 661 tantum
3028 608 3265 679 plangis,
3297 626 3421 665 cum
3450 625 3556 666 nec

1951 692 2321 762 homicidium,
2354 709 2456 749 nec
2477 694 2791 763 perjurium,
2817 710 2917 749 nec
2939 695 3084 750 aliud
3115 697 3245 766 quid
3274 697 3554 755 criminale

1953 780 2344 836 commiseris?
2380 804 2401 830 ν
2437 782 2687 836 Protinus
2740 783 2829 837 ille
2861 800 2874 836 :
2911 804 2934 833 ε
2982 782 3123 851 Quid
3181 784 3303 853 hoc,
3361 785 3551 857 inquit,

1954 868 2135 934 refert,
2167 885 2289 924 cum
2320 869 2438 924 sola
2485 869 2750 940 cupiditas
2789 878 2842 925 et
2882 871 3108 936 vanitas,
3143 872 3188 925 si
3225 872 3409 929 divina
3445 889 3558 930 non

1955 956 2094 1010 adsit
2112 956 2417 1024 clementia,
2440 957 2733 1027 perditioni
2744 958 2954 1028 possint
2967 960 3213 1014 humanae
3229 959 3513 1017 sufﬁcere?
3531 983 3553 1010 η

1956 1043 2101 1113 Quid
2130 1044 2451 1115 prudentius
2493 1053 2586 1100 aut
2621 1046 3062 1116 compendiosius
3105 1048 3175 1101 ab
3223 1047 3479 1107 incolumi
3508 1056 3562 1104 et

1958 1132 2185 1203 integrae
2216 1132 2495 1189 memoriae
2526 1134 2697 1203 potuit
2719 1134 3081 1205 responderi?
3112 1134 3305 1191 Omnia
3333 1153 3454 1207 quae
3470 1136 3559 1203 vel

1958 1220 2087 1275 boni
2118 1221 2224 1291 piis
2254 1220 2446 1276 studiis
2477 1229 2818 1289 aversantur,
2850 1222 2939 1277 vel
2966 1223 3092 1278 mali
3121 1224 3444 1293 perniciosis
3470 1225 3560 1280 ni-

1961 1307 2111 1363 sibus
2136 1316 2537 1376 consectantur,
2571 1308 2784 1365 duobus
2814 1311 3018 1379 verbis,
3051 1312 3355 1382 cupiditatis
3385 1321 3438 1368 et
3468 1328 3561 1370 va-

1960 1396 2163 1462 nitatis,
2188 1396 2422 1452 inclusit.

2034 1487 2093 1538 31
2109 1526 2121 1539 .
2145 1484 2360 1540 Diensis
2381 1484 2543 1540 etiam
2556 1484 2843 1555 episcopus
2854 1485 3106 1541 dominus
3118 1486 3408 1544 Odolricus
3424 1490 3559 1559 (35),

1962 1587 2102 1626 unus
2133 1588 2199 1627 ex
2229 1573 2347 1641 ejus
2395 1572 2647 1643 alumnis,
2679 1581 2732 1629 et
2773 1573 2829 1627 in
2873 1574 3124 1631 Ecclesia
3154 1575 3564 1648 Gratianopoli—

253 1676 377 1716 eum
407 1659 569 1717 vellet
598 1659 717 1729 ipse
749 1658 1039 1728 baptizare,
1090 1657 1235 1713 illico
1281 1672 1390 1712 non
1439 1656 1557 1711 sine
1603 1669 1864 1726 aSperna-
1893 1684 1945 1744 Β
1966 1668 2093 1715 tana
2122 1676 2224 1731 per
2253 1676 2444 1716 omnes
2492 1662 2729 1717 honores
2758 1678 2931 1734 usque
2980 1663 3049 1719 ad
3079 1663 3401 1719 decanatum
3450 1666 3568 1736 (qui

251 1747 401 1803 tione
431 1746 772 1817 respondens
808 1760 820 1798 :
857 1769 878 1794 «
915 1747 1057 1812 Non,
1103 1745 1296 1816 inquit,
1328 1760 1362 1799 a
1391 1759 1498 1816 quo
1529 1744 1650 1814 quis
1681 1742 1861 1812 bapti-

250 1842 405 1891 zetur
435 1833 735 1890 curandum
764 1841 846 1888 est
874 1836 1010 1904 (33),
1046 1848 1168 1888 cum
1198 1832 1520 1903 baptismus,
1554 1845 1587 1884 a
1616 1846 1862 1903 quocun-

251 1939 360 1995 que
390 1923 572 1989 datus,
615 1922 683 1976 sit
731 1936 948 1991 semper
978 1920 1144 1975 idem.
1181 1944 1203 1970 ιι
1257 1922 1391 1975 Item
1437 1918 1863 1991 disceptantibus

249 2012 394 2066 inter
422 2028 481 2066 se
512 2011 604 2082 qui
634 2009 861 2064 aderant
891 2009 1011 2079 quis
1060 2023 1436 2065 successorem
1477 2008 1613 2075 ejus,
1647 2022 1712 2061 eo
1743 2006 1863 2077 ipso

248 2106 472 2170 petente
522 2098 637 2166 jam
693 2097 943 2163 electum,
998 2096 1054 2150 in
1113 2096 1447 2151 sacerdotem
1494 2100 1859 2159 consecraret,

260 2186 509 2242 similiter
535 2185 849 2257 indignatus
906 2184 1190 2255 respondit
1238 2200 1349 2239 non
1382 2182 1696 2255 eligendum
1725 2182 1865 2235 intra

259 2273 572 2330 Ecclesiam
601 2272 923 2328 catholicam
945 2272 1335 2339 ordinatorem,
1370 2286 1514 2336 cum,
1542 2270 1667 2324 licet
1696 2269 1867 2323 diver-

260 2362 340 2416 sis
366 2368 418 2417 et
447 2377 479 2415 a
506 2360 739 2416 diversis
768 2360 953 2414 datum
987 2358 1371 2426 sacerdotium,
1406 2373 1513 2412 non
1544 2355 1716 2428 possit
1744 2371 1866 2410 esse

262 2449 561 2505 diversum.
613 2447 1009 2520 Indignabatur
1055 2455 1236 2501 autem
1267 2446 1319 2500 in
1348 2445 1545 2499 talibus
1574 2443 1786 2500 facilius
1817 2450 1869 2496 et

261 2535 664 2605 vehementius,
698 2535 827 2607 quia
855 2535 943 2591 vel
989 2534 1241 2589 dubitare
1271 2534 1327 2588 in
1357 2534 1442 2587 his
1471 2531 1869 2603 blasphemiam

260 2624 556 2696 deputabat
567 2664 582 2678 .

327 2717 420 2769 29.
450 2709 876 2768 Accurrentibus
925 2709 1086 2765 etiam
1118 2709 1189 2764 ad
1235 2707 1566 2765 visitandum
1597 2723 1723 2761 eum
1752 2705 1868 2761 cle-

264 2801 397 2857 ricis
421 2806 477 2855 et
504 2799 677 2865 laicis,
710 2798 843 2852 satis
874 2797 1103 2852 multum
1142 2796 1525 2854 venerabiliter
1554 2810 1619 2850 ac
1650 2795 1866 2861 devote,

258 2904 364 2961 pro
394 2887 640 2958 personis
670 2899 725 2940 et
752 2884 961 2951 ofﬁciis,
993 2885 1230 2941 monitus
1268 2883 1656 2939 saluberrimos
1686 2880 1871 2935 infun-

271 2977 458 3032 debat.
511 2976 657 3030 Inter
717 2990 854 3045 quos
904 2973 1214 3045 Guigonem
1257 2971 1547 3039 Desiderii,
1596 2985 1763 3024 unum
1803 2969 1873 3023 de

262 3063 567 3133 majoribus
594 3070 719 3133 post.
764 3061 1038 3131 comitem,
1088 3076 1224 3133 erga
1253 3076 1312 3116 se
1340 3075 1456 3131 prae
1486 3058 1670 3113 multis
1699 3057 1871 3112 devo-

273 3160 408 3217 tum,
431 3166 555 3206 cum
583 3150 737 3206 ﬂexis
757 3149 988 3220 genibus
1017 3148 1115 3218 (ita
1132 3149 1331 3219 quippe
1360 3163 1551 3203 omnes
1580 3144 1873 3213 faciebant)

265 3247 395 3295 ante
440 3239 637 3295 lectum
688 3240 804 3308 ejus
846 3238 1285 3295 benedictionem
1332 3238 1627 3309 ﬂagitaret,
1681 3254 1873 3294 severa

263 3327 637 3398 increpatione
667 3327 943 3399 corripuit,
988 3326 1178 3382 dicens
1208 3342 1351 3393 eum,
1404 3326 1629 3395 injustas
1655 3328 1712 3381 in
1741 3327 1875 3382 sub-

264 3417 411 3472 ditos
440 3416 751 3471 exactiones
780 3414 1049 3482 faciendo,
1084 3414 1279 3469 animae
1329 3429 1441 3469 suae
1471 3422 1731 3485 perpetua
1759 3423 1874 3469 tor-

267 3512 456 3559 menta
484 3502 709 3559 lucrari.
742 3502 827 3557 Ad
847 3518 969 3573 quae
998 3502 1089 3556 ille
1139 3501 1475 3573 stupefactus
1521 3502 1595 3557 ait
1622 3518 1729 3557 non
1760 3503 1876 3558 haec

273 3592 379 3647 sibi
427 3592 496 3645 ab
541 3591 634 3646 illo
685 3591 777 3661 qui
819 3591 932 3659 jam
979 3606 1121 3660 pene
1162 3590 1301 3644 inter
1341 3597 1587 3645 mortuos
1628 3591 1878 3661 deputari

273 3686 505 3751 poterat,
544 3679 642 3734 sed
672 3694 704 3731 a
733 3679 849 3733 Deo
894 3678 1094 3749 potius,
1146 3678 1239 3749 qui
1267 3678 1317 3733 ei
1358 3678 1716 3743 revelaverat,
1746 3678 1873 3743 dici,

271 3783 530 3823 asserens
574 3765 958 3839 gravissimam
1022 3781 1212 3822 revera
1259 3774 1511 3822 recenter
1554 3774 1715 3821 terrae
1764 3782 1877 3821 suae

272 3855 499 3910 multam
527 3854 873 3925 imposuisse,
903 3854 1245 3926 necdumque
1292 3854 1597 3925 accepisse,
1626 3870 1729 3910 nec
1758 3862 1879 3925 post

271 3944 390 3999 haec
421 3943 535 4011 eius
564 3943 770 3997 monita
800 3950 1153 4013 accepturum
1194 3941 1454 4012 deinceps
1484 3958 1627 3997 esse.

344 4035 435 4086 30.
486 4031 806 4086 Carnotinus
853 4031 1016 4086 etiam
1062 4030 1374 4101 episcopus,
1430 4031 1681 4087 dominus
1724 4030 1878 4085 Gau-

276 4120 449 4175 fridus
478 4118 612 4191 (34),
638 4134 798 4175 servo
820 4118 921 4175 Dei
942 4135 1007 4174 ex
1036 4134 1144 4190 quo
1174 4126 1331 4173 notus
1352 4118 1700 4189 singulariter
1719 4119 1879 4173 etiam

277 4209 497 4276 charus,
530 4217 655 4279 post
698 4206 1064 4263 visitationem
1094 4208 1280 4278 (quam
1310 4206 1360 4262 ei
1405 4214 1554 4262 tanto
1585 4206 1879 4278 gratiorem

276 4301 480 4367 quanto
526 4294 705 4366 magis
752 4294 1119 4351 desideratam
1166 4293 1511 4362 exhibuerat)
1553 4293 1877 4363 Valentiam,

1964 1756 2087 1819 post
2115 1749 2489 1820 episcOpatum
2520 1750 2697 1817 major
2717 1750 2919 1805 ibidem
2948 1758 3028 1806 est
3058 1752 3320 1823 dignitas)
3350 1753 3416 1807 ab
3446 1753 3567 1824 ipso

1961 1843 2269 1906 provectus,
2332 1837 2457 1892 vitae
2515 1837 2790 1908 regularis
2839 1838 3081 1894 habitum
3112 1855 3211 1909 per
3243 1842 3570 1896 reverendas

1963 1938 2158 1979 manus
2195 1924 2524 1979 sanctissimi
2554 1925 2701 1979 senis
2729 1924 3052 1980 desiderans
3082 1942 3317 1993 sumere,
3342 1927 3571 1983 devotus

1965 2011 2202 2078 advenit,
2238 2012 2358 2082 ipso
2408 2012 2523 2079 jam
2566 2013 2755 2079 multa,
2804 2012 3013 2068 morbis
3041 2012 3568 2084 ingravescentibus,

1965 2098 2238 2153 debilitate
2294 2107 2543 2171 gravato.
2578 2100 2740 2168 Cujus
2787 2100 3049 2156 adventus
3094 2117 3276 2167 causa,
3308 2103 3570 2159 ministris

1963 2184 2346 2251 indicantibus,
2409 2187 2491 2241 vir
2564 2186 2752 2242 beatus
2807 2188 3008 2257 audita,
3080 2197 3229 2244 tanto
3285 2192 3572 2247 exsultavit

1966 2274 2184 2346 gaudio,
2246 2282 2503 2345 tantaque
2560 2275 2806 2344 protinus
2864 2283 2917 2330 et
2974 2275 3212 2346 repletus
3268 2278 3473 2345 laetitia,
3508 2287 3569 2334 ut

1965 2362 2162 2416 oblitus
2195 2361 2536 2427 infirmitatis,
2563 2362 2800 2417 venienti
2820 2377 3109 2419 occurrere
3136 2364 3396 2436 gestiens,
3428 2383 3572 2437 pene

1967 2465 2026 2504 se
2056 2450 2123 2504 de
2154 2447 2352 2505 lectulo
2394 2450 2836 2519 praecipitaverit.
2886 2451 3196 2506 Accedente
3243 2460 3423 2508 autem
3452 2454 3569 2525 illo,

1967 2537 2244 2592 osculatus
2274 2545 2356 2592 est
2386 2553 2529 2603 eum,
2555 2546 2608 2592 et
2631 2554 2747 2607 prae
2776 2538 2978 2609 gaudio
3007 2538 3277 2610 lacrymas
3305 2540 3571 2596 fundens:

1973 2647 1993 2670 «ι
2033 2625 2225 2690 Exuat,
2280 2624 2481 2697 inquit,
2546 2632 2598 2681 te
2644 2626 2793 2680 Deus
2846 2632 3089 2682 veterem
3145 2627 3419 2683 hominem
3449 2644 3574 2684 cum

1968 2712 2179 2767 actibus
2235 2712 2369 2779 suis,
2429 2720 2483 2766 et
2545 2712 2733 2767 induat
2784 2721 2837 2769 te
2882 2728 3081 2770 novum
3106 2756 3119 2779 ,
3153 2714 3245 2786 qui
3275 2716 3574 2772 secundum

1968 2800 2142 2855 Deum
2172 2807 2387 2855 creatus
2417 2807 2500 2854 est
2535 2799 2591 2855 in
2614 2799 2823 2869 justitia
2850 2809 2903 2856 et
2933 2802 3220 2858 sanctitate
3248 2803 3506 2871 veritatis,
3544 2828 3568 2854 ι»

1969 2888 2254 2953 memoria,
2284 2895 2341 2943 ut
2362 2888 2478 2957 jam
2534 2888 2738 2944 dictum
2769 2896 2869 2953 est,
2933 2888 3003 2944 ad
3062 2892 3372 2947 communia
3429 2892 3572 2948 ultra

1970 2970 2133 3027 ﬁdem
2164 2970 2469 3038 deficiente,
2503 2971 2574 3026 ad
2615 2972 2800 3028 divina
2831 2971 2987 3028 solito
3032 2989 3423 3046 nonnunquam
3452 2991 3573 3030 am-

1972 3059 2115 3129 plius
2144 3059 2495 3115 exuberante.
2523 3061 2658 3115 Nam
2705 3068 2754 3115 et
2784 3068 2907 3131 post
2951 3061 3119 3116 multa
3148 3062 3491 3118 sanctissima
3519 3071 3573 3119 et

1974 3146 2327 3201 saluberrima
2346 3147 2552 3201 monita
2582 3163 2704 3202 cum
2725 3148 2920 3215 abiret,
2952 3148 3184 3203 necdum
3214 3149 3349 3204 atria
3378 3159 3575 3207 cuncta

1974 3234 2277 3300 transisset,
2325 3233 2382 3289 id
2426 3234 2585 3289 etiam
2640 3236 2905 3290 mandare
2961 3236 3172 3291 curavit
3198 3244 3257 3291 ut
3285 3237 3354 3292 de
3379 3237 3573 3309 caligis

1973 3321 2202 3393 pedules
2230 3322 2592 3387 abscinderet,
2652 3330 2919 3393 quatenus
2974 3332 3174 3394 prazter
3230 3325 3399 3395 pedes
3429 3334 3573 3381 totus

1969 3411 2180 3479 jaceret
2201 3410 2455 3475 vestitus;
2486 3410 2707 3464 dolebat
2733 3410 2877 3464 enim
2904 3411 3196 3467 nonnullos
3224 3412 3280 3466 in
3309 3412 3572 3484 religioso

1976 3498 2181 3563 habitu,
2217 3498 2287 3553 ad
2344 3497 2639 3553 sanctitatis
2695 3498 2963 3566 injuriam,
3022 3499 3169 3553 tibiis
3197 3500 3436 3556 dormire
3464 3517 3571 3556 nu-

1975 3585 2138 3640 datis.
2170 3587 2298 3641 Post
2326 3586 2461 3651 hwc,
2488 3585 2804 3653 juvantibus
2833 3586 3113 3653 ministris,
3144 3587 3200 3641 in
3228 3587 3447 3657 planum
3476 3588 3573 3644 de-

1977 3674 2185 3729 scendit
2207 3674 2399 3739 solum,
2424 3682 2829 3745 prostratusque
2853 3675 2908 3730 in
2929 3674 3144 3741 faciem,
3176 3691 3402 3746 magnas
3432 3678 3569 3743 Deo,

1976 3778 2077 3832 pro
2108 3778 2175 3817 eo
2203 3761 2348 3833 quod
2396 3762 2595 3817 factum
2654 3761 2846 3828 fuerat,
2898 3777 3023 3818 cum
3069 3764 3323 3835 lacrymis
3361 3764 3572 3835 gratias

1978 3851 2205 3917 obtulit;
2237 3852 2321 3905 his
2363 3850 2595 3916 indiciis,
2657 3858 2912 3922 quantum
2953 3852 3181 3907 salutem
3235 3852 3571 3909 desideraret

1978 3941 2286 4004 humanam,
2318 3955 2457 4009 pene
2482 3940 2596 4008 jam
2627 3939 2915 3995 defunctus
2942 3940 3257 3995 ostendens.

2049 4032 2136 4083 32.
2169 4027 2365 4083 Ridere
2392 4035 2591 4093 autem,
2624 4028 2710 4089 vel
2749 4028 2937 4082 otiosis
2989 4043 3181 4084 vacare
3228 4027 3430 4095 verbis,
3480 4036 3573 4084 aut

1978 4130 2229 4170 rumores
2258 4116 2476 4170 inutiles
2522 4114 2767 4180 recitare,
2821 4115 3113 4171 servitores
3162 4132 3308 4182 suos,
3358 4132 3569 4188 nequa-

1979 4219 2139 4273 quam
2176 4203 2444 4274 patienter
2497 4203 2767 4269 habebat;
2818 4204 2997 4258 statim
3046 4204 3190 4259 enim
3228 4205 3332 4259 hoc
3389 4203 3570 4274 ipsum

1978 4307 2168 4348 severa
2198 4291 2565 4360 increpatione
2614 4290 2881 4356 frenabat,
2923 4307 3177 4347 asserens
3208 4298 3450 4362 tempora
3475 4292 3573 4349 fle-

281 4382 379 4438 ubi
429 4392 556 4437 tunc
603 4382 788 4453 eratis,
838 4384 907 4438 ad
949 4383 1118 4439 vestri
1159 4382 1505 4453 praesentiam
1536 4397 1876 4446 reversurus,
1899 4377 1951 4436 D
1980 4380 2123 4434 tibus
2150 4379 2336 4434 debita
2362 4386 2416 4433 et
2439 4377 2786 4449 pmnitentiae,
2819 4379 3139 4450 occupanda
3166 4379 3436 4447 lamentis,
3470 4396 3574 4437 nec

284 4485 433 4537 cum,
472 4470 601 4542 quid
631 4487 697 4525 ex
728 4486 828 4525 sua
856 4470 1013 4527 vobis
1049 4478 1206 4541 parte
1234 4470 1342 4525 dici
1370 4469 1705 4540 praeciperet,
1736 4484 1885 4540 quaz-
1982 4467 2282 4531 cachinnis,
2342 4482 2445 4522 nec
2499 4466 2801 4538 nugacibus
2856 4466 3226 4535 relationibus,
3257 4483 3360 4524 nec
3388 4469 3575 4525 otiosis

252 4566 454 4624 vreret,
483 4558 559 4613 ait
586 4558 678 4613 ille
707 4566 765 4611 ut
792 4574 893 4628 pro
940 4574 1001 4613 se
1049 4565 1231 4614 vestra
1273 4557 1579 4629 benignitas
1622 4557 1723 4612 Dei
1767 4557 1881 4612 cle-

274 4646 539 4702 mentiam
561 4654 830 4701 exoraret.
856 4645 964 4702 Sed
992 4653 1046 4701 et
1064 4646 1153 4701 hic
1187 4660 1311 4701 cum
1331 4652 1599 4716 quaereret
1626 4644 1756 4715 quid
1783 4660 1882 4715 pro

1981 4556 2204 4611 terenda
2233 4554 2594 4610 sermonibus.
2626 4554 2801 4619 Unde,
2832 4570 3158 4624 quaesumus,
3193 4556 3354 4610 etiam
3384 4557 3575 4612 etiam-

1985 4660 2089 4714 que
2120 4643 2482 4708 considerent,
2519 4642 2611 4713 qui
2639 4641 2817 4696 mirari
2840 4642 2945 4696 nisi
2972 4642 3190 4697 insolita
3216 4659 3325 4699 non
3355 4651 3571 4711 norunt,

280 4750 344 4789 se
370 4734 533 4789 vellet
562 4733 707 4788 orari
740 4751 754 4787 :
791 4756 813 4780 ‹‹
835 4734 903 4789 Ut
922 4735 1087 4800 Deus,
1122 4733 1313 4804 inquit,
1346 4732 1401 4786 in
1432 4749 1518 4788 me
1546 4733 1884 4787 mundanum
1984 4740 2161 4785 utrum
2182 4731 2269 4788 vel
2298 4731 2353 4784 in
2386 4730 2699 4799 Scripturis,
2742 4730 2828 4786 vel
2858 4729 2913 4785 in
2941 4730 3192 4785 humanis
3220 4730 3577 4786 relationibus

281 4821 610 4893 exstinguat,
663 4828 714 4875 et
761 4836 915 4876 suum
960 4821 1224 4877 accendat
1270 4835 1532 4875 amorem.
1572 4844 1593 4868 υ
1646 4821 1882 4890 ldipsum

1982 4819 2090 4873 tale
2121 4819 2413 4889 quidquam
2436 4833 2600 4873 nosse
2621 4817 2913 4888 potuerint,
2935 4826 2988 4872 et
3015 4826 3196 4871 utrum
3216 4834 3324 4873 non
3354 4819 3576 4874 omnino

280 4908 574 4980 religiosos
601 4909 812 4975 fratres,
839 4909 932 4980 qui
956 4909 1204 4964 sedulum
1235 4908 1338 4963 sibi
1369 4908 1697 4963 exhibebant
1725 4908 1887 4961 obse—
1985 4906 2321 4975 impossibile
2359 4914 2411 4960 et
2456 4914 2643 4960 contra
2689 4914 2953 4970 naturam,
3010 4914 3063 4959 et
3092 4905 3215 4960 ideo
3261 4905 3582 4963 incredibile

283 4996 494 5068 quium,
527 4996 827 5067 saepissime
856 4997 1202 5067 precabatur,
1249 5012 1406 5051 reum
1435 5012 1495 5051 se
1524 5003 1577 5052 et
1603 4995 1885 5066 indignum

358 5173 470 5238 (32)
495 5175 585 5224 Hic
610 5176 685 5224 est
710 5174 953 5225 Amedeus
982 5174 1057 5235 II,
1085 5186 1249 5224 comes
1279 5173 1561 5233 Sabaudire,
1587 5174 1712 5225 filius
1735 5174 1889 5223 Hum-

1987 4993 2149 5049 etiam
2196 4993 2459 5058 videatur,
2524 4992 2767 5063 potuisse
2822 4992 3092 5048 hominem
3141 4994 3440 5064 corporalia
3468 5001 3521 5050 et
3549 5009 3583 5049 a

2058 5169 2156 5233 (34)
2181 5172 2316 5223 Sedit
2352 5172 2614 5223 Gaut'ridus
2655 5173 2717 5222 ab
2756 5185 2882 5223 anno
2921 5171 3049 5222 1116
3083 5172 3143 5222 ad
3189 5172 3350 5233 1158,
3394 5172 3584 5236 legatus

289 5238 421 5291 berti
446 5241 509 5301 Il,
536 5241 631 5300 cui,
654 5253 781 5290 anno
803 5242 953 5300 1105,
980 5243 1169 5291 mortuo
1197 5241 1457 5303 successit,
1483 5241 1533 5291 in
1552 5242 1711 5305 Cypro
1732 5240 1889 5291 insula
1988 5240 2281 5302 apostolicus
2307 5240 2573 5289 Innocentii
2602 5240 2662 5301 ll,
2685 5252 2829 5301 quem
2850 5252 2977 5290 anno
3006 5239 3133 5290 1150
3159 5240 3355 5303 excepit
3379 5238 3583 5290 Carnuti

300 5307 562 5357 defunctus
586 5306 816 5357 Kalendis
838 5307 1037 5371 Aprilis,
1063 5320 1143 5358 an.
1173 5307 1323 5358 1149.

359 5388 467 5453 (55)
516 5390 712 5442 Scilicet
755 5390 860 5441 sive
906 5392 948 5442 is
989 5391 1245 5455 episcopus
1286 5390 1471 5455 fuerit,
1509 5391 1610 5442 sive
1651 5391 1892 5453 parochus

283 5456 546 5507 sacerdos.

1992 5313 2040 5355 et
2060 5306 2161 5368 jam
2188 5305 2450 5357 reducebat
2474 5306 2524 5355 in
2562 5306 2774 5356 Italiam.

2060 5389 2164 5453 (35)
2190 5390 2310 5440 Aliis
2351 5389 2586 5439 Odoricus
2623 5393 2671 5441 et
2704 5390 2963 5453 Uldricus,
3007 5391 3087 5454 qui
3130 5388 3342 5440 traditur
3401 5386 3585 5438 vixisse

1991 5467 2145 5519 usque
2171 5456 2232 5508 ad
2258 5468 2439 5507 annum
2469 5456 2617 5506 1144.
