3978 6050
467 149 568 203 ’783

1307 151 1646 206 GUIGONIS
1690 152 1709 204 Ι
1748 150 2154 205 ΟΛΗΤΗΠΞΙᾸΞ
2206 150 2497 207 MAJORIS
2541 152 2814 208 PRIORIS
2855 153 2918 208 V.

3656 156 3767 209 ’784

464 285 637 342 puero
666 277 923 326 consueta
953 271 1020 324 de
1058 272 1325 326 memoria
1372 274 1624 342 perdere,
1658 281 1710 327 et
1739 272 1918 328 divina
1947 288 2056 326 non
2077 277 2128 333 Α
2165 273 2319 338 feria,
2354 275 2500 330 circa
2528 275 2876 345 gallicinium,
2909 276 2972 329 Β.
3010 275 3187 344 Hugo,
3221 273 3361 329 inter
3389 274 3470 328 sui
3503 277 3767 346 temporis

463 359 725 430 potuisse,
773 374 893 413 cum
941 359 996 413 id
1040 359 1220 428 potius
1266 368 1472 414 natura:
1519 361 1604 415 vel
1652 360 2060 415 consuetudinis

461 448 644 518 exigat
673 446 831 511 ratio,
865 455 922 499 ut
952 447 1251 516 spiritualia
1283 456 1333 501 et
1368 448 1572 513 divina,
1606 457 1860 517 tanquam
1892 447 2060 502 subti-

458 534 598 589 liora
628 535 684 588 in
726 534 905 588 minus
953 543 1187 598 assueta,
1239 543 1508 605 captuque
1556 534 1879 600 difficiliora,
1912 535 2058 605 prius

460 621 794 686 abscedant;
829 621 919 674 illa
946 637 1095 684 vero,
1129 630 1312 691 utpote
1342 622 1693 676 familiariora
1728 630 1779 676 et
1808 623 2057 677 humana:

461 707 760 763 inﬁrmitati
790 709 859 762 ad
887 708 1234 778 cogitandum
1257 709 1519 773 faciliora,
1553 710 1750 763 diutius
1778 717 2054 764 maneant.

456 795 615 862 Quod
645 795 692 849 si
721 810 805 860 ea,
841 812 961 864 qua:
992 797 1129 850 circa
1150 805 1367 851 sanctos
1390 797 1704 868 contingere
1723 797 1915 860 solent,
1948 813 2056 867 quo

455 883 664 937 rariora
693 898 758 937 eo
790 890 914 936 sunt
957 883 1119 937 etiam
1159 884 1509 948 mirabiliora,
1562 885 1690 955 quid
1735 901 1799 939 eo
1829 885 2053 938 mirabi-

452 969 579 1036 lius,
639 971 792 1038 cujus
849 985 944 1040 pro
1031 971 1114 1024 sui
1189 972 1427 1038 raritate,
1513 987 1615 1026 nec
1661 973 1717 1025 in
1772 973 2055 1041 scripturis

449 1057 640 1123 ullum,
701 1073 804 1112 nec
851 1058 904 1110 in
959 1059 1209 1112 humanis
1252 1059 1417 1113 rebus
1481 1068 1655 1113 exstat
1704 1059 2056 1130 exemplum?

447 1145 516 1199 Et
552 1145 770 1201 .sentiat
840 1146 1070 1216 quisque
1128 1148 1270 1216 quod
1330 1148 1462 1212 vult,
1523 1148 1680 1201 nobis
1740 1155 1916 1202 autem
1975 1148 2053 1203 vi-

445 1232 606 1286 detur
633 1234 757 1302 (nec
791 1232 948 1287 aliter
999 1235 1307 1303 peritiores,
1359 1250 1454 1288 eos
1503 1236 1739 1289 maxime
1791 1236 1881 1304 qui
1910 1236 2051 1305 phy—

446 1319 617 1374 sicam
690 1329 903 1385 norunt,
975 1337 1231 1374 sensuros
1309 1321 1702 1390 existimamus)
1776 1339 1883 1376 non
1950 1323 2051 1376 mi-

442 1423 545 1461 nus
590 1407 882 1478 singulare,
939 1408 1205 1472 minusve,
1259 1409 1367 1461 imo
1406 1409 1543 1463 forte
1594 1410 1822 1478 amplius
1882 1409 2049 1464 fuisse

438 1494 704 1559 mirabile,
731 1494 874 1547 inter
902 1502 981 1547 tot
1012 1503 1228 1565 tamque
1271 1495 1555 1549 diuturnas
1602 1505 1653 1550 et
1694 1497 1922 1552 acerbas
1950 1513 2046 1552 ce-

2161 362 2448 431 episcopos
2478 363 2739 432 Operibus
2769 371 2822 416 et
2859 362 3002 416 fama
3034 362 3342 431 singularis,
3377 371 3566 432 pacata
3595 363 3764 418 domo

2159 457 2211 502 et
2241 449 2448 503 cunctis
2481 449 2683 504 referta
2712 450 2887 518 bonis,
2915 449 3208 504 commissa
3239 450 3398 504 etiam
3427 450 3670 505 Ecclesia
3696 467 3763 505 ac

2158 536 2318 604 plebe
2349 537 2639 608 tranquilla
2667 553 2801 606 pace
2824 537 3052 602 fruente,
3077 537 3328 607 migravit
3348 538 3414 590 ad
3443 539 3759 603 Dominum,

2157 639 2532 678 successorem
2586 625 2932 679 substitutum
2990 625 3101 692 jam
3169 625 3270 678 sibi
3317 626 3761 680 Carthusiensem

2155 709 2315 778 (sicut
2348 711 2438 764 diu
2469 711 2810 781 multumque
2832 711 3231 766 desideraverat
3251 715 3396 780 ante)
3420 712 3759 783 relinquens.

2155 796 2442 851 Servatum
2473 806 2553 852 est
2584 807 2765 853 autem
2796 814 2993 868 corpus
3025 799 3141 867 ejus
3187 799 3536 869 insepultum,
3585 817 3758 871 usque

2155 886 2224 938 ad
2278 885 2489 938 tertiam
2539 887 2817 957 sequentis
2886 887 3244 941 hebdomadae
3285 887 3495 954 feriam,
3544 888 3758 942 serenis

2155 972 2348 1026 diebus
2381 981 2430 1027 et
2461 974 2674 1039 calidis,
2706 974 2779 1028 ita
2809 983 2865 1029 ut
2895 990 3054 1029 nemo
3102 975 3444 1030 desideraret
3492 983 3754 1040 aestatem,

2152 1060 2475 1114 mirantibus
2504 1061 2764 1131 plurimis,
2800 1062 2946 1132 quod
2993 1079 3092 1117 nec
3124 1062 3412 1117 clementia
3457 1062 3621 1131 aeris,
3653 1079 3756 1119 nec

2151 1148 2548 1203 circumstantis
2593 1151 2909 1220 constipata;
2955 1151 3312 1205 multitudinis
3340 1158 3493 1216 aestu,
3527 1166 3630 1206 nec
3657 1167 3753 1206 ce-

2152 1253 2373 1290 reorum
2404 1238 2584 1292 calore
2614 1238 2940 1295 tabesceret.
2973 1239 3055 1292 Ad
3097 1239 3254 1306 cujus
3284 1238 3626 1293 venerandas
3655 1256 3756 1294 ex-

2150 1323 2369 1393 sequias
2410 1332 2522 1379 tres
2572 1334 2919 1380 accurrerunt
2962 1326 3222 1396 episcopi,
3276 1326 3512 1392 Diensis,
3543 1326 3758 1382 Gratia-

2148 1412 2513 1480 nopolitanus,
2566 1413 2924 1478 Carnotinus;
2961 1413 3053 1484 qui
3096 1414 3425 1484 praecedenti
3473 1414 3579 1479 die,
3629 1423 3755 1484 post

2150 1499 2468 1567 secundam,
2499 1515 2660 1569 quam
2693 1501 2742 1553 ei
2773 1500 2827 1554 in
2860 1501 2962 1555 hac
2985 1517 3079 1554 sua
3097 1501 3288 1554 ultima
3317 1501 3590 1556 debilitate
3619 1502 3755 1556 visi-

440 1580 586 1635 rebri
607 1581 914 1651 passiones,
962 1581 1200 1636 divinam
1239 1584 1610 1654 cognitionem
1640 1592 1800 1654 atque
1831 1584 2047 1639 invoca-
2075 1613 2127 1672 B
2154 1585 2412 1639 tationem
2461 1587 2798 1653 exhibuerat,
2868 1588 2955 1641 vix
3005 1589 3220 1642 tandem
3271 1597 3616 1654 recesserat;
3663 1605 3754 1644 ro-

440 1667 643 1721 tionem
679 1676 733 1722 et
780 1669 1092 1738 religiosam
1151 1685 1258 1724 non
1317 1671 1622 1740 perdidisse
1677 1672 2041 1737 devotionem,

443 1769 607 1824 quam
628 1754 767 1810 inter
787 1756 1002 1811 eculeos
1021 1757 1381 1828 ardentesque
1409 1758 1638 1812 laminas
1670 1767 1722 1812 et
1751 1774 2046 1813 succensas

439 1843 727 1897 craticulas
777 1844 1129 1914 insuperabili
1174 1846 1478 1900 constantia
1540 1846 1896 1901 Christianam
1936 1863 2045 1901 non

436 1945 668 2000 negasse
699 1929 882 1984 fidem.
918 1931 998 1985 lbi
1040 1932 1204 1996 enim,
1249 1933 1394 2002 quod
1423 1932 1659 1997 infestat,
1693 1934 1926 1989 exterius
1957 1942 2043 1988 to-

433 2023 547 2070 tum
576 2018 877 2087 ingeritur;
910 2019 997 2073 hic
1029 2019 1147 2088 ipsa
1173 2021 1399 2074 rationis
1430 2021 1786 2074 instrumenta
1817 2021 2043 2091 ipsaque

434 2105 739 2159 divinorum
771 2113 823 2159 et
847 2106 1200 2161 humanorum
1233 2124 1510 2173 sensuum,
1565 2109 1721 2178 quasi
1767 2110 2043 2163 cellarium

435 2193 719 2257 memoria,
752 2193 1081 2248 intrinsecus
1110 2195 1533 2263 impugnantur;
1567 2203 1619 2249 et
1658 2196 1748 2266 qui
1779 2197 1858 2250 eis
1890 2213 2041 2265 prae-

434 2279 574 2333 sidet
601 2279 834 2347 animus,
867 2296 974 2334 non
999 2281 1217 2335 aliunde
1268 2298 1371 2337 nec
1419 2282 1546 2336 alibi
1591 2299 1751 2352 quam
1783 2299 1847 2338 ex
1880 2283 1959 2336 eis
1991 2291 2042 2337 et

437 2366 493 2420 in
521 2366 600 2420 eis
631 2366 826 2436 quibus
850 2368 1026 2435 juvari
1068 2369 1350 2434 debuerat,
1385 2370 1726 2440 dignioribus
1756 2370 1958 2425 scilicet
1989 2379 2042 2424 et

434 2454 864 2518 sublimioribus,
899 2455 1108 2525 sibique
1139 2472 1239 2525 pro
1269 2457 1348 2510 sui
1389 2457 1682 2510 subtilitate
1714 2458 2044 2525 conjunctio-

437 2541 588 2594 ribus
619 2541 702 2594 sui
735 2543 977 2611 corporis
1008 2545 1276 2612 partibus,
1312 2552 1627 2598 attentatur.
1671 2546 1875 2598 Horum
1903 2545 2038 2599 alte-

436 2645 554 2682 rum
586 2629 641 2681 in
674 2631 988 2684 reverendis
1028 2631 1381 2700 martyribus,
1417 2631 1648 2686 alterum
1697 2632 1958 2686 miramur
1986 2632 2040 2685 in

433 2724 493 2777 B.
530 2717 785 2792 Hugone.
818 2721 1207 2774 Verumtamen
1265 2720 1367 2772 hoc
1415 2719 1492 2771 illi
1540 2735 1641 2773 nec
1689 2735 1890 2773 novum
1936 2735 2038 2774 nec

436 2826 630 2865 recens
671 2809 863 2872 fuerat,
915 2807 970 2859 in
1020 2822 1132 2860 sua:
1180 2820 1417 2876 namque
1463 2806 1659 2860 mentis
1699 2807 2034 2871 excessibus,

435 2913 574 2968 quos
604 2897 787 2967 utique
806 2894 1033 2950 crebros
1064 2903 1116 2948 et
1137 2893 1396 2946 sublimes
1423 2893 1679 2957 habebat,
1704 2893 1907 2954 relictis
1929 2908 2037 2947 non

436 2985 612 3039 solum
643 2982 872 3047 caeteris,
910 2981 1006 3035 sed
1040 2989 1092 3034 et
1114 2989 1287 3034 semet
1313 2980 1413 3034 sub
1435 2997 1821 3051 se,supernam
1851 2981 2034 3035 dulce-

432 3073 614 3127 dinem
669 3069 1064 3125 delectabiliter
1121 3074 1341 3139 gustare
1383 3068 1573 3122 solitus
1633 3067 1840 3134 fuerat;
1891 3068 2034 3122 unde

441 3161 603 3215 etiarn
632 3159 700 3212 ad
729 3158 785 3212 id
814 3156 1130 3212 recurrebat
1173 3155 1422 3222 afﬂictus,
1457 3156 1601 3226 quod
1630 3155 1885 3210 incolumi
1912 3155 2033 3210 fue-

434 3256 514 3303 rat
571 3247 802 3302 dulcius.
867 3246 1106 3314 Apparet
1137 3243 1302 3314 igitur
1344 3244 1405 3297 B.
1456 3244 1762 3314 Hugonem,
1816 3244 1952 3298 sicut
1981 3250 2034 3297 et

429 3343 678 3390 sanctum
707 3334 828 3397 Job,
854 3332 976 3386 ideo
1003 3331 1160 3384 tantis
1183 3331 1583 3384 tribulationum
1612 3331 1868 3400 procellis
1901 3347 2031 3384 exa-

428 3423 675 3495 gitatum,
723 3421 993 3491 tantisque
1060 3419 1304 3474 dolorum
1356 3418 1670 3473 fornacibus
1715 3418 1880 3472 instar
1915 3418 2033 3472 auri

429 3511 735 3574 decoctum,
767 3517 823 3562 ut
853 3516 906 3563 et.
935 3506 1004 3562 ad
1035 3507 1350 3562 societatem
1407 3514 1716 3560 sanctorum
1764 3506 1950 3575 purior
1979 3513 2032 3560 et

431 3599 628 3654 clarior
656 3597 782 3652 hinc
813 3595 1001 3662 exiret,
1026 3603 1078 3649 et
1104 3595 1250 3665 quod
1273 3611 1378 3647 non
1411 3593 1695 3663 superficie
1727 3602 1900 3657 tenus,
1932 3594 2028 3647 sed

433 3703 500 3742 ex
530 3687 655 3741 totis
683 3683 940 3740 medullis
969 3686 1144 3738 Deum
1174 3682 1458 3747 dilexerat,
1493 3681 1726 3735 mundus
1757 3696 2030 3751 agnosce-

434 3782 535 3839 ret,
568 3774 696 3827 dum
731 3773 798 3826 ab
829 3772 947 3840 ejus
976 3769 1315 3826 invocatione
1364 3785 1464 3824 nec
1493 3769 1698 3823 doloris
1728 3784 1828 3822 nec
1859 3770 2028 3838 phre-

431 3862 580 3915 nesis
610 3861 695 3916 vis
727 3875 849 3914 cum
879 3859 986 3912 ulla
1018 3865 1409 3926 compesceret.
1443 3856 1581 3924 Quid
1612 3857 1768 3926 plura
1788 3856 1815 3908 ‘?
1846 3858 1907 3910 In
1946 3856 2028 3910 his

432 3964 604 4018 usque
633 3947 701 4001 ad
730 3947 976 4000 ultimum
1008 3944 1383 4014 perseveravit
1414 3945 1681 4014 spiritum.
1717 3945 1860 4015 Erga
1877 3961 2029 3999 suam

434 4035 800 4100 Cartbusiam,
833 4033 1057 4102 ejusque
1101 4031 1343 4101 priorem
1390 4032 1674 4102 indignum
1714 4033 1881 4102 (quod
1911 4033 2027 4088 sine

432 4123 688 4194 lacrymis
714 4136 820 4176 non
861 4120 1168 4186 scribimus)
1211 4118 1501 4188 specialem
1533 4119 1894 4185 dilectionem,
1929 4137 2026 4176 eo-

429 4228 550 4266 rum
579 4212 635 4264 in
664 4209 823 4264 tantis
877 4206 1251 4262 afﬂictionibus
1309 4207 1569 4262 memoria
1616 4223 1724 4261 non
1765 4209 2024 4270 carendo,

430 4301 810 4354 demonstrans
824 4339 837 4352 .

501 4391 588 4441 33.
620 4388 777 4441 Anno
816 4385 998 4454 itaque
1057 4384 1125 4438 ab
1171 4383 1544 4438 Incarnatione
1599 4384 1815 4438 Domini
1843 4383 2022 4438 mille-

428 4475 567 4528 simo
597 4473 894 4528 centesimo
926 4472 1205 4541 trigesimo
1238 4473 1495 4538 secundo,
1517 4473 1692 4527 aetatis
1720 4489 1884 4542 porro
1913 4488 2023 4526 sua:

427 4563 497 4616 ad
524 4562 702 4615 minus
732 4560 1084 4632 octogesimo,
1132 4575 1319 4614 mense
1352 4566 1561 4630 quarto,
1596 4559 2020 4614 consecrationis

429 4658 609 4704 autem
663 4649 848 4703 itidem
902 4648 969 4702 ad
1015 4648 1191 4701 minus
1240 4646 1692 4717 quinquagesimo
1755 4647 2014 4712 secundo,

429 4737 685 4793 Kalendis
715 4737 931 4808 Aprilis,
977 4743 1127 4791 sexta
1158 4743 1281 4790 ante
1325 4734 1631 4788 Palmarum
1678 4734 2016 4790 Dominicam

2148 1687 2304 1742 gans,
2342 1682 2398 1727 ut
2431 1675 2476 1727 si
2528 1675 2679 1728 brevi
2729 1673 3003 1744 deficeret,
3051 1684 3173 1746 post
3210 1692 3334 1730 eum
3390 1676 3557 1747 (quod
3587 1685 3639 1732 et
3667 1676 3753 1730 fa-

2145 1767 2287 1813 ctum
2320 1762 2424 1830 est)
2454 1762 2703 1830 protinus
2747 1762 3071 1817 mitteretur.

2217 1849 2304 1902 34.
2339 1848 2534 1902 Statim
2581 1865 2711 1903 vero
2742 1857 2796 1904 ut
2835 1851 2953 1918 ejus
3000 1850 3179 1905 obitus
3222 1850 3370 1905 fama
3414 1851 3748 1921 percrebuit,

2144 1945 2519 2005 accurrerunt,
2554 1953 2661 1991 non
2695 1954 2760 1992 ex
2791 1954 2890 1992 suo
2938 1946 3139 1993 tantum
3187 1939 3524 2010 episcopatu,
3556 1940 3651 1995 sed
3681 1957 3751 1996 ex

2145 2023 2368 2077 remotis
2425 2040 2642 2095 quoque
2710 2026 3024 2096 regionibus
3073 2026 3496 2082 innumerabiles
3539 2028 3746 2098 populi,

2145 2126 2331 2165 cereos
2390 2127 2453 2166 ac
2510 2113 2713 2167 diversi
2773 2115 2994 2184 generis
3065 2114 3366 2169 oblationes
3423 2114 3740 2170 afferentes.

2145 2199 2336 2253 Omnis
2365 2206 2518 2265 retas,
2573 2217 2734 2254 sexus
2779 2209 2940 2271 atque
2989 2201 3228 2256 conditio
3272 2202 3618 2257 devotissime
3648 2217 3744 2258 os-

2142 2286 2464 2340 culabantur
2517 2288 2686 2356 pedes
2726 2288 2861 2355 ejus,
2916 2288 3182 2342 intantum
3213 2297 3270 2342 ut
3299 2290 3544 2344 sandalia
3599 2291 3739 2360 ipsa,

2143 2380 2399 2442 tanquam
2430 2374 2598 2428 tincta
2627 2374 2806 2443 pellis,
2838 2375 3009 2430 saliva
3037 2376 3238 2445 pariter
3266 2385 3317 2431 et
3345 2377 3596 2447 lacrymis
3635 2377 3740 2431 ob-

2143 2469 2530 2526 scurarentur;
2563 2477 2687 2515 nam
2721 2471 2769 2515 et
2815 2462 3072 2517 lactentes
3112 2461 3483 2518 offerebantur
3510 2464 3740 2534 parvuli,

2141 2564 2248 2618 quo
2279 2557 2387 2601 tam
2418 2549 2588 2602 sancti
2618 2549 2863 2618 corporis
2882 2558 3027 2605 tactu
3058 2551 3318 2605 adversus
3349 2553 3528 2606 omnia
3562 2553 3739 2606 muni-

2142 2644 2325 2688 rentur
2353 2637 2604 2690 adversa.
2656 2637 2915 2691 Nonnulli
2965 2638 3125 2692 etiam
3173 2638 3417 2693 sandalia
3457 2640 3596 2710 ipsa,
3649 2657 3742 2694 ar-

2141 2722 2374 2776 dentiori
2402 2721 2506 2777 fide
2530 2723 2853 2793 osculando)
2884 2725 3244 2791 mordebant;
3279 2725 3484 2797 aliquid
3515 2727 3639 2782 inde
3668 2728 3740 2782 ob

2141 2808 2626 2864 sanctificationem
2681 2827 2868 2865 secum
2925 2811 3070 2867 ferre
3119 2813 3384 2868 volentes.
3428 2814 3625 2868 Annuli
3672 2830 3740 2870 ac

2141 2896 2344 2950 nummi
2375 2905 2428 2951 et
2458 2914 2544 2953 res
2575 2898 2696 2953 alia:
2739 2907 2927 2954 sancto
2957 2899 3370 2970 applicabantur
3409 2901 3651 2971 corpori,
3683 2910 3742 2956 ut

2140 3000 2204 3038 eo
2254 2985 2466 3054 sepulto
2528 3001 2626 3055 pro
2673 2986 2919 3056 reliquiis
2983 2988 3329 3043 haberentur.
3380 2989 3618 3043 Aderant
3666 3003 3737 3044 ex

2139 3073 2338 3126 nostris
2367 3081 2421 3127 et
2469 3073 2870 3128 Calesiensibus
2912 3081 3071 3145 atque
3101 3075 3530 3131 Excubiensibus
3559 3076 3739 3146 plures

2135 3161 2406 3227 conversi,
2443 3162 2800 3217 sanctissima;
2815 3161 2992 3233 gleba:
3013 3163 3265 3218 custodes
3295 3163 3518 3228 assidui,
3551 3180 3737 3219 mona-

2136 3248 2356 3301 chorum
2419 3264 2636 3318 quoque
2692 3257 2745 3304 et
2791 3249 3114 3305 clericorum
3179 3267 3302 3305 cum
3349 3251 3733 3307 ecclesiasticis

2134 3335 2481 3404 apparatibus
2502 3352 2701 3406 greges
2723 3352 2882 3406 quam
2904 3336 3124 3407 plurimi
3147 3355 3161 3402 ;
3193 3345 3370 3393 tantus
3385 3346 3566 3393 autem
3595 3355 3731 3394 con-

2134 3437 2327 3476 cursus
2357 3422 2594 3494 undique
2625 3423 2800 3477 fuerat
2829 3424 3035 3494 populi,
3071 3432 3123 3478 et
3171 3433 3284 3479 tam
3331 3434 3489 3497 grata
3525 3427 3734 3483 cunctis

2133 3509 2290 3562 etiam
2321 3509 2564 3565 defuncti
2609 3511 2916 3580 praesentia,
2951 3519 3008 3566 ut
3049 3511 3138 3566 vix
3193 3513 3412 3568 tandem
3458 3529 3579 3568 eum
3609 3530 3733 3584 per-

2131 3596 2375 3651 miserint
2423 3598 2657 3668 sepeliri.
2708 3599 2955 3670 Denique
3002 3599 3188 3670 quinta
3229 3600 3590 3657 defunctionis
3617 3602 3725 3668 die,

2131 3684 2306 3753 tertia,
2351 3693 2408 3739 ut
2465 3686 2718 3751 diximus,
2767 3694 2888 3756 post
2927 3686 3144 3742 Palmas
3191 3686 3350 3758 feria,
3399 3689 3728 3760 deceperunt

2132 3772 2337 3841 turbas,
2387 3774 2760 3843 promittentes
2810 3775 2957 3845 quod
3023 3775 3200 3845 ipsum
3244 3784 3393 3831 extra
3439 3777 3728 3832 ecclesiam

2131 3858 2388 3915 efferrent
2432 3869 2489 3914 ut
2532 3877 2655 3916 eum
2700 3861 2925 3917 liberius
2971 3871 3024 3917 et
3069 3863 3404 3920 intuerentur
3431 3872 3485 3920 et
3531 3873 3725 3936 tange-

2131 3955 2269 4002 rent.
2321 3950 2435 4004 Hac
2495 3949 2677 4020 itaque
2726 3966 2823 4021 spe
2871 3951 3226 4018 exeuntibus,
3273 3959 3323 4006 et
3368 3953 3442 4007 ita
3497 3953 3726 4009 ecclesia

2128 4037 2307 4090 Beatae
2338 4053 2556 4106 semper
2585 4037 2811 4110 virginis
2845 4038 3049 4105 Mariae,
3093 4039 3185 4093 ubi
3215 4039 3562 4110 sepeliendus
3587 4049 3721 4108 erat,

2129 4140 2193 4177 ex
2224 4132 2375 4192 parte
2403 4133 2666 4190 vacuata;
2722 4125 2988 4180 obseratis
3035 4126 3280 4196 protinus
3308 4127 3619 4184 firmissime
3642 4129 3724 4197 ja-

2127 4210 2268 4277 nuis,
2306 4211 2448 4266 sacri
2480 4212 2730 4282 corporis
2768 4214 3096 4268 venerandae
3126 4213 3386 4285 reliquie,
3417 4215 3471 4268 in
3502 4230 3722 4286 praepa-

2055 4292 2243 4353 Drato
2289 4301 2649 4370 sarcophago,
2704 4316 2827 4355 cum
2873 4301 3044 4355 multa
3090 4301 3394 4358 reverentia
3437 4310 3489 4358 et
3507 4302 3721 4375 ’ingenti

2124 4386 2532 4441 lamentantium
2577 4387 2782 4458 pariter
2825 4395 2878 4443 et
2918 4387 3258 4458 psallentium
3309 4390 3565 4455 clamore,
3615 4407 3719 4461 po-

2122 4482 2343 4529 nuntur.
2376 4475 2700 4544 Frequentia
2731 4491 2892 4545 porro
2923 4476 3204 4531 turbarum
3235 4477 3378 4532 circa
3409 4478 3716 4548 sepulcrum

2121 4561 2255 4627 ejus,
2291 4562 2454 4616 modo
2484 4563 2657 4616 rarior
2687 4564 2850 4618 modo
2881 4563 3120 4629 densior,
3154 4564 3224 4618 ob
3258 4581 3412 4635 spem
3440 4565 3637 4621 divinae
3662 4565 3717 4620 in

2119 4663 2179 4701 se
2204 4648 2584 4714 miserationis,
2637 4658 2862 4720 propter
2909 4650 3148 4722 ingentia
3197 4652 3338 4708 beati
3368 4652 3469 4709 viri
3497 4653 3711 4722 merita,

2118 4750 2263 4790 nunc
2294 4752 2463 4806 usque
2496 4745 2824 4806 perseverat.
