3978 6050
493 265 601 320 ’78⁵7

1374 263 1714 321 GUIGONIS
1752 264 1799 317 II
1838 260 2244 318 CARTHUSIIE
2280 258 2573 317 MAJORIS
2611 258 2903 316 PRIORIS.

3691 254 3805 309 788

488 376 3790 403 Μ

688 523 1548 658 GUIGONIS
1628 520 2752 667 CARTHUSIIE
2842 514 3597 652 PRIORIS

1718 763 1792 816 Ε]
1800 764 1885 817 US
1923 761 2221 817 NOMINIS
2261 760 2566 817 SECUNDI

817 940 1145 1087 LIBER
1224 942 1361 1087 DE
1440 941 2309 1114 QUADBIPERTITO
2382 936 3462 1163 EXERCITIQCELLM.

1984 1215 2301 1259 ACGEDUNT

493 1382 804 1443 BanNAnm
874 1381 1222 1443 Carthusiae
1279 1383 1611 1443 Portarum
1667 1384 1848 1461 primi
1905 1383 2172 1460 prioris;
2233 1383 2520 1456 Jomms,
2582 1380 2883 1459 Stephani
2942 1399 3015 1440 nn
3069 1378 3429 1454 CHALMETO,
3501 1376 3796 1455 ejusdem

1710 1487 2058 1548 Carthusiae
2088 1487 2537 1547 monachorum
2563 1534 2578 1563 ,
2906 1482 2909 1483 ⁷

1656 1670 2646 1813 EI’ISTOL/E

2025 1931 2185 1975 NEON
2189 1932 2269 1975 ΟΝ

789 2075 1165 2135 Alexandri
1191 2075 1317 2133 III
1335 2090 1522 2154 papa:
1554 2075 1643 2132 ad
1671 2074 2096 2133 Arthaudum
2114 2076 2402 2151 priorem
2436 2073 2815 2133 Carthasim
2845 2072 3131 2134 Alverioe
3157 2073 3488 2150 Epistola.

548 2234 710 2304 (Bibl.
744 2235 853 2287 PP.
887 2233 1089 2302 XXIV,
1123 2236 1278 2300 1463,
1311 2250 1377 2289 ex
1405 2234 1656 2289 Manuali
1694 2234 2114 2299 Solitariorum,
2148 2248 2282 2289 cura
2312 2241 2364 2289 et
2394 2234 2571 2290 studio
2601 2234 2743 2290 Petri
2774 2234 3043 2291 Francisci
3071 2234 3409 2304 Cmrruzm,
3444 2234 3738 2289 societatis.

1796 2330 1824 2382 Ι
1830 2345 1925 2385 esu
1954 2330 2275 2400 presbyteri,
2312 2330 2514 2399 edito.)

862 2607 1027 2709 DE
1101 2607 1960 2733 SEQUENTIBUS
2042 2609 2734 2713 OPUSCULIS
2812 2613 3425 2717 PIEFATIO.

559 2858 695 2927 Quia
715 2858 833 2913 haec
844 2855 1101 2927 opuscula
1122 2853 1269 2910 curis
1290 2854 1491 2908 nostris
1508 2854 1684 2909 lucem
1704 2868 1847 2910 nunc
1868 2854 2100 2924 primum
2132 2856 2183 2916 Α
2203 2853 2574 2924 reperiuntur.
2640 2832 2735 2908 llis
2784 2854 2935 2925 quasi
2982 2854 3225 2928 vestigiis
3267 2856 3505 2927 deducti,
3555 2857 3705 2912 illum
3726 2858 3788 2911 Β.

505 2947 795 3017 aspiciunt,
828 2954 881 3001 et
910 2944 1097 3016 ignota
1127 2942 1295 2998 fuisse
1314 2941 1563 2997 videntur
1603 2943 1765 2997 etiam
1810 2943 2095 2998 Theodoro

507 3037 733 3101 Petrazo,
768 3034 859 3106 qui
878 3048 1144 3104 nusquam
1171 3046 1360 3087 eorum
1388 3029 1631 3085 meminit
1658 3030 1711 3085 in
1766 3030 2096 3086 Bibliotheca

509 3123 885 3192 Carthusiana,
945 3129 1133 3176 nostra
1189 3136 1321 3175 sane
1375 3119 1640 3175 interesse
1684 3119 1978 3186 credimus,
2038 3127 2097 3174 ut

509 3212 703 3283 quibus
732 3228 798 3268 ex
824 3210 1185 3275 bibliothecis,
1238 3216 1292 3263 et
1320 3223 1481 3279 quam
1515 3207 1739 3262 vetustis
1783 3223 1849 3262 ex
1886 3208 2095 3263 codici-

511 3302 612 3354 bus
658 3298 973 3370 prodierint,
1030 3296 1225 3368 quibus
1271 3296 1341 3350 ab
1418 3294 1733 3350 auctoribus
1787 3295 2097 3365 conscripta

511 3387 726 3453 fuerint,
776 3393 829 3441 et
873 3384 1057 3457 qualia
1127 3383 1360 3455 denique
1418 3383 1543 3451 sint,
1602 3398 1703 3452 per
1748 3398 1850 3438 nos
1891 3383 2011 3453 ipso
2041 3383 2095 3437 in

510 3475 689 3547 cperis
717 3474 988 3530 vestibulo
1017 3472 1373 3543 intelligatur.

510 3584 550 3637 Ι.
582 3584 740 3640 Liber
768 3583 846 3640 De
865 3580 1277 3651 quadripertito
1312 3580 1587 3651 exercitio
1608 3579 1805 3651 cella,
1866 3582 2096 3651 auctore

582 3655 671 3718 (ut
706 3650 953 3720 videtur)
1023 3650 1284 3721 Guigone,
1328 3650 1515 3721 priore
1588 3650 1916 3715 Carthusiaz,
1976 3650 2095 3718 ejus

582 3723 834 3779 nominis
881 3720 1144 3776 secundo.

581 3829 735 3883 Hunc
781 3826 978 3881 librum
1009 3840 1075 3880 ex
1105 3823 1293 3880 codice
1337 3824 1635 3880 Carthusiae
1662 3825 1947 3879 Portarum
1994 3824 2095 3879 de-

512 3915 847 3984 scripsimus,
879 3912 1077 3968 deinde
1131 3927 1197 3967 ex
1233 3911 1422 3967 codice
1475 3912 1773 3967 Carthusia:
1815 3912 1993 3977 Parci,
2040 3912 2098 3965 in

510 4001 855 4066 Cenomanis,
873 4006 1127 4070 acceptas
1154 3998 1429 4054 variantes
1458 3999 1661 4071 aliquot
1688 3999 1969 4069 lectiones,
2005 4001 2098 4055 ubi

512 4106 649 4161 opus
674 4089 887 4145 fuit‘vel
916 4088 1083 4143 textui
1119 4095 1177 4141 ut
1216 4086 1461 4142 saniores
1500 4087 1860 4159 alligavimus,
1920 4088 2007 4144 vel
2027 4087 2099 4144 ad

2194 2942 2279 2997 cui
2336 2948 2595 2997 tractatus
2634 2942 2735 2998 iste
2793 2942 3125 3014 inscribitur,
3184 2946 3426 3017 priorem
3490 2946 3795 3002 Carthusia:

2196 3029 2663 3096 Wittbeamensis,
2690 3032 2835 3086 haud
2852 3031 3017 3086 alium
3029 3049 3151 3089 esse
3173 3035 3483 3089 censuimus
3495 3050 3527 3089 a
3543 3036 3782 3101 Bovone,

2192 3135 2406 3191 magnae
2427 3118 2710 3190 religionis
2739 3126 2791 3173 et
2820 3120 3037 3189 spiritus
3061 3122 3364 3192 prophetici
3384 3123 3519 3189 viro,
3545 3138 3708 3193 quem
3725 3122 3786 3177 S.

2194 3207 2439 3277 Hugonis
2450 3206 2845 3261 Lincolniensis
2867 3208 3108 3279 episcopi
3119 3211 3240 3265 Vita
3252 3211 3529 3280 prolixior,
3547 3211 3790 3282 quinque

2192 3296 2249 3350 in
2276 3295 2445 3349 libros
2473 3294 2687 3365 digesta
2715 3295 2785 3349 ab
2815 3303 3033 3352 auctore
3066 3298 3183 3366 ejus
3212 3298 3533 3365 domestico,
3569 3298 3789 3370 Hugoni

2194 3399 2259 3438 ex
2287 3382 2469 3453 priore
2500 3382 2923 3438 Wittheamensi
2961 3385 3029 3438 ad
3062 3386 3430 3456 episcOpatam
3483 3394 3788 3457 assumpto,

2195 3487 2337 3525 anno
2367 3469 2567 3525 Christi
2598 3471 2709 3525 fere
2749 3474 2906 3538 1186,
2926 3472 2993 3527 in
3043 3473 3287 3541 ejusdem
3336 3474 3791 3530 Wittheamensis

2196 3558 2496 3614 Carthusiae
2562 3558 3030 3615 administratione
3091 3563 3426 3618 successisse
3482 3561 3788 3628 conﬁrmat,

2194 3662 2319 3702 cum
2346 3656 2469 3702 ante
2500 3646 2736 3718 quinque
2755 3647 3047 3703 admodum
3067 3665 3239 3704 annos
3260 3666 3591 3723 magnOpere
3607 3659 3795 3706 auctor

2194 3735 2403 3801 fuisset,
2438 3742 2495 3789 ut
2523 3735 2827 3806 Anglorum
2861 3736 2980 3807 regi
3003 3738 3162 3809 Hugo
3184 3738 3328 3793 idem
3365 3739 3785 3793 Wittheamensi

2193 3823 2376 3877 domui
2429 3822 2766 3893 praefuturus
2823 3824 3214 3880 concederetur
3248 3825 3369 3880 :sic
3430 3826 3574 3880 enim
3629 3826 3793 3880 habet

2196 3910 2314 3964 Vita
2341 3910 2434 3963 illa
2463 3909 2519 3965 S.
2553 3910 2817 3980 Hugonis,
2883 3911 2977 3967 lib.
3012 3928 3071 3979 tt,
3105 3928 3155 3968 c.
3190 3916 3221 3967 3
3259 3933 3273 3980 ;
3306 3913 3360 3967 in
3393 3913 3791 3969 consultatione

2196 3999 2412 4051 Patrum
2460 3998 2926 4053 Carthusiensium
3002 4016 3166 4069 super
3222 4016 3288 4055 eo
3317 4001 3582 4073 negotio:
3634 4003 3784 4057 Unus

2195 4088 2354 4153 Bovo,
2380 4102 2541 4158 quem
2569 4090 2765 4158 postea
2780 4089 3031 4158 priorem
3078 4087 3418 4144 Witthamiw
3450 4089 3547 4146 hoc
3587 4091 3792 4160 saepius

509 4185 753 4233 nostrum
783 4176 1058 4246 exemplar
1086 4176 1229 4230 inter
1285 4190 1457 4229 uncos
1499 4175 1897 4241 adnotavimus,
1957 4193 2097 4246 prae-
2127 4199 2177 4260 Β
2196 4185 2547 4253 referentem
2568 4182 2907 4249 audivimus,
2942 4201 2979 4239 a
3027 4186 3137 4240 Deo
3163 4186 3347 4240 exisse
3376 4187 3605 4241 verbum
3644 4188 3796 4255 regis

511 4267 692 4326 missis
711 4264 903 4320 litteris
923 4268 1067 4320 Par:
1101 4262 1296 4333 quibus
1325 4262 1607 4318 Parcensis
1629 4263 1799 4318 codex
1817 4263 2096 4335 signiﬁca-

510 4361 675 4410 retur.
698 4353 803 4421 Qui
823 4360 999 4406 autem
1017 4352 1113 4405 has
1130 4351 1378 4407 diversas
1398 4351 1658 4406 lectiones
1670 4352 1741 4406 ad
1752 4369 1840 4407 me
1857 4352 2097 4407 transmi-

512 4442 581 4497 sit
609 4441 690 4511 yir
707 4439 1151 4505 humanissimus,
1187 4446 1350 4510 atque
1387 4438 1681 4494 admodum
1729 4441 2090 4505 venerandus,

510 4530 744 4584 domnus
773 4528 1011 4583 Joannes
1040 4527 1301 4591 Chauvet,
1352 4528 1628 4597 generalis
1682 4529 1857 4582 scriba
1891 4529 2097 4584 ordinis

510 4615 927 4682 Carthusiensis,
962 4615 1122 4670 simul
1167 4615 1444 4670 admonuit
1494 4630 1618 4669 eum
1673 4616 1917 4670 codicem
1959 4616 2095 4670 Par-

508 4720 729 4761 censem
749 4703 817 4758 de
848 4703 1067 4758 illorum
1095 4718 1218 4757 esse
1247 4717 1469 4757 numero
1502 4717 1638 4772 quos
1674 4710 1891 4758 sanctus
1940 4704 2095 4759 Gau-

507 4794 682 4848 fridus
711 4793 780 4848 de
837 4793 1119 4855 Lauduno,
1181 4789 1607 4845 Cenomanensis
1662 4791 1950 4860 episcopus
1995 4792 2098 4864 (sic

510 4881 652 4937 enim
697 4881 861 4952 vulgo
916 4885 1280 4947 nuncupatur,
1340 4876 1584 4946 quamvis
1639 4878 1784 4933 nulla
1841 4880 2095 4936 Romanae

507 4969 655 5025 sedis
674 4968 988 5023 auctoritate
1034 4964 1378 5032 vindicatus),
1439 4964 1732 5021 Carthusia:
1788 4968 1938 5023 Parci
1968 4968 2093 5023 fun-

505 5056 665 5110 dator
723 5055 1013 5122 secundus,
1063 5052 1113 5107 ei
1150 5051 1339 5119 domui
1412 5052 1637 5105 contulit
1690 5053 1833 5109 circa
1896 5071 2095 5111 annum

508 5142 706 5197 Christi
737 5143 891 5197 1244.
926 5140 1084 5208 Quod
1116 5139 1162 5194 si
1181 5139 1253 5193 ita
1308 5138 1489 5207 habet,
1536 5138 1813 5197 afﬁrmare
1868 5158 2095 5199 necesse

508 5230 609 5286 erit
638 5229 969 5298 descriptum
999 5244 1121 5284 esse
1162 5228 1430 5281 Parcense
1480 5225 1613 5281 illud
1644 5229 1920 5301 exemplar
1972 5240 2095 5287 ante

506 5334 678 5373 annos
709 5316 920 5372 circiter
948 5318 1399 5387 quadringentos.
1446 5316 1729 5371 Portarum
1758 5334 1889 5374 vero
1921 5321 2093 5375 codex

506 5405 942 5461 etiamvetustior
1000 5421 1065 5459 ex
1115 5422 1179 5460 eo
1236 5408 1673 5478 deprehenditur,
1732 5409 1875 5479 quod
1929 5408 2098 5463 habet

2197 4272 2517 4337 asserebat;
2549 4271 2617 4327 de
2646 4272 2874 4342 Hugone
2907 4272 3022 4327 haec
3053 4272 3346 4341 subjiciens
3372 4290 3383 4327 :
3409 4274 3630 4330 Credite
3652 4290 3795 4328 mere

2193 4360 2491 4429 parvitati.
2506 4358 2662 4414 Inter
2674 4361 2968 4430 praecipua
2984 4361 3249 4415 Ecclesice
3268 4360 3577 4417 luminaria
3605 4363 3796 4433 ipsum

2197 4449 2259 4501 in
2307 4447 2458 4502 brevi
2495 4447 2758 4513 audietis,
2788 4464 2953 4519 super
2985 4448 3387 4504 candelabrum
3425 4450 3796 4505 ecclesiastici

2194 4536 2486 4605 regiminis
2524 4535 2826 4589 sublevari.
2869 4535 3091 4591 Dudum
3110 4537 3255 4592 mihi
3284 4537 3590 4592 virtutibus
3616 4539 3792 4607 Hugo,

2196 4623 2485 4693 episcopus
2499 4624 2685 4692 potius
2706 4624 2856 4677 visus
2879 4628 3144 4695 estquam
3158 4624 3469 4681 monachus
3499 4626 3795 4680 exstitisse

2193 4709 2389 4763 Notatu
2411 4717 2590 4763 autem
2609 4710 2775 4779 digna
2803 4726 2892 4764 res
2909 4718 3009 4778 est,
3043 4711 3186 4782 quod
3205 4712 3261 4764 in
3290 4711 3621 4767 dedicatoria
3648 4712 3792 4767 scri-

2194 4796 2337 4850 bitur
2366 4798 2456 4851 :B.
2481 4799 2643 4852 Prior
2660 4814 2973 4869 pauperum
3015 4798 3243 4866 Christi,
3273 4800 3451 4871 quiin
3493 4801 3795 4855 Witthcam

2190 4889 2611 4940 commanentes
2648 4886 2947 4941 :ordinem
2975 4890 3113 4941 sunt
3172 4887 3630 4942 Carthusiensem
3669 4904 3795 4959 pro-

2195 4974 2349 5043 fessi.
2376 4971 2496 5040 Qua
2526 4972 2699 5027 forma
2723 4982 2774 5027 et
2791 4972 2971 5046 Guigo
2994 4974 3205 5044 priorV
3236 4974 3454 5044 majoris
3492 4975 3795 5029 Carthusiee

2195 5060 2273 5116 sic
2294 5061 2502 5115 orditur
2522 5061 2811 5132 prologum
2827 5062 2961 5116 Vitaa
2978 5062 3032 5115 S.
3052 5062 3296 5132 Hugonis
3319 5062 3560 5133 episcOpi
3580 5062 3796 5117 Gratia~

2193 5147 2509 5217 nopolitani.
2533 5150 2768 5204 Domino
2797 5153 2853 5203 et
2870 5151 3032 5205 Patri
3052 5149 3408 5217 charissima,
3439 5167 3504 5206 ac
3534 5166 3796 5206 reveren—

2192 5237 2419 5291 dissi-mo
2432 5236 2576 5291 sedis
2594 5238 2914 5308 apostolicae
2928 5238 3188 5308 pontiﬁci
3199 5238 3796 5306 Innocentio,Carthu-

2191 5324 2463 5379 siensium
2480 5340 2794 5397 pauperum
2814 5342 3003 5380 servus
3016 5325 3246 5380 inutilis
3258 5326 3443 5396 Cuigo,
3458 5330 3793 5397 perpetuam

2190 5414 2456 5477 salutem,
2480 5421 2607 5478 etc.,
2633 5419 2685 5466 et
2706 5411 3115 5467 Carthusienses
3136 5412 3411 5479 Majorevi,
3429 5412 3570 5466 inter
3591 5413 3795 5482 episto-

505 5510 669 5550 voces
701 5494 967 5565 quasdam
1023 5494 1332 5550 remotioris
1400 5496 1520 5563 aevi,
1552 5504 1603 5552 et
1661 5512 1691 5550 a
1745 5512 1883 5567 puro
1939 5496 2159 5570 Latio“
2190 5499 3795 5570 lasPetriCluniacensis,lib.v1,epist.23:PetroVenera-

506 5582 680 5654 magis
733 5583 1106 5650 abhorrentes,
1167 5600 1286 5655 quae
1356 5584 1411 5639 in
1467 5584 1719 5641 Parcensi
1796 5584 2096 5643 emendatae

2114 5549 2162 5611 Ο

2196 5587 2294 5642 bili
2316 5593 2371 5643 et
2402 5588 2722 5681 honorando
2752 5589 2851 5644 Dei
2878 5588 3066 5660 gratia
3097 5588 3564 5645 Cluniacensium
3583 5587 3791 5653 abbati,
