3978 6050
249 191 353 244 ’789

1202 186 1403 241 LIBER
1444 187 1535 241 DE
1568 186 1952 243 EXERCITIO
1991 187 2246 245 CELLIE.
2280 219 2347 229 -—
2377 191 2589 247 PR/EF.

3439 197 3543 249 790

242 314 673 386 fraterhumitis
684 311 1267 384 pauperumMajorevi
1277 313 1431 383 prior
1444 315 1915 380 vocatus,cumA
1945 313 2135 383 priore
2182 315 2305 371 loco
2350 316 2495 371 Bovo
2535 316 2827 373 Cartliusiaz
2855 320 3185 385 monachus,
3219 327 3331 373 tum
3362 318 3539 390 Guigo

247 403 455 458 eisdem
499 400 861 473 pauperibus,
915 404 1193 455 aeternam
1222 416 1256 454 a
1296 400 1532 455 Domino
1561 401 1832 455 salutem.

251 491 321 545 Ut
350 488 573 543 minime
601 488 824 542 dubium
855 486 921 542 sit
953 487 1084 557 quin
1129 487 1470 542 Carthusiani
1512 488 1695 557 prisco
1727 504 1845 543 aevo

243 593 523 650 pauperes
572 576 738 646 vulgo
786 574 1152 645 cognominati
1192 574 1427 637 fuerint;
1461 576 1606 645 quod
1639 575 1843 631 scilicet

251 680 442 721 eorum
486 664 658 719 victus
702 678 768 718 ac
816 662 1041 717 vestitus
1087 662 1172 717 vel
1202 662 1433 717 tenuitas
1462 663 1548 717 vel
1579 664 1846 733 asperitas

250 769 365 824 prae
386 752 597 807 caeteris
622 751 884 805 emineret
911 768 923 803 :
948 766 1109 821 quam
1129 750 1183 803 in
1201 766 1338 815 rem,
1363 750 1625 805 videndus
1651 761 1847 820 praeter

251 842 386 895 alios
426 842 614 895 Petrus
656 838 1025 902 Venerabilis,
1058 838 1151 892 lib.
1188 840 1228 890 [l
1261 839 1340 892 De
1372 838 1663 903 miraculis,
1698 854 1747 893 c.
1778 844 1845 895 28

250 937 304 983 et
331 932 419 997 29,
462 928 552 998 qui
600 935 653 982 et
681 926 867 997 quanti
915 926 1101 981 fecerit
1132 926 1512 980 Carthusiense
1543 926 1843 980 institutum

254 1032 399 1086 saepe
461 1014 594 1069 alias
660 1013 938 1079 declarat;
967 1014 1268 1083 praesertim
1333 1030 1462 1068 vero
1518 1014 1643 1067 libri
1709 1014 1845 1068 sexti

254 1102 487 1174 epistola
533 1102 854 1156 duodecima
897 1102 965 1155 ad
1007 1102 1309 1171 Eugenium
1341 1116 1559 1171 papam,
1594 1101 1848 1156 vicesima

254 1199 447 1262 quarta
494 1190 563 1243 ad
608 1189 797 1243 fratres
859 1189 1143 1256 Majorevi,
1209 1196 1262 1243 et
1311 1190 1731 1259 quadragesima
1778 1190 1847 1244 ad

251 1278 501 1333 Basilium
524 1277 763 1347 priorem
785 1276 1105 1331 Carthusiae.
1128 1276 1284 1331 Nunc
1304 1292 1465 1346 porro
1483 1277 1847 1345 procedamus

254 1366 324 1421 ad
351 1364 735 1437 inquirendum
761 1366 921 1433 hujus
962 1370 1243 1419 auctorem
1290 1364 1470 1433 operis
1506 1380 1517 1417 :
1550 1379 1711 1433 quem
1743 1363 1844 1417 etsi

252 1461 443 1509 neuter
462 1453 635 1508 codex
655 1452 725 1506 de
743 1452 963 1507 nomine
984 1452 1293 1522 appellavit,
1318 1451 1642 1521 quibusdam
1663 1459 1843 1504 tamen

255 1540 526 1612 insparsis
573 1556 759 1594 rerum
809 1539 1093 1608 adjunctis,
1126 1539 1195 1593 ad
1212 1539 1533 1610 “Guigonem
1564 1555 1626 1592 ex
1660 1538 1843 1608 priore

1946 416 2011 454 ex
2042 402 2221 471 priore
2267 404 2460 457 domus
2509 404 2772 471 ejusdem.
2827 406 2892 459 Et
2922 406 3039 461 hznc
3070 406 3287 476 quidem
3318 406 3541 475 imprae-

1946 490 2241 544 sentiarum
2271 507 2336 544 ex
2368 492 2701 558 conjectura.
2737 494 2796 546 In
2828 501 3107 563 posterum
3130 494 3174 547 si
3206 494 3331 564 quid
3362 494 3541 549 diver-

1947 592 2064 630 sam
2092 577 2146 631 in
2176 579 2494 632 sententiam
2527 595 2680 634 novae
2708 580 2843 634 lucis
2890 580 3172 646 affulserit,
3206 598 3306 636 nos
3335 582 3390 635 in
3422 597 3542 637 eam

1946 666 2086 719 ultro
2116 682 2180 721 ac
2210 666 2458 720 lubentcs
2489 668 2873 722 concedamus.

2018 754 2283 807 Caeterum
2314 754 2368 807 in
2400 756 2500 809 hoc
2522 770 2688 823 opere
2717 756 2902 809 mirari
2934 758 3055 826 quis
3086 757 3259 826 possit
3296 757 3436 827 quod
3468 756 3543 811 ait

1946 849 2153 905 auctor,
2188 857 2310 911 cap.
2363 846 2451 909 28,
2499 844 2765 911 reprobos
2796 844 3022 913 angelos
3052 845 3368 899 charitatem
3400 860 3543 899 nun-

1948 945 2111 999 quam
2142 930 2415 992 habuisse,
2471 931 2712 1000 adeoque
2756 932 3037 986 charitatis
3068 932 3287 1002 quidem
3315 947 3545 1001 capaces

1946 1016 2136 1084 fuisse,
2168 1032 2275 1069 non
2304 1026 2482 1070 tamen
2513 1018 2828 1072 charitatem
2860 1020 3169 1089 capientes;
3202 1020 3545 1075 Ezechielem

1949 1119 2047 1174 pro
2079 1120 2137 1158 se
2166 1104 2430 1175 allegans,
2455 1120 2581 1174 cap.
2632 1121 2834 1172 xxvm,
2856 1124 3016 1161 versu
3044 1111 3126 1173 13,
3152 1108 3337 1177 juncta
3367 1109 3543 1163 inter-

1946 1192 2247 1261 pretatione
2311 1192 2481 1247 sancti
2543 1192 2797 1263 Gregorii
2867 1211 3039 1264 papae.
3106 1196 3330 1265 Ruperti
3413 1212 3543 1251 sane

1948 1273 2208 1327 institisse
2238 1273 2452 1327 videtur
2481 1275 2745 1344 vestigiis,
2783 1277 2884 1331 hoc
2923 1278 3099 1346 ipsum
3129 1279 3424 1333 asserentis
3446 1279 3542 1333 lib.

1950 1376 1987 1427 ι,
2024 1362 2100 1414 De
2132 1360 2389 1429 operibus
2422 1362 2713 1427 Trinitatis,
2747 1377 2869 1432 cap.
2908 1368 2992 1432 16,
3027 1375 3079 1419 et
3108 1366 3299 1433 eodem
3331 1383 3396 1421 ex
3422 1366 3544 1422 loco

1948 1448 2269 1513 Ezechielis,
2308 1448 2417 1503 imo
2446 1457 2499 1503 et
2531 1450 2786 1521 Gregorii
2816 1466 2995 1521 papae,
3016 1470 3178 1522 quem
3202 1454 3289 1508 hic
3312 1453 3547 1524 sublegit

1951 1550 2015 1590 ac
2045 1551 2184 1605 pene
2215 1536 2572 1606 transcripsit.
2608 1540 2674 1591 At
2696 1538 2829 1591 istos
2852 1555 2947 1593 seu
2970 1540 3156 1595 Patres
3179 1556 3275 1594 seu
3295 1541 3547 1595 doctores

197 1649 203 1656 ·
257 1628 579 1694 Carthasim,
635 1628 753 1695 ejus
790 1627 1026 1681 nominis
1069 1626 1329 1690 secundo,
1364 1642 1463 1680 nos
1493 1626 1649 1696 quasi
1679 1641 1841 1679 manu
1875 1656 1927 1713 B
1952 1631 2074 1677 sunt
2105 1623 2195 1693 qui
2226 1623 2501 1693 eXplicant
2524 1625 2592 1679 de
2614 1626 2877 1681 charitate
2892 1627 3111 1695 actuali,
3138 1643 3300 1699 quam
3323 1628 3549 1699 angelos

254 1716 479 1771 deduxit
507 1716 597 1786 qui
627 1715 882 1769 nimirum
922 1714 1171 1768 abdicato
1202 1714 1539 1783 generalatu,
1572 1714 1640 1767 ad
1673 1729 1845 1767 annos

253 1804 543 1859 duodecim
587 1810 885 1873 superstes,
937 1802 1202 1872 privatam
1255 1801 1308 1854 in
1355 1801 1643 1855 Carthusia
1686 1802 1848 1856 vitam

254 1892 368 1964 egit
391 1912 404 1959 ;
440 1892 574 1946 obiit
601 1898 781 1945 autem
804 1892 847 1945 V
877 1889 1151 1945 Kalendas
1182 1889 1454 1954 Octobris,
1482 1904 1624 1943 anno
1652 1890 1849 1944 Christi

255 1984 412 2047 1188,
477 1994 601 2034 cum
644 1979 756 2047 jam
801 1985 924 2033 ante
999 1978 1277 2033 biennium
1317 1978 1463 2033 Bovo
1530 1978 1850 2032 Wittheami

256 2068 501 2139 priorem
563 2082 731 2138 agere
780 2065 1053 2134 ccepisset.
1120 2066 1257 2119 Nam
1302 2064 1356 2118 in
1407 2064 1599 2134 primis
1639 2072 1846 2131 auctor,

253 2156 430 2226 capite
497 2158 581 2218 15,
632 2161 685 2208 et
731 2153 934 2224 passim
982 2152 1106 2206 aliis
1152 2152 1286 2206 locis
1337 2151 1751 2206 Carthusianum
1790 2168 1849 2207 se

252 2243 454 2314 prodit.
505 2241 713 2298 Deinde
766 2256 891 2296 cum
940 2240 1065 2295 citet
1113 2240 1317 2309 pluries
1359 2241 1513 2308 juxta
1568 2241 1845 2310 antiquam

253 2331 486 2386 formam
535 2337 731 2384 statuta
776 2328 1065 2399 Guigonis,
1101 2345 1222 2399 qua:
1250 2335 1443 2397 postea
1472 2343 1614 2382 anno
1644 2327 1848 2381 Christi

255 2423 413 2486 1259,
471 2418 623 2473 aliter
689 2418 899 2488 digesta
957 2423 1118 2481 sunt;
1162 2416 1343 2469 medio
1410 2423 1655 2485 tempore
1711 2416 1851 2469 inter

256 2506 565 2578 Guigonem
594 2505 830 2575 primum
872 2504 987 2574 (qui
1032 2496 1251 2573 scripsit
1286 2503 1430 2558 circa
1460 2519 1657 2557 annum
1690 2502 1850 2573 1130)

258 2602 313 2651 et
342 2610 545 2648 annum
578 2596 714 2649 1259
744 2592 1035 2661 scripsisse
1065 2591 1216 2645 illum
1247 2605 1474 2646 necesse
1498 2598 1597 2645 est.
1622 2591 1703 2644 Ad
1734 2591 1851 2646 hrec

259 2683 456 2737 eodem
485 2681 576 2736 illo
604 2680 778 2751 capite
809 2684 895 2749 15,
930 2687 982 2733 et
1010 2678 1143 2733 locis
1166 2678 1307 2745 aliis,
1332 2678 1569 2749 loquitur
1592 2686 1850 2747 tanquam

256 2777 582 2841 potestatem
629 2768 856 2834 habens,
911 2782 975 2823 ac
1022 2768 1235 2837 priores
1278 2767 1427 2837 ipsos
1456 2766 1614 2821 totius
1645 2766 1851 2820 ordinis

260 2857 665 2913 Carthusiensis
708 2856 854 2911 velut
900 2855 956 2909 in
982 2855 1227 2926 generali
1259 2854 1494 2925 capitulo
1548 2862 1852 2925 praesentes

256 2945 573 3017 alloquitur,
608 2952 660 2999 et
691 2960 758 2999 ea
797 2944 1187 2999 sententiarum
1236 2943 1504 3015 gravitate
1537 2942 1849 3012 compellat,

256 3050 379 3106 qua:
407 3041 496 3088 aut
524 3032 797 3105 generalis
817 3031 1094 3102 prmpositi
1132 3031 1528 3095 auctoritatem,
1553 3038 1642 3083 aut
1663 3030 1850 3083 saltem

262 3124 380 3191 ejus
409 3121 757 3193 magistratus
812 3120 938 3174 olim
982 3119 1122 3188 gesti
1167 3118 1422 3188 reliquias
1471 3117 1701 3172 redolet.
1736 3118 1853 3171 Fuit

258 3210 428 3281 igitur
455 3216 646 3264 auctor
676 3217 726 3263 et
757 3207 1057 3262 Carthusim
1086 3206 1281 3270 incola,
1307 3213 1358 3260 et
1386 3205 1671 3275 principum
1704 3204 1757 3258 in
1788 3220 1854 3259 ea

259 3298 561 3370 dignitatis.
613 3299 788 3367 Atque
831 3296 946 3349 haec
987 3293 1169 3349 omnia
1215 3293 1303 3347 vix
1334 3293 1575 3347 invenias
1607 3293 1661 3346 in
1692 3308 1853 3362 quem

260 3394 387 3457 apte
398 3384 742 3449 conveniant,
758 3399 883 3439 cum
900 3382 970 3435 ab
984 3397 1093 3436 uno
1108 3381 1214 3437 hoc
1238 3380 1488 3452 Guigone
1507 3380 1849 3436 discesseris:

256 3476 331 3531 de
359 3488 466 3545 quo
510 3474 629 3528 haec
670 3471 838 3527 tradit
883 3470 1103 3542 quidam
1137 3470 1253 3537 ejus
1302 3468 1511 3523 ordinis
1562 3469 1799 3538 scriptor
1836 3486 1849 3522 :

264 3565 492 3632 Magnus
509 3577 647 3616 sane
663 3563 767 3627 vir,
788 3558 1112 3615 admirabili
1131 3558 1445 3620 docilitate,
1470 3560 1527 3611 et
1549 3557 1855 3627 prudentia

260 3652 389 3706 sine
404 3649 568 3705 dubio
584 3650 836 3703 humana
854 3647 1089 3716 majore,
1109 3644 1580 3715 contemplationi
1596 3660 1660 3698 ac
1680 3644 1855 3715 quieti

260 3741 515 3809 impense
545 3737 786 3802 deditus,
823 3752 859 3789 a
878 3734 1130 3805 capitulo
1162 3734 1416 3803 generali
1445 3733 1855 3787 absolutionem

257 3828 432 3898 petiit
452 3830 511 3880 et
536 3826 775 3896 accepit,
809 3838 949 3878 onus
970 3822 1117 3876 illud
1146 3821 1252 3876 sibi
1277 3822 1435 3891 longe
1458 3822 1854 3891 gravissimum

260 3915 581 3979 excutiens,
612 3911 756 3983 quod
774 3927 831 3965 se
851 3912 1043 3964 minus
1066 3909 1330 3964 idoneum
1348 3911 1604 3979 putaret,
1630 3912 1858 3979 propter

258 4001 751 4073 inexperientiam
770 4014 965 4053 rerum
990 3998 1392 4061 humanarum,
1416 4012 1553 4067 quas
1570 3997 1756 4050 multa
1776 3995 1859 4049 di-

259 4092 529 4145 vinarum
575 4086 1049 4157 contemplatione
1084 4085 1440 4153 neglexerat.
1468 4084 1603 4138 Pius
1629 4084 1858 4137 tandem

265 4174 435 4243 Guigo
448 4173 717 4243 spiritum
729 4170 800 4224 ad
818 4170 1001 4224 lucem
1014 4168 1232 4223 emittit
1241 4170 1595 4238 perpetuam,
1615 4183 1648 4221 v
1663 4167 1861 4220 Kalen-

261 4261 364 4315 das
400 4259 823 4325 Octobris1188,
852 4271 1003 4311 anno
1036 4258 1101 4311 12
1124 4258 1251 4325 post
1274 4255 1681 4310 absolutionem
1707 4271 1719 4306 :
1743 4270 1858 4309 non

1952 1711 2219 1781 reprobos
2271 1728 2543 1783 nunquam
2590 1714 2845 1769 habuisse
2884 1716 3027 1768 haud
3058 1716 3410 1785 improbabile
3441 1724 3545 1781 est,

1947 1800 2249 1868 prmsertim
2288 1800 2463 1869 posita
2487 1801 2850 1871 quorumdam
2873 1803 3159 1869 sententia,
3188 1804 3544 1858 asserentium

1948 1902 2045 1942 eos
2092 1903 2200 1941 uno
2266 1895 2469 1942 tantum
2536 1888 2755 1942 instanti
2790 1906 2819 1942 a
2845 1890 3022 1959 primo
3081 1906 3177 1944 suo
3217 1892 3436 1945 conditu
3478 1892 3549 1946 ad

1949 1974 2160 2044 lapsum
2209 1990 2381 2045 usque
2435 1976 2756 2044 perstitisse.
2813 1975 2950 2043 Quia
2998 1985 3176 2032 tamen
3216 1979 3548 2047 probabilius

1951 2071 2032 2117 est
2062 2070 2173 2115 tam
2204 2062 2427 2115 brevem
2459 2079 2567 2117 non
2600 2062 2767 2117 fuisse
2800 2065 3122 2135 angelorum
3154 2066 3318 2131 viam,
3342 2075 3394 2120 et
3424 2067 3548 2137 quia

1948 2149 2149 2204 frustra
2188 2148 2350 2203 infusi
2401 2150 2719 2203 viderentur
2768 2152 2979 2205 habitus
3009 2154 3469 2223 supernaturales,
3504 2153 3550 2207 si

1950 2238 2160 2293 nullum
2178 2253 2413 2307 unquam
2433 2237 2489 2290 in
2520 2246 2698 2292 actum
2722 2240 3126 2309 prorupissent;
3160 2240 3345 2294 malim
3367 2240 3552 2295 dicere

1951 2341 2074 2381 cum
2132 2327 2341 2380 Joanne
2386 2324 2670 2392 Martinon,
2722 2327 2862 2396 disp.
2906 2330 2995 2394 43,
3037 2328 3103 2382 de
3135 2328 3379 2397 Angelis,
3414 2336 3546 2384 sect.

1951 2418 2002 2482 5,
2036 2430 2090 2467 n.
2124 2416 2211 2481 41,
2264 2413 2607 2468 Ezechielem
2656 2430 2780 2469 cum
2824 2414 3095 2485 Gregorio
3140 2416 3318 2485 potius
3348 2416 3549 2471 intelli-

1950 2502 2162 2574 gendos
2192 2502 2258 2556 de
2289 2502 2596 2569 charitate,
2630 2518 2744 2557 non
2767 2503 3124 2573 simpliciter,
3148 2504 3244 2558 sed
3262 2508 3433 2559 aucta
3446 2520 3549 2575 per

1949 2592 2197 2655 merita;
2232 2593 2298 2643 ut
2326 2588 2549 2643 indicat
2586 2590 2811 2644 verbum
2834 2590 3033 2659 repleri
3059 2609 3074 2657 ;
3098 2592 3183 2645 vel
3202 2592 3377 2646 etiam
3407 2608 3545 2647 con-

1950 2680 2235 2731 summata
2256 2692 2357 2748 per
2380 2676 2789 2731 beatitudinem
2814 2682 2869 2732 et
2894 2678 3153 2748 gloriam,
3180 2679 3272 2734 ubi
3292 2678 3546 2736 Charitas

1949 2766 2012 2819 in
2034 2768 2168 2819 actu
2188 2764 2432 2820 secundo
2453 2768 2619 2818 tanto
2641 2765 2825 2833 major
2845 2769 2899 2818 et
2920 2766 3200 2821 intensior
3215 2771 3316 2831 est,
3338 2771 3548 2837 quanto

1951 2854 2090 2907 visio
2120 2853 2219 2907 Dei
2245 2855 2485 2923 prtestat
2510 2852 2669 2907 actui
2698 2853 2846 2920 ﬁdei.
2874 2852 3049 2906 Minus
3065 2861 3244 2908 autem
3265 2853 3549 2924 probabile

1953 2948 2034 2994 est
2066 2940 2213 3012 quod
2262 2940 2412 2994 aiunt
2461 2940 2620 3009 llugo
2670 2940 2739 2994 de
2767 2940 2966 2995 Sancto
2997 2941 3210 2996 Victore
3241 2942 3297 2995 in
3327 2950 3550 2997 summa

1954 3029 2196 3082 Sentent.
2258 3035 2418 3082 tract.
2470 3030 2523 3092 2,
2565 3042 2615 3082 c.
2651 3030 2723 3092 ῦς
2774 3028 2961 3082 Petrus
3006 3028 3345 3083 Lombardus
3389 3028 3444 3082 in
3490 3033 3544 3095 2,

1952 3116 2077 3169 dist.
2112 3118 2164 3181 3,
2197 3123 2318 3184 part
2348 3130 2386 3168 ιι
2413 3133 2425 3180 ;
2462 3116 2837 3170 Bonaventura
2867 3115 3088 3183 ididem,
3111 3115 3237 3169 dist.
3270 3118 3322 3181 4,
3356 3124 3456 3170 art.
3492 3121 3543 3183 1,

1953 3210 2143 3273 quarst.
2194 3206 2247 3265 2,
2298 3209 2355 3256 et
2383 3202 2471 3256 alii
2519 3202 2783 3270 nonnulli,
2826 3201 3051 3272 angelos
3091 3202 3266 3257 malos
3306 3202 3361 3257 in
3402 3210 3546 3257 statu

1950 3306 2101 3360 purae
2131 3296 2341 3344 naturae
2370 3296 2584 3345 creatos
2616 3289 2802 3357 fuisse,
2840 3304 2944 3345 nec
2974 3289 3080 3343 ulla
3108 3290 3283 3361 gratia
3304 3305 3399 3345 seu
3412 3291 3545 3345 cha-

1951 3378 2111 3432 ritate
2159 3377 2415 3431 habituali
2462 3376 2788 3446 praedictos;
2823 3377 2968 3447 quod
3018 3376 3267 3446 angelico
3326 3378 3545 3433 Doctori

1953 3466 2287 3531 adversatur,
2321 3473 2511 3536 quaest.
2548 3467 2635 3529 62,
2660 3471 2764 3518 art.
2799 3468 2849 3531 3,
2870 3465 2979 3518 imo
3000 3472 3054 3518 et
3074 3464 3275 3521 sanctis
3297 3465 3544 3519 Patribus

1956 3553 2164 3609 Graecis
2211 3568 2367 3624 aeque
2422 3568 2486 3606 ac
2542 3552 2763 3618 Latinis,
2822 3552 2870 3607 si
2927 3552 3066 3606 bene
3122 3552 3336 3606 illorum
3393 3568 3547 3607 mens

1952 3641 2302 3711 percipiatur.
2357 3640 2491 3695 Vide
2535 3640 2865 3709 interpretes
2913 3638 3231 3705 Ezechielis,
3265 3639 3335 3693 ad
3365 3639 3544 3695 locum

1955 3728 2312 3799 propositum,
2346 3735 2399 3782 et
2429 3728 2713 3798 theologos
2756 3726 3111 3781 scholasticos
3140 3726 3196 3780 in
3236 3726 3396 3782 citata
3423 3727 3547 3783 loca

1956 3816 2194 3888 Magistri
2224 3822 2275 3873 et
2314 3815 2377 3869 S.
2433 3816 2672 3879 Thomas,
2706 3829 2920 3869 necnon
2968 3814 3264 3881 Patavium,
3307 3823 3437 3870 tom.
3473 3815 3545 3871 ΙΙΙ

1954 3904 2402 3976 Theologicorum
2435 3902 2771 3973 dogmatum.
2806 3903 2899 3956 lib.
2934 3920 2950 3956 ι
2984 3918 3102 3973 cap.
3140 3906 3225 3958 16.

1957 4100 2021 4154 II.
2076 4101 2351 4157 Bernardi
2401 4102 2722 4172 Carthusin
2766 4102 3073 4155 Portarum
3124 4101 3299 4170 primi
3337 4102 3547 4172 prioris

2524 4171 2774 4241 epistola
2808 4174 2942 4225 tres.

268 4340 1858 4413 tamvivendirationeeommendabilis,quamquibusdam
1887 4348 1937 4407 D
2029 4346 2197 4414 Hujus
2228 4345 2506 4413 Bernardi,
2554 4345 2835 4399 Portarum
2882 4344 3043 4414 primi
3081 4344 3296 4415 prioris,
3350 4352 3403 4400 et
3432 4346 3550 4414 ejus

265 4452 443 4505 supra
458 4434 775 4489 humanum
793 4436 896 4487 nat
904 4448 1022 4487 ara:
1043 4447 1271 4487 cursum
1286 4432 1453 4485 dictis
1468 4430 1746 4501 factisque
1758 4428 1857 4483 ad-

264 4522 567 4578 mirabilis.
600 4522 1003 4593 Appellabatur
1018 4518 1139 4574 ideo
1164 4536 1200 4573 a
1226 4520 1506 4589 plerisque
1534 4518 1721 4572 omine
1744 4533 1859 4571 non

266 4612 433 4666 inani
448 4611 724 4680 Angelus;
745 4609 840 4679 qui
856 4609 919 4661 ob
950 4609 1081 4661 vita:
1104 4607 1513 4675 innocentiam,
1529 4607 1861 4676 angelorum

264 4700 677 4769 feriaspostera
706 4713 741 4751 a
768 4699 951 4750 morte
970 4696 1093 4750 luce
1105 4695 1255 4765 apud
1287 4710 1515 4764 superos
1549 4709 1709 4764 agere
1737 4708 1860 4746 me-

266 4786 514 4850 ruit.Ita,
533 4785 789 4839 sinostras
799 4784 1125 4851 conjecturas
1144 4782 1296 4836 locus
1310 4780 1859 4851 est,ediderit,Guigo

265 4889 406 4944 opus
425 4873 568 4928 istud
588 4872 657 4926 ad
676 4873 949 4927 Bovonem
969 4870 1306 4924 Witthamiaa
1334 4870 1571 4939 priorem
1597 4868 1737 4924 circa
1760 4884 1862 4922 an-

264 4976 397 5015 num
415 4960 614 5015 Christi
638 4962 791 5024 1187,
818 4958 1076 5029 spiritalis
1099 4958 1214 5025 ejus
1251 4958 1389 5011 uteri
1416 4956 1583 5011 tilium
1608 4973 1666 5011 se
1691 4972 1864 5027 appe-

266 5050 408 5115 lans,
450 5037 681 5103 fortasse
703 5048 849 5118 quod
883 5046 979 5100 illo
1016 5044 1275 5116 praefecto
1319 5045 1557 5115 spiritus,
1587 5053 1675 5098 aut
1700 5061 1865 5098 cons-

268 5136 482 5192 cientia:
502 5152 615 5191 suae
636 5150 961 5190 arcanorum
978 5134 1193 5189 conscia
1207 5134 1515 5203 arbitroque
1536 5148 1663 5186 usus
1680 5132 1870 5187 fuisset

274 5226 331 5279 in
369 5223 675 5278 Carthusia.
718 5223 862 5278 Sane
879 5223 1112 5278 Bovonis
1132 5237 1245 5291 prm
1268 5221 1520 5291 Guigone
1538 5220 1871 5275 excellentiae

269 5311 585 5366 nonnullius
617 5320 995 5383 argumentum
1018 5316 1119 5376 est,
1146 5308 1288 5380 quod
1308 5308 1363 5361 in
1384 5308 1582 5361 tabulis
1596 5307 1681 5360 rei
1702 5314 1873 5379 gestae

268 5399 414 5454 inter
458 5400 709 5454 abbatem
756 5397 1077 5455 Bonaevallis
1124 5403 1177 5451 et
1225 5396 1527 5451 Jocelinum
1574 5396 1874 5451 Carthusiaa

272 5488 531 5561 priorem,
566 5488 708 5545 datis
739 5489 804 5542 ad
833 5502 1033 5543 annum
1086 5490 1242 5555 1185,
1275 5494 1440 5543 testes
1480 5474 1873 5555 inscribuntur,

1957 4432 2349 4503 discipulorum
2379 4432 2600 4487 Joannis
2631 4446 2696 4487 ac
2722 4432 2999 4503 Stephani,
3032 4450 3165 4504 quas
3193 4434 3281 4488 hic
3301 4433 3551 4487 dedimus

1960 4522 2236 4592 epistolas,
2285 4520 2377 4574 uni
2416 4520 2680 4574 debemus
2728 4522 3077 4575 membraneo
3126 4529 3178 4575 et
3208 4522 3365 4576 bona:
3409 4530 3553 4577 notas

1960 4626 2063 4664 ms.
2113 4609 2287 4664 codici
2322 4608 2504 4678 inclyti
2548 4609 2866 4663 monasterii
2910 4608 3193 4673 Juriensis,
3246 4610 3390 4679 quod
3422 4609 3551 4663 olim

1962 4716 1991 4753 a
2020 4698 2193 4768 primo
2242 4712 2340 4751 suo
2377 4704 2569 4751 exortu
2618 4697 3081 4763 Condatescense,
3126 4697 3318 4751 exinde
3365 4698 3555 4752 sancti

1965 4785 2217 4856 Augendi
2264 4784 2377 4839 sive
2422 4784 2690 4855 Eugendi,
2741 4784 3035 4840 novissime
3090 4786 3287 4839 Sancti
3334 4783 3556 4839 Claudii

1965 4880 2333 4942 nuncupatum
2363 4880 2463 4925 est.

2038 4965 2084 5016 A
2114 4960 2337 5015 fundata
2378 4961 2661 5014 Portarum
2692 4960 2994 5023 Carthusia,
3040 4960 3144 5014 hoc
3176 4967 3278 5023 est,
3317 4960 3383 5013 ab
3412 4975 3554 5015 anno

1970 5049 2167 5103 Christi
2198 5051 2330 5101 1115
2362 5064 2535 5119 usque
2565 5049 2633 5103 ad
2664 5065 2861 5102 annum
2893 5047 3108 5102 circiter
3132 5050 3288 5111 1260,
3317 5049 3557 5125 quinque

1971 5139 2191 5192 omnino
2218 5137 2521 5191 Bernardos
2559 5137 2772 5207 priores
2805 5136 2853 5189 ei
2878 5135 3061 5189 domui
3091 5136 3376 5206 praefuisse
3405 5153 3559 5191 com-

1971 5234 2182 5296 pertum
2224 5225 2381 5279 nobis
2448 5233 2548 5291 est,
2601 5225 2686 5279 vel
2737 5224 3011 5278 admonitu
3058 5225 3263 5279 domini
3316 5225 3561 5295 llugonis

1975 5316 2127 5382 Buat,
2197 5314 2252 5367 in
2320 5312 2604 5367 Carthusia
2687 5312 2941 5379 Majorevi
3024 5312 3392 5382 coadjutoris,
3463 5310 3565 5365 viri

1974 5400 2386 5469 humanissimi,
2428 5408 2481 5455 et
2541 5402 2623 5454 sui
2682 5400 2915 5454 maxime
2965 5400 3172 5454 ordinis
3216 5398 3564 5453 historiarum

1977 5490 2356 5555 scientissimi;
2405 5490 2489 5543 vel
2539 5488 2874 5560 inspectione
2928 5489 3043 5559 ipsa
3107 5487 3565 5561 autographarum
