3978 6050
416 140 515 197 ’791

1285 143 1628 202 GUIGONIS
1670 145 1713 198 ll
1756 138 2165 197 CARTHUSDE
2206 140 2499 197 MAIORIS
2538 140 2837 197 PRIORIS.

3604 137 3717 190 792

417 271 662 321 veterum
721 264 1041 322 tabularum.
1092 267 1150 321 In
1217 275 1409 339 quarto
1460 275 1512 322 et
1558 266 1746 338 quinto
1794 265 2008 320 discer-
2035 262 2298 322 Anausis
2320 264 2668 321 Bernardum
2686 265 3132 320 Moriennensem
3152 262 3491 333 episcopum,
3517 258 3570 313 in
3595 257 3710 327 pri-

416 353 612 407 nendis
639 351 773 408 nihil
829 354 1126 409 admodum
1158 355 1359 425 negotii
1389 354 1509 409 fuit.
1554 354 1821 422 Quartum
1843 353 2007 417 enim,

418 449 781 512 cognomento
813 442 880 497 de
908 444 1096 507 Turre,
1130 459 1196 496 ex
1216 444 1398 512 priore
1419 444 1712 497 Portarum
1734 440 2012 511 praefuisse

419 535 632 583 constat
676 529 770 583 toti
816 528 991 584 ordini
1027 530 1397 585 Carthusiensi
1450 531 1521 584 ab
1576 544 1720 584 anno
1758 530 1893 585 1253
1944 526 2015 582 ad

422 618 579 672 1258.
613 615 812 684 Quinto
858 632 1165 688 cognomen
1214 617 1311 671 fuit
1358 618 1423 673 de
1471 618 1683 683 Samia,
1734 616 1824 687 qui
1865 624 1918 670 et
1947 616 2014 668 ab

423 718 568 759 anno
596 703 810 759 circiter
834 708 969 761 1256
991 705 1062 759 ad
1093 708 1248 772 1260,
1282 706 1566 760 Portarum
1595 707 1835 775 priorem
1867 704 2005 773 egit.

419 794 491 846 At
545 790 682 847 alios
726 791 1031 846 Bernardos
1070 801 1181 847 tres
1228 793 1529 863 superioris
1580 794 1680 848 aevi
1730 795 2015 847 Portarum

421 879 631 949 priores
649 879 807 951 (quos
825 879 1073 950 plerique
1107 881 1399 951 scriptores
1429 882 1484 935 in
1507 898 1672 934 unum
1691 880 2017 947 conﬂarunt)

421 966 756 1038 distinguere
795 983 925 1023 sane
973 983 1135 1039 quam
1182 984 1473 1038 Operosum
1524 977 1626 1024 est.
1682 969 1873 1022 Paucis
1906 984 2017 1022 rem

423 1069 708 1124 exsequar,
743 1056 920 1125 quoad
952 1062 1133 1110 tamen
1178 1057 1488 1127 argumenti
1518 1056 1655 1110 ratio
1685 1055 1840 1111 feret.

496 1137 708 1192 Primus
743 1140 1046 1194 Bernardus
1090 1140 1376 1193 Portarum
1422 1140 1594 1209 prior,
1629 1139 1773 1193 idem
1812 1146 1865 1192 et
1893 1138 2019 1192 fun-

426 1226 583 1279 dator
611 1225 726 1290 fuit,
759 1242 826 1280 ex
854 1229 1121 1281 monacho
1152 1228 1498 1282 Benedictino
1542 1225 2008 1294 Ambroniacensi,

427 1327 571 1367 anno
614 1312 810 1367 Christi
875 1317 1030 1379 1115,
1091 1314 1233 1367 unde
1273 1322 1326 1368 et
1376 1316 1654 1367 Portarum
1699 1313 2005 1377 Carthusia,

428 1401 664 1471 primum
684 1418 715 1455 a
742 1401 947 1468 majore
974 1401 1340 1455 Carthusiacis
1370 1402 1671 1473 Alpesjure
1691 1402 2021 1471 antiquitatis

428 1489 612 1544 locum
640 1488 864 1555 obtinet,
907 1495 960 1543 et
1007 1497 1087 1543 est
1134 1489 1339 1543 ordinis
1381 1489 1544 1543 totius
1574 1496 1696 1560 post
1728 1488 2021 1544 secundam

432 1575 767 1631 Calabricam
813 1576 992 1630 tertia.
1054 1576 1221 1643 Hujus
1278 1576 1482 1631 obitum
1528 1593 1589 1631 ac
1632 1577 1807 1631 forma
1851 1576 2019 1630 adno-

433 1670 602 1717 tatum
635 1662 747 1734 legi
799 1662 856 1717 in
910 1662 1239 1734 Necrologio
1279 1664 1533 1731 Majorevi
1567 1664 1744 1733 (cujus
1785 1663 2018 1718 nominis

431 1749 701 1821 originem
737 1749 1093 1804 indicabimus
1130 1750 1186 1803 in
1208 1750 1508 1820 appendice
1539 1745 1698 1819 hujus
1734 1749 2018 1815 Manualis,

432 1852 582 1891 num.
626 1838 736 1906 31).
778 1838 968 1893 Pridie
1012 1837 1142 1893 Idus
1177 1838 1471 1893 Februarii
1508 1838 1645 1894 obiit
1680 1837 2023 1903 Bernardus,

425 1926 651 1996 primus
671 1927 827 1996 prior
858 1927 1182 1989 Portarum,
1219 1926 1420 1980 MCLII.
1449 1926 1554 1979 Sed
1572 1926 1682 1992 jam
1704 1926 1872 1979 multo
1903 1932 2028 1980 ante

436 2012 802 2068 abdicaverat.
857 2012 1074 2067 Etenim
1136 2028 1201 2067 ex
1266 2012 1470 2066 tabulis
1534 2013 1811 2081 Majorevi,
1886 2027 2029 2067 anno

445 2099 645 2153 Christi
708 2101 865 2165 1147,
916 2099 1004 2155 die
1054 2099 1193 2156 festo
1241 2100 1297 2155 S.
1348 2100 1568 2154 Thomas
1616 2099 1867 2171 apostoli,
1909 2116 2030 2154 me-

438 2185 594 2241 minit
622 2185 939 2242 Bellicensis
969 2186 1054 2242 sui
1083 2188 1429 2261 episcOpatus
1466 2187 1697 2242 abdicati
1725 2188 2032 2242 Bernardus

441 2274 509 2329 de
540 2273 733 2341 Portis,
759 2273 1014 2345 idemque
1034 2275 1316 2330 Portarum
1343 2283 1471 2331 tunc
1499 2276 1753 2346 prior.At
1779 2282 1895 2331 erat
1919 2277 2032 2344 jam

442 2362 730 2432 episcopus
771 2361 1088 2418 Bellicensis
1131 2362 1443 2418 Willelmus
1487 2363 1748 2418 Kalendis
1797 2364 2040 2434 Septem-

438 2449 555 2505 bris
588 2453 742 2507 1141.
775 2451 1025 2506 Testatur
1055 2451 1200 2505 enim
1232 2450 1392 2505 Falco
1415 2452 1793 2522 Lugdunensis
1813 2451 2032 2507 archie-

440 2538 717 2608 piscOpus,
751 2554 817 2593 eo
848 2552 991 2593 anno
1024 2537 1232 2593 Christi
1264 2540 1421 2604 1141,
1455 2538 1750 2594 indictione
1784 2555 1856 2605 tv,
1889 2555 2031 2609 pon-

440 2624 670 2681 tiﬁcatus
700 2625 998 2682 Innocentii
1028 2642 1187 2697 papa:
1220 2627 1267 2681 lI
1296 2641 1438 2681 anno
1466 2641 1569 2692 xu,
1603 2627 1686 2682 sui
1712 2641 1879 2697 porro
1910 2628 2029 2696 epi-

446 2719 697 2783 scopatus
743 2727 888 2768 anno
931 2713 1192 2778 secundo,
1228 2712 1487 2768 Kalendis
1518 2714 1871 2783 Septembris,
1904 2713 2033 2768 luna

441 2802 532 2867 27,
586 2798 805 2854 venisse
856 2800 927 2854 ad
966 2816 1026 2856 se
1075 2801 1407 2855 Bernardum
1454 2802 1737 2855 Portarum
1775 2801 2032 2871 priorem,

446 2902 568 2942 cum
602 2887 823 2954 Poncio,
873 2888 1103 2955 Bosone,
1153 2896 1204 2941 et
1250 2888 1524 2957 Stephano
1571 2888 1815 2955 ejusdem
1844 2889 2037 2943 domus

446 2974 747 3040 monachis,
797 2973 889 3045 qui
938 2974 1007 3029 ab
1057 2989 1202 3029 anno
1250 2974 1450 3030 Christi
1495 2978 1653 3039 1115,
1717 2991 1815 3046 per
1853 2974 2044 3047 viginti

450 3061 687 3134 quinque
715 3062 946 3132 amplius
997 3076 1169 3117 annos
1198 3062 1253 3116 in
1286 3078 1471 3118 eremo
1518 3064 1796 3119 Portarum
1829 3064 2045 3119 Christo

453 3150 687 3205 Domino
726 3148 1118 3218 deservierant,
1178 3158 1236 3205 ut
1280 3151 1348 3205 de
1393 3165 1505 3206 suae
1533 3151 1753 3205 ditionis
1782 3150 2045 3207 limitibus

455 3245 577 3292 orta
640 3236 781 3292 inter
846 3237 1054 3292 vicinos
1123 3238 1513 3305 controversia,
1578 3238 1751 3309 ipsius
1797 3238 2047 3294 Falconis

453 3323 871 3394 archiepiscopi,
904 3339 1116 3379 necnon
1149 3324 1425 3379 Guillelmi
1447 3324 1764 3381 Bellicensis
1785 3325 2046 3397 episcopi,

453 3418 617 3482 atque
675 3411 929 3466 Ismionis
1004 3412 1489 3468 Ambroniacensis
1551 3414 1760 3469 abbatis
1826 3414 2048 3469 arbitrio

452 3498 821 3555 dirimeretur.
846 3500 967 3554 Fuit
986 3508 1167 3556 autem
1186 3500 1383 3556 exinde
1397 3500 1718 3556 Guillelmus
1736 3501 2050 3557 Bellicensis

453 3587 740 3660 episcopus
770 3586 964 3644 saltem
992 3604 1165 3660 usque
1194 3588 1271 3643 ad
1305 3603 1508 3644 annum
1538 3592 1697 3645 1157.
1719 3589 1854 3644 Cum
1882 3590 2052 3661 igitur

454 3677 765 3732 Bernardus
810 3676 879 3731 de
926 3677 1086 3731 Porta
1134 3676 1322 3747 (quem
1364 3693 1395 3730 a
1440 3676 1719 3732 Bernardo
1761 3678 1830 3731 de
1877 3678 2051 3732 Portis

455 3778 565 3819 non
587 3763 990 3835 distinguimus)
1002 3770 1209 3818 tantum
1221 3764 1522 3819 monachus
1535 3765 1817 3818 Portarum
1837 3764 2054 3836 legatur

456 3850 514 3905 in
556 3850 848 3921 diplomate
896 3851 1164 3916 Portensi,
1224 3851 1349 3906 dato
1398 3852 1469 3906 ad
1517 3866 1720 3906 annum
1782 3854 1941 3917 1135,
1989 3867 2053 3907 ιιι

459 3938 649 3992 Nonas
677 3937 798 3992 Maii
838 3937 931 4004 (de
978 3952 1085 4008 quo
1137 3945 1193 3992 et
1228 3953 1330 3993 nos
1378 3937 1539 4004 infra,
1585 3938 1638 3992 in
1679 3939 1955 4008 Stephano
1985 3940 2055 3994 de

460 4024 780 4094 Chalmeto),
829 4024 981 4079 illum
1027 4024 1208 4080 medio
1258 4033 1505 4096 tempore
1558 4025 1701 4081 inter
1758 4041 1819 4080 Ill
1870 4027 2055 4082 Nonas

459 4112 631 4167 Maias
662 4116 818 4179 1135,
851 4121 901 4166 et
933 4111 1139 4167 Kalend
1152 4128 1214 4167 as
1235 4112 1589 4183 Septembres
1609 4114 1737 4168 anni
1755 4116 1911 4181 1141,
1935 4115 2055 4185 epi-

462 4215 686 4271 scOpum
715 4200 1070 4256 Bellicensem
1125 4200 1292 4255 fuisse
1322 4216 1550 4257 necesse
1581 4210 1665 4256 est
1693 4220 1706 4266 ;
1739 4200 1848 4256 imo
1877 4203 2057 4258 medio

2114 351 2314 423 vilegio
2342 352 2519 407 eidem
2550 351 2812 407 Ecclesia
2841 363 3122 415 concesso,
3154 364 3187 403 a
3215 347 3468 402 Conrado
3497 348 3709 401 Roma-

2114 456 2309 495 norum
2340 457 2493 511 rege,
2525 456 2664 494 anno
2714 439 2871 510 regni
2916 439 3033 506 ejus
3077 444 3290 501 octavo,
3336 435 3423 489 die
3466 433 3709 504 Appari-

2120 527 2279 582 tionis
2338 528 2555 583 Domini
2622 530 2842 597 (nempe
2885 528 2917 578 6
2962 524 3247 592 Januarii),
3290 538 3432 577 anno
3474 537 3603 577 vero
3641 522 3713 575 ab

2116 616 2491 670 Incarnatione
2541 613 2759 670 Domini
2810 614 2967 668 1146,
3019 611 3297 667 Abdicarit
3337 618 3518 666 autem
3562 624 3711 664 anno

2118 704 2329 771 eodem,
2346 704 2433 759 vel
2450 703 2694 774 proxime
2720 700 2970 772 sequenti
2992 702 3146 766 1147,
3174 715 3280 770 quo
3302 698 3455 752 illum
3475 697 3713 752 vidimus

2118 792 2402 846 Portarum
2430 792 2691 845 duntaxat
2722 804 2979 859 priorem,
3012 788 3100 842 die
3152 786 3359 841 mensis
3390 784 3712 840 Decembris

2120 883 2205 933 21.
2240 879 2336 933 Hic
2368 887 2449 932 est
2496 878 2797 933 Bernardus
2842 876 2910 930 de
2954 876 3133 930 Porta.
3185 890 3281 928 seu
3318 873 3386 927 de
3418 872 3613 937 Portis,
3646 872 3715 926 ad

2122 982 2284 1037 quem
2349 966 2526 1020 adhuc
2572 965 2841 1035 privatum
2895 970 3018 1017 sunt
3052 960 3297 1032 epistolae
3344 961 3399 1014 S.
3454 959 3717 1014 Bernardi

2119 1053 2535 1108 Clarevallensis
2578 1052 2790 1107 abbatis
2832 1054 2929 1105 153
2980 1057 3033 1105 et
3062 1051 3185 1115 154,
3221 1049 3276 1102 in
3310 1047 3506 1119 quibus
3534 1054 3710 1101 testa-

2118 1148 2207 1195 tur
2236 1158 2295 1194 se
2342 1142 2460 1209 ejus
2508 1142 2727 1194 hortatu
2773 1146 2825 1193 et
2876 1136 3084 1193 crebris
3139 1134 3383 1206 epistolis
3414 1135 3713 1200 incitatum,

2122 1244 2402 1283 sermones
2429 1227 2631 1298 aliquot
2672 1226 3066 1295 conscripsisse
3112 1224 3169 1277 in
3200 1223 3419 1277 Cantica
3449 1222 3704 1277 Salomo-

2121 1317 2223 1369 nis.
2256 1315 2631 1385 Eumdemque
2661 1313 2997 1369 Bernardum
3018 1312 3086 1366 de
3104 1311 3279 1367 Portis
3305 1311 3373 1364 ab
3398 1308 3717 1363 Innocentio

2122 1419 2265 1474 papa
2310 1404 2355 1457 Il
2418 1410 2663 1458 vocatum
2727 1400 2896 1457 fuisse
2950 1398 3019 1455 ad
3064 1398 3299 1470 aliquem
3345 1398 3720 1467 episcOpatum

2123 1492 2177 1545 in
2206 1489 2603 1562 Longobardia,
2637 1489 3098 1543 Mediolanensem
3128 1486 3312 1542 dicunt
3332 1484 3598 1549 nonnulli,
3622 1499 3719 1538 ne-

2049 1603 2102 1664 B
2126 1578 2238 1633 scio
2271 1594 2377 1649 quo
2406 1585 2557 1633 certo
2595 1584 2647 1631 et
2693 1575 2801 1631 ﬁde
2846 1577 3013 1647 digno
3055 1581 3277 1630 auctore
3307 1580 3535 1628 testatur
3565 1572 3712 1626 idem

2126 1668 2180 1722 S.
2215 1666 2541 1732 Bernardus,
2577 1665 2822 1735 sequenti
2854 1662 3084 1733 epistola
3112 1665 3233 1725 155,
3269 1676 3377 1732 qua.
3404 1668 3564 1731 rogat
3610 1661 3714 1713 im-

2125 1770 2294 1824 pense
2324 1753 2717 1817 Innocentium,
2750 1759 2807 1805 ut
2838 1750 3149 1807 Bernardus
3179 1750 3249 1805 de
3278 1750 3455 1804 Portis
3484 1763 3727 1818 congru-

2126 1841 2321 1897 entiori
2350 1842 2471 1896 loco
2500 1849 2660 1912 atque
2691 1839 2842 1894 alteri
2872 1838 3071 1910 populo
3100 1845 3430 1893 reservetur.
3456 1837 3571 1891 Nec
3607 1834 3722 1889 fru-

2130 1938 2282 1993 stra,-
2312 1945 2436 1982 nam
2465 1928 2556 1983 ille
2595 1944 2693 1997 pro
2742 1926 3119 1997 Longobardio
3149 1925 3464 1995 episcopatu
3499 1923 3726 1978 sortitus

2130 2025 2212 2071 est
2239 2016 2593 2071 Bellicensem
2640 2031 2736 2085 per
2764 2015 2819 2069 id
2847 2022 3061 2084 tempus
3098 2013 3248 2084 quod
3285 2011 3719 2081 designavimus.

2130 2101 2319 2154 Dictus
2350 2108 2431 2154 est
2461 2108 2638 2153 autem
2673 2100 2737 2153 de
2769 2101 2980 2159 Portis,
3012 2112 3044 2151 a
3073 2096 3328 2167 quopiam
3356 2096 3513 2162 hujus
3542 2094 3727 2148 nomi-

2131 2188 2214 2241 nis
2244 2187 2446 2256 przedio
2466 2187 2493 2240 ?
2526 2186 2736 2241 Eodem
2765 2186 2884 2255 ipso
2925 2183 3192 2250 fortassis,
3226 2184 3281 2237 in
3314 2199 3421 2255 quo
3438 2184 3728 2237 Portarum

2132 2274 2415 2330 Carthusia
2443 2273 2668 2328 fundata
2699 2282 2802 2339 est,
2839 2273 2924 2327 cui
2955 2288 3077 2327 sese
3101 2271 3321 2326 addixit.
3347 2270 3551 2325 Saltum
3578 2269 3728 2324 enim

2134 2362 2284 2417 illurn
2308 2364 2420 2431 jam
2449 2361 2577 2416 olim
2622 2363 2821 2416 Porta:
2874 2360 3236 2431 appellabant,
3269 2359 3414 2430 quod
3444 2359 3497 2412 in
3528 2373 3593 2413 eo
3623 2372 3727 2411 na-

2135 2451 2257 2505 tivae
2287 2451 2419 2520 ipsa}
2466 2466 2649 2518 rupes,
2706 2448 2870 2503 certis
2913 2448 3049 2502 locis
3096 2447 3243 2502 velut
3293 2445 3509 2501 artiﬁcis
3561 2460 3727 2499 manu

2136 2539 2338 2593 excitas
2368 2545 2548 2608 portas
2592 2537 2998 2592 ementirentur.
3042 2536 3193 2590 Dicet
3236 2535 3526 2606 quispiam,
3557 2532 3730 2588 veteri

2137 2642 2197 2681 se
2239 2634 2295 2680 ut
2342 2625 2649 2680 Bernardus
2695 2623 3122 2678 Mauriennensis
3166 2639 3197 2676 a
3226 2622 3515 2678 Bellicensi
3562 2619 3725 2675 fuerit

2136 2714 2295 2783 plane
2342 2713 2625 2773 diversus;
2658 2719 2976 2783 argumento
3006 2710 3305 2782 necrologii
3352 2708 3630 2778 Majorevi,
3663 2708 3720 2761 in

2138 2817 2243 2872 quo
2273 2800 2344 2855 ad
2375 2816 2485 2855 xvn
2516 2800 2794 2855 Kalendas
2821 2798 3095 2855 Januarrii
3122 2800 3227 2854 hoc
3258 2805 3466 2852 tantum
3494 2796 3726 2852 ascribi-

2138 2896 2228 2943 tur
2262 2903 2273 2942 :
2309 2888 2456 2943 Obiit
2484 2888 2801 2943 Bernartius
2831 2888 2895 2942 de
2927 2887 3131 2955 Portis,
3156 2887 3465 2941 monachus
3487 2889 3543 2939 et
3580 2886 3732 2954 cpi:-

2142 2991 2309 3047 copus
2343 2977 2578 3044 Bellicii,
2631 2974 2831 3030 MCLII.
2883 2974 3237 3029 Adnotandus
3275 2974 3420 3027 enim
3452 2971 3736 3028 videbatur

2144 3064 2306 3118 etiam
2354 3064 2698 3139 episcopatus
2742 3061 3172 3117 Mauriennensis
3221 3062 3265 3115 si
3313 3061 3488 3116 eidem
3518 3074 3733 3131 quoque

2144 3151 2446 3223 obtigisset.
2482 3151 2681 3206 Verum
2711 3166 2834 3204 cum
2863 3150 3105 3205 moriens
3126 3149 3432 3211 Bernartius
3449 3148 3517 3202 de
3532 3147 3731 3215 Portis,

2144 3252 2251 3294 nec
2278 3245 2424 3294 esset
2451 3237 2879 3292 Mauriennensis
2922 3238 3229 3308 episcopus,
3264 3251 3367 3292 nec
3394 3236 3730 3300 Bellicensis,

2148 3326 2243 3381 sed
2274 3334 2478 3381 tantum
2508 3326 2792 3380 Portarum
2823 3324 2993 3395 prior,
3026 3340 3060 3381 a
3088 3324 3375 3380 Bellicensi
3412 3324 3592 3393 potius
3623 3322 3741 3393 epi-

2148 3423 2371 3484 scopatu
2394 3414 2772 3485 appellandus
2820 3412 2938 3476 fuit.
2995 3414 3066 3467 ad
3115 3414 3274 3482 cujus
3310 3412 3519 3467 titulum
3567 3412 3741 3482 primo

2148 3509 2492 3558 consecratus
2555 3501 2747 3557 fuerat.
2827 3502 2986 3557 Nunc
3055 3500 3261 3573 reliqua
3324 3515 3738 3571 prosequamur.

2150 3590 2302 3645 Prior
2340 3598 2457 3645 erat
2502 3590 2788 3645 Portarum
2809 3588 3115 3646 Bernardus
3130 3590 3198 3644 de
3221 3590 3399 3644 Portis
3420 3604 3563 3644 anno
3582 3588 3740 3654 1147,

2150 3694 2217 3734 ex
2245 3678 2504 3749 episcopo
2534 3676 2821 3733 Bellicensi
2859 3685 2911 3733 et
2953 3677 3375 3732 Mauriennensi.
3408 3676 3578 3748 Igitur
3608 3677 3743 3730 Ber-

2150 3766 2352 3821 nardus
2384 3766 2663 3821 Portarum
2693 3764 2899 3835 primus
2928 3765 3077 3836 prior
3110 3779 3175 3820 ac
3202 3764 3473 3825 fundator,
3509 3763 3746 3834 quivixit

2151 3869 2320 3924 usque
2366 3853 2435 3907 ad
2493 3868 2694 3906 annum
2764 3856 2922 3918 1152,
2956 3852 3292 3908 Bernardum
3325 3851 3394 3906 de
3431 3851 3605 3906 Portis
3636 3852 3745 3919 jam

2152 3941 2219 3995 ab
2251 3956 2395 3996 anno
2443 3941 2638 3995 saltem
2688 3942 2826 3995 1147
2880 3939 2982 3995 sibi
3025 3939 3330 3995 suffecerat.
3376 3938 3524 3993 Obiit
3566 3947 3748 3994 autem

2154 4035 2383 4098 uterque
2415 4028 2505 4082 hic
2551 4028 2859 4083 Bernardus
2888 4042 3031 4083 anno
3065 4030 3202 4084 1152
3226 4071 3240 4093 ,
3273 4026 3529 4081 fundator
3568 4026 3747 4096 pridie

2155 4116 2280 4169 Idus
2326 4114 2627 4182 Februarii,
2661 4116 2798 4171 alter
2843 4130 2963 4170 xvn
3014 4115 3291 4171 Kalendas
3319 4114 3593 4179 Januarii;
3646 4114 3745 4169 sed

2156 4212 2333 4257 tamen
2360 4203 2449 4259 hic
2478 4204 2626 4274 prius
2658 4203 2791 4269 illo;
2823 4204 2951 4274 quia
2982 4217 3136 4258 more
3165 4202 3441 4257 Gallorum
3472 4210 3737 4266 veterum,

462 4296 709 4357 tempore
738 4289 878 4342 inter
908 4303 1079 4343 annos
1127 4292 1265 4343 1135
1297 4296 1349 4343 et
1392 4293 1549 4344 1138.
1582 4290 1720 4345 Nam
1747 4291 2055 4346 Bernardus
2082 4288 2135 4346 D
2155 4306 2329 4345 annus
2360 4292 2447 4345 hic
2478 4295 2612 4347 1152
2643 4290 2927 4347 ducendus
2956 4297 3039 4345 est
3068 4305 3099 4343 a
3129 4290 3408 4354 Paschate,
3441 4289 3530 4344 vel
3558 4290 3629 4343 ab
3662 4290 3747 4343 ln-

465 4376 535 4431 de
579 4377 754 4430 Portis
806 4376 971 4432 fuisse
1028 4392 1247 4447 quoque
1308 4378 1567 4432 asseritur
1631 4378 2059 4433 Maurienneusis

466 4462 751 4533 episcopus
788 4472 911 4532 post
939 4463 1237 4527 Airaldum,
1272 4465 1427 4532 cujus
1456 4464 1662 4519 obitum
1693 4480 1834 4519 anno
1864 4466 2059 4520 Christi

470 4554 606 4605 1138
674 4550 952 4606 ascribunt
1040 4552 1506 4608 Mauriennenses.
1601 4552 1843 4607 Meminit
1913 4561 2060 4609 certe

463 4638 669 4695 Airaldi
716 4646 769 4693 et
819 4638 1078 4693 Bernardi
1119 4640 1505 4709 episcoporum
1560 4640 2060 4695 Maurieunensium

467 4742 534 4781 ex
605 4726 904 4792 monachis,
990 4725 1281 4781 Gaufridus
1357 4727 1529 4781 abbas
1605 4726 1938 4783 Altecumbae
2006 4728 2061 4782 in

468 4815 589 4871 Vita
647 4814 818 4870 sancti
871 4814 1014 4868 Petri
1067 4814 1491 4869 Tarentasiensis
1540 4814 1789 4884 episcOpi
1854 4816 1933 4883 (ut
1980 4823 2062 4869 est

466 4903 523 4957 in
601 4918 704 4956 ms.
776 4916 898 4956 meo
960 4900 1278 4969 exemplari)
1343 4900 1437 4955 lib.
1515 4916 1553 4967 ι,
1636 4915 1759 4971 cap.
1840 4905 1926 4966 16,
2010 4910 2063 4957 et

468 4996 758 5059 utrumque
787 5006 817 5043 e
862 4990 1141 5043 Portarum
1191 4988 1476 5043 Carthusia
1519 4995 1857 5059 assumptum
1906 4988 2061 5043 aﬂir-

470 5084 622 5131 mant
660 5076 1120 5132 Mauriennenses.
1184 5075 1408 5131 Videtur
1462 5091 1593 5145 ergo
1642 5077 1946 5131 Bernardus
1995 5076 2063 5132 de

471 5164 647 5219 Portis
675 5163 844 5220 fuisse
875 5164 1299 5220 Maurienuensis
1328 5163 1617 5234 episcopus
1660 5180 1726 5219 ex
1756 5164 2060 5229 Bellicensi,

472 5252 540 5307 ab
569 5267 709 5307 anno
750 5256 885 5307 1138
947 5268 1120 5323 usque
1167 5252 1235 5306 ad
1278 5267 1481 5306 annum
1526 5252 1716 5307 saltem
1750 5254 1905 5318 1146,
1941 5267 2063 5309 cum

474 5339 803 5412 appellatum
834 5340 1128 5411 legerimus
1159 5340 1213 5394 in
1243 5355 1374 5394 mss.
1398 5339 1593 5395 tabulis
1614 5340 1876 5397 Ecclesiae
1900 5341 2054 5396 Vien-

2157 4380 2492 4447 carnatione,
2539 4380 2642 4434 hoc
2690 4386 2791 4444 est,
2843 4394 2877 4433 a
2926 4382 2996 4435 25
3046 4378 3243 4440 Martii,
3290 4392 3400 4432 non
3448 4384 3648 4439 autem,
3692 4384 3750 4431 ut

2157 4480 2322 4532 nunc,
2353 4482 2380 4517 a
2413 4466 2673 4520 Kalendis
2718 4465 3011 4521 Ianuariis.
3058 4465 3142 4520 Ab
3183 4465 3337 4520 obitu
3389 4464 3651 4519 Bernardi
3681 4464 3750 4518 de

2158 4553 2353 4622 Portis,
2386 4569 2557 4624 usque
2598 4553 2666 4607 ad
2713 4553 2922 4608 obitum
2950 4553 3213 4608 Bernardi
3244 4552 3436 4607 domus
3468 4553 3751 4607 Portarum

2158 4640 2476 4707 fundatoris,
2528 4648 2653 4695 sunt
2697 4640 2816 4696 dies
2862 4641 3086 4696 omnino
3134 4644 3221 4694 58.
3269 4641 3372 4695 Per
3398 4641 3504 4695 hoc
3533 4647 3752 4709 tempus

2159 4736 2433 4798 superstes
2478 4729 2786 4783 Bernardus
2835 4728 3091 4783 fundator
3119 4727 3430 4782 Antelmum
3469 4743 3565 4782 seu
3593 4728 3753 4781 Nan-

2160 4816 2403 4882 telmum,
2436 4832 2595 4871 suum
2622 4816 2752 4870 olim
2780 4816 3066 4880 novitium,
3101 4822 3226 4869 tunc
3253 4822 3431 4869 autem
3468 4831 3533 4869 ex
3564 4815 3754 4885 priore

2162 4903 2476 4969 Carthusia},
2514 4904 2790 4958 Bernardo
2834 4904 2902 4958 de
2942 4903 3116 4957 Portis
3160 4903 3213 4957 in
3271 4902 3554 4961 Portarum
3603 4902 3757 4973 prio-

2162 4999 2279 5046 ratu
2307 4991 2596 5046 substituit.
2630 4992 2888 5061 Unusque
2917 4998 2971 5045 et
2998 4990 3144 5044 idem
3167 4998 3249 5045 est
3266 4985 3574 5044 Berna'rdus
3602 4990 3759 5060 prior

2163 5079 2465 5145 Portarum,
2499 5079 2567 5133 de
2596 5094 2703 5148 quo
2740 5086 2930 5133 auctor
2974 5077 3202 5148 aqualis
3234 5078 3369 5132 Vitae
3400 5078 3455 5133 S.
3488 5076 3745 5141 Antelmi,

2164 5181 2283 5235 cap.
2316 5170 2369 5231 2,
2400 5166 2529 5221 dicit
2558 5166 2702 5237 quod
2732 5165 3041 5220 Antelmum
3070 5165 3125 5219 in
3156 5164 3440 5219 Carthusia
3464 5165 3752 5219 Portarum

2168 5254 2433 5324 receperit
2457 5272 2470 5318 ;
2504 5262 2557 5308 et
2586 5269 2704 5323 cap.
2740 5257 2823 5317 10,
2860 5253 3004 5324 quod
3018 5253 3135 5320 jam
3155 5252 3307 5307 senio
3330 5252 3537 5323 gravis,
3561 5252 3759 5305 domus

2168 5343 2451 5397 Portarum
2479 5343 2851 5412 praefecturam
2881 5341 2936 5395 in
2960 5340 3271 5397 Antelmum
3300 5340 3577 5395 derivarit.
3612 5339 3760 5395 Pras-
