3978 6050
319 238 427 292 793

320 445 557 515 indeque
586 443 657 498 ad
685 458 839 498 suam
869 440 1123 497 cellulam
1143 440 1200 494 in
1231 440 1572 495 Carthusiam
1596 440 1914 511 primariam

321 532 501 587 rediit.
558 533 687 587 Post
741 529 1091 599 novennium,
1122 544 1321 600 nempe
1350 544 1495 585 anno
1527 531 1685 596 1163,
1718 543 1916 582 conse-

321 627 501 677 cratus
532 627 613 674 est
634 618 690 673 in
711 617 1027 689 episcopum
1057 616 1416 673 Bellicensem
1445 617 1514 672 ab
1541 615 1661 686 ipso
1682 614 1916 670 Alexan-

323 704 425 759 dro
453 716 594 773 papa
621 702 713 767 IIl,
748 701 835 755 die
861 700 1168 755 Nativitatis
1224 701 1396 755 beatae
1424 700 1607 755 Marize
1661 698 1912 770 virginis:

324 806 448 861 quae
476 797 589 844 tum
649 788 705 842 in
760 787 1100 843 Dominicam
1148 787 1459 843 incurrebat
1494 804 1509 840 :
1543 801 1665 842 cum
1721 799 1918 854 nempe

327 884 475 933 esset
499 877 678 931 littera
707 875 1061 931 Dominicalis
1092 876 1152 929 F.
1188 875 1321 929 obiit
1348 882 1533 929 autem
1582 888 1725 928 anno
1757 874 1915 941 1178,

248 1024 255 1027 ,
326 964 673 1036 episcOpatus
704 963 787 1018 sui
809 977 906 1032 xv,
941 970 1093 1017 sexto
1122 961 1400 1017 Kalendas
1421 960 1566 1026 Julii,
1600 968 1721 1031 post
1752 959 1917 1014 Com-

322 1052 614 1124 pletorium
649 1066 662 1105 :
696 1059 749 1107 et
780 1052 898 1119 ejus
920 1050 1210 1120 depositio,
1241 1064 1338 1104 seu
1367 1049 1486 1103 dies
1516 1048 1808 1119 sepulturae
1838 1047 1919 1102 sic

321 1147 404 1195 est
458 1140 716 1194 adnotata
756 1138 811 1192 in
858 1137 1189 1209 Necrologio
1237 1136 1497 1205 Majorevi
1530 1154 1543 1189 :
1577 1151 1612 1189 v
1641 1136 1918 1191 Kalendas

322 1228 463 1284 Julii
491 1228 625 1283 obiit
668 1225 1005 1281 Nantelmus
1062 1225 1391 1281 Bellicensis
1421 1225 1732 1296 episcopus.
1766 1224 1835 1276 At
1862 1223 1919 1276 in

329 1314 581 1371 Ecclesia
609 1313 897 1369 Bellicensi
918 1313 1114 1368 colitur
1132 1312 1252 1384 ipso
1281 1312 1370 1367 die
1399 1311 1598 1382 obitus,
1630 1318 1783 1365 sexto
1812 1310 1918 1364 Ka-

321 1403 513 1459 lendas
540 1401 685 1468 Julii,
739 1402 840 1456 sub
884 1401 1104 1456 nomine
1158 1399 1414 1469 Antelmi,
1446 1414 1571 1454 cum
1628 1388 1815 1453 tamen
1866 1404 1919 1452 et

322 1507 445 1546 eum
479 1488 836 1555 Cartbusiani,
870 1496 923 1545 et
950 1488 1067 1559 ipse
1099 1503 1158 1543 se
1213 1486 1562 1542 Nantelmum
1593 1485 1911 1558 appellaret.

322 1578 459 1634 Vide
489 1577 868 1648 appendicem,
898 1592 1049 1632 num.
1082 1580 1136 1631 2.

1260 230 1459 287 LIBER
1509 229 1604 287 DE
1642 228 2026 286 EXERCITIO
2067 215 2134 269 -ἐ
2163 231 2382 286 rem.
2422 232 2679 288 CELLZE.

322 357 422 413 fuit
448 354 731 411 Antelmus
752 353 866 410 fere
925 353 1162 417 biennio,
1195 368 1367 424 usque
1396 353 1465 407 ad
1521 368 1723 407 annum
1752 355 1911 419 1154,
1941 354 1996 413 Α
2016 355 2384 424 numeramus)
2424 370 2457 409 a
2504 354 2782 410 nativitate
2812 355 3010 410 Christi
3058 356 3144 412 vel
3172 372 3205 412 a
3233 356 3491 412 Kalendis
3518 358 3616 411 Ja-
3710 398 3711 401 η

3515 236 3620 289 ’794

2016 442 2224 497 nuariis
2256 444 2411 509 1153,
2443 442 2536 513 qni
2576 452 2757 498 tamen
2814 444 2993 499 adhuc
3052 452 3167 499 erat
3216 452 3419 499 tantum
3454 448 3612 511 1152,

2018 525 2189 579 Gallis
2216 541 2246 578 a
2275 529 2344 581 25
2374 526 2551 580 Martii
2600 535 2860 598 sequente
2909 543 3064 582 suum
3094 543 3295 583 annum
3326 531 3463 583 1153
3505 543 3608 583 au-

2018 613 2323 683 spicaturis.

2087 698 2216 751 Post
2246 697 2581 752 Bernardum
2610 698 2931 764 secundum,
2978 707 3342 771 cognomento
3372 699 3439 755 de
3474 699 3610 754 Por-

2018 783 2102 849 tis,
2126 783 2224 838 fuit
2252 784 2567 839 Nantelmus
2598 785 2747 854 prior
2773 787 3060 840 Portarum
3100 788 3307 854 tertius,
3340 786 3457 841 fere
3514 802 3613 856 per

2019 871 2316 937 biennium,
2368 873 2470 927 hoc
2501 880 2583 926 est
2610 872 2678 925 ab
2709 888 2853 928 anno
2878 876 3011 927 1152
3042 875 3109 927 ad
3142 877 3298 929 1154.
3334 874 3430 929 Cui
3461 874 3614 928 abdi-

2018 959 2181 1025 canti,
2206 967 2263 1013 ut
2292 960 2347 1013 in
2386 975 2539 1014 suam
2588 961 2887 1016 Carthusize
2915 962 3263 1017 solitudinem
3292 978 3352 1017 se
3394 962 3613 1032 recipe-

2018 1054 2121 1115 ret,
2146 1048 2411 1102 successit
2438 1048 2745 1103 Bernardus
2777 1048 2967 1103 tertius
3001 1068 3014 1103 :
3047 1050 3138 1120 qui
3169 1049 3365 1104 deinde
3395 1057 3614 1104 creatus

2019 1136 2089 1189 ab
2119 1135 2428 1190 Alexandro
2457 1151 2598 1206 papa
2642 1136 2715 1190 llI
2747 1136 2965 1191 Diensis
2993 1138 3303 1208 episcopus,
3326 1136 3615 1193 virtutibus

2020 1230 2073 1279 et
2102 1222 2379 1277 miraculis
2427 1224 2637 1277 claruit.

2089 1312 2171 1366 De
2201 1311 2478 1366 Bernardo
2508 1312 2684 1382 primo
2715 1312 2833 1367 haec
2861 1313 2915 1367 in
2967 1312 3155 1369 codice
3192 1328 3297 1368 ms.
3334 1314 3615 1369 Portarum

2020 1415 2081 1454 se
2107 1399 2312 1470 legisse
2368 1399 2500 1453 mihi
2551 1407 2779 1454 testatus
2810 1407 2894 1455 est
2950 1401 3182 1455 domnus
3239 1402 3397 1474 Hugo
3428 1402 3605 1457 Buat:

2019 1487 2335 1543 Nonnullas
2366 1490 2636 1560 epistolas
2663 1488 2736 1543 ad
2768 1490 3037 1544 virtutem
3074 1493 3129 1545 et
3159 1488 3231 1545 ad
3258 1492 3438 1545 vitam
3467 1491 3609 1546 reli-

2020 1577 2235 1646 giosam
2282 1580 2703 1632 commonentes
2750 1578 3001 1648 scripsit,
3035 1593 3277 1650 quarum
3329 1578 3615 1649 pracipue

390 1665 679 1722 Nantelmo
736 1664 1018 1721 excedenti
1049 1680 1079 1720 e
1123 1665 1405 1719 Portarum
1466 1664 1733 1735 prioratu,
1776 1676 1919 1719 anno
1945 1699 1998 1760 B
2023 1664 2318 1731 habentur,
2352 1666 2426 1719 ad
2456 1666 2755 1721 Falconem
2786 1648 3063 1721 decanum
3086 1648 3537 1736 Lugdunensem,
3561 1668 3618 1721 et

323 1756 481 1820 1154,
514 1752 780 1809 successit
808 1752 1136 1818 Bernardus,
1170 1751 1363 1807 tertius
1385 1753 1500 1821 ejus
1530 1750 1765 1807 nominis
1785 1751 1918 1806 Por-
1946 1750 1996 1760 ”
2020 1752 2091 1807 ad
2121 1752 2377 1808 eumdem
2404 1754 2521 1820 iam
2538 1755 2860 1825 episcopum
2890 1755 3132 1823 factum,
3160 1754 3231 1808 ad
3261 1752 3615 1824 Aymondum

318 1849 495 1898 tarum
532 1840 703 1911 prior,
751 1848 805 1895 et
861 1840 1055 1895 exinde
1108 1839 1325 1895 Diensis
1369 1839 1676 1911 episcopus,
1710 1839 1779 1894 de
1808 1854 1917 1910 quo

318 1928 733 1986 nomenclatura
778 1928 1019 1999 priorum
1069 1926 1387 1994 Carthusim,
1440 1927 1677 1998 antiquis
1706 1927 1917 1981 statutis

326 2027 378 2074 et
431 2017 716 2089 impressis
770 2016 1154 2088 manuscriptis
1212 2017 1442 2083 adnexa,
1503 2015 1606 2071 sub
1665 2014 1918 2085 Guigone

325 2106 511 2177 priore
539 2105 855 2172 Carthusim,
889 2105 1047 2174 hujus
1088 2104 1323 2159 nominis
1354 2104 1616 2169 secundo,
1649 2102 1793 2159 circa
1821 2118 1917 2157 an-

330 2210 459 2249 num
487 2192 687 2248 Christi
711 2196 847 2247 H76
882 2208 892 2246 :
930 2195 1002 2249 Eo
1028 2197 1272 2264 tempore
1293 2193 1489 2261 ﬂoruit
1509 2192 1768 2247 dominus
1789 2192 1919 2246 Ber-

328 2282 563 2352 nardus,
624 2283 761 2337 olim
811 2282 970 2353 prior
1024 2283 1346 2347 Portarum,
1373 2284 1574 2351 postea
1630 2280 1919 2352 episcopus

328 2372 566 2436 Diensis,
599 2372 695 2441 qui
714 2373 963 2425 mortuos
982 2370 1295 2434 suscitavit,
1331 2370 1570 2440 leprosos
1598 2366 1915 2434 mandavit,

331 2463 387 2514 et
416 2458 739 2513 innumeris
785 2458 918 2512 aliis
961 2458 1173 2513 claruit
1201 2457 1518 2512 miraculis.
1551 2456 1619 2509 Et
1648 2456 1703 2508 in
1733 2455 1920 2511 codice

326 2563 430 2602 ms.
457 2548 742 2600 Portarum
772 2543 977 2618 legisse
1006 2561 1064 2599 se
1093 2544 1308 2612 asserit,
1338 2544 1450 2612 jam
1504 2558 1669 2614 supra
1699 2558 1731 2597 a
1760 2543 1919 2598 nobis

325 2634 578 2689 laudatus
606 2633 837 2688 domnus
866 2633 1025 2703 Hugo
1056 2633 1207 2699 Buat,
1240 2633 1356 2688 haec
1384 2631 1505 2701 ipsa
1532 2631 1700 2687 verba
1729 2632 1797 2685 ad
1818 2647 1919 2701 pa-

327 2722 512 2794 ginam
543 2722 609 2776 42
645 2739 657 2775 :
692 2721 800 2776 Sub
856 2721 1014 2776 beato
1042 2720 1309 2792 pontiﬁce
1366 2719 1695 2774 Alexandro
1726 2720 1917 2788 tertio,

324 2810 489 2865 nobis
519 2812 747 2880 ereptus
805 2812 889 2864 est
936 2810 1176 2864 domnus
1206 2807 1526 2863 Bernardus
1553 2808 1712 2877 prior
1739 2823 1919 2878 quon-

322 2899 451 2953 dam
482 2901 693 2964 noster,
736 2912 861 2952 vere
892 2898 976 2951 vir
1005 2897 1102 2951 Dei
1148 2900 1203 2951 et
1246 2899 1500 2960 sanctus,
1534 2899 1601 2950 ut
1631 2896 1922 2967 episc0pus

324 2986 544 3041 Diensis
571 2985 976 3055 praeﬁceretur.
1009 2985 1140 3038 Tum
1176 2983 1377 3055 pagina
1400 2982 1646 3054 sequenti
1682 3001 1694 3035 :
1728 2982 1919 3054 Itaque

2016 1841 2081 1895 de
2107 1840 2386 1906 Rohieres,
2421 1842 2493 1895 ad
2524 1841 2865 1897 Rainaldum
2910 1842 3218 1907 inclusum,
3251 1842 3322 1896 ad
3342 1842 3619 1896 moniales

2017 1928 2084 1983 de
2116 1929 2404 1998 Lugdune,
2430 1929 2501 1983 ad
2520 1930 2836 1985 Berlionem
2866 1931 3190 2001 episcopum
3217 1930 3607 1995 Bellicensem,

2016 2016 2087 2071 ad
2113 2017 2395 2071 moniales
2424 2017 2489 2071 de
2521 2017 2729 2085 Blesio,
2772 2017 2843 2072 ad
2878 2019 3194 2088 Eugenium
3238 2033 3446 2089 papam
3474 2058 3487 2082 ,
3542 2016 3617 2071 ad

2016 2104 2209 2159 divum
2263 2104 2615 2160 Bernardum
2677 2105 3008 2160 Clarevallis
3057 2106 3350 2171 abbatem,
3430 2107 3486 2159 et
3544 2103 3618 2158 ad

2018 2194 2319 2247 Ismionem
2338 2193 2591 2247 abbatem
2629 2194 3178 2261 Ambroniacensem,
3204 2208 3325 2264 qua:
3353 2193 3610 2248 omnium

2017 2284 2102 2336 est
2141 2278 2569 2351 pulcherrima,
2625 2282 2687 2335 in
2745 2298 2853 2352 qua
2904 2281 3276 2337 declarantur
3303 2296 3489 2336 causa:
3516 2295 3620 2334 cur

2020 2368 2433 2425 monasterium
2463 2367 2828 2441 dereliquerit
2860 2372 2916 2423 et
2937 2369 3011 2423 ad
3034 2384 3286 2424 eremum
3310 2370 3619 2423 Portarum

2021 2457 2395 2526 transfugerit
2420 2476 2437 2521 ,-
2468 2457 2751 2527 incipiens
2771 2458 2833 2511 in
2866 2456 2981 2511 hwc
3019 2457 3185 2512 verba
3218 2476 3236 2511 :
3266 2455 3349 2527 [In
3376 2462 3618 2509 montem

2020 2544 2229 2599 salvum
2258 2551 2311 2598 te
2367 2543 2472 2611 fac,
2505 2560 2573 2598 ne
2603 2552 2655 2598 et
2684 2551 2737 2598 tu
2768 2544 2928 2598 simul
2960 2543 3198 2615 pereas.]
3230 2545 3309 2598 Ex
3351 2543 3436 2596 his
3466 2542 3616 2612 epis-

2019 2632 2143 2686 tolis
2173 2639 2284 2686 tres
2312 2639 2517 2685 tantum
2542 2631 2609 2685 ad
2638 2646 2738 2685 nos
2768 2631 3123 2687 devenerunt.

2091 2719 2270 2773 Prima
2298 2720 2365 2773 ad
2415 2722 2716 2790 Aymonem
2764 2720 2832 2774 de
2888 2720 3189 2785 Varennes,
3214 2726 3268 2774 et
3316 2721 3618 2789 Aymonem

2020 2807 2089 2863 de
2120 2807 2375 2873 Rohoria,
2410 2807 2489 2862 De
2521 2807 2648 2878 fuga
2681 2806 2884 2862 saeculi.
2918 2808 2997 2862 De
3028 2808 3225 2879 quibus
3262 2806 3390 2862 viris
3421 2806 3618 2861 memi-

2020 2896 2100 2950 nit
2126 2894 2210 2949 bis
2242 2895 2425 2950 verbis
2454 2895 2774 2949 tabularium
2796 2895 3056 2963 Arveriae,
3088 2896 3229 2950 inter
3258 2896 3375 2963 ejus
3405 2894 3622 2949 domus-

2022 2983 2402 3038 benefactores
2433 2984 2603 3054 Aymo
2632 2987 2688 3037 et
2705 2984 2857 3054 Hugo
2892 2983 2958 3037 de
3008 2985 3288 3039 Varennes
3319 2983 3621 3051 wdiﬁcave—

327 3076 563 3130 sanctus
584 3073 671 3127 vir
700 3071 1023 3127 Bernardus
1073 3072 1457 3145 episcopatum
1488 3071 1743 3125 Diensem
1769 3071 1918 3125 mira
1949 3050 1994 3110 Ο
2024 3075 2164 3127 runt
2211 3072 2542 3135 Ecclesium,
2576 3086 2773 3141 nempe
2805 3070 3063 3126 Arveriae.
3098 3072 3267 3142 Agmo
3298 3070 3365 3126 de
3395 3071 3619 3127 Rivoria

322 3162 629 3233 patientia,
663 3160 871 3231 majori
896 3160 1131 3231 pietate,
1165 3162 1220 3214 et
1277 3159 1694 3228 ferventissime
1725 3157 1920 3213 chari-

335 3253 452 3303 tate
479 3248 835 3318 gubernavit,
871 3262 1100 3320 ovesque
1126 3247 1356 3319 propria
1383 3246 1633 3301 mirabili
1664 3245 1921 3300 dexteri-

329 3339 449 3391 tate
477 3336 543 3390 de
572 3337 739 3406 fauce
770 3337 980 3390 tartari
1008 3334 1221 3406 eripuit
1250 3337 1307 3389 et
1333 3333 1608 3389 liberavit.
1642 3332 1921 3388 Bernardo

326 3423 457 3479 huic
486 3423 666 3487 tertio,
700 3437 824 3478 cum
856 3422 927 3477 ad
958 3422 1329 3492 episcOpatum
1385 3421 1641 3475 Diensem
1698 3428 1922 3475 vocatus

330 3520 433 3577 est,
466 3511 802 3567 successisse
830 3510 1046 3565 videtur
1081 3510 1390 3579 Stephanus
1432 3509 1586 3578 prior
1612 3509 1918 3571 Portarum,

336 3600 488 3668 cujus
520 3598 723 3654 mentio
755 3598 824 3653 ad
854 3612 1057 3653 annum
1104 3596 1304 3653 Christi
1347 3599 1505 3667 1171,
1538 3596 1591 3650 in
1620 3595 1769 3651 bulla
1798 3596 1923 3651 Ale-

336 3687 529 3742 xandri
561 3701 717 3758 papae
748 3687 840 3741 III.
872 3688 951 3742 Ac
974 3684 1207 3741 fortasse
1235 3685 1326 3740 hic
1353 3684 1471 3755 ipse
1500 3691 1583 3738 est
1617 3684 1924 3754 Stephanus

330 3775 401 3832 de
432 3775 733 3842 Chalmeto,
766 3774 834 3829 de
864 3790 972 3845 quo
1002 3773 1164 3829 infra.
1200 3774 1472 3844 Stephano
1500 3772 1762 3828 successit
1811 3774 1923 3828 Ro-

325 3864 611 3931 sthannus,
646 3878 807 3934 quem
855 3861 1093 3932 appellat
1121 3861 1271 3917 bulla
1308 3861 1454 3916 Lucii
1484 3875 1636 3932 papae
1668 3861 1760 3927 Ill,
1798 3860 1925 3916 data

316 3951 395 4005 ad
424 3951 702 4005 IurNonas
728 3949 1051 4005 Februarias
1084 3953 1242 4015 1182,
1293 3948 1583 4003 indictione
1616 3965 1653 4002 l.
1687 3950 1923 4003 Bernar-

325 4039 455 4093 dum
484 4052 615 4093 vero
648 4038 864 4092 tertium
895 4038 1023 4108 quia
1068 4037 1315 4109 plerique
1362 4052 1554 4091 omnes
1600 4037 1918 4107 scriptores,

324 4126 485 4183 etiam
517 4123 857 4180 Carthu'siani
889 4125 1239 4191 recentiores,
1271 4132 1326 4179 ut
1380 4126 1574 4179 Petrus
1605 4124 1783 4192 Sutor,
1817 4125 1922 4179 Pe-

322 4222 444 4271 trus
500 4212 827 4278 Dorlandus,
878 4213 1196 4269 Theodorus
1250 4214 1488 4268 Petraeus
1521 4220 1575 4267 et
1604 4213 1923 4267 Laurentius

326 4302 520 4358 Surius
551 4301 607 4355 in
636 4301 757 4356 Vita
779 4301 836 4357 S.
862 4301 1122 4371 Stephani
1146 4301 1361 4356 Diensis
1383 4300 1645 4370 episcOpi,
1670 4316 1790 4357 cum
1815 4301 1924 4356 Ca-

2022 3160 2161 3229 fecit
2192 3159 2594 3213 dormitorium
2639 3161 2910 3229 fratrum.

2096 3246 2351 3300 Secunda
2380 3253 2463 3300 est
2491 3246 2563 3300 ad
2585 3245 3027 3301 sanctimoniales
3046 3246 3462 3318 Lugdunenses,
3484 3246 3620 3300 hor-

2023 3333 2213 3389 tatoria
2242 3334 2309 3388 ad
2342 3334 2738 3404 capessendam
2767 3350 2968 3405 magno
2995 3333 3197 3401 animo,
3231 3350 3396 3406 quam
3426 3350 3623 3391 recens

2024 3429 2394 3492 susceperant,
2429 3423 2739 3494 regularem
2769 3422 3131 3492 disciplinam.
3173 3423 3293 3477 Duo
3314 3422 3621 3492 puellarum

2019 3510 2289 3566 asceteria
2326 3510 2713 3581 Lugdunensis
2760 3519 3024 3565 memorat
3072 3509 3369 3566 Leidradus
3399 3511 3621 3581 Lugdu-

2024 3599 2210 3655 nensis
2239 3598 2702 3670 archiepiscopus,
2748 3598 2805 3654 in
2842 3597 3089 3669 Epistola
3118 3597 3185 3653 ad
3216 3597 3466 3653 Carolum
3496 3600 3614 3652 Ma-

2023 3702 2191 3759 gnum
2212 3702 2225 3740 :
2250 3688 2313 3742 In
2333 3687 2545 3751 eadem,
2570 3686 2764 3757 inquit,
2785 3688 3017 3743 civitate
3034 3687 3180 3742 alias
3199 3689 3518 3743 restauravi
3534 3702 3622 3743 ec-

2024 3777 2247 3831 clesias.
2299 3777 2476 3831 Unam
2496 3775 2718 3846 quidem
2739 3776 2803 3829 in
2836 3773 3101 3830 honorem
3131 3776 3355 3831 Sancta:
3382 3775 3622 3830 Eulalia

2024 3862 2144 3935 (ubi
2191 3865 2311 3934 fuit
2355 3864 2789 3933 monasterium)
2848 3863 3196 3935 puellarum)
3254 3865 3317 3918 in
3356 3864 3624 3919 honorem

2025 3952 2079 4008 S.
2118 3952 2336 4021 Georgii
2370 3966 2382 4004 :
2414 3968 2581 4024 quam
2604 3951 2671 4006 de
2713 3952 2857 4007 Νουο
2888 3952 3105 4022 operui,
3137 3955 3290 4008 etea:
3322 3956 3485 4023 parte
3503 3967 3624 4007 ma-

2024 4042 2205 4095 cerias
2237 4041 2358 4111 ejus
2376 4041 2442 4095 de
2458 4039 2852 4110 fundamentis
2874 4041 3055 4095 erexi.
3094 4039 3231 4093 Tum
3258 4040 3448 4110 paucis
3468 4039 3625 4095 inter-

2018 4128 2179 4195 jectis
2211 4146 2223 4182 :
2247 4129 2653 4183 Monasterium
2675 4143 2886 4199 quoque
2906 4128 3253 4199 puellarum,
3275 4129 3336 4183 in
3356 4129 3625 4184 honorem

2025 4219 2212 4272 sancti
2224 4218 2381 4272 Petri
2398 4216 2738 4281 dedicatum,
2757 4216 2853 4271 ubi
2868 4231 3073 4287 corpus
3091 4217 3282 4271 sancti
3302 4217 3627 4273 Annemun-

2026 4305 2083 4360 di
2103 4305 2372 4376 martyris
2402 4304 2702 4360 humatum
2725 4307 2811 4359 est
2828 4304 2995 4375 (quod
3008 4306 3126 4375 ipse
3147 4308 3381 4360 sanctus
3404 4310 3628 4377 martyr

316 4390 459 4444 nisio
490 4396 696 4453 nostro,
750 4396 804 4443 et
836 4390 1108 4460 Saussayo
1138 4389 1194 4443 in
1243 4389 1358 4444 suis
1415 4388 1837 4461 Martyrologiis,
1872 4398 1925 4445 et
1953 4400 2004 4459 Ῑ)
2029 4398 2085 4449 et
2125 4394 2417 4464 episcopus
2433 4392 2717 4461 instituit)
2748 4407 2843 4463 ego
2885 4408 2920 4446 a
2947 4392 3343 4461 fundamentis
3376 4395 3495 4448 tam
3524 4394 3625 4449 Ec-

317 4477 441 4533 aliis
484 4476 778 4548 plerisque,
841 4493 987 4533 nunc
1040 4493 1165 4533 cum
1221 4476 1502 4532 Bernardo
1529 4476 1733 4547 primo,
1761 4478 1926 4532 modo

321 4580 447 4620 cum
494 4564 737 4619 secundo
795 4564 1177 4631 confuderunt,
1214 4565 1290 4619 sic
1347 4563 1506 4619 nobis
1533 4564 1611 4618 illi
1671 4581 1737 4620 ex
1767 4565 1927 4621 dictis

326 4652 677 4707 discernendi
717 4660 858 4706 sunt.

402 4740 615 4794 Primus
633 4740 961 4808 Bernardus,
986 4740 1239 4796 fundator
1260 4741 1454 4796 domus
1472 4742 1757 4797 Portarum
1783 4756 1925 4797 anno

327 4831 485 4895 1115,
520 4844 585 4883 ex
634 4829 903 4884 monacho
951 4828 1438 4895 Ambroniacensi,
1489 4830 1789 4900 prioratum
1814 4831 1925 4899 jam

323 4916 669 4971 abdicaverat
700 4916 788 4970 die
846 4916 1016 4971 sancti
1046 4917 1268 4971 Thema:
1325 4917 1558 4987 apostoli
1600 4920 1756 4983 1147,
1792 4920 1924 4973 Ber-

320 5002 553 5058 nardum
582 5004 652 5059 de
683 5004 853 5059 Portis
884 5021 950 5059 ex
980 5004 1263 5060 Bellicensi
1294 5006 1552 5076 episcopo
1584 5006 1694 5060 sibi
1727 5006 1927 5061 substi-

316 5099 497 5147 tuens.
520 5092 589 5147 At
618 5092 893 5147 Bernardo
914 5092 983 5148 de
1013 5093 1189 5147 Portis
1228 5101 1446 5148 mortuo
1471 5097 1628 5160 1152,
1662 5110 1782 5149 xvn
1814 5095 1923 5149 Ka-

314 5178 506 5234 lendas
563 5179 835 5245 Januarii,
871 5180 922 5235 ei
981 5189 1259 5251 superstes
1330 5182 1640 5236 Bernardus
1720 5182 1924 5252 primus

318 5267 671 5322 Nantelmum
699 5284 765 5323 ex
797 5268 981 5338 priore
1013 5269 1335 5335 Carthusim,
1371 5270 1654 5325 Portarum
1687 5272 1924 5341 priorem

314 5355 614 5411 constituit.
654 5355 769 5411 Nec
800 5356 971 5411 multo
1018 5364 1157 5426 post,
1219 5373 1415 5428 nempe
1479 5358 1671 5413 diebus
1703 5362 1769 5413 58
1801 5368 1924 5429 post

313 5442 521 5499 obitum
550 5444 813 5498 Bernardi
845 5444 913 5498 de
963 5445 1138 5499 Portis
1185 5446 1420 5501 excessit
1450 5462 1478 5501 e
1510 5446 1647 5501 vivis
1678 5448 1923 5502 Bernar-

316 5532 421 5587 dus
466 5531 691 5603 primus,
733 5531 907 5603 pridie
949 5531 1074 5587 Idus
1130 5533 1442 5602 Februarii,
1478 5550 1620 5589 anno
1652 5536 1733 5605 (ut
1755 5537 1917 5593 hodie

2026 4482 2231 4537 etesias
2251 4496 2418 4552 quam
2439 4480 2665 4537 domum
2696 4482 3016 4536 restauravi
3047 4498 3065 4534 :
3096 4480 3192 4536 ubi
3222 4498 3376 4537 nunc
3403 4483 3624 4537 sancti-

2028 4570 2304 4625 moniales
2321 4584 2559 4624 numero
2578 4571 2643 4624 32
2674 4567 2986 4624 secundum
3006 4570 3438 4626 institutionem
3455 4586 3626 4641 regu-

2032 4658 2213 4713 larem
2242 4658 2487 4713 viventes
2519 4657 2773 4713 habitare
2794 4657 3086 4713 videntur.
3118 4658 3251 4712 Cum
3276 4666 3450 4713 autem
3482 4674 3627 4714 nunc

2031 4753 2234 4801 scateat
2262 4746 2583 4819 Lugdunum
2614 4744 2926 4800 monialium
2974 4747 3258 4812 coenobiis,
3292 4746 3360 4801 de
3399 4746 3455 4800 S.
3482 4745 3626 4801 Petri

2032 4834 2365 4889 monasterio
2429 4822 2924 4903 Benedictinarum,
2993 4834 3287 4889 etiamnum
3341 4834 3535 4904 Opibus
3563 4849 3628 4890 ac

2033 4922 2299 4992 religione
2363 4922 2563 4993 inclyte
2594 4965 2607 4987 ,
2668 4922 2930 4977 Bernardi
3001 4921 3269 4977 Portensis
3340 4922 3627 4992 epistolam

2033 5011 2239 5080 accipio
2278 5026 2342 5066 ea
2374 5010 2584 5065 ratione
2614 5010 2760 5082 quod
2791 5011 2906 5079 ejus
2935 5026 3053 5066 aevo
3111 5010 3331 5066 unicum
3378 5010 3628 5083 Lugduni

2032 5099 2199 5154 fuisse
2229 5099 2552 5154 existimem.
2582 5100 2723 5153 Nam
2752 5106 2909 5153 vetus
2974 5098 3106 5152 illud
3138 5099 3193 5153 S.
3248 5099 3478 5155 Eulalia:
3510 5100 3626 5170 (ubi

2033 5203 2178 5243 nunc
2252 5187 2397 5243 aedes
2448 5188 2505 5243 S.
2568 5188 2817 5260 Georgii)
2860 5203 2959 5242 suo
3032 5195 3275 5258 tempore
3323 5189 3441 5258 jam
3483 5188 3628 5243 desi-

2035 5284 2147 5330 tum
2203 5276 2405 5331 indicat
2450 5276 2767 5332 Leidradus.
2826 5276 2946 5331 Alia
3004 5292 3169 5347 porro
3244 5278 3428 5333 omnia
3499 5285 3630 5347 puta

2037 5364 2427 5433 Clarissarum,
2505 5365 2987 5420 Carmelitanarum
3036 5366 3515 5429 Annuntiatarum,
3579 5372 3633 5419 et

2035 5460 2251 5521 caetera,
2287 5461 2407 5523 post
2464 5454 2793 5509 Bernardum
2822 5453 3042 5509 fundata
3081 5469 3204 5508 esse
3252 5468 3361 5509 non
3402 5453 3627 5509 dubium

2036 5548 2137 5595 est.
