3972 6052
407 214 511 270 ’795

1271 215 1613 273 GUIGONIS
1662 217 1710 271 II
1757 214 2164 272 CARTHUSIZE
2192 212 2486 271 MAJORIS
2534 213 2812 272 PRIORIS

3579 220 3686 275 796

473 336 656 393 Tertia
712 336 784 392 ad
837 337 1157 393 Rainaldum
1213 339 1503 410 inclusum,
1533 339 1764 412 qualiter
1804 354 1991 395 coram
2012 340 2069 401 Α
2092 339 2270 394 etiam
2301 353 2431 394 cum
2459 339 2720 410 episcopi,
2744 320 2992 409 abbates,
3015 344 3118 396 aut
3154 341 3538 413 cujuscunque
3568 341 3690 414 dig-

402 424 637 480 Domino
666 424 735 479 sit
761 425 1071 482 vivendum.
1103 427 1310 499 Ecquis
1366 435 1513 483 esset
1566 427 1859 483 Rainaldus
1886 427 1989 483 iste

395 511 658 576 inclusus,
693 512 876 568 docuit
904 530 993 569 me
1050 522 1205 570 vetus
1259 516 1582 570 membrana
1641 532 1670 571 e
1722 515 1987 570 tabulario

397 599 674 669 Majorevi,
707 616 829 671 quae
857 601 1062 671 incipit,
1104 604 1276 658 Guido
1306 602 1373 659 de
1402 604 1648 670 Aranda,
1684 584 2015 673 descripta-‘

394 702 501 758 que
529 695 611 743 est
642 704 674 741 a
702 688 860 743 nobis
888 689 946 742 in
999 690 1314 759 Appendice
1373 692 1532 760 hujus
1592 691 1871 745 Manualis.
1907 692 1988 745 Ea

396 771 587 825 charta
615 770 732 826 sine
748 781 875 826 nota
899 773 1180 843 temporis,
1205 789 1326 830 cum
1348 775 1488 830 inter
1518 782 1682 829 testes
1704 775 1988 845 Hugonem

396 858 657 928 Majorevi
685 868 1085 930 procuratorem
1141 861 1509 932 subscriptum
1555 863 1774 932 habeat,
1825 878 1987 933 quem

399 946 519 1003 alia:
547 947 746 1002 tabulae
772 949 921 1004 circa
958 965 1161 1003 annum
1190 949 1387 1004 Christi
1447 951 1584 1004 1134
1640 949 1697 1004 id
1750 950 1989 1005 muneris

396 1036 639 1107 gessisse
693 1035 1035 1108 significant;
1069 1037 1158 1093 vel
1184 1053 1249 1092 ex
1302 1039 1408 1093 hoc
1462 1038 1682 1104 indicio,
1741 1038 1989 1093 Rainaldi

396 1123 467 1177 ad
496 1123 554 1179 S.
614 1123 1019 1194 Ragnebertum
1039 1124 1236 1180 inclusi
1268 1133 1482 1180 aetatem
1530 1133 1790 1196 agnoscat
1840 1125 1985 1195 licet,

398 1210 546 1282 quod
574 1219 628 1267 et
656 1227 722 1267 ex
749 1212 868 1282 ipso
895 1212 1200 1267 tabularum
1230 1214 1549 1269 charactere
1578 1214 1989 1282 deprehendere

400 1305 504 1355 est.
538 1297 659 1354 Fuit
688 1298 855 1371 igitur
869 1299 958 1356 hic
988 1300 1284 1355 Rainaldus
1301 1300 1529 1355 eremita
1549 1301 1808 1367 inclusus,
1829 1316 1988 1356 seor-

401 1386 505 1441 sim
532 1403 566 1443 a
593 1386 847 1442 fratribus
878 1386 1075 1442 cellam
1102 1388 1329 1455 habens,
1376 1388 1522 1443 haud
1550 1388 1741 1459 procul
1793 1404 1827 1444 a
1864 1402 1988 1444 mo-

394 1475 632 1530 nasterio
652 1476 708 1531 S.
734 1475 1065 1548 Ragneberti
1083 1476 1577 1545 Benedictinorum,
1609 1477 1755 1549 quod
1781 1476 1990 1532 duabus

400 1562 693 1618 admodum
712 1562 884 1619 leucis
931 1564 1161 1619 horariis
1205 1565 1408 1621 abesta
1429 1566 1713 1621 Portarum
1756 1565 1989 1621 Carthu-

397 1651 518 1706 sia:
551 1659 605 1707 et
631 1667 663 1706 a
690 1652 1043 1724 Ragneberto
1098 1652 1391 1710 Radeberti
1444 1654 1598 1711 ducis
1641 1653 1753 1710 ﬁlio
1789 1669 1988 1710 nomen

394 1739 580 1806 habet,
612 1755 772 1812 quem
810 1739 939 1795 olim
984 1740 1212 1796 Ebroini
1249 1741 1485 1813 nequitia
1516 1749 1813 1813 martyrem
1840 1741 1987 1798 fecit.

395 1827 551 1883 Prius
580 1836 761 1883 autem
789 1828 845 1882 id
899 1829 1290 1886 monasterium
1338 1830 1725 1887 Bebronnense
1777 1846 1990 1886 nuncu-

396 1916 650 1987 pabatur,
683 1931 718 1971 a
745 1916 1033 1973 Bebronna
1062 1934 1170 1990 quo
1197 1918 1417 1974 alluitur
1450 1926 1690 1975 torrente
1719 1934 1731 1973 :
1765 1933 1831 1975 ac
1863 1919 1990 1975 fun-

394 2004 585 2060 datum
616 2003 796 2061 fuerat
830 2020 864 2061 a
892 2006 949 2062 S.
990 2007 1297 2062 Domitiano
1349 2008 1565 2076 abbate,
1598 2008 1668 2062 ad
1718 2007 1992 2063 Kalendas

393 2093 566 2149 Julias
609 2093 1016 2166 Martyrologiis
1054 2095 1337 2166 inscripto.
1370 2096 1426 2151 1n
1478 2096 1636 2165 cujus
1664 2096 1793 2162 vita,
1830 2111 1993 2168 quam

395 2198 461 2237 ex
490 2182 661 2238 veteri
690 2183 937 2252 ejusdem
966 2183 1287 2238 monasterii
1306 2184 1499 2240 codice
1527 2184 1658 2239 olim
1688 2184 1991 2254 descripsi-

394 2285 534 2338 mus,
584 2270 986 2326 emendandum
1030 2278 1114 2326 est
1150 2271 1303 2338 illud,
1355 2272 1502 2343 quod
1561 2273 1620 2328 S.
1652 2272 1993 2327 Domitianus

387 2357 584 2413 Juliani
612 2359 888 2430 Apostatae
910 2359 1347 2429 persecutionem
1378 2359 1586 2432 fugisse
1616 2361 1833 2416 dicitur.
1864 2361 1989 2416 Non

388 2446 533 2502 enim
562 2446 616 2501 id
645 2445 939 2503 convenire
960 2455 1137 2517 potest
1189 2462 1317 2503 cum
1346 2448 1414 2503 iis
1458 2464 1579 2520 quia
1625 2448 1897 2503 adduntur
1923 2449 1994 2504 de

388 2534 682 2592 Domitiani
733 2535 1128 2607 congressibus
1182 2551 1307 2591 cum
1365 2536 1651 2592 Vincentio
1700 2536 1990 2605 Lirinensi,

391 2623 597 2678 Hilario
654 2623 985 2690 Arelatensi,
1016 2631 1071 2678 et
1116 2624 1386 2680 Eucherio
1433 2624 1803 2697 Lugdunensi,
1853 2641 1995 2697 quos

390 2710 549 2766 annis
577 2710 689 2767 fere
736 2718 955 2767 centum
1011 2718 1135 2782 post
1187 2711 1462 2767 Iulianum
1507 2712 1765 2768 floruisse
1796 2728 1989 2769 omnes

392 2806 615 2855 norunt.

416 2951 508 3006 ΙΙΙ.
540 2951 782 3009 Joannis
815 2953 1123 3008 Portarum
1151 2952 1418 3009 monachi
1433 2953 1684 3025 epistolae
1702 2952 1965 3025 quinque.

460 3075 763 3131 Carthusie
785 3076 1068 3131 Portarum
1090 3092 1149 3131 se
1172 3077 1503 3132 monachum
1525 3074 1821 3147 proﬁtetur
1835 3077 1998 3131 Joan-

388 3179 487 3219 nes
516 3163 625 3231 hic,
655 3164 807 3219 initio
840 3164 1086 3234 epistola:
1117 3163 1317 3235 quinte
1352 3165 1423 3219 ad
1450 3164 1786 3220 Bernardum
1816 3179 1996 3235 nepo-

382 3260 520 3320 tem;
541 3267 702 3325 quem
723 3268 847 3309 cum
873 3252 956 3307 his
975 3251 1266 3323 alloquitur
1286 3251 1468 3309 verbis
1494 3254 1793 3309 :Novimus
1818 3254 1992 3322 enim,

388 3341 456 3397 de
486 3342 645 3400 domo
673 3342 737 3397 in
768 3357 878 3413 qua
916 3357 992 3413 es,
1024 3345 1081 3398 et
1111 3344 1179 3399 de
1225 3342 1644 3410 Carthusiensi,
1677 3346 1736 3397 et
1765 3342 1831 3397 de
1860 3356 1996 3396 nos-

395 3431 506 3495 tra,
532 3433 589 3485 et
617 3428 683 3485 de
703 3431 838 3486 aliis
858 3428 1027 3502 hujus
1043 3431 1339 3504 propositi,
1364 3431 1748 3502 particulares
1768 3431 1954 3485 exisse
1978 3449 1993 3497 ;

395 3533 638 3590 quorum
667 3520 939 3575 nonnulli
963 3524 1091 3591 post
1112 3536 1319 3591 paucos
1351 3519 1487 3585 dies,
1516 3519 1695 3591 aliqui
1725 3533 1853 3574 vero
1872 3521 1997 3590 post

392 3622 604 3677 paucos
624 3621 843 3663 menses
862 3608 1148 3674 obierunt,
1176 3606 1593 3663 Carthusianum
1621 3606 1842 3678 quidem
1871 3621 1995 3661 eum

391 3692 565 3751 fuisse
598 3693 897 3767 signiﬁcat,
931 3711 1042 3751 non
1070 3704 1253 3751 tamen
1282 3695 1351 3751 de
1378 3695 1637 3766 primaria
1685 3694 1991 3764 Carthusia,

284 3824 291 3835 ,
385 3790 476 3838 aut
514 3782 682 3853 etiam
711 3783 781 3838 de
810 3784 974 3838 domo
1005 3785 1307 3839 Portarum.
1340 3783 1586 3838 Fratrem
1614 3784 1794 3836 autem
1824 3797 1884 3837 se
1912 3781 1995 3836 di-

387 3871 461 3927 cit
489 3887 663 3928 carne
693 3875 752 3927 et
792 3873 1020 3943 spiritu,
1071 3871 1334 3942 Stephani
1361 3870 1508 3925 illius
1560 3885 1724 3942 quem
1752 3870 1988 3940 epistola

392 3973 489 4013 sua
517 3958 696 4028 prima
725 3959 1080 4015 vehementer
1117 3960 1431 4014 cohortatur
1457 3958 1528 4013 ad
1555 3957 1843 4013 vanitatem
1883 3974 1991 4013 saa-

390 4045 499 4102 culi
528 4046 904 4101 abdicandam.
936 4045 1059 4114 Quo
1088 4046 1219 4100 mihi
1238 4046 1444 4101 arridet
1471 4046 1816 4115 conjectura,
1850 4047 1993 4101 hunc

388 4134 567 4206 ipsum
598 4149 721 4190 esse
768 4135 1032 4190 Joannem
1060 4135 1131 4191 de
1187 4136 1369 4190 Monte
1428 4134 1634 4201 medio,
1693 4133 1994 4191 Carthusize

391 4224 678 4279 Portarum
707 4223 1056 4289 monachum,
1088 4224 1240 4293 cujus
1270 4223 1472 4279 mentio
1502 4224 1573 4279 ad
1633 4222 1846 4278 initium
1877 4223 1992 4293 pri-

389 4328 493 4367 mae
523 4311 768 4383 epistolae
797 4312 1057 4367 Bernardi
1088 4313 1369 4368 Portarum
1413 4311 1646 4384 prioris;
1696 4312 1788 4383 qui
1837 4310 1994 4366 fratri

2090 426 2298 483 nitatis
2311 441 2572 498 personae
2599 427 2883 483 adessent.
2932 427 3072 482 Nam
3121 427 3179 483 S.
3222 426 3506 484 Antelmus
3533 429 3690 500 prio-

2090 522 2209 568 ratu
2239 513 2459 582 majoris
2480 514 2782 570 Carthusiaa
2814 513 3024 570 abierat
3080 529 3224 571 anno
3269 514 3470 570 Christi
3496 516 3687 573 ’1151.

2091 601 2224 656 Inde
2251 616 2384 658 vero
2411 617 2477 658 ex
2503 602 2712 673 privato
2741 602 2889 673 prior
2919 603 3198 659 Portarum
3243 602 3345 658 fuit
3373 618 3476 674 per
3536 604 3694 660 bien-

2088 688 2256 757 nium,
2287 689 2356 743 ab
2402 704 2544 744 anno
2584 689 2789 746 scilicet
2822 693 2959 747 1152
2988 691 3061 746 ad
3091 692 3247 756 1154,
3283 706 3405 761 quin
3434 700 3692 763 tempora

2089 791 2216 831 cum
2254 777 2464 832 Joanne
2498 776 2567 832 de
2595 777 2961 833 Montemedio
2990 784 3116 848 apte
3156 786 3549 849 comparantur.
3586 780 3691 834 Vix

2088 870 2272 919 autem
2326 864 2566 920 adducor
2628 872 2684 919 ut
2738 866 2935 919 harum
2990 865 3344 936 epistolarum
3404 874 3687 922 auctorem

2088 966 2386 1022 agnoscam
2412 954 2677 1008 Joannem
2708 952 3021 1024 quemdam,
3053 968 3121 1008 ex
3149 953 3348 1009 abbate
3378 953 3685 1009 Abundan—

2087 1039 2194 1104 tiae,
2245 1041 2571 1094 monachum
2598 1040 2871 1107 Arverias;
2904 1041 3009 1096 hoc
3037 1048 3140 1108 est,
3183 1057 3251 1096 ex
3284 1041 3689 1112 Augustiniauo

2088 1126 2502 1182 Carthusianum
2532 1128 2624 1200 qui
2654 1127 2928 1183 nonnullis
2954 1128 3011 1182 in
3057 1128 3274 1184 schedis
3303 1127 3508 1201 legitur
3534 1144 3682 1186 anno

2088 1214 2284 1269 Christi
2317 1218 2452 1271 1202
2483 1230 2514 1270 e
2542 1215 2679 1270 vivis
2707 1215 2911 1271 abiisse
2942 1231 2956 1271 :
2989 1215 3114 1287 quia
3141 1215 3207 1270 iis
3236 1231 3359 1287 quae
3380 1216 3491 1271 dixi
3516 1231 3686 1289 argu-

2087 1302 2284 1358 mentis
2313 1303 2549 1357 Joannes
2579 1301 2666 1358 hic
2703 1310 2893 1358 noster
2939 1311 3011 1377 et.
3039 1304 3319 1359 Portarum
3371 1304 3690 1360 Carthusia-

2087 1407 2210 1458 nus,
2244 1397 2299 1447 et
2325 1390 2418 1446 illo
2446 1391 2656 1447 Joanne
2683 1390 2953 1463 antiquior
2980 1391 3438 1463 deprehenditur.

2090 1571 2177 1626 IV.
2198 1569 2475 1641 Stephani
2493 1570 2560 1624 de
2583 1568 2892 1641 Chalmeto,
2912 1568 3204 1641 monachi
3226 1570 3555 1635 Portarum,
3579 1570 3692 1641 epi-

2160 1639 2307 1711 stola
2321 1640 2394 1696 ad
2411 1641 2659 1698 novitios
2676 1640 2875 1696 Sancti
2894 1639 3149 1711 Sulpicii,
3169 1639 3246 1695 De
3265 1639 3694 1711 perseverantia

2016 1686 2070 1747 Β
2163 1710 2402 1766 ordinis.

2162 1858 2464 1915 Richardus
2493 1858 2561 1914 de
2591 1857 2853 1914 Benuntia
2879 1857 2962 1925 (ut
2988 1856 3103 1929 legi
3132 1856 3189 1912 in
3217 1856 3572 1929 autographis
3602 1862 3692 1912 ta-

2089 1947 2254 2014 bulis,
2269 1946 2411 2003 datis
2431 1947 2501 2002 ad
2521 1946 2739 2003 tertium
2751 1945 2939 2001 Nonas
2958 1945 3104 2012 Maii,
3128 1960 3270 2000 anno
3294 1943 3492 2001 Christi
3532 1943 3695 2016 1135)

2091 2034 2294 2106 aliquot
2334 2033 2529 2089 fundos
2561 2033 2710 2089 dedit
2757 2032 3062 2089 Carthusiae
3092 2033 3396 2100 Portarum,
3428 2034 3492 2088 in
3512 2047 3694 2087 manu

2091 2124 2283 2179 domni
2340 2122 2624 2178 Bernardi
2658 2124 2871 2194 prioris
2903 2141 2922 2177 :
2951 2122 3050 2177 sub
3105 2121 3428 2177 testimonio
3496 2135 3696 2175 mona-

2097 2210 2333 2267 chorum
2364 2210 2618 2282 ejusdem
2659 2210 2786 2278 loci,
2841 2210 3117 2265 Bernardi
3148 2209 3214 2265 de
3239 2213 3424 2282 porta,
3458 2208 3692 2267 Bosonis

2093 2300 2500 2371 procuratoris,
2530 2298 2805 2370 Stephani
2838 2297 2903 2352 de
2940 2297 3227 2354 Chalmeto
3246 2296 3430 2353 adhuc
3460 2296 3684 2353 novitii.

2092 2388 2210 2443 Nec
2239 2401 2370 2441 raro
2401 2385 2537 2441 alias
2560 2385 2614 2440 in
2645 2386 2840 2441 eodem
2858 2384 3102 2441 archivio
3121 2384 3373 2440 Portensi
3386 2384 3531 2440 hunc
3559 2384 3689 2439 Ste-

2093 2476 2339 2547 phanum
2367 2473 2662 2544 ascriptum
2717 2472 2981 2544 reperias,
3030 2487 3175 2528 nunc
3228 2471 3510 2538 novitium,
3542 2486 3686 2526 nunc

2095 2563 2426 2618 monachum
2454 2561 2762 2616 Portarum.
2794 2561 2924 2617 Haec
2951 2575 3116 2632 porro
3143 2559 3313 2615 habet
3339 2559 3513 2616 codex
3535 2559 3685 2626 ejus-

2095 2650 2220 2705 dem
2271 2649 2588 2704 Carthusiae.
2643 2649 2963 2720 Stephanus
3037 2648 3105 2704 de
3155 2646 3440 2703 Chalmeto
3488 2646 3697 2701 nobilis

2094 2753 2317 2809 genere,
2366 2737 2607 2793 nobilior
2671 2737 2906 2809 pietate,
2953 2736 3019 2804 ﬁt
3051 2737 3356 2792 Portarum
3380 2735 3694 2791 monachus

2095 2842 2247 2881 anno
2261 2828 2284 2879 1
2300 2825 2444 2895 135).
2461 2826 2752 2881 Nonnulla
2768 2825 2866 2896 pia
2879 2824 3150 2895 opuscula
3165 2824 3500 2896 conscripsit
3511 2826 3569 2878 et
3584 2822 3696 2894 epi-

2096 2915 2273 2969 stolas
2296 2913 2367 2968 ad
2378 2913 2638 2978 diversos,
2661 2914 2781 2984 ejus
2792 2915 3165 2968 sanctitatem
3180 2912 3515 2977 redolentes,
3533 2914 3694 2967 tran-

2021 3039 2067 3098 Ο
2098 3001 2307 3057 smisit.
2333 3000 2596 3056 Diversus
2613 3008 2695 3056 est
2715 3000 2805 3056 hic
2834 2999 3384 3072 Stephanusaprimo
3414 3005 3468 3055 et
3496 3006 3691 3071 quarto

2099 3089 2345 3159 ejusdem
2380 3088 2616 3144 nominis
2652 3088 2924 3160 prioribus
2972 3086 3230 3156 Majorevi
3257 3094 3311 3142 et
3338 3094 3572 3158 utroque
3595 3087 3691 3155 ju-

2096 3178 2237 3233 nior.
2269 3178 2409 3231 Nam
2468 3177 2801 3248 Stephanum
2854 3175 3116 3245 Majorevi
3168 3174 3403 3247 primum
3448 3174 3692 3246 priorem

2102 3265 2306 3321 obiisse
2337 3273 2545 3321 certum
2590 3272 2673 3320 est
2700 3266 2732 3318 4
2758 3262 3000 3318 Januarii
3030 3266 3185 3318 1118.
3247 3262 3483 3331 Quartus
3510 3269 3690 3318 autem

2097 3368 2339 3425 praeesse
2368 3358 2610 3423 coeperat
2640 3366 2783 3407 anno
2830 3354 2967 3406 1130
2996 3351 3083 3407 vel
3127 3354 3284 3406 1131.
3316 3350 3563 3406 Dubitari
3590 3366 3691 3407 ve-

2097 3441 2384 3496 risimilius
2412 3440 2603 3512 possit,
2629 3456 2759 3494 num
2786 3439 3092 3510 Stephanus
3106 3437 3176 3494 de
3213 3437 3511 3506 Chalmeto,
3542 3438 3687 3494 idem

2095 3529 2215 3600 ipse
2237 3528 2307 3583 sit
2338 3528 2648 3598 Stephanus
2690 3526 2845 3598 prior
2886 3528 3186 3593 Portarum,
3226 3527 3377 3596 cujus
3409 3527 3613 3582 mentio
3632 3526 3689 3581 in

2096 3617 2247 3672 Bulla
2265 3615 2559 3672 Alexandri
2573 3630 2731 3686 papa:
2744 3615 2837 3681 III,
2857 3613 3203 3671 Portensibus
3223 3614 3346 3670 data
3366 3629 3510 3670 anno
3527 3617 3684 3681 1171,

2097 3704 2191 3775 qui
2210 3712 2326 3758 erat
2346 3704 2414 3757 ab
2428 3704 2545 3773 ejus
2569 3703 2924 3759 conversione
2941 3703 3010 3758 ad
3025 3703 3187 3758 vitam
3214 3704 3573 3758 monasticam
3592 3716 3689 3758 an-

2096 3804 2197 3842 nus
2218 3791 2285 3842 36
2298 3787 2385 3843 vel
2398 3789 2485 3841 37.
2506 3786 2795 3853 Caeterum,
2811 3786 2868 3842 S.
2892 3785 3118 3857 Sulpicii
3133 3786 3346 3852 domus,
3363 3787 3517 3855 cujus
3535 3785 3690 3841 novi-

2096 3876 2200 3931 tios
2223 3882 2428 3947 spectat
2447 3876 2563 3930 haec
2581 3874 2827 3945 epistola,
2858 3874 3108 3930 dioczesis
3128 3873 3444 3930 Bellicensis
3462 3872 3577 3943 fuit,
3592 3889 3684 3929 or-

2095 3963 2239 4018 dinis
2308 3977 2472 4033 porro
2549 3961 2966 4029 Cisterciensis;
3021 3961 3245 4017 fundata
3298 3962 3369 4016 ab
3415 3960 3679 4027 Amedeo,

2096 4050 2385 4106 Sabaudie
2405 4049 2617 4118 comite,
2634 4065 2777 4105 anno
2795 4049 2988 4105 Christi
3011 4053 3166 4119 1130,
3190 4065 3258 4105 ex
3284 4048 3685 4104 Pontiniacensi

2095 4138 2432 4194 monasterio
2461 4137 2745 4193 monachis
2772 4152 2839 4194 eo
2872 4138 3150 4204 deductis;
3185 4144 3245 4192 ut
3273 4139 3467 4193 docent
3486 4136 3684 4191 funda-

2094 4226 2256 4282 tionis
2285 4226 2482 4282 tabulae
2511 4226 2763 4299 antiquae,
2813 4225 2959 4298 apud
3006 4225 3311 4281 Samuelem
3340 4224 3681 4291 Guichenon,

2096 4315 2273 4371 virum
2303 4314 2592 4383 eruditum,
2609 4314 2664 4369 in
2684 4313 2919 4369 Historia
2933 4313 3165 4369 Bressiae
3184 4320 3238 4369 et
3264 4312 3491 4385 Bugeyi.
3524 4312 3685 4368 Certe

389 4415 488 4456 suo
520 4400 795 4471 Stephano
827 4400 895 4456 de
926 4400 1209 4456 Chalmeto
1239 4409 1427 4457 auctor
1473 4400 1635 4456 fuerit
1665 4408 1828 4472 atque
1857 4400 1991 4455 hor-
2021 4388 2073 4447 D
2094 4404 2196 4458 hos
2216 4402 2468 4470 novitios,
2492 4403 2560 4457 ad
2590 4416 2728 4473 quos
2744 4401 2934 4458 scribit
2953 4400 3260 4472 Stephanus
3279 4401 3349 4456 de
3384 4399 3687 4466 Chalmeto,

389 4497 532 4544 tator
560 4489 630 4543 ad
659 4488 781 4545 vitae
828 4489 1108 4544 saecularis
1166 4490 1441 4545 sarcinam
1478 4489 1857 4558 abjiciendam.
1890 4488 1991 4542 Di-

391 4576 565 4633 versis
595 4576 741 4632 enim
769 4577 1191 4650 cognominibus
1212 4577 1473 4650 distingui
1500 4577 1718 4644 fratres,
1744 4576 1799 4629 in
1828 4576 1993 4629 nobi-

393 4665 538 4720 libus
567 4667 874 4736 praesertim
903 4664 1143 4734 familiis,
1176 4666 1254 4720 uti
1303 4680 1447 4721 nunc
1487 4664 1694 4735 passim
1723 4662 1990 4729 videmus,

391 4754 463 4809 ita
512 4761 565 4809 et
619 4753 891 4825 prioribus
936 4754 1150 4809 saeculis
1182 4752 1238 4808 in
1266 4770 1367 4808 usu
1424 4752 1543 4807 fuit.
1601 4753 1684 4806 De
1742 4752 1846 4806 hoc
1875 4751 1996 4822 ipso

392 4843 601 4897 Joanne
652 4842 1034 4914 accipiendum
1063 4850 1193 4913 puto
1242 4841 1525 4912 antiquum
1552 4847 1827 4896 auctorem
1861 4839 1998 4895 Vitae

396 4931 455 4986 S.
488 4930 725 4986 Antelmi
766 4929 1085 4986 Bellicensis
1124 4929 1387 5000 episcopi,
1419 4944 1543 4998 cap.
1587 4931 1672 4993 13,
1705 4927 1851 4999 apud
1885 4927 1992 4983 Su-

394 5017 554 5082 rium,
584 5021 653 5075 26
682 5017 851 5072 Junii.
889 5018 1191 5083 Antelmus,
1223 5017 1417 5087 inquit,
1451 5033 1517 5071 ex
1548 5015 1729 5086 priore
1784 5015 1994 5086 prima-

397 5105 493 5161 ria:
524 5106 825 5160 Carthusia:
853 5105 1027 5162 factus
1075 5105 1225 5176 prior
1272 5105 1575 5171 Portarum,
1605 5112 1728 5175 post
1759 5105 1998 5159 Bernar-

400 5195 532 5249 dum
563 5194 653 5265 qui
675 5193 828 5249 senio
859 5195 1045 5267 gravis
1065 5192 1452 5265 praefecturam
1482 5206 1635 5247 suam
1664 5192 1718 5247 in
1743 5209 1867 5248 eum
1897 5192 1999 5249 de-

399 5282 626 5349 rivarat,
671 5283 882 5338 Domno
929 5282 1217 5338 Bernardo
1258 5282 1573 5353 prwstabat
1598 5281 1996 5347 reverentiam,

396 5372 567 5427 illum
595 5371 703 5426 sibi
748 5374 1127 5441 anteponens.
1177 5370 1327 5426 Idem
1361 5373 1489 5426 erat
1521 5386 1653 5441 erga
1675 5370 2002 5441 religiosum

405 5459 614 5515 Christi
633 5474 857 5515 servum
874 5460 1174 5525 Joannem,
1196 5460 1292 5514 cui
1313 5459 1653 5514 adventanti
1672 5458 1884 5513 solebat
1909 5473 2001 5513 re-

406 5552 667 5603 verenter
706 5563 1021 5617 assurgere.
1057 5548 1162 5603 Nec
1210 5547 1269 5602 id
1317 5564 1571 5620 unquam
1611 5546 2002 5622 praetermisit,

968 5638 981 5659 ,
1864 5640 1869 5643 .

2092 4507 2202 4546 non
2232 4491 2405 4546 fuisse
2433 4490 2847 4545 Carthusienses
2876 4489 2964 4545 vel
2994 4505 3062 4544 ex
3087 4488 3197 4544 illis
3244 4489 3362 4558 ejus
3388 4488 3569 4544 verbis
3598 4487 3689 4541 in—

2092 4579 2392 4651 telligitur;
2432 4578 2573 4645 Quia
2612 4594 2741 4635 vero
2781 4578 3029 4650 quidam,
3061 4593 3191 4635 cum
3222 4577 3295 4633 ad
3321 4580 3584 4633 nostrum
3602 4575 3690 4632 vel

2093 4671 2344 4723 vestrum
2353 4668 2704 4738 propositum
2721 4668 3001 4732 venerint,
3024 4667 3205 4722 solent
3222 4665 3307 4720 vel
3319 4665 3386 4720 de
3405 4668 3600 4720 nostro
3617 4662 3691 4719 ad

2093 4758 2364 4824 vestrum,
2384 4756 2470 4809 vel
2485 4753 2551 4810 de
2568 4758 2748 4810 vestro
2762 4754 2833 4809 ad
2846 4758 3105 4811 nostrum
3124 4753 3414 4825 suspirare
3434 4772 3453 4819 ;
3473 4767 3546 4808 ne
3562 4765 3688 4807 vero

2097 4847 2151 4898 et
2181 4842 2339 4898 nobis
2360 4843 2680 4912 huiusmodi
2703 4842 3151 4913 suggestionibus
3172 4844 3428 4896 tentator
3444 4838 3680 4906 illudut,

2097 4930 2398 4986 audiamus
2417 4931 2745 5002 Apostolum
2756 4930 3037 4986 dicentem
3054 4949 3071 4985 :
3093 4929 3472 5000 Unusquisque
3487 4929 3550 4982 in
3574 4943 3685 4997 qua

2098 5020 2384 5075 vocatione
2401 5022 2633 5073 vocatus
2647 5021 2750 5085 est,
2766 5019 2829 5073 in
2842 5034 2907 5073 ea
2920 5020 3257 5090 permaneat
3275 5016 3324 5085 (Ι
3341 5014 3685 5083 Cor.vu,20).

2171 5106 2364 5162 Fuisse
2391 5114 2571 5161 tamen
2605 5122 2702 5177 per
2722 5107 2842 5161 haec
2868 5106 2990 5177 ipsa
3030 5113 3270 5175 tempora
3292 5102 3538 5172 ejusdem
3555 5098 3690 5156 tituli

2099 5195 2322 5250 domum
2350 5193 2590 5266 aliquam
2645 5193 2856 5249 ordinis
2882 5192 3334 5257 ,Carthusiensis,
3367 5207 3433 5245 ex
3464 5205 3529 5245 eo
3557 5203 3690 5260 pro-

2101 5283 2218 5337 bari
2238 5282 2451 5338 videtur
2478 5281 2624 5354 quod
2654 5281 2799 5338 circa
2853 5296 3056 5337 annum
3093 5279 3292 5336 Christi
3323 5280 3477 5344 1130,
3512 5277 3692 5349 Guigo

2101 5371 2377 5443 primariae
2425 5370 2727 5426 Carthusiaa
2784 5369 3003 5440 quintus
3040 5368 3203 5440 prior,
3255 5373 3452 5421 statuta
3482 5364 3565 5419 sui
3590 5380 3689 5419 or-

2102 5458 2245 5514 dinis
2268 5474 2300 5512 a
2332 5475 2392 5513 se
2430 5474 2626 5514 recens
2684 5457 2993 5527 conscripta
3048 5453 3377 5525 nuncupavit
3411 5451 3691 5508 Bernardo

2105 5548 2410 5612 Portarum,
2444 5546 2500 5602 S.
2552 5544 2775 5616 Sulpicii
2805 5553 2859 5601 et
2887 5543 3072 5601 Miloni
3111 5541 3369 5614 Majorevi
3396 5539 3690 5614 prioribus.
