3972 6052
337 169 440 224 ’799

480 292 620 347 Huic
652 296 862 349 summi
891 297 1111 366 ingenii
1144 300 1281 363 viro,
1303 302 1580 371 simulque

475 378 720 434 Summo:
740 382 1058 438 nobilitatis
1087 389 1253 457 atque
1273 390 1472 456 formo:

474 467 686 522 Iuncta
716 473 799 523 est
816 472 1055 540 femina,
1080 490 1201 544 quin
1226 475 1452 529 domum
1482 477 1555 531 ad
1571 478 1789 543 mariti,

482 556 665 609 Prisci
685 556 939 626 insignia
964 563 1317 629 transferens
1345 564 1550 629 Iovini,

480 642 736 712 Implevit
768 645 974 699 trabeis
1009 648 1188 702 larem
1216 650 1476 719 sophistae
1502 694 1514 714 ,

414 822 517 889 Qui
548 831 601 877 et
631 825 1147 884 Christianissimus
1165 830 1219 883 in
1250 839 1576 887 testamento
1596 834 1652 887 S.
1678 833 1934 904 Remigii,

341 918 395 963 et
433 911 577 980 apud
616 912 982 969 Flodoardum
1013 916 1107 971 lib.
1142 932 1159 971 ι
1190 919 1324 972 Hist.
1375 920 1676 985 Remensis,
1712 936 1831 991 cap.
1880 926 1933 989 6,

338 996 590 1069 illiusque
636 1000 921 1055 Remensis
978 996 1217 1060 basilicae
1265 1006 1536 1072 fundator,
1589 1024 1708 1078 quia
1746 1009 1873 1063 olim
1906 1025 1937 1063 a

340 1085 504 1139 Beato
532 1087 810 1156 Agricola,
854 1106 998 1145 nunc
1019 1107 1050 1145 a
1082 1093 1283 1148 Sancto
1320 1095 1541 1149 Nicasio
1571 1106 1935 1166 nuncupatur.

337 1172 503 1240 Cujus
522 1174 687 1228 etiam
715 1176 917 1232 ibidem
967 1181 1346 1235 anniversaria
1384 1184 1649 1237 memoria
1680 1185 1939 1239 recolitur

337 1258 407 1314 ad
436 1275 514 1314 vn
536 1262 663 1316 Idus
685 1264 1043 1334 Septembris.
1078 1270 1232 1323 Unde
1254 1277 1306 1324 et
1336 1271 1557 1325 minime
1586 1272 1938 1326 dubitandum

338 1361 465 1402 reor
486 1348 615 1419 quin
642 1351 767 1405 huic
796 1352 899 1422 ipsi
926 1355 1119 1410 Iovino
1142 1356 1385 1411 excisum
1420 1357 1580 1413 fuerit
1610 1374 1938 1414 monumen-

336 1442 450 1489 tum
487 1452 876 1508 marmoreum,
911 1443 1055 1511 quod
1086 1459 1229 1498 nunc
1258 1454 1381 1513 post
1410 1446 1730 1515 primarium
1745 1448 1929 1517 templi

340 1524 455 1591 ejus
479 1526 697 1591 ostium,
723 1527 791 1580 ad
838 1529 1106 1594 dextram,
1142 1532 1346 1602 aliquot
1400 1534 1666 1588 columnis
1723 1535 1945 1605 imposi-

1208 175 1552 234 GUIGONIS
1592 180 1638 233 II
1678 179 2084 238 CARTHUSUE
2124 183 2417 240 MAIORIS
2456 185 2751 243 PRIORIS.

3534 197 3637 247 800

1956 306 2009 363 A
2039 313 2092 359 et
2120 308 2259 377 apri,
2281 316 2334 362 et
2360 309 2528 374 cervi,
2556 316 2609 364 et
2629 308 2822 375 damas,
2848 315 2900 362 et
2928 306 3101 362 leonis
3122 307 3361 364 domitor
3380 312 3636 368 exhibea-

2034 402 2121 447 tur
2152 414 2164 460 ;
2201 396 2397 466 quibus
2424 395 2555 450 feris
2586 397 2672 451 vel
2703 397 2971 452 barbaros
3000 395 3231 466 populos
3256 397 3326 451 ab
3358 414 3424 454 eo
3448 401 3635 470 proﬂi-

2035 490 2213 552 gatos,
2246 484 2332 539 vel
2363 492 2739 540 exauctoratos
2777 484 2999 555 suisque
3040 484 3356 540 exturbatos
3413 488 3636 543 sedibus

2035 572 2449 627 cacodaamones
2478 579 2602 643 apte
2636 572 2916 643 designari
2944 573 3230 644 negaverit
3259 590 3440 631 nemo.
3462 576 3635 630 Simul

2035 654 2383 724 deprehendo
2436 670 2534 709 cur
2572 654 2734 710 fuerit
2788 654 3014 709 Iovinus
3043 670 3075 708 a
3103 656 3379 723 Majorevo
3434 666 3628 713 contu-

2035 742 2261 796 meliose
2288 741 2613 812 appellatus.
2663 743 2793 797 Erat
2823 742 3031 797 scilicet
3064 743 3390 811 Majorevus,
3432 753 3487 799 ut
3515 746 3637 815 ple-

2038 829 2195 900 rique
2226 830 2317 899 qui
2341 837 2454 884 tum
2482 830 2566 884 vel
2599 829 2892 899 palatinam
2909 829 2995 885 vel
3028 838 3361 885 castrensem
3390 832 3636 886 militiam

2042 916 2460 986 profitebantur,
2523 933 2677 972 more
2732 918 2997 986 majorum
3056 933 3297 983 suorum,
3367 919 3637 974 idolorum

2039 1004 2200 1058 cultui
2232 1004 2507 1059 addictus.
2539 1004 2793 1059 Graviter
2823 1004 3033 1060 ferebat
3062 1020 3094 1058 a
3121 1005 3313 1060 Iovino
3342 1006 3639 1061 disturbari

2039 1091 2203 1155 idola,
2237 1107 2302 1146 ac
2332 1107 2519 1145 eorum
2538 1092 2767 1145 delubra
2796 1092 2991 1161 opibus
3032 1093 3142 1146 suis
3161 1100 3324 1163 atque
3343 1108 3635 1149 ornamen-

2039 1179 2108 1232 tis
2139 1179 2381 1248 spoliari.
2418 1178 2572 1232 Illum
2594 1179 2794 1233 idcirco
2816 1178 3084 1235 nefarium
3113 1187 3165 1234 et
3197 1178 3435 1235 ferocem
3450 1182 3638 1251 appel-

2041 1267 2168 1321 lavit
2201 1268 2401 1335 Popam
2451 1265 2638 1335 templi
2680 1267 2877 1320 Montis
2930 1275 3197 1338 aegrotum
3231 1281 3244 1321 :
3288 1268 3427 1323 adeo
3459 1276 3636 1323 tamen

2042 1360 2432 1424 prmpotentem
2454 1370 2576 1407 eum
2609 1369 2934 1425 agnoscens,
2976 1362 3033 1408 ut
3063 1354 3132 1408 ab
3181 1355 3295 1423 ejus
3343 1355 3639 1411 invasioni-

2045 1442 2168 1506 bus,
2202 1442 2361 1496 etiam
2382 1449 2563 1495 castro
2595 1448 2871 1497 exstructo
2902 1442 3201 1497 cavendum
3253 1443 3357 1497 sibi
3405 1451 3637 1513 putaret.

2047 1528 2260 1583 Ethnici
2289 1529 2543 1583 nimirum
2575 1536 2627 1583 et
2661 1529 2909 1583 militaris
2944 1529 3179 1584 hominis
3237 1539 3315 1585 est
3347 1530 3638 1584 convitium

341 1619 456 1666 tum
494 1611 725 1666 visitur:
757 1613 911 1680 cujus
953 1617 1319 1671 monumentis
1368 1618 1642 1673 emblema
1697 1635 1760 1673 ex
1790 1634 2013 1708 δεηθοΒ
2047 1618 2192 1671 istud
2224 1632 2236 1669 :
2269 1617 2554 1671 Excubare
2570 1617 2625 1672 in
2654 1617 2946 1687 Esculapii
2973 1618 3173 1687 templo
3199 1617 3385 1673 solitos
3403 1626 3639 1689 aegrotos

341 1708 469 1769 typo
523 1715 843 1770 expressum
896 1700 1082 1768 edidit,
1144 1711 1198 1757 et
1263 1704 1501 1776 eleganti
1548 1707 1941 1762 commentario

336 1785 629 1842 illustravit
656 1786 938 1842 Tristanus
971 1789 1407 1846 Sanctamantius
1428 1792 1482 1846 in
1512 1793 1810 1848 Hadriano.
1837 1794 1943 1848 Sed

340 1873 467 1929 huic
495 1874 739 1928 additum
768 1875 950 1944 velim,
1010 1892 1119 1931 non
1164 1893 1353 1933 veram
1409 1880 1645 1951 aliquam
1703 1881 1944 1936 ferarum

335 1961 741 2017 infestationem
771 1963 899 2017 olim
930 1978 963 2017 a
989 1965 1184 2019 Iovino
1214 1974 1494 2036 peractam
1518 1968 1691 2039 signis
1721 1968 1828 2022 illis
1852 1985 1946 2024 re-

336 2049 682 2120 praesentari,
707 2051 807 2104 sed
837 2051 1198 2121 symbolicam
1219 2053 1504 2120 duntaxat,
1540 2064 1592 2110 et
1610 2056 1945 2111 emblemati-

339 2151 481 2192 cam.
506 2137 605 2192 Vix
635 2137 780 2191 enim
843 2139 965 2208 quis
1009 2140 1198 2195 credat
1257 2141 1559 2196 confectum
1622 2143 1835 2199 leonem
1874 2144 1944 2197 ab

338 2224 559 2278 homine
590 2224 769 2289 Gallo,
820 2226 974 2293 cujus
1004 2242 1106 2282 nec
1152 2228 1222 2281 ab
1271 2230 1576 2295 Ammiano,
1614 2229 1767 2284 libris
1818 2246 1939 2299 xxx,

341 2324 485 2377 XXII,
518 2325 661 2365 xxvr
689 2320 742 2367 et
760 2325 924 2366 xxvn
955 2313 1068 2382 (ubi
1122 2316 1192 2369 de
1237 2315 1331 2370 illo
1378 2317 1532 2388 agit),
1575 2333 1676 2372 nec
1725 2318 1793 2371 ab
1824 2319 1943 2372 aliis

343 2399 720 2469 scriptoribus,
752 2408 904 2455 extra
936 2401 1164 2468 Gallias,
1216 2403 1447 2469 Italiam,
1507 2404 1861 2459 Germaniam
1892 2414 1944 2459 et

341 2486 676 2541 Britanniam
705 2488 849 2559 (quae
886 2490 1142 2559 regiones
1172 2492 1389 2545 leonum
1418 2491 1628 2547 feraces
1658 2508 1766 2547 non
1797 2495 1942 2565 sunt)

341 2585 433 2625 res
462 2578 633 2641 gestae
661 2571 785 2625 ullas
832 2582 1223 2628 memorantur.
1258 2578 1464 2644 Aprum
1487 2584 1686 2641 autem,
1722 2584 1814 2629 aut
1843 2577 1940 2629 da-

340 2672 506 2726 mam,
541 2666 634 2712 aut
664 2674 887 2713 cervum
919 2661 1189 2715 venabulo
1237 2662 1546 2727 conﬁxisse,
1584 2671 1635 2717 et
1664 2663 1765 2717 viri
1790 2664 1940 2717 Chri-

342 2744 681 2811 stianissimi,
715 2755 767 2800 et
797 2747 1027 2801 militum
1081 2749 1325 2820 magistri
1388 2749 1586 2821 frigida
1635 2765 1767 2804 sane
1824 2751 1941 2805 laus

340 2842 478 2899 erat,
528 2848 704 2905 neque
744 2834 911 2905 digna
942 2852 1063 2906 quae
1102 2844 1213 2890 tam
1263 2852 1499 2906 operoso
1546 2838 1843 2892 mausolmo
1871 2839 1940 2892 ad

2047 1704 2281 1758 innuunt
2315 1703 2552 1759 Solimus
2581 1719 2704 1775 cap.
2736 1707 2788 1770 7,
2839 1704 3212 1775 Polyhistoris,
3245 1712 3299 1760 et
3342 1705 3557 1760 Plautus
3586 1706 3641 1760 in

2046 1791 2392 1847 Curculione.
2454 1792 2764 1861 lEsculapio
2818 1800 2999 1847 autem
3041 1801 3425 1848 consecratum
3472 1793 3640 1848 fuisse

2045 1879 2308 1949 templum
2338 1879 2393 1933 in
2419 1887 2603 1935 monte
2633 1879 2837 1949 Lybiae,
2889 1886 3117 1935 testatur
3172 1880 3557 1953 Trismegistus
3584 1882 3640 1934 in

2046 1968 2303 2037 Asclepio
2336 1974 2426 2023 :et
2464 1968 2579 2021 fere
2626 1967 2681 2021 id
2727 1968 3077 2022 observatum
3137 1968 3207 2021 ab
3264 1968 3518 2038 antiquis,
3577 1977 3637 2023 ut

2043 2053 2353 2124 Esculapio
2386 2054 2609 2124 templa,
2645 2061 2699 2109 et
2734 2054 2789 2107 in
2820 2054 3090 2108 montibus
3121 2053 3192 2108 ad
3219 2069 3363 2108 aura:
3392 2053 3635 2108 salubri-

2044 2147 2229 2209 tatem,
2263 2150 2315 2195 et
2334 2142 2478 2195 haud
2508 2141 2695 2212 procul
2724 2141 2793 2195 ab
2822 2141 2980 2211 aquis
3009 2141 3079 2195 ad
3107 2148 3439 2212 aegrotorum
3482 2157 3637 2197 com-

2042 2229 2206 2283 moda
2226 2228 2640 2284 constituerent.
2660 2228 2898 2283 Plurima
2918 2229 3080 2284 hodie
3101 2236 3283 2284 castra
3311 2230 3642 2299 Aigremont

2044 2316 2323 2371 Gallorum
2352 2316 2547 2388 vulgus
2570 2324 2865 2386 nuncupat,
2885 2317 3031 2387 quod
3063 2324 3145 2370 est
3161 2319 3315 2371 Mons
3342 2331 3638 2388 aegrorum,

2041 2420 2106 2457 ex
2138 2419 2204 2459 eo
2218 2421 2378 2474 quem
2409 2404 2518 2458 dixi
2542 2404 2666 2459 ritu.
2692 2404 2890 2459 Fuerat
2925 2403 3155 2460 fortasse
3182 2403 3406 2459 Iovinus
3451 2412 3638 2459 noster

2042 2499 2134 2545 aut
2176 2492 2336 2547 alicui
2383 2491 2677 2561 ZEsculapii
2731 2491 2934 2561 templo
2995 2492 3269 2563 quondam
3327 2490 3636 2561 praefectus,

2041 2580 2355 2651 priusquam
2386 2579 2598 2635 Christo
2629 2595 2687 2633 se
2709 2579 3006 2644 addiceret,
3040 2580 3259 2647 autjam
3301 2578 3640 2633 Christianus

2041 2668 2414 2722 nosocomium
2445 2667 2664 2738 aliquod
2695 2667 2919 2722 excelso
2964 2668 3103 2731 loco,
3133 2683 3257 2721 cum
3312 2666 3429 2721 aede
3459 2681 3639 2732 sacra,

2042 2754 2234 2808 ritibus
2290 2754 2605 2808 Christianis
2654 2753 3000 2809 fundaverat.
3052 2755 3189 2809 Hinc
3248 2756 3394 2824 Popa
3450 2753 3635 2823 templi

2038 2838 2232 2892 Montis
2248 2853 2523 2908 aegrorum
2557 2837 2832 2905 Majorevo
2864 2837 3060 2903 dictus,
3096 2853 3195 2907 per
3226 2837 3541 2902 ludibrium,
3575 2850 3641 2891 ac

344 2921 733 2991 sempiternam
760 2923 1079 2977 memoriam
1111 2924 1361 2978 omnibus
1393 2925 1626 2994 posteris
1656 2941 1939 2980 commen-
1993 2993 2003 2994 ί
2039 2936 2139 2990 per
2156 2920 2538 2975 contumeliam
2572 2938 2588 2987 ;
2620 2920 2750 2990 quia
2778 2920 2981 2989 templa
3028 2919 3317 2986 idolorum,
3377 2918 3642 2974 Christia-

344 3004 594 3059 daretur.
625 3005 760 3059 Cum
789 3006 957 3076 igitur
1002 3006 1185 3077 legam
1243 2993 1405 3077 apud,
1437 3008 1780 3063 Ammianum
1811 3009 1945 3064 locis
1976 2993 2022 3052 Ο
2046 3007 2254 3061 nissimi
2283 3008 2545 3077 principis
2574 3008 2731 3076 jussu
2777 3007 3187 3078 pessumdabat.
3222 3008 3349 3062 Haec
3394 3006 3545 3071 satis,
3578 3022 3645 3060 ex

343 3092 542 3159 citatis,
575 3093 629 3146 in
660 3093 724 3147 iis
757 3109 894 3165 quas
924 3094 1157 3148 diximus
1207 3096 1522 3166 regionibus
1576 3111 1686 3151 non
1716 3097 1885 3151 semel
1914 3112 1947 3150 a
2047 3096 2373 3164 conjectura,
2409 3111 2477 3150 ne
2508 3094 2761 3150 Rainaldi
2815 3095 3198 3167 Lugdunensis
3246 3094 3645 3164 archipratsulis

344 3180 538 3236 Iovino
560 3181 890 3250 perdomitos
920 3183 1290 3237 Romanorum
1320 3184 1538 3249 hostes;
1569 3192 1620 3239 et
1649 3185 1796 3254 apud
1816 3186 1941 3239 Pro-
2046 3184 2393 3254 prudentiam
2414 3192 2621 3239 temere
2642 3184 2964 3253 redarguas,
3007 3182 3100 3254 qui
3128 3181 3293 3238 ﬁdem
3323 3182 3528 3238 habere
3561 3182 3645 3237 vi-

344 3282 564 3338 sperum
593 3268 689 3322 lib.
722 3284 802 3323 ιιι.
846 3270 925 3324 De
939 3270 1391 3341 promissionibus
1410 3280 1463 3326 et
1484 3272 1944 3341 praedictionibus,
2049 3289 2142 3326 sus
2172 3279 2255 3327 est
2284 3272 2408 3327 huic
2438 3271 2722 3342 diplomati
2766 3271 2835 3326 de
2872 3279 3050 3326 castro
3094 3270 3406 3338 Majorevo;
3455 3269 3511 3324 in
3540 3284 3646 3339 quo

347 3368 470 3425 cap.
494 3358 582 3421 38,
628 3356 911 3412 Theodosii
956 3358 1205 3428 religiosi
1241 3361 1523 3431 principi:
1568 3360 1824 3431 imperio,
1848 3375 1949 3430 per
2049 3359 2527 3415 Carthusicnsibus
2575 3359 2771 3414 domus
2826 3357 3003 3429 posita
3059 3365 3160 3423 est,
3193 3359 3305 3425 jam
3375 3357 3446 3411 ab
3501 3372 3642 3412 anno

356 3443 616 3499 Iovinum
637 3448 693 3499 et
721 3445 1105 3501 Gaudentium
1128 3448 1360 3502 comites
1390 3448 1583 3502 omnia
1614 3448 1829 3518 templa
1849 3464 1951 3502 εξε-
2050 3447 2248 3502 Christi
2280 3450 2435 3510 1H6,
2469 3448 2610 3502 inter
2636 3446 2831 3501 domus
2871 3445 3034 3501 totuis
3082 3444 3289 3501 ordinis
3347 3444 3644 3500 secundum

344 3532 618 3603 spoliata,-
641 3532 887 3605 intelligo
903 3532 1123 3589 demum
1135 3549 1233 3588 cur
1249 3534 1339 3589 ille
1359 3534 1415 3588 in
1435 3541 1641 3590 aeterno
1652 3550 1946 3602 marmore,
2052 3534 2384 3591 fundationis
2414 3535 2785 3606 antiquitatem
2832 3541 3003 3588 sexta.

421 3888 789 3991 LIBER
896 3892 1062 3990 DE
1197 3890 2231 4015 QUADRIPERTITO
2340 3885 3029 3989 EXERCITIO
3161 3888 3594 3988 CELL/E

563 4130 911 4200 AUCTORE,
944 4133 1034 4189 UT
1063 4132 1390 4201 VIDETUR,
1424 4133 1767 4199 GUIGONE,
1800 4133 2059 4189 PRIORE
2089 4132 2513 4199 ΟΛΒΤΗΙῙΞΙΛΕ,
2558 4132 2723 4188 EJUS
2754 4130 3050 4187 NOMINIS
3082 4129 3430 4187 SECUNDO.

1064 4338 1143 4391 Ex
1193 4354 1325 4391 mss.
1375 4337 1652 4393 codicibus
1694 4336 1995 4392 Carthusiae
2026 4336 2326 4401 Portarum,
2359 4342 2409 4389 et
2438 4333 2735 4388 Carthusiat
2771 4333 2938 4388 Parci.

996 4721 1302 4763 pnonocus.
1975 4707 2028 4767 D
2056 4720 2179 4760 mea
2208 4704 2451 4759 fortassis
2487 4703 2723 4774 parvitas
2780 4704 3022 4772 haberet,
3073 4717 3240 4773 super
3270 4716 3377 4773 quo
3433 4715 3537 4758 nec
3565 4702 3654 4755 in-

424 4796 895 4853 Reverendissimo
956 4794 1196 4860 domino,
1256 4802 1310 4849 et
1343 4795 1487 4850 Patri
1516 4796 1573 4848 in
1626 4794 1823 4849 Christi
1867 4796 1946 4851 vi-

354 4885 601 4940 sceribus
644 4883 1017 4950 dilectissimo,
1074 4884 1134 4938 B.
1185 4883 1356 4952 priori
1388 4898 1692 4954 pauperum
1730 4883 1949 4949 Christi,

352 4972 445 5043 qui
500 4973 553 5026 in
621 4973 924 5028 Wittheam
990 4978 1428 5036 commanentes,
1500 4970 1746 5026 ordinem
1833 4979 1956 5025 sunt

352 5059 796 5117 Carthusiensem
842 5059 1097 5131 professi,
1156 5059 1256 5113 Dei
1278 5074 1672 5129 servorumque
1703 5058 1803 5115 Dei
1834 5074 1953 5114 ser-

352 5147 751 5221 vusindignus,
786 5147 1081 5218 spiritualis
1119 5146 1258 5201 uteri
1286 5146 1452 5201 vestri
1510 5145 1672 5209 filius,
1723 5147 1776 5202 in
1807 5163 1954 5218 prae-

355 5237 495 5293 senti
522 5236 867 5292 sanctitatem
896 5237 952 5289 in
973 5234 1188 5299 merito,
1222 5234 1350 5289 etin
1372 5233 1547 5289 futuro
1571 5234 1879 5290 felicitatem
1901 5236 1955 5289 in

397 5334 604 5376 ι’ξιξῐῐιιο.

397 5337 604 5376 razmio.

357 5337 393 5392 Ρ
432 5404 488 5459 Si
518 5418 717 5459 vocare
764 5403 954 5458 liceret
1002 5402 1055 5455 in
1078 5402 1167 5471 jus
1196 5401 1281 5456 vel
1338 5409 1549 5472 patrem
1606 5419 1760 5457 suum
1822 5402 1956 5471 tilio,

364 5491 451 5550 vel
479 5491 765 5547 dominum
796 5507 976 5553 servo,
1010 5490 1253 5546 nonnihil
1293 5492 1389 5560 (mi
1433 5492 1591 5548 Pater
1632 5491 1956 5552 reverenda)

2055 4794 2217 4861 juste,
2252 4800 2308 4847 ut
2339 4792 2443 4846 sibi
2474 4792 2706 4857 videtur,
2740 4792 2796 4846 in
2824 4798 3061 4847 vestram
3084 4790 3184 4845 sub
3206 4789 3390 4859 judice
3435 4788 3657 4861 magni-

2061 4881 2304 4936 tudinem
2333 4896 2502 4953 agere
2530 4888 2736 4951 posset.
2762 4880 2901 4935 Nam
2933 4894 3062 4935 ecce
3118 4878 3248 4934 dum
3278 4877 3506 4933 attendit
3554 4893 3660 4947 po-

2061 4978 2183 5025 tens
2230 4969 2527 5025 auctoritas
2579 4975 2790 5034 vestra,
2867 4966 2997 5038 quid
3052 4967 3107 5020 in
3150 4982 3240 5022 me
3287 4966 3391 5020 sibi
3444 4965 3655 5029 liceret,

2063 5052 2343 5108 attendere
2372 5067 2586 5123 quoque
2612 5052 2914 5123 supersedit
2934 5050 3287 5105 moderamen
3316 5049 3662 5105 discretionis

2062 5148 2261 5195 vestrae
2289 5139 2419 5209 quid
2449 5138 2739 5195 infirmitas
2773 5154 2897 5194 mea
2919 5138 3144 5194 valeret.
3170 5137 3307 5192 Hinc
3333 5136 3662 5206 praedicator

2063 5228 2342 5301 egregius,
2376 5244 2500 5283 cum
2531 5229 2713 5283 omnia
2743 5228 2846 5282 sibi
2862 5233 3074 5283 asserat
3103 5226 3287 5291 licere,
3309 5232 3475 5296 negat
3495 5224 3660 5278 nimi-

2056 5333 2179 5372 rum
2210 5316 2393 5371 omnia
2414 5317 2693 5387 expedire.
2715 5318 2787 5371 Ut
2814 5315 2958 5370 enim
3012 5314 3159 5386 quod
3185 5329 3287 5383 pro
3330 5322 3577 5383 tempore
3608 5318 3661 5366 et

2057 5405 2196 5473 loco,
2228 5421 2328 5475 pro
2358 5420 2525 5460 causa
2545 5413 2599 5459 et
2626 5404 2847 5475 negotio
2881 5402 3113 5473 pertinet
3143 5402 3214 5455 ad
3251 5417 3388 5465 rem,
3419 5401 3663 5470 imponat

2052 5492 2296 5561 jubendo
2330 5501 2487 5563 pater
2519 5492 2649 5558 filio,
2678 5500 2733 5547 et
2759 5490 3015 5561 praelatus
3064 5490 3329 5557 subjecto,
3382 5487 3664 5545 sententiae
