3978 6050
283 180 379 232 801

1410 172 1611 227 LIBER
1650 174 1744 227 DE
1781 172 2164 229 EXERCITIO
2205 173 2464 228 CELLlE.

3478 173 3582 227 802

280 298 494 370 quidem
532 304 659 351 est:
719 297 818 351 sed
868 295 1160 351 videndum
1207 295 1358 365 prius
1404 296 1450 349 si
1498 296 1569 350 ad
1598 294 1952 356 ferendumA
1983 296 2174 361 sistat;
2224 305 2276 351 et
2318 295 2556 350 maxime
2614 311 2735 366 quas
2782 295 2871 350 illa
2902 295 3009 349 sint
3060 302 3265 349 sanctae
3304 292 3585 365 religionis

283 386 429 456 quod
460 384 775 455 imponitur,
808 390 916 437 tam
964 400 1102 441 unus
1154 399 1317 454 quam
1366 384 1503 438 alter
1531 391 1788 454 quantum
1817 383 1885 436 ad

281 474 423 529 scire
472 481 525 528 et
555 488 718 543 posse
763 471 1034 527 sufﬁciens
1081 479 1183 526 est.
1234 472 1375 527 Sane
1422 472 1561 527 velle
1608 486 1886 541 nunquam

286 561 450 615 debet
481 560 697 625 deesse,
726 576 796 614 ne
840 568 968 614 tunc
1014 559 1233 629 quidem
1279 575 1402 613 cum
1449 559 1591 613 scire
1641 567 1695 611 et
1722 573 1887 627 posse

282 648 569 718 contigerit
595 663 705 702 non
743 647 962 701 adesse.
1018 647 1145 701 Haec
1196 646 1401 701 idcirco
1432 645 1726 715 praelibavi,
1762 645 1889 715 quia

281 736 507 804 injunxit
535 735 850 790 veneranda
869 734 1169 804 paternitas
1200 742 1382 788 vestra
1410 734 1563 799 mihi,
1596 740 1653 786 ut
1683 732 1887 802 scripto

285 838 515 878 conarer
561 822 850 877 ostendere
892 822 1088 893 quibus
1135 821 1475 891 potissimum
1520 820 1792 875 exercitiis
1833 820 1888 873 in

283 911 416 966 cella
444 910 642 965 debeat
670 910 974 975 intendere,
1027 909 1119 980 qui
1171 917 1420 963 sanctum
1467 908 1717 963 ordinem
1747 908 1887 961 Car-

283 999 617 1054 thusiensem
646 998 944 1067 professus,
971 998 1025 1051 in
1048 1012 1114 1052 ea
1135 997 1298 1051 debet
1316 996 1593 1051 solitarius
1616 1010 1834 1049 manere
1873 1009 1886 1046 :

282 1102 383 1141 nec
410 1086 590 1156 aliquo
618 1086 687 1140 de
716 1101 779 1141 ea
827 1092 1087 1155 tempore,
1144 1085 1249 1139 nisi
1279 1085 1455 1139 causis
1483 1082 1892 1139 rationabilibus

284 1172 629 1246 exigentibus
679 1176 824 1244 (qua:
881 1173 1036 1240 juxta
1103 1173 1347 1241 ejusdem
1398 1172 1601 1227 ordinis
1649 1178 1893 1226 tenorem

287 1277 559 1331 expressae
588 1261 735 1329 sunt)
765 1260 1054 1315 occasione
1105 1260 1285 1330 aliqua
1316 1259 1484 1314 exire.
1519 1259 1659 1314 Utile
1691 1258 1768 1327 (ut
1798 1274 1892 1311 ve-

286 1362 403 1400 rum
453 1360 563 1400 non
606 1342 867 1413 diffitear)
911 1359 1087 1413 opus;
1140 1344 1237 1398 sed
1289 1343 1357 1396 ad
1399 1343 1453 1396 id
1501 1342 1650 1398 solus
1694 1340 1893 1396 sufficit

284 1440 556 1504 expertus.
587 1433 709 1504 Ego
730 1438 909 1486 autem
928 1447 1039 1486 non
1062 1431 1257 1501 ignoro
1277 1431 1347 1485 ad
1375 1432 1492 1485 haec
1524 1446 1607 1485 me
1636 1429 1891 1483 idoneum

285 1536 393 1576 non
427 1536 569 1588 esse,
606 1520 699 1591 qui
732 1520 845 1575 scio
877 1519 1096 1590 quidem
1144 1519 1256 1573 mel
1286 1533 1409 1573 esse
1438 1517 1619 1582 dulce,
1653 1517 1750 1571 sed
1781 1532 1896 1570 ma-

284 1609 368 1679 gis
385 1608 568 1663 auditu
587 1624 745 1678 quam
766 1614 951 1677 gustu.
976 1607 1100 1662 Scio
1129 1606 1309 1671 etiam,
1356 1612 1412 1659 ut
1441 1605 1512 1658 ait
1539 1604 1896 1675 philosophus

284 1696 396 1762 ille,
430 1695 578 1766 quod
605 1695 813 1761 nescio,
856 1693 1110 1750 videlicet
1137 1695 1255 1749 haec
1295 1693 1480 1749 dicere
1510 1708 1577 1747 ex
1609 1692 1896 1747 sententia.

285 1784 399 1838 Nec
420 1783 532 1837 scio
552 1797 649 1837 ore
669 1797 792 1837 meo
815 1781 983 1852 loqui,
1017 1781 1174 1853 quasi
1193 1781 1384 1852 legens
1406 1779 1555 1851 quod
1572 1780 1895 1849 prophetam

288 1870 483 1925 fecisse
530 1870 646 1939 ejus
692 1869 938 1924 notarius
983 1869 1238 1923 asseruit.
1297 1869 1455 1922 Certe
1512 1867 1582 1920 de
1625 1865 1902 1937 Sapientia

288 1959 531 2031 perditio
552 1962 609 2015 et
625 1972 777 2013 mors
797 1957 1075 2013 dixerunt
1102 1972 1116 2011 :
1144 1956 1386 2011 Auribus
1424 1956 1638 2012 nostris
1676 1953 1901 2010 audivi-

286 2062 414 2100 mus
434 2049 653 2116 famam
668 2047 789 2116 ejus
808 2046 946 2115 (Job.
973 2059 1137 2109 xvm,
1161 2047 1275 2114 22).
1302 2041 1560 2113 Nunquid
1575 2041 1748 2097 oculis
1759 2041 1904 2096 vide-

288 2141 416 2187 runt
452 2120 708 2189 decorem
748 2133 862 2201 ejus
883 2133 911 2186 ‘?
946 2146 1315 2203 nequaquam.
1365 2129 1622 2201 Nunquid
1660 2128 1901 2183 faucibus

291 2220 405 2275 suis
425 2227 787 2291 perceperunt
805 2220 1126 2275 suavitatem
1148 2219 1265 2286 ejus
1291 2220 1320 2272 ‘I
1337 2234 1405 2272 ne
1422 2218 1526 2273 hoc
1548 2217 1785 2288 quidem.
1807 2217 1906 2271 So-

290 2307 375 2361 lus
396 2307 450 2360 in
468 2306 548 2362 eis
568 2308 637 2361 ad
658 2306 861 2361 famam
877 2306 1049 2376 viguit
1065 2306 1301 2371 auditus,
1326 2305 1425 2361 sed
1446 2320 1549 2361 nec
1568 2305 1638 2358 ad
1660 2303 1900 2374 speciem

292 2396 461 2461 visus,
494 2410 598 2450 nec
628 2394 699 2449 ad
728 2394 1072 2450 dulcedinem
1103 2402 1316 2465 gustus.
1352 2394 1420 2447 Et
1451 2408 1555 2463 ego
1586 2392 1714 2461 quid
1746 2390 1900 2461 loqui

290 2482 461 2553 digne
507 2497 728 2551 possem
792 2482 860 2536 de
910 2481 1198 2535 dulcedine
1248 2480 1419 2544 cellae,
1477 2495 1639 2549 quem
1693 2485 1902 2533 constat

292 2569 457 2639 (sicut
485 2584 695 2640 negare
724 2584 832 2623 non
864 2568 1043 2634 valeo,
1079 2568 1157 2622 sic
1186 2583 1289 2623 nec
1338 2566 1484 2635 volo)
1512 2566 1714 2637 aliquid
1743 2567 1809 2619 de
1840 2581 1903 2619 ea

290 2658 379 2711 vel
408 2657 641 2711 tenuiter
670 2656 889 2712 audisse
923 2673 935 2709 :
961 2671 1081 2726 quae
1114 2671 1265 2720 vero,
1316 2654 1489 2724 qualis
1518 2662 1784 2724 quantave
1812 2653 1897 2718 sit,

292 2744 379 2799 vel
411 2744 544 2798 nihil
575 2744 817 2809 omnino,
851 2743 939 2798 vel
975 2743 1259 2797 modicum
1307 2749 1456 2796 certe
1486 2741 1773 2811 aliquando
1802 2757 1902 2795 ex-

292 2840 509 2902 pertum
540 2832 715 2886 fuisse
732 2831 760 2884 ‘l
788 2832 991 2886 Verum
1023 2829 1287 2884 ariolandi
1315 2829 1591 2883 incurrere
1617 2836 1903 2898 peccatum

293 2928 347 2975 et
377 2919 556 2975 scelus
585 2918 906 2975 idololatriae
954 2925 1209 2973 metuens
1233 2936 1248 2983 ;
1281 2924 1334 2971 et
1361 2916 1538 2986 magis
1567 2916 1903 2986 deprehendi

292 3023 357 3061 ea
385 3022 593 3062 vacuus
622 3023 746 3078 quae
782 3005 957 3071 inﬂat,
1008 3020 1170 3076 quam
1216 3021 1336 3075 quae
1365 3003 1617 3072 aedificat,
1648 3004 1894 3075 eligens;
1931 2987 1977 3047 Ο

292 3096 403 3150 vim
446 3095 578 3149 mihi
628 3094 732 3165 ipsi
786 3092 1054 3160 inferens,
1112 3100 1169 3147 ut
1208 3093 1318 3161 jam
1345 3107 1525 3147 essem
1552 3091 1778 3156 volens,
1811 3090 1914 3161 qui

291 3191 417 3238 ante
455 3182 663 3237 fueram
710 3182 939 3247 nolens;
973 3180 1143 3235 institi
1188 3188 1243 3235 ut
1298 3180 1450 3250 potui
1480 3197 1492 3232 :
1525 3179 1729 3233 docens
1757 3179 1904 3248 quod

291 3287 402 3326 non
433 3271 617 3339 didici,
651 3277 705 3325 et
726 3270 948 3324 tradens
975 3268 1122 3340 quod
1149 3283 1260 3323 non
1306 3267 1514 3337 accepi.
1549 3267 1903 3336 Consequens

293 3359 525 3430 proinde
556 3366 638 3414 est
664 3357 811 3429 quod
834 3356 938 3411 nisi
969 3356 1039 3410 ad
1082 3356 1450 3411 excusandam
1476 3356 1618 3409 hanc
1646 3369 1905 3425 magnam

294 3448 352 3501 in
411 3463 499 3502 me
562 3445 925 3501 temeritatem
975 3452 1028 3499 et
1058 3443 1563 3515 prmsumptionem,
1597 3442 1906 3498 obedientia

292 3551 417 3590 cum
461 3534 745 3597 charitate,
793 3532 1031 3588 charitas
1074 3548 1199 3587 cum
1252 3530 1564 3587 obedientia
1608 3530 1905 3601 procedat;

293 3622 402 3677 illis
428 3622 547 3690 jure
575 3622 806 3677 debeam
848 3620 1212 3689 adnumerari,
1269 3634 1404 3690 quos
1448 3618 1640 3673 asserit
1669 3621 1907 3689 Aposto-

294 3709 382 3763 lus
399 3725 521 3763 esse
534 3723 831 3764 conversos
842 3710 905 3763 in
916 3708 1303 3779 vaniloquium
1328 3721 1340 3759 :
1366 3722 1428 3761 v0
1439 3707 1616 3761 lentes
1634 3721 1750 3761 esse
1774 3707 1907 3776 legis

298 3797 550 3853 doctores
576 3814 589 3851 :
610 3812 726 3852 non
747 3796 1132 3866 intelligentes
1152 3811 1331 3866 neque
1355 3810 1477 3865 qua:
1491 3795 1801 3866 loquuntur
1815 3809 1909 3848 ne-

293 3902 399 3955 que
431 3884 498 3940 de
528 3886 724 3957 quibus
754 3885 1075 3955 afﬁrmant.
1100 3883 1207 3938 Sed
1237 3890 1373 3937 esto.
1407 3883 1552 3937 Ecce
1580 3880 1757 3936 factus
1786 3897 1906 3935 sum

292 3972 581 4043 insipiens,
597 3972 697 4028 sed
708 3972 1009 4043 sapienter;
1028 3971 1157 4043 quia
1167 3986 1265 4027 vos
1278 3986 1365 4026 me
1387 3969 1664 4042 coegistis.
1680 3969 1810 4023 Inde
1826 3976 1909 4023 est

292 4061 441 4132 quod
489 4060 535 4115 si
582 4068 806 4116 accusat
868 4060 1239 4131 praesumptio,
1296 4059 1395 4114 sed
1427 4065 1648 4114 excusat
1677 4057 1904 4113 coactio.

284 4150 429 4204 Nam
458 4148 560 4204 etsi
607 4164 639 4203 a
666 4164 755 4203 me
785 4148 1059 4203 silentium
1109 4146 1275 4218 exigit
1322 4145 1592 4217 imperitia
1639 4161 1777 4211 mea,
1810 4145 1908 4199 sed

286 4252 351 4291 os
381 4252 561 4291 meum
603 4236 813 4307 aperuit
841 4235 1016 4304 jussio
1060 4242 1254 4291 vestra.
1309 4235 1441 4288 Inde
1484 4248 1698 4288 mecum
1728 4240 1909 4287 actum

1987 383 2262 448 exercitia,
2297 383 2495 453 quibus
2524 383 2850 437 inhabitator
2870 383 3022 438 cellae
3043 382 3323 436 intendere
3354 381 3553 435 debeat
3577 397 3591 433 :

1987 471 2278 541 assumptis
2346 471 2471 526 hinc
2520 471 2647 526 inde
2698 472 2881 541 (prout
2917 470 3056 525 ratio
3112 469 3389 539 exigebat)
3420 483 3592 524 sacrae

1989 559 2287 628 Scripturae
2328 559 2684 624 testimoniis,
2734 567 2963 613 conatus
3009 574 3129 612 sum
3176 573 3273 626 pro
3300 572 3462 626 posse
3492 556 3595 611 de-

1988 654 2311 700 monstrare.
2348 647 2483 701 Sunt
2523 655 2703 701 autem
2754 655 2984 717 quatuor
3026 645 3285 701 exercitia
3325 644 3433 711 illa,
3481 650 3595 697 stu-

1988 734 2139 787 dium
2168 748 2336 789 sacrze
2368 734 2636 799 lectionis,
2671 734 2951 788 maturitas
3000 732 3259 788 defecatm
3288 730 3597 786 meditatio-

1990 821 2093 885 nis,
2128 821 2345 876 devotio
2377 837 2527 891 ραι-ω
2548 822 2830 887 orationis,
2857 820 3148 876 strenuitas
3166 820 3311 873 utilis
3343 817 3593 874 actionis.

1990 908 2236 975 Quatuor
2290 910 2453 963 haec:
2505 909 2677 976 major
2723 910 2919 963 horum
2967 908 3138 963 oratio
3184 914 3285 962 est.
3332 907 3471 961 Hinc
3517 913 3598 960 est

1993 996 2135 1066 quod
2166 995 2294 1050 huic
2323 995 2465 1051 libro
2502 997 2645 1051 hunc
2677 997 2910 1063 titulum,
2962 995 3214 1050 videlicet
3242 996 3319 1049 De
3365 993 3598 1065 quadri-

1986 1084 2198 1153 pertito
2217 1084 2405 1153 ofﬁcio
2426 1085 2583 1139 cella:
2599 1084 2825 1156 dignum
2848 1084 2976 1137 duxi
3016 1082 3462 1153 praeponendum,
3495 1079 3600 1135 nisi

1994 1170 2129 1225 forte
2164 1171 2476 1240 paternitati
2506 1179 2702 1227 vestrae
2733 1172 2883 1226 aliud
2933 1171 3096 1225 fuerit
3126 1170 3322 1225 visum.
3356 1167 3604 1239 Capitula

1991 1274 2206 1328 quoque
2245 1266 2369 1312 ante
2399 1258 2522 1313 libri
2551 1258 2832 1313 exordium
2863 1258 3116 1313 universa
3148 1258 3327 1328 posita
3357 1264 3498 1322 sunt,
3533 1270 3600 1311 eo

1993 1361 2209 1415 quoque
2240 1346 2434 1402 ordine
2459 1362 2565 1417 quo
2598 1346 2701 1400 sibi
2749 1346 2983 1401 invicem
3017 1346 3313 1400 succedunt
3346 1361 3359 1398 :
3390 1352 3446 1399 ut
3476 1360 3601 1399 cum

1993 1433 2199 1502 aliquid
2233 1434 2509 1504 qumritur,
2544 1434 2753 1504 absque
2794 1434 2941 1488 omni
2970 1434 3147 1487 statim
3173 1432 3485 1488 difficultate
3506 1444 3600 1487 re-

1994 1520 2234 1589 periatur
2280 1522 2402 1575 Non
2446 1522 2621 1576 solum
2668 1529 2867 1593 autem,
2916 1521 3014 1575 sed
3061 1529 3115 1575 et
3155 1520 3208 1573 in
3252 1519 3369 1589 ipso
3418 1519 3597 1586 libro,

1919 1640 1970 1696 B
1997 1608 2186 1662 eadem
2215 1609 2449 1679 capitula
2478 1610 2533 1663 in
2563 1610 2698 1664 locis
2744 1609 2847 1662 sibi
2908 1607 3126 1678 singula
3155 1606 3604 1662 convenientibus

1998 1704 2378 1765 apponuntur;
2412 1704 2467 1751 ut
2496 1712 2619 1752 cum
2648 1696 2933 1766 praafixum
2963 1694 3258 1765 capitulum
3284 1694 3599 1760 attenditur,

1998 1784 2143 1836 unde
2182 1791 2373 1838 tractet
2420 1785 2565 1854 quod
2620 1784 2866 1854 sequitur
2922 1783 3202 1837 evidenter
3247 1789 3599 1854 agnoscatur.

1998 1870 2242 1939 Accipiat
2298 1871 2413 1938 jam
2472 1871 2667 1926 dilecta
2730 1872 2863 1925 mihi
2910 1872 2964 1924 in
3015 1870 3245 1925 Domino
3304 1868 3605 1940 paternitas

1999 1966 2184 2012 vestra
2214 1975 2411 2029 munus
2444 1959 2664 2030 quidem
2693 1974 2954 2029 parvum,
2987 1974 3096 2013 non
3124 1972 3297 2028 parva
3342 1965 3525 2012 tamen
3555 1956 3606 2012 ei

2003 2045 2292 2100 devotione
2341 2046 2577 2101 oblatum
2612 2064 2624 2101 :
2658 2056 2709 2102 et
2752 2047 2798 2101 si
2844 2046 2985 2102 forte
3032 2061 3143 2101 non
3193 2045 3422 2100 multum
3450 2044 3505 2098 in
3536 2059 3603 2100 eo

2004 2132 2201 2187 viderit
2250 2134 2395 2203 quod
2437 2134 2557 2204 ipse
2583 2136 2705 2202 jure
2751 2135 2948 2190 debeat
2993 2134 3317 2204 approbare,
3350 2133 3605 2188 devotam

2000 2220 2177 2274 saltim
2232 2220 2513 2277 offerentis
2558 2223 2886 2277 voluntatem
2917 2223 3170 2292 dignetur
3199 2229 3478 2290 acceptam
3507 2221 3604 2273 ha-

1999 2308 2148 2363 bere.
2171 2308 2417 2365 Obsecro
2439 2311 2603 2365 etiam
2617 2327 2715 2366 vos
2736 2319 2793 2365 ut
2819 2327 2918 2381 pro
2948 2325 3013 2365 eo
3044 2309 3206 2381 quod,
3239 2308 3457 2364 omissis
3486 2306 3604 2361 aliis

2002 2395 2328 2465 quibusdam
2359 2399 2556 2468 quibus
2592 2399 2873 2454 intendere
2922 2398 3052 2451 mihi
3083 2396 3296 2451 dulcius
3326 2411 3448 2450 esse
3478 2394 3604 2465 (etsi

2000 2482 2141 2537 forte
2171 2499 2280 2538 non
2308 2485 2516 2556 utilius)
2547 2495 2784 2541 vestram
2825 2502 2964 2548 sum,
3014 2484 3115 2540 etsi
3158 2500 3268 2537 non
3311 2491 3368 2536 ut
3397 2482 3600 2549 debui,

2002 2580 2151 2628 certe
2180 2583 2238 2629 ut
2264 2575 2431 2647 potui,
2474 2575 2773 2641 jussionem
2821 2580 3140 2635 exsecutus,
3173 2572 3312 2627 hanc
3340 2570 3471 2624 mihi
3501 2585 3602 2639 pro

2001 2667 2191 2721 labore
2237 2679 2361 2719 meo
2404 2663 2713 2717 mercedem
2753 2660 3012 2726 reddatis,
3060 2667 3118 2713 ut
3162 2658 3218 2713 in
3262 2658 3603 2713 orationibus

2002 2754 2199 2809 vestris
2247 2753 2354 2807 mei
2416 2750 2692 2805 reminisci
2739 2749 2965 2804 velitis:
3021 2748 3196 2818 sitque
3244 2746 3603 2801 remuneratio

2002 2848 2262 2911 promptae
2282 2838 2607 2895 obedientia}
2626 2853 2781 2902 mea},
2803 2836 3057 2890 instantia
3086 2849 3187 2905 pro
3215 2850 3303 2889 me
3333 2835 3401 2887 ad
3430 2835 3603 2888 Deum

2002 2929 2260 2984 orationis
2289 2934 2484 2983 vestrm
2523 2926 2751 2981 devotae.
2798 2923 3175 2979 Venerandam
3225 2922 3603 2992 paternitatem

2000 3024 2233 3072 vestram
2276 3017 2424 3071 Deus
2487 3014 2829 3085 omnipotens
2874 3013 3050 3077 Pater,
3101 3026 3199 3081 per
3226 3010 3480 3064 dilectum
3510 3009 3604 3062 Fi-

2000 3104 2133 3158 lium
2186 3120 2382 3167 suum,
2432 3102 2489 3156 in
2534 3108 2722 3155 sancto
2771 3099 3051 3170 utriusque
3096 3097 3299 3168 Spiritu
3340 3097 3407 3149 ab
3456 3096 3606 3150 omni

2002 3192 2144 3246 malo
2174 3190 2458 3253 custodiat,
2508 3189 2733 3260 diesque
2780 3195 2996 3242 vestros
3035 3186 3089 3239 in
3121 3200 3221 3240 sua
3244 3199 3381 3255 pace
3410 3183 3602 3253 dispo-

2003 3288 2111 3343 nat,
2160 3286 2325 3348 atque
2372 3278 2439 3331 ab
2488 3284 2691 3331 aeterna
2746 3275 3093 3330 damnatione
3140 3289 3239 3328 vos
3279 3272 3436 3342 eripi,
3469 3280 3520 3327 et
3548 3271 3604 3326 in

2004 3367 2304 3423 electorum
2335 3381 2555 3421 suorum
2579 3364 2767 3433 jubeat
2796 3378 2967 3435 grege
2997 3361 3291 3417 numerari.
3324 3363 3515 3415 Arnen.

2684 3540 2940 3555 ﬂ

2502 3710 2996 3767 CAPITULORUM
3036 3708 3303 3764 SERIES.

2080 3877 2120 3929 Ι.
2152 3877 2226 3931 De
2260 3873 2418 3929 modo
2447 3877 2505 3928 et
2547 3888 2719 3927 causa
2776 3871 3051 3926 adventus
3106 3868 3363 3939 priorum
3392 3865 3606 3921 ordinis

2013 3963 2429 4019 Carthusiensis
2459 3961 2530 4015 ad
2555 3975 2815 4015 annuum
2839 3958 3180 4029 capitulum,
3204 3959 3260 4011 et
3290 3956 3356 4011 de
3388 3955 3609 4025 triplici

2006 4056 2204 4123 fructu
2234 4051 2510 4106 adventus
2540 4063 2752 4104 eorum.

2079 4141 2146 4195 Il.
2177 4140 2253 4193 De
2303 4139 2584 4194 suavitate
2629 4136 2877 4200 sublimi,
2921 4138 2976 4189 et
3023 4132 3376 4189 sublimitate
3420 4132 3604 4195 suavi,

2009 4244 2130 4300 qua:
2159 4228 2223 4282 in
2270 4227 2465 4283 ordine
2519 4224 2911 4280 Carthusiensi
2937 4223 3000 4276 in
3058 4221 3235 4275 tribus
3279 4220 3608 4290 specialiter

288 4331 372 4379 est
402 4324 548 4395 quod
578 4323 741 4378 silere
780 4323 953 4391 timui,
987 4322 1079 4393 qui
1130 4321 1279 4391 laqui
1324 4320 1517 4376 erubui
1552 4336 1563 4374 :
1600 4319 1778 4391 magis
1805 4334 1906 4374 vo-
1936 4335 1988 4393 D
2010 4316 2290 4372 consistit.

286 4412 409 4466 lens
439 4428 538 4481 per
567 4411 893 4481 imperitiam
940 4410 1120 4465 locum
1167 4409 1223 4464 in
1270 4424 1358 4463 me
1406 4408 1536 4463 dare
1566 4405 1889 4477 confusioni,

285 4514 450 4570 quam
481 4514 580 4569 pro
626 4513 711 4565 eo,
762 4498 807 4551 si
851 4498 1165 4553 resisterem
1198 4495 1472 4567 potestati,
1497 4511 1559 4551 ac
1591 4494 1814 4565 perinde
1842 4501 1895 4549 et

283 4588 387 4642 Dei
431 4585 775 4651 ordinationi,
824 4586 1015 4653 subjici
1045 4584 1403 4639 damnationi.
1454 4584 1629 4655 Igitur
1655 4590 1895 4638 vestrum

287 4688 391 4744 pro
420 4688 585 4743 posse
613 4673 941 4745 aggrediens
973 4672 1207 4744 exsequi
1238 4680 1592 4742 praeceptum,
1625 4670 1897 4741 applicare

291 4760 479 4815 curavi
507 4768 560 4815 et
580 4760 759 4815 studio
779 4761 1037 4827 animum,
1073 4768 1126 4816 et
1153 4759 1366 4815 calamo
1396 4774 1634 4823 manum,
1669 4766 1724 4813 et
1753 4758 1899 4829 quod

292 4847 427 4901 mihi
459 4848 527 4903 de
572 4847 675 4903 hac
722 4849 954 4904 materia
1004 4848 1075 4903 ad
1113 4862 1361 4918 presens
1410 4847 1666 4910 occurrit,
1706 4860 1804 4915 pro
1833 4860 1900 4900 eo

289 4935 440 5006 quod
470 4945 527 4989 ut
553 4935 623 4990 de
655 4951 722 4991 ea
753 4943 1068 5002 tractarem,
1094 4944 1277 4992 vestra
1306 4951 1395 4990 me
1425 4933 1723 5005 paternitas
1753 4948 1902 4988 com-

285 5023 424 5093 pulit
449 5042 463 5087 ;
496 5024 636 5078 sicut
663 5024 719 5078 in
748 5024 926 5080 studio
954 5024 1288 5095 deprehendi
1322 5023 1399 5079 sic
1429 5022 1633 5093 scripto
1662 5021 1892 5092 digessi.

288 5110 433 5177 Quia
462 5126 590 5166 vero
618 5112 675 5165 in
700 5111 881 5184 rigore
912 5111 1129 5182 capituli
1158 5112 1459 5183 generalis,
1494 5111 1640 5182 quod
1670 5108 1900 5182 singulis

286 5199 432 5269 apud
453 5197 795 5255 Carthusiam
815 5199 975 5255 annis
995 5200 1445 5257 convenientibus
1479 5200 1533 5253 in
1566 5198 1759 5255 eodem
1777 5198 1901 5253 loco

285 5286 356 5343 de
386 5286 552 5358 longe
580 5294 634 5343 et
660 5288 729 5343 de
759 5304 928 5359 prope
978 5288 1225 5358 ejusdem
1255 5287 1467 5344 ordinis
1500 5287 1792 5358 prioribus,
1827 5292 1907 5340 te.

281 5382 447 5430 netur
476 5374 636 5447 vigor
652 5374 814 5432 totius
831 5376 1036 5434 ordinis
1060 5385 1113 5432 et
1138 5378 1305 5433 robur
1333 5375 1639 5433 consistere
1667 5389 1777 5429 non
1808 5373 1905 5428 du-

289 5463 497 5519 bitatur
531 5479 544 5517 :
577 5463 645 5518 ab
676 5479 742 5520 eo
772 5464 931 5533 hujus
953 5464 1388 5521 meaelocutionis
1417 5462 1603 5520 curavi
1624 5461 1905 5518 exordium

286 5568 525 5610 sumere.
560 5552 762 5625 Sicque
792 5553 849 5610 in
881 5552 1079 5625 quibus
1128 5553 1247 5626 ipsa
1291 5553 1500 5610 ordinis
1531 5567 1742 5610 summa
1771 5565 1906 5607 con-

2065 4406 2158 4459 III.
2200 4405 2274 4458 De
2305 4400 2603 4473 spirituali
2648 4398 3070 4456 conversatione
3099 4399 3321 4465 fratum
3352 4393 3603 4450 Cartha-

1992 4493 2269 4550 siensium
2298 4491 2362 4545 in
2379 4506 2488 4560 qua
2516 4491 2657 4545 eunt
2671 4491 2796 4559 post
2829 4486 3133 4547 Christum,
3154 4499 3257 4555 per
3291 4482 3598 4547 Christum,

1994 4582 2066 4638 ad
2104 4582 2413 4636 Christum.

2073 4670 2164 4723 IV.
2202 4666 2346 4735 Quid
2372 4665 2753 4738 spiritualiter
2768 4662 2963 4718 debeat
2977 4660 3158 4731 accipi
3184 4675 3286 4731 per
3316 4659 3603 4715 vilitatem

1998 4762 2053 4814 et
2075 4758 2442 4828 asperitatem
2464 4754 2685 4809 habitus
2737 4750 3244 4813 Carthasiensium,
3278 4750 3334 4801 et
3367 4746 3432 4800 de
3460 4760 3604 4816 pau-

1996 4848 2222 4917 pertate
2254 4843 2437 4897 victus
2467 4856 2679 4897 eorum.

2070 4933 2137 4988 V.
2170 4933 2245 4987 De
2271 4931 2529 5003 puritate
2558 4924 3056 4998 contemplationis
3086 4924 3352 4989 interna,
3385 4919 3601 4992 quaead

2001 5021 2160 5077 cella:
2191 5019 2549 5091 potissimum
2590 5016 2956 5072 solitudinem
2985 5014 3221 5083 spectat.

2073 5109 2165 5164 VI.
2188 5106 2448 5174 Qualiter
2466 5107 2652 5161 suavis
2672 5104 2830 5159 cella:
2858 5101 3032 5172 quies,
3056 5099 3314 5170 etquieta
3330 5099 3451 5169 ejus
3469 5112 3600 5153 sua-

2002 5198 2148 5252 vitas
2178 5196 2242 5250 in
2261 5193 2589 5266 quibusdam
2618 5207 2792 5247 sacra:
2820 5189 3127 5260 Scriptura:
3159 5187 3293 5243 locis
3325 5200 3597 5257 expressa

2003 5285 2096 5341 sit.

2076 5372 2193 5428 VII.
2226 5372 2302 5427 De
2331 5358 2528 5427 eadem
2559 5369 2743 5440 quiete
2785 5366 2943 5423 cellis
2976 5382 2990 5419 :
3022 5364 3266 5436 qualiter
3307 5376 3407 5433 per
3454 5359 3602 5415 viros

2005 5464 2230 5517 sanctos
2258 5475 2294 5514 a
2324 5459 2500 5531 Moyse
2526 5471 2700 5528 usque
2730 5454 2801 5509 ad
2833 5454 3039 5511 Isaiam
3069 5452 3191 5521 ejus
3218 5451 3503 5506 secretum
3530 5446 3609 5500 sit

2007 5562 2363 5619 expressum.
