3978 6050
389 154 490 208 803

1240 153 1585 211 omeoms
1631 155 1680 208 11
1723 148 2135 210 CARTHUSIE
2180 118 2476 213 MAJoms
2518 154 2819 212 pmoms.

3589 158 3698 213 804

456 271 597 328 VIII.
630 273 704 327 De
734 270 1064 343 quibusdam
1107 273 1245 329 viris
1278 276 1493 330 sanctis
1522 276 1618 347 qui
1646 278 1888 346 fuerunt
1916 275 1984 330 ab
2002 275 2060 335 Α
2086 279 2150 332 in
2171 285 2362 337 mente
2376 282 2710 339 meditantis
2730 295 2966 338 causam
2977 275 3161 351 gignit
3173 282 3233 336 et
3248 278 3649 336 admirationis
3667 299 3689 337 :

390 359 540 415 Isaia
566 374 740 431 usque
762 359 835 414 ad
860 359 1148 417 Christum
1178 379 1197 417 :
1218 366 1275 417 et
1301 363 1368 418 de
1401 363 1730 435 quibusdam
1758 363 1988 435 qui/‘ue-

388 451 531 504 runt
545 451 676 519 post
715 447 1028 504 adventum
1058 447 1287 518 Christi,
1329 451 1574 522 qualiter
1606 468 1710 523 per
1729 467 1819 507 eos
1838 451 1986 520 ﬁgu-

388 539 523 590 rata
547 536 624 590 sit
654 537 812 591 cella
839 536 1014 607 quies.

459 623 557 677 IX.
581 624 658 679 De
680 624 863 695 quiete
876 625 1073 689 cella;
1108 628 1163 680 et
1179 625 1321 696 quod
1340 642 1456 681 non
1475 626 1703 697 expedit
1732 626 1785 679 ei
1813 626 1909 695 qui
1923 626 1987 680 in

393 726 460 766 ea
483 709 722 778 habitat,
745 716 809 767 ut
821 712 1154 769 curiositate
1172 714 1479 769 temeraria
1495 716 1669 770 nimis
1691 713 1790 769 diu
1815 716 1989 768 extra

382 812 508 859 eam
546 803 819 856 moretur.

451 887 526 942 X.
560 887 636 943 De
657 903 718 943 eo
739 887 881 960 quod
902 888 1069 956 cella,
1090 887 1157 943 ab
1176 904 1237 944 eo
1257 891 1352 961 qui
1369 904 1494 944 eam
1516 890 1817 961 inhabitat,
1831 893 1989 963 jugi-

387 980 472 1033 ter
504 977 747 1033 tenenda
774 979 896 1042 est;
927 979 987 1032 et
1031 976 1176 1047 quod
1216 976 1270 1031 ei
1318 978 1643 1047 periculum
1689 980 1913 1035 eveniat
1940 980 1990 1036 si

386 1066 686 1120 temerarie
711 1064 777 1119 ab
807 1079 875 1119 ea
904 1063 1086 1133 fuerit
1126 1079 1398 1135 egressus.

454 1152 554 1207 XI.
576 1153 652 1208 De
672 1153 894 1223 magnis
910 1152 1222 1225 multisque
1242 1153 1517 1224 periculis
1540 1169 1662 1225 qua
1678 1156 1776 1211 ille
1796 1156 1990 1213 incur-

384 1241 464 1297 rit
492 1241 589 1313 qui
608 1239 895 1296 habitator
932 1244 1016 1296 est
1043 1241 1221 1305 cella,
1257 1244 1315 1295 et
1341 1241 1407 1296 de
1435 1242 1542 1297 illa
1569 1243 1721 1297 male
1748 1244 1907 1312 exit;
1929 1248 1988 1299 et

358 1328 448 1387 .de
476 1344 538 1385 eo
567 1328 710 1401 quod
736 1344 1004 1399 magnam
1024 1327 1234 1382 anima
1256 1331 1472 1383 sancta
1493 1332 1718 1399 confert
1744 1332 1989 1402 quietem

374 1416 547 1487 plena
575 1420 634 1472 et
658 1418 913 1487 perfecta
956 1414 1196 1484 abjectio
1234 1416 1600 1471 sacularium
1630 1433 1841 1474 rerum.

449 1504 575 1560 XII.
609 1506 684 1559 De
704 1503 1073 1559 sacularium
1094 1502 1212 1572 (cui
1227 1505 1495 1574 precipue
1516 1505 1833 1563 intendunt
1857 1506 1991 1563 Car-

2089 371 2144 422 et
2173 367 2239 424 de
2266 385 2327 426 eo
2347 370 2491 442 quod
2504 386 2611 443 per
2630 386 2698 427 ea
2716 385 2837 442 qua
2855 372 3017 440 facta
3048 371 3189 424 sunt
3201 368 3552 439 conspicitur
3568 369 3690 440 ipse

2088 457 2185 526 qui
2211 460 2368 527 fecit.
3044 510 3047 513 Α

2158 544 2391 601 XXVII.
2430 547 2507 601 De
2556 547 2775 603 vocibus
2805 549 2863 602 et
2910 543 3283 601 locationibus
3327 559 3464 614 quas
3491 543 3692 599 anima

2088 632 2472 703 spiritualiter
2499 634 2662 690 audit
2693 653 2711 690 :
2742 638 2800 690 et
2815 633 3065 705 qualiter
3081 633 3280 687 anima
3294 629 3367 685 ad
3383 632 3688 703 imaginem

2092 719 2188 775 Dei
2205 722 2365 791 facta
2383 722 2480 786 sit,
2504 724 2561 776 et
2582 737 2746 793 quem
2756 725 2976 776 motum
2990 720 3286 792 suscipiat,
3305 722 3363 775 et
3390 719 3553 789 cujus
3571 735 3693 777 mo-

2092 810 2185 863 tus
2212 808 2591 880 susceptibilis
2617 826 2732 865 non
2760 810 2857 865 sit.

2158 896 2410 953 XXVIII.
2445 898 2521 953 De
2548 897 2668 952 illis
2697 897 2878 953 beatis
2924 894 3240 967 spiritibus,
3274 909 3397 966 qua
3425 893 3694 950 videlicet

2087 983 2193 1039 illa
2212 986 2332 1040 sint
2346 1000 2468 1056 qua
2487 983 2561 1040 ad
2571 999 2662 1042 eos
2675 984 2974 1056 pertinent
2995 1002 3014 1051 ;
3031 982 3232 1055 etquid
3244 982 3311 1037 de
3326 981 3448 1037 illis
3457 982 3521 1036 in
3538 997 3696 1052 pura

2086 1072 2456 1129 meditatione
2485 1089 2611 1141 sua,
2650 1073 2810 1129 cella
2853 1071 3050 1129 debeat
3080 1072 3243 1127 intra
3294 1084 3355 1125 se
3407 1068 3697 1128 habitator

2088 1160 2389 1217 revolvere.

2159 1248 2368 1303 XXIX.
2400 1247 2478 1304 De
2517 1248 2619 1304 illo
2652 1246 3051 1303 meditationis
3091 1262 3296 1319 genere
3343 1247 3486 1319 quod
3530 1246 3695 1302 intra

2088 1351 2189 1392 nos
2208 1338 2273 1392 in
2292 1338 2431 1408 ipsis
2451 1337 2677 1393 intimis
2701 1334 2883 1392 cordis
2915 1334 3129 1391 nostris
3165 1334 3426 1391 debemus
3465 1334 3691 1402 habere,

2088 1440 2218 1479 cum
2253 1424 2318 1478 de
2348 1425 2456 1481 Deo
2486 1423 2779 1481 studemus
2807 1424 3052 1495 cogitare
3080 1441 3099 1478 :
3129 1425 3188 1478 et
3216 1424 3464 1494 qualiter
3491 1421 3559 1478 de
3586 1422 3691 1479 illo

2088 1527 2189 1568 nos
2222 1511 2422 1569 doceat
2448 1514 2506 1566 et
2537 1511 2710 1568 liceat
2745 1511 2985 1568 sentire.

378 1590 716 1660 thusienses)
730 1592 1085 1660 negotiorum
1113 1594 1171 1645 et
1205 1591 1683 1649 sollicitudinum
1703 1611 1769 1650 ac
1792 1610 1989 1666 posse-
2008 1620 2061 1678 Β
2159 1599 2350 1654 XXX.
2392 1601 2468 1655 De
2499 1600 2765 1655 trinitate
2779 1597 3269 1670 personarum,.de
3292 1599 3525 1654 unitate
3552 1597 3688 1653 sub-

376 1680 629 1737 ssionum
654 1679 992 1752 abjectione.

447 1768 602 1822 XIII.
631 1769 707 1823 De
741 1768 856 1823 loco
883 1770 1100 1823 sancta
1128 1766 1456 1837 voluptatis,
1504 1772 1561 1824 et
1597 1769 1664 1825 de
1692 1770 1989 1842 spirituali

377 1858 515 1929 fuga
544 1857 734 1912 sancti
761 1856 882 1911 Job.

448 1943 596 2000 XIV.
631 1942 907 2011 Quomodo
942 1944 1326 2015 spiritualiter
1360 1945 1753 2016 egrediebatur
1779 1947 1988 2014 ﬂuvius

379 2032 576 2089 deloco
598 2032 904 2104 voluptatis
924 2032 998 2086 ad
1017 2033 1241 2103 irrigan
1250 2033 1383 2089 dum
1404 2034 1762 2105 paradisum:
1789 2038 1845 2090 et
1865 2036 1989 2107 quis

378 2121 480 2177 ille
508 2121 717 2189 ﬂuvius
742 2121 838 2176 sit.

451 2208 574 2263 XV.
610 2208 761 2275 Quod
780 2209 875 2279 qui
904 2206 978 2263 ad
995 2224 1260 2264 annuum
1289 2209 1638 2264 conveniunt
1664 2211 1987 2280 capitulum

379 2296 617 2368 priores,
636 2295 853 2352 ordinis
868 2295 1069 2351 debent
1098 2296 1404 2367 diligenter
1426 2297 1722 2352 intendere
1751 2313 1989 2354 renova-

383 2384 529 2441 tioni
560 2401 573 2438 :
608 2387 665 2454 et
690 2383 756 2439 de
771 2387 1015 2455 quatuor
1032 2385 1327 2439 exercitiis
1350 2385 1584 2451 sanctis,
1605 2385 1803 2456 quibus
1824 2386 1985 2441 solli-

382 2473 492 2529 cite
511 2472 739 2529 studere
757 2472 916 2545 debct
944 2473 1131 2528 omnis
1163 2473 1259 2544 qui
1287 2472 1352 2527 in
1382 2472 1529 2529 cella
1551 2474 1674 2528 vult
1693 2475 1988 2543 fructuosa

379 2562 737 2618 commorari.

448 2649 602 2704 XVI.
640 2651 716 2705 De
744 2648 1230 2705 commendatione
1249 2649 1427 2715 cella,
1454 2652 1512 2704 et
1532 2648 1598 2704 de
1626 2653 1868 2721 quatuor
1891 2666 1986 2706 ca-

378 2738 593 2810 pitibus
620 2737 740 2792 illis
755 2738 954 2808 inqua
981 2738 1189 2805 ﬂuvius
1209 2735 1486 2792 dividitur
1507 2739 1603 2809 qui
1624 2737 1697 2792 ad
1726 2738 1984 2808 irrigan-

383 2824 518 2882 dum
541 2824 873 2895 paradisum
903 2824 968 2879 de
1001 2825 1116 2882 loco
1144 2825 1452 2895 voluptatis
1477 2825 1782 2896 egreditur.

2087 1689 2323 1743 stantia
2346 1702 2469 1759 qua
2488 1687 2636 1743 Deus
2663 1690 2768 1753 est,
2793 1690 2849 1743 et
2872 1685 3015 1759 quod
3036 1685 3434 1758 prajudicium
3461 1684 3690 1757 aliquod

2086 1791 2190 1831 nec
2226 1775 2475 1842 Trinitas
2508 1774 2750 1841 unitati,
2784 1790 2890 1830 nec
2918 1775 3118 1830 unitas
3146 1775 3293 1845 facit
3328 1774 3617 1828 Trinitati.

2154 1862 2365 1918 XXXI.
2389 1863 2465 1918 De
2487 1862 2754 1933 diligenti
2772 1861 3182 1929 sollicitudine,
3206 1864 3264 1917 et
3288 1861 3539 1917 sollicita
3556 1859 3692 1916 dili-

2086 1951 2281 2021 gentia
2300 1966 2469 2022 quam
2488 1950 2738 2006 orationi
2752 1952 2963 2005 nostra
2979 1947 3205 2021 quando
3219 1949 3272 2004 ei
3283 1948 3688 2016 incumbimus,

2088 2037 2348 2095 debemus
2369 2038 2694 2109 impendere
2714 2056 2732 2093 ε
2754 2041 2811 2094 et
2844 2037 2912 2092 de
2937 2052 3150 2107 magna
3168 2036 3553 2092 instabilitate
3582 2050 3695 2107 qua

2085 2129 2151 2183 in
2182 2126 2366 2194 corde,
2397 2126 2674 2182 orationis
2725 2129 2994 2196 tempore,
3039 2139 3143 2195 per
3174 2125 3354 2200 otiosa
3383 2126 3442 2179 et
3467 2124 3689 2191 nociva,

2086 2215 2354 2286 dispersis
2367 2212 2801 2285 cogitationibus
2812 2214 3024 2268 nostris
3042 2212 3247 2268 misere
3266 2227 3334 2268 ac
3354 2211 3692 2268 miserabili-

2089 2306 2179 2358 ter
2205 2302 2573 2370 ﬂuctuamus,
2606 2306 2664 2357 et
2689 2317 2794 2373 per
2822 2302 3135 2357 innumera
3164 2315 3491 2370 evagamur.

2158 2390 2391 2445 XXXII.
2415 2390 2492 2445 De
2514 2390 2725 2445 mentis
2743 2388 3087 2460 evagatione,
3108 2403 3277 2459 quam
3296 2387 3452 2443 nobis
3480 2386 3693 2443 oratio-

2086 2480 2179 2534 nis
2210 2481 2458 2549 tempore
2486 2478 2670 2533 inesse
2699 2477 2981 2533 sentimus
3014 2489 3029 2529 ι
3062 2479 3118 2531 et
3150 2475 3398 2547 qualiter
3426 2477 3486 2530 et
3514 2488 3689 2545 quare

2085 2582 2188 2639 per
2206 2568 2442 2622 tertium
2462 2566 2559 2637 qui
2569 2565 2635 2621 de
2655 2566 2770 2622 loco
2789 2565 2956 2636 volup
2964 2564 3101 2620 tatis
3113 2563 3403 2634 egreditur
3419 2562 3679 2631 ﬂuvium,

2087 2656 2183 2726 qui
2211 2657 2269 2709 et
2314 2656 2491 2725 Tigris
2546 2655 2800 2719 vocatur,
2853 2652 3131 2708 orationis
3157 2649 3492 2723 accipienda
3521 2649 3692 2705 devo-

2092 2742 2166 2797 tio
2198 2743 2296 2796 sit.
2550 2796 2559 2801 ,

2120 2828 2378 2883 XXXIII.
2406 2828 2607 2895 Quales
2625 2841 2727 2882 nos
2750 2825 3017 2883 exhibere
3035 2824 3336 2882 debeamus
3348 2824 3682 2897 priusquam

450 2913 631 2968 XVII.
666 2911 817 2980 Quod
833 2912 928 2984 qui
944 2911 1230 2969 habitator
1242 2913 1516 2977 estcella,
1542 2928 1765 2968 omnem
1785 2913 1983 2969 debeat
2004 2964 2047 2984 ,η
2088 2915 2162 2971 ad
2181 2917 2497 2971 orationem
2511 2919 2866 2981 accedamus,
2880 2918 2947 2970 ut
2966 2930 3096 2971 cum
3115 2913 3327 2969 adeam
3341 2913 3685 2977 venerimus,

378 3001 649 3057 illicitum
663 3000 912 3056 deuitare
934 2999 1276 3056 locutionem
1299 3019 1318 3055 :
1340 3004 1398 3056 et
1422 3016 1544 3072 qua
1564 3002 1671 3056 illa
1700 3001 1819 3055 sint
1838 3001 1981 3057 bona
2003 2999 2049 3024 υ
2082 3004 2162 3060 sic
2194 3018 2321 3060 eam
2350 3004 2459 3060 Deo
2489 3002 2815 3073 offeramus,
2836 3005 2903 3058 ut
2933 3003 3055 3074 ipse
3084 3017 3210 3057 eam
3239 3000 3346 3057 sibi
3372 3002 3687 3071 acceptam,

379 3089 453 3146 ad
481 3105 604 3161 qua
631 3105 733 3146 nos
763 3104 928 3144 sacra
961 3089 1128 3144 lectio
1165 3089 1440 3159 provehit.

448 3177 652 3233 XVIII.
690 3178 768 3232 De
793 3177 1089 3247 generibus
1135 3180 1470 3233 sanctarum
1520 3177 1977 3247 meditationum,

380 3267 577 3339 quibus
595 3265 893 3322 intendere
914 3264 1073 3320 debet
1101 3265 1197 3336 qui
1212 3266 1275 3320 in
1296 3265 1441 3321 cella
1459 3266 1754 3321 solitarius
1784 3266 1937 3321 sedet
1960 3286 1979 3321 :

380 3358 438 3411 et
467 3355 533 3410 de
563 3354 813 3419 studiosa
841 3368 1019 3408 sacra
1047 3354 1357 3425 Scriptura
1386 3353 1794 3409 recordatione.

451 3442 605 3496 XIX.
625 3443 702 3497 De
725 3441 825 3497 illo
847 3439 1244 3497 meditationis
1266 3441 1428 3496 modo
1450 3442 1545 3512 qui
1565 3442 1629 3495 in
1650 3443 1841 3498 animo
1856 3456 1980 3498 me-

381 3530 646 3599 ditantis,
698 3530 919 3585 timoris
961 3530 1146 3600 gignit
1172 3544 1405 3586 causam
1433 3533 1489 3584 et
1519 3529 1744 3596 doloris,
1778 3532 1873 3602 qui
1917 3530 1982 3585 in

381 3622 504 3675 octo
532 3618 721 3674 modos
750 3617 1043 3674 dividitur.

452 3707 579 3761 XX.
611 3708 687 3761 De
737 3706 995 3777 generali
1037 3705 1453 3762 resurrectione
1501 3708 1856 3762 mortuorum
1877 3744 1893 3773 ,
1926 3708 1985 3761 et

376 3794 558 3866 panis
585 3792 1008 3862 damnatorum,
1040 3797 1099 3848 et
1126 3793 1371 3865 qualiter
1418 3793 1599 3863 repeti
1625 3793 1861 3848 debeant
1892 3793 1986 3848 illi

379 3885 501 3939 octo
520 3881 689 3947 modi,
713 3881 776 3934 in
795 3881 993 3951 quibus
1014 3880 1234 3936 timoris
1259 3881 1465 3935 existit
1483 3896 1656 3935 causa
1677 3884 1734 3935 et
1753 3880 1980 3937 doloris.

451 3969 607 4023 XXI.
630 3968 961 4035 Qualiterin
975 3969 1169 4023 animo
1180 3959 1537 4034 meditantis,
1555 3968 1724 4023 timor
1742 3969 1986 4040 expellit

382 4057 688 4114 elationem
709 4074 728 4122 ;
749 4059 806 4110 et
826 4055 891 4111 de
914 4055 1081 4110 tertio
1093 4055 1488 4111 meditationis
1500 4055 1679 4122 modo,
1702 4057 1800 4128 qui
1819 4072 1984 4112 occa-

381 4146 597 4203 sionem
624 4143 997 4200 administrat
1017 4146 1230 4198 amoris
1262 4146 1319 4198 et
1350 4143 1777 4199 consolationis.

450 4233 631 4288 XXII.
661 4234 738 4289 De
767 4235 967 4304 quarto
986 4230 1381 4286 meditationis
1418 4231 1599 4299 modo,
1630 4232 1727 4304 qui
1753 4246 1989 4288 causam

380 4322 559 4395 gignit
573 4323 636 4377 in
647 4321 839 4376 animo
850 4319 1204 4385 meditantis,
1232 4320 1467 4391 pietatis
1480 4321 1950 4392 etcompassionis
1970 4334 1983 4375 :
2009 4309 2064 4371 D

382 4414 439 4466 et
467 4410 613 4481 quod
641 4408 894 4480 quadam
921 4423 1043 4480 qua
1076 4407 1331 4463 videmus
1379 4408 1446 4463 ab
1492 4408 1625 4464 aliis
1654 4410 1810 4464 mala
1835 4409 1984 4477 ﬁeri,

381 4498 564 4569 magis
583 4496 878 4553 debeamus
892 4496 1053 4551 intra
1064 4512 1165 4553 nos
1172 4513 1210 4568 p
1219 4497 1507 4568 lerumque
1520 4512 1798 4553 excusare
1818 4512 1988 4569 quam

387 4590 594 4642 temere
608 4583 891 4655 judicare.

454 4672 659 4728 XXIII.
684 4672 942 4739 Qualiter
960 4672 1222 4744 quintum
1243 4672 1632 4729 meditationis
1649 4671 1878 4728 modum
1894 4687 1987 4743 op-

381 4777 590 4834 ponere
619 4759 915 4816 debeamus
934 4760 998 4815 in
1019 4764 1212 4816 mente
1234 4764 1449 4826 nostra,
1473 4765 1674 4816 contra
1694 4761 1858 4815 illam
1878 4775 1990 4832 qua

372 4850 592 4921 jugiter
614 4849 919 4921 pulsamur
951 4850 1330 4905 tentationem
1360 4850 1572 4918 carnis,
1598 4851 1653 4904 et
1680 4847 1907 4915 diaboli,
1931 4850 1989 4902 et

381 4936 604 4993 mundi.

452 5023 660 5080 XXIV.
699 5025 775 5080 De
806 5023 968 5081 tadio
1000 5024 1144 5097 quod
1191 5025 1400 5097 aliquis
1446 5023 1672 5095 patitur
1703 5024 1800 5095 qui
1828 5023 1989 5080 cella

368 5110 674 5168 habitator
701 5116 791 5168 est
809 5131 828 5168 :
850 5116 908 5169 et
930 5112 1199 5185 quomodo
1224 5112 1373 5168 illud
1393 5127 1497 5169 ase
1508 5113 1801 5185 repellere,
1823 5126 1990 5185 seque

383 5214 655 5257 renovare
682 5204 739 5256 et
764 5217 1035 5273 reparare
1060 5201 1264 5272 possit.

450 5287 628 5344 XXV.
661 5288 738 5344 De
768 5289 854 5344 his
865 5304 989 5360 qua
1008 5290 1072 5344 in
1091 5304 1264 5345 carne
1283 5291 1548 5360 operatus
1571 5293 1656 5344 est
1687 5289 1980 5356 Christus;

385 5379 443 5431 et
471 5374 539 5432 de
572 5376 851 5432 laboribus
876 5380 1206 5432 sanctorum
1240 5391 1492 5433 suorum.

417 5461 620 5519 XXVI.
642 5465 720 5522 De
737 5466 976 5538 septimo
998 5462 1395 5522 meditationis
1411 5463 1592 5533 modo,
1612 5465 1709 5537 qui
1725 5465 1979 5536 stuporis

2085 3097 2141 3149 et
2168 3092 2326 3148 nobis
2353 3090 2798 3147 misericorditer
2829 3090 3038 3161 efﬁciat
3069 3091 3444 3161 fructuosam.

2154 3180 2408 3235 XXXIV.
2432 3180 2509 3235 De
2526 3194 2587 3235 eo
2605 3178 2747 3250 quod
2775 3194 2906 3235 cum
2925 3177 2998 3233 ad
3027 3179 3342 3234 orationem
3370 3175 3691 3232 accedimus

2084 3269 2270 3324 etillis
2287 3267 2384 3339 qui
2400 3269 2465 3322 in
2476 3282 2580 3323 nos
2599 3266 2974 3337 ditiquerunt,
2990 3281 3065 3322 ea
3081 3281 3224 3338 puro
3240 3263 3404 3321 corde
3424 3264 3683 3319 dimitte-

2083 3371 2164 3422 re,
2189 3355 2308 3411 etsi
2325 3355 2578 3426 suntqui
2605 3354 2814 3409 habent
2830 3353 3047 3426 aliquid
3070 3349 3368 3408 adversum
3378 3367 3500 3418 nos,
3520 3352 3689 3424 plene

2085 3444 2165 3499 eis
2194 3459 2261 3498 ac
2289 3444 2541 3514 perfecte
2570 3441 2936 3498 reconciliari
2965 3440 3243 3497 debemus.

2154 3530 2386 3586 XXXV.
2417 3531 2495 3586 De
2512 3533 2756 3601 quatuor
2774 3529 3187 3599 cogitationum
3217 3525 3535 3598 generibus,
3567 3540 3692 3598 qua

2084 3619 2237 3675 nobis
2257 3619 2642 3675 necessarium
2653 3618 2812 3673 estin
2822 3620 3014 3672 mente
3045 3615 3267 3683 habere,
3281 3616 3332 3670 si
3344 3629 3504 3686 pure,
3528 3618 3587 3669 et
3605 3613 3698 3669 de-

2084 3710 2225 3774 vote,
2260 3716 2427 3778 atque
2456 3708 2750 3776 fructuose
2780 3705 3080 3762 Dominum
3109 3704 3369 3761 volumus
3397 3716 3581 3757 orare.

2156 3795 2414 3849 XXXVI.
2446 3795 2524 3849 De
2553 3809 2717 3865 opere
2734 3809 3032 3860 manuum,
3054 3793 3150 3848 cui
3164 3790 3324 3847 debet
3343 3790 3502 3846 cella
3519 3789 3691 3844 inha-

2086 3883 2299 3939 bitator
2313 3882 2633 3948 intendere,
2648 3886 2705 3938 et
2726 3883 2922 3954 quibus
2942 3881 3095 3937 horis
3109 3877 3507 3952 spiritualibus
3528 3892 3693 3934 eaer-

2086 3972 2263 4037 citiis,
2294 3975 2352 4027 et
2384 3972 2579 4044 quibus
2609 3972 2877 4027 insistere
2897 3969 3094 4026 debeat
3113 3982 3394 4024 manuum
3406 3965 3688 4037 operibus,

2087 4063 2146 4114 et
2176 4059 2242 4115 de
2266 4060 2529 4129 pluribus
2549 4060 2683 4116 aliis
2710 4075 2832 4131 qua
2862 4058 2934 4115 ad
2979 4056 3236 4114 eumdem
3254 4055 3413 4112 cella
3442 4053 3692 4110 incolam

2086 4143 2405 4213 pertinent.

2770 4233 3033 4251 —

2518 4358 2916 4416 CAPITULUM
2942 4356 3231 4415 PRIMUM.

2089 4502 2166 4558 De
2183 4500 2345 4557 modo
2363 4504 2420 4556 et
2440 4515 2613 4556 causa
2632 4498 2907 4555 adventus
2925 4496 3428 4570 priorumordinis
3451 4492 3692 4570 Cartha-

2159 4571 2364 4628 siensis
2379 4570 2451 4625 ad
2461 4584 2724 4625 annuum
2733 4567 3070 4642 capitulum,
3089 4572 3147 4625 et
3168 4567 3236 4626 de
3259 4567 3477 4638 triplici
3493 4568 3693 4637 [ructu

2160 4642 2435 4698 adventus
2463 4656 2680 4697 eorum.

2162 4756 2245 4812 De
2271 4755 2508 4811 adventu
2534 4753 2932 4811 venerabilium
2969 4754 3194 4810 Patrum
3222 4757 3554 4815 nostrorum,
3586 4762 3686 4803 or-

2090 4844 2234 4900 dinis
2263 4843 2666 4900 Canhusiensis
2704 4842 2949 4914 priorum
2987 4842 3057 4897 ad
3085 4855 3324 4897 annuum
3352 4836 3649 4910 capitulum
3673 4877 3687 4901 ,

2088 4949 2324 5006 magnus
2362 4932 2570 4988 ordinis
2613 4931 2858 5001 ejusdem
2900 4928 3238 4986 universitati
3278 4925 3531 4999 provenit
3572 4923 3693 4980 fru-

2089 5031 2226 5078 ctus.
2260 5022 2403 5077 Sane
2450 5019 2781 5077 conveniunt
2825 5020 2882 5074 in
2929 5033 3115 5075 eremo
3154 5013 3525 5072 Carthusiensi
3556 5012 3696 5068 sicut

2090 5125 2283 5166 omnes
2306 5125 2372 5164 ex
2402 5108 2539 5165 locis
2569 5107 2821 5173 diversis,
2853 5106 2936 5162 sic
2976 5113 3031 5160 et
3057 5104 3210 5160 multi
3258 5118 3445 5160 eorum
3474 5117 3543 5157 ex
3569 5099 3698 5155 lon-

2091 5198 2331 5272 ginquis.
2381 5198 2450 5252 Et
2508 5204 2566 5252 ut
2608 5210 2720 5252 non
2786 5192 3116 5251 diﬁteamur
3161 5191 3308 5264 quod
3353 5205 3543 5247 verum
3579 5195 3695 5254 est,

2091 5285 2423 5343 conveniunt
2483 5299 2594 5341 non
2650 5283 2770 5339 sine
2825 5297 3030 5356 magno
3079 5280 3236 5354 [Cod.
3287 5276 3444 5334 Parci
3488 5272 3696 5347 multo]

2091 5376 2298 5443 labore,
2344 5389 2468 5430 cum
2506 5371 2716 5446 ingenti
2761 5371 3073 5439 devotione,
3118 5369 3217 5424 sed
3260 5365 3550 5431 hilaritate,
3599 5362 3701 5420 sed

2090 5459 2392 5533 alacritate;
2417 5461 2517 5519 sed
2541 5459 2865 5529 humilitate,
2912 5458 3014 5517 sed
3051 5454 3418 5529 simplicitate,
3466 5452 3566 5510 sed
3592 5451 3701 5509 be-
