3972 6052
299 137 402 189 805

1427 130 1628 185 LIBER
1666 129 1759 184 DE
1796 128 2179 184 EXERCITIO
2219 128 2474 183 CELLIE.

3492 132 3593 184 806

300 253 585 325 nignitate,
644 254 744 308 sed
792 253 991 323 pietate
1038 252 1194 324 [Cod.
1245 251 1421 318 Parci,
1470 251 1764 323 puritate],
1800 251 1897 306 sed
1918 254 1972 311 A
2068 250 2312 305 Diximus
2342 250 2520 321 aliqua
2551 250 2619 305 de
2649 250 2813 305 modo
2842 258 2896 305 et
2926 265 3089 306 causa
3121 251 3390 306 adventus
3418 251 3593 325 domi-

306 342 591 397 charitate.
609 342 675 395 Et
697 342 811 395 haec
833 340 1053 411 quidem
1082 340 1349 395 adventus
1370 339 1588 394 illorum
1609 346 1899 395 estcausa.

307 430 547 483 Primum
578 429 795 500 quidem
826 437 884 482 ut
929 429 1218 483 ostendant
1266 428 1469 483 debere
1500 444 1559 482 se
1591 435 1902 496 promptam

311 526 365 572 et
403 517 661 572 humilem
711 516 873 587 (sicut
909 516 1068 571 decet
1112 524 1225 570 tam
1278 516 1508 571 sinceras
1555 514 1904 570 conscientia:

309 606 481 676 viros)
512 606 748 675 antiquae
776 604 983 658 ordinis
1013 604 1330 661 institutioni
1360 604 1724 659 obedientiam
1757 602 1906 656 exhi-

312 694 464 749 bere.
499 694 623 763 Ipsa
650 692 902 747 nimirum
936 700 1019 747 est
1049 708 1154 762 qua
1186 700 1434 746 tenentur
1463 692 1619 745 annis
1651 690 1899 761 singulis,

315 790 562 851 tempore
592 780 686 835 illo
734 795 842 851 quo
892 779 1153 851 generale
1195 780 1370 835 teneri
1399 779 1561 834 debet
1588 778 1899 848 capitulum,

314 868 368 923 in
405 868 665 939 pradicto
724 868 848 923 loco
895 867 1208 924 convenire.
1273 867 1629 937 Excipiuntur
1690 880 1905 936 quoque

315 956 393 1011 illi
441 955 531 1027 qui
584 972 653 1011 ne
696 954 834 1011 forte
895 955 1218 1026 plerumque
1272 955 1482 1025 possint
1538 953 1752 1019 adesse,
1811 954 1905 1021 ju-

314 1052 454 1097 stam
497 1043 786 1099 habuerint
834 1043 1182 1099 occasionem
1231 1051 1283 1098 et
1318 1058 1560 1107 causam,
1616 1042 1805 1112 eisque
1850 1048 1907 1095 ut

315 1138 653 1197 remaneant,
687 1132 755 1184 ab
776 1130 895 1201 ipso
926 1131 1087 1186 fuerit
1116 1131 1354 1186 discrete
1386 1130 1621 1199 capitulo
1652 1144 1715 1183 ac
1744 1128 1906 1184 mise-

316 1219 563 1274 rabiliter
598 1218 883 1274 indultum.
926 1218 1175 1275 Secundo
1225 1234 1379 1283 vero,
1431 1225 1487 1271 ut
1526 1232 1648 1272 sese
1676 1216 1732 1271 in
1760 1216 1908 1271 omni

313 1307 649 1376 jucunditate
711 1306 959 1377 spiritali,
1027 1307 1193 1362 etiam
1254 1305 1614 1376 corporaliter
1665 1305 1905 1371 videant,

315 1403 665 1466 mutuamque
693 1394 748 1449 in
790 1394 1027 1451 invicem
1074 1393 1405 1449 dulcissima
1445 1394 1498 1445 in
1533 1392 1764 1447 Domino
1793 1392 1908 1446 fra-

314 1483 582 1540 ternitatis
654 1482 969 1538 charitatem
1010 1482 1189 1554 magis
1235 1498 1300 1537 ac
1352 1480 1529 1550 magis
1575 1482 1905 1553 adaugeant.

315 1572 497 1626 Tertio
527 1586 742 1642 quoque
776 1578 834 1625 ut
862 1570 1111 1625 ordinem
1151 1585 1310 1640 quem
1355 1577 1478 1624 sunt
1517 1568 1772 1639 professi,
1808 1583 1978 1655 proB

318 1674 483 1714 nosse
514 1674 579 1714 ac
608 1674 771 1729 posse
801 1673 919 1727 suo,
953 1673 1076 1712 cum
1125 1657 1242 1712 zelo
1274 1658 1573 1713 secundum
1603 1656 1905 1723 scientiam,

316 1746 646 1802 discretione
686 1745 888 1816 praevia
935 1761 1001 1800 ex
1032 1744 1304 1800 communi
1342 1745 1569 1800 consilio
1600 1750 1653 1798 et
1681 1759 1911 1798 assensu

314 1843 589 1905 reparent,
624 1834 760 1890 etin
817 1841 961 1888 statu
1002 1832 1147 1888 bono
1191 1833 1426 1888 solident
1472 1848 1537 1888 ac
1566 1830 1906 1887 conﬁrment.

314 1924 384 1978 Et
427 1930 540 1977 tam
578 1922 634 1976 in
678 1922 1009 1977 destruendo
1049 1921 1229 1988 noxia,
1262 1937 1428 1991 quam
1457 1922 1511 1975 in
1540 1920 1909 1976 construendo

316 2009 485 2075 utilia,
520 2011 755 2065 intentos
784 2026 844 2065 se
873 2010 928 2063 in
955 2010 1099 2064 omni
1132 2010 1430 2063 secundum
1459 2010 1634 2063 Deum
1669 2016 1721 2062 et
1753 2007 1909 2062 solli-

316 2098 553 2153 citudine
621 2097 850 2163 fervida,
903 2104 955 2151 et
1004 2096 1222 2151 fervore
1285 2096 1516 2152 sollicito
1568 2095 1907 2151 exhibeant:

317 2186 503 2256 sicque
530 2185 684 2240 illum
726 2185 781 2239 in
809 2186 912 2240 hoc
955 2184 1176 2257 gemino
1225 2184 1414 2238 salutis
1453 2199 1621 2253 opere
1669 2182 1909 2238 studiose

318 2274 616 2340 imitentur,
667 2289 828 2344 quem
874 2273 943 2327 ad
991 2273 1097 2328 hoc
1131 2272 1409 2328 constituit
1453 2272 1719 2326 Dominus
1750 2286 1912 2341 super

316 2369 510 2435 gentes
537 2370 589 2416 et
618 2376 811 2433 regna,
866 2368 923 2414 ut
953 2360 1234 2427 evelleret,
1270 2368 1321 2415 et
1351 2361 1675 2425 destrueret,
1710 2366 1763 2413 et
1792 2358 1910 2412 dis-

314 2450 592 2520 perderet,
634 2456 688 2503 et
737 2447 1050 2518 dissiparet,
1085 2455 1138 2503 et
1188 2447 1504 2511 aedificaret,
1536 2454 1589 2501 et
1617 2446 1907 2517 plantaret.

314 2538 383 2592 Et
412 2545 495 2591 est
515 2535 783 2591 funiculus
812 2535 1029 2605 triplex,
1065 2550 1173 2607 quo
1203 2534 1358 2605 ligati
1386 2535 1441 2589 in
1475 2534 1689 2589 Christo
1719 2535 1911 2588 Patres

318 2632 372 2681 et
402 2624 621 2680 Domini
669 2623 844 2679 nostri
900 2623 1265 2690 conveniunt;
1295 2621 1555 2677 fortitudo
1590 2621 1910 2676 humilitatis

322 2712 625 2783 profundm,
683 2711 916 2766 dulcedo
959 2710 1239 2767 charitatis
1286 2712 1562 2776 fraternas,
1607 2710 1913 2765 sollicitudo

319 2814 463 2855 curae
495 2800 599 2853 sibi
645 2799 972 2855 commissae.
1023 2797 1127 2866 Qui
1167 2798 1425 2853 nimirum
1456 2797 1670 2853 diﬁicile
1702 2797 1911 2866 rumpi-

317 2895 425 2953 tur,
490 2887 600 2943 imo
658 2887 874 2957 penitus
918 2886 1259 2957 impossibile
1303 2894 1361 2940 ut
1418 2885 1473 2939 in
1519 2885 1718 2941 sanctis
1766 2885 1909 2939 dun-

316 2982 460 3029 taxat
490 2974 621 3031 viris
649 2982 942 3045 rumpatur,
998 2973 1293 3029 roborante
1326 2989 1451 3029 eum
1478 2974 1729 3039 Domino,
1764 2988 1828 3028 ac
1858 2973 1912 3027 in

320 3079 422 3119 sua
465 3063 643 3134 magis
670 3078 736 3119 ac
782 3063 958 3134 magis
1006 3061 1314 3133 integritate
1365 3068 1745 3116 conservante.
1779 3061 1912 3114 Cum

316 3150 461 3206 enim
488 3151 605 3222 ipse
632 3151 778 3206 dicat
796 3149 1109 3205 humilitatis
1136 3157 1347 3204 amator
1366 3157 1419 3204 et
1441 3156 1630 3204 auctor
1664 3163 1676 3202 :
1700 3149 1907 3204 Discite

315 3256 351 3294 a
375 3255 483 3305 me,
517 3241 649 3311 quia
677 3239 835 3293 mitis
859 3254 986 3294 sum
1018 3242 1074 3294 et
1105 3239 1338 3293 humilis
1356 3238 1520 3294 corde
1542 3236 1759 3301 (Matth.
1784 3251 1908 3303 xm,

313 3327 426 3395 29),
461 3327 721 3382 nimirum
771 3342 907 3397 quos
952 3332 1164 3381 constat
1198 3332 1617 3396 perseveranter
1656 3341 1828 3395 usque
1857 3325 1911 3379 in

312 3413 474 3470 ﬁnem
504 3415 747 3470 veritatis
785 3429 908 3469 esse
949 3413 1265 3483 discipulos,
1314 3420 1462 3483 patet
1491 3419 1544 3469 et
1582 3428 1678 3467 eos
1712 3428 1911 3467 conse-

316 3512 545 3572 quenter
572 3502 727 3557 suavi
756 3500 1073 3556 humilitatis
1105 3516 1229 3556 esse
1260 3501 1480 3557 vinculo
1531 3501 1749 3571 ligatos.
1776 3501 1913 3555 Item

315 3606 440 3646 cum
460 3588 945 3659 juxtaApostolum
966 3604 978 3642 :
1001 3589 1105 3656 Qui
1133 3591 1463 3660 proximum
1492 3589 1700 3659 diligit,
1737 3589 1911 3659 legem

313 3679 572 3749 implevit
601 3678 777 3746 (Rom.
812 3692 934 3743 xm,
958 3678 1013 3747 8)
1037 3695 1051 3743 ;
1076 3684 1128 3731 et
1148 3684 1208 3730 ut
1228 3676 1374 3731 idem
1388 3677 1444 3731 in
1465 3676 1759 3732 continenti
1781 3692 1911 3731 con-

312 3764 495 3830 cludit,
526 3765 825 3835 plenitudo
860 3781 986 3835 ergo
1013 3766 1149 3835 legis
1172 3769 1257 3819 est
1289 3765 1518 3821 dilectio
1542 3765 1658 3829 (Job
1689 3767 1809 3833 ‘10);
1841 3763 1910 3818 1i-

310 3860 438 3924 quet
465 3860 655 3922 aperte
700 3852 862 3920 hujus
909 3852 1056 3922 apud
1094 3852 1248 3907 illum
1289 3851 1515 3907 funiculi
1544 3851 1909 3924 integritatem

308 3940 366 3995 in
392 3940 542 3995 nullo
571 3955 736 4010 posse
764 3940 1010 4004 dissolvi,
1054 3940 1201 4010 apud
1229 3956 1391 4011 quem
1432 3941 1541 3994 imo
1573 3940 1717 3995 intra
1746 3957 1911 4011 quem

310 4027 560 4083 fraternae
590 4035 803 4082 constat
845 4028 1125 4083 charitatis
1154 4028 1546 4097 perfectionem
1576 4043 1688 4083 non
1716 4026 1905 4080 minui.

311 4116 378 4171 Et
407 4115 476 4170 de
505 4132 571 4171 eo
602 4115 733 4186 quid
762 4131 1074 4185 possumus,
1109 4116 1224 4171 sive
1257 4116 1388 4186 quid
1417 4116 1683 4171 debemus
1703 4115 1905 4181 dicere,

312 4204 405 4274 qui
433 4211 634 4274 praeest
662 4204 717 4257 in
750 4203 1114 4259 sollicitudine
1136 4204 1166 4259 ?
1193 4205 1389 4259 Nonne
1420 4204 1729 4273 pastoribus
1760 4202 1906 4274 vigi-

2002 355 2194 393 norum
2224 353 2289 393 ac
2338 339 2553 393 Patrum
2583 347 2910 403 nostrorum,
2944 339 3186 408 priorum
3217 340 3488 409 videlicet,
3523 344 3593 397 ad

2002 422 2262 495 generale
2310 422 2623 492 capitulum,
2656 430 2707 477 et
2740 423 2865 493 quis
2899 423 2965 476 de
3008 425 3111 477 hoc
3141 439 3327 477 eorum
3358 426 3594 480 adventu

2002 511 2286 581 proveniat
2331 510 2555 565 fructus.
2589 511 2843 580 Nunquid
2874 511 2951 564 eis
2984 510 3075 564 tali
3106 511 3267 566 modo
3294 512 3497 583 talique
3529 529 3594 567 ex

2005 614 2172 653 causa
2201 598 2644 653 convenientibus
2674 599 2963 653 dicendum
2996 614 3117 652 esse
3144 607 3415 668 putamus,
3453 602 3595 670 quod

2005 686 2327 757 quibusdam
2369 686 2769 740 Corinthiorum
2807 686 2935 740 dicit
2979 686 3293 755 Apostolus,
3346 688 3597 743 videlicet

2005 775 2149 843 quod
2172 777 2297 845 jam
2324 790 2440 829 non
2469 780 2553 829 est
2582 775 2935 828 Dominicam
2966 791 3182 829 canam
3212 777 3598 832 manducare?

2007 862 2057 930 (I
2083 861 2201 916 Cor.
2235 877 2314 927 xl,
2346 861 2461 932 20.)
2492 860 2664 914 Absit.
2704 862 2817 915 Imo
2848 861 2925 916 sic
2956 862 3402 917 convenientibus
3433 865 3512 919 eis
3541 864 3596 918 in

2005 965 2170 1004 unum
2197 951 2309 1016 jam
2348 956 2429 1003 est
2458 948 2799 1004 Dominicam
2830 965 3036 1003 caenam
3069 951 3401 1005 manducare
3428 951 3438 1005 l
3474 952 3597 1006 Coe-

2006 1052 2133 1091 nam
2151 1036 2383 1090 diximus
2400 1036 2758 1103 Dominicam,
2773 1052 2881 1091 non
2898 1036 3281 1107 Holophernis,
3301 1055 3419 1109 quae
3441 1039 3600 1109 plena

2012 1132 2094 1179 est
2151 1124 2471 1195 voluptate:
2506 1124 2602 1178 sed
2650 1140 2751 1178 nec
2794 1126 3045 1193 Herodis,
3094 1143 3213 1197 qua:
3267 1127 3468 1196 polluta
3516 1137 3601 1183 est

2011 1212 2315 1283 sanguine;
2349 1211 2446 1266 sed
2513 1226 2726 1266 coenam
2789 1211 3021 1278 Domini,
3071 1213 3125 1266 in
3172 1230 3279 1284 qua
3323 1215 3602 1271 munditiae

2009 1299 2175 1354 linteo
2205 1299 2502 1369 praecincti,
2536 1298 2707 1369 pedes
2733 1314 2956 1353 suorum
2986 1300 3165 1355 lavent
3191 1301 3598 1373 discipulorum,

2010 1387 2102 1458 qui
2148 1396 2271 1441 sunt
2314 1385 2637 1441 affectiones-
2659 1394 2711 1441 et
2736 1386 3064 1441 intentiones
3111 1403 3319 1443 eorum.
3367 1391 3434 1443 Et
3464 1405 3601 1446 con-

2013 1483 2304 1546 surgentes
2353 1474 2611 1539 diluculo,
2655 1481 2814 1545 atque
2845 1474 3138 1530 offerentes
3166 1475 3480 1531 holocausta
3508 1494 3607 1548 per

2012 1564 2276 1634 singulos,
2327 1563 2542 1617 obstent
2588 1562 2838 1617 omnibus
2883 1563 3078 1632 quibus
3109 1564 3379 1633 potuerint
3407 1566 3605 1633 modis,

2011 1668 2080 1705 ne
2128 1650 2269 1706 forte
2305 1658 2553 1721 peccent,
2606 1658 2659 1705 et
2708 1650 3031 1705 benedicant
3076 1653 3192 1706 Deo
3252 1652 3308 1706 in
3354 1654 3609 1709 cordibus

2010 1739 2142 1794 suis.
2192 1740 2389 1810 Sicque
2438 1739 2589 1809 digni
2622 1746 2778 1793 erunt
2808 1747 2866 1792 ut
2899 1739 2969 1793 ad
3000 1738 3145 1793 illam
3179 1755 3411 1807 coenam,
3446 1758 3610 1813 quam

2009 1828 2172 1882 homo
2201 1828 2420 1897 quidam
2449 1827 2575 1882 fecit
2602 1843 2881 1898 magnam,
2912 1828 3248 1897 perveniant.
3273 1830 3397 1899 Ipsa
3427 1838 3509 1885 est
3539 1831 3611 1885 ad

2011 1931 2172 1986 quam
2202 1931 2269 1970 ne
2316 1915 2482 1970 velint
2512 1916 2717 1981 venire,
2768 1916 2946 1970 adhuc
2996 1916 3162 1970 hodie
3209 1917 3404 1973 multos
3432 1918 3611 1989 impe-

2010 2003 2181 2068 diunt,
2219 2011 2272 2058 et
2302 2003 2430 2059 villa
2478 2004 2745 2069 vanitatis,
2797 2012 2849 2058 et
2873 2004 3067 2073 jugum
3097 2005 3353 2075 quinariae
3383 2007 3610 2062 curiosi-

2010 2092 2151 2158 tatis,
2186 2099 2237 2146 et
2268 2107 2403 2146 uxor
2448 2091 2758 2162 voluptatis.
2796 2092 2968 2162 Igitur
2997 2090 3197 2147 faciant
3224 2093 3279 2147 hi
3310 2094 3407 2148 viri
3438 2096 3610 2151 sancti

2012 2196 2171 2250 quam
2204 2180 2453 2246 sollicite,
2504 2188 2664 2249 prout
2694 2188 2938 2250 possunt,
2973 2188 3195 2250 propter
3226 2182 3372 2251 quod
3404 2198 3608 2240 conve-

2010 2268 2181 2322 niunt.
2216 2267 2439 2322 Ordinis
2482 2267 2803 2322 institutioni
2832 2267 3092 2322 obediunt
3120 2268 3175 2321 in
3206 2284 3273 2323 eo
3304 2270 3449 2341 quod
3479 2286 3610 2326 con-

2009 2356 2231 2411 veniunt
2266 2373 2279 2409 :
2312 2355 2694 2411 convenienter
2722 2371 2855 2410 vero
2900 2372 2959 2410 se
2988 2354 3219 2410 invicem
3249 2359 3608 2428 corporaliter

2010 2443 2245 2509 visitant,
2301 2444 2486 2514 sicque
2538 2451 2780 2497 mutuum
2826 2443 2880 2496 in
2928 2459 2987 2498 se
3025 2442 3281 2499 fraternae
3327 2447 3606 2502 charitatis

2010 2546 2255 2586 amorem
2299 2531 2673 2601 multiplicant.
2722 2532 2977 2601 Superest
3020 2532 3133 2600 jam
3173 2540 3231 2587 ut
3262 2534 3477 2589 tertiam
3503 2551 3605 2605 pro

2010 2635 2118 2689 qua
2148 2619 2476 2674 conveniunt
2523 2634 2741 2674 causam
2780 2618 3132 2689 adimplcant.
3166 2619 3325 2687 Quod
3352 2621 3607 2677 nimirum

2011 2706 2234 2776 faciunt,
2266 2724 2391 2763 cum
2424 2708 2491 2762 de
2523 2708 2717 2762 ordine
2751 2707 3143 2778 colloquentes,
3176 2716 3286 2763 tam
3307 2711 3610 2781 exstirpare

2011 2812 2131 2866 quae
2147 2796 2227 2850 eis
2249 2796 2601 2866 apparuerint
2624 2796 2785 2862 mala,
2812 2813 2975 2867 quam
3001 2814 3278 2869 apponere
3299 2816 3419 2869 quae
3441 2800 3605 2866 bona,

2012 2892 2063 2938 et
2092 2883 2148 2938 in
2179 2884 2466 2939 devotione
2518 2884 2768 2951 sollicita,
2812 2893 2864 2939 et
2895 2886 3254 2941 sollicitudine
3286 2887 3503 2958 devota,
3535 2888 3609 2943 si-

2011 2972 2123 3026 mul
2151 2972 2393 3027 universi
2439 2972 2672 3027 student.
2725 2973 2898 3044 Igitur
2946 2974 3257 3045 egrediatur
3303 2974 3495 3031 ﬂuvius
3538 2977 3609 3031 de

2010 3060 2132 3115 loco
2182 3060 2487 3130 voluptatis,
2549 3062 2619 3114 ad
2680 3060 3014 3131 irrigandum
3078 3062 3411 3132 paradisum.
3464 3063 3607 3131 Quid

2011 3156 2261 3218 putamus
2304 3164 2406 3202 nos
2446 3164 2609 3217 posse
2639 3149 3025 3205 convenienter
3052 3167 3151 3221 per
3180 3152 3323 3206 hunc
3354 3151 3605 3222 accipere

2011 3235 2326 3306 paradisum
2351 3236 2499 3304 juxta
2549 3236 2967 3308 tropologicum,
3001 3240 3295 3293 secundum
3328 3256 3489 3310 quem
3517 3239 3605 3292 in-

2010 3324 2207 3379 cedere
2236 3324 2608 3394 proponimus,
2642 3340 2866 3380 sensum
2891 3327 2919 3379 ?
2950 3326 3301 3396 Accipiamus
3330 3343 3430 3397 per
3460 3344 3603 3393 eum,

2011 3412 2219 3466 ordinis
2250 3429 2412 3483 quem
2451 3412 2687 3482 professi
2712 3428 2901 3468 sumus
2934 3414 3253 3469 suavitatem
3282 3415 3337 3469 in
3374 3416 3606 3471 Domino

2011 3500 2319 3566 sublimem,
2380 3508 2433 3555 et
2486 3501 2869 3555 sublimitatem
2941 3502 3291 3556 nihilominus
3360 3519 3604 3569 suavem,

2009 3589 2115 3643 nisi
2161 3588 2300 3643 forte
2344 3588 2504 3644 alicui
2550 3589 2699 3644 aliud
2756 3589 2931 3643 visum
2982 3589 3143 3643 fuerit
3199 3591 3345 3660 quod
3390 3590 3604 3657 melius,

2010 3676 2193 3731 verius
2225 3686 2277 3730 et
2324 3677 2718 3749 congruentius
2750 3677 2837 3731 sit.
2874 3676 3031 3732 Certe
3062 3677 3109 3731 si
3145 3677 3273 3748 quid
3302 3677 3460 3732 aliter
3490 3679 3611 3749 quis

2010 3764 2149 3819 alius
2182 3765 2341 3835 sapit,
2375 3774 2427 3820 et
2456 3766 2559 3820 hoc
2590 3765 2639 3819 ei
2670 3767 2817 3820 Deus
2852 3765 3141 3821 revelavit.
3176 3766 3244 3819 Et
3272 3766 3430 3820 nobis
3458 3766 3611 3822 vide-

2009 3860 2096 3906 tur
2142 3854 2359 3924 quidem
2410 3854 2488 3909 sic
2537 3870 2700 3924 posse
2748 3869 2856 3909 non
2904 3854 3121 3909 interim
3170 3854 3371 3910 sentire
3399 3854 3608 3925 absque

2008 3941 2324 4011 praejudicio
2368 3943 2627 3997 duntaxat
2678 3942 2960 3997 sententiae
3009 3941 3274 3997 melioris.
3324 3943 3605 3998 Intuemur

2010 4030 2154 4083 enim
2190 4046 2329 4100 quae,
2363 4038 2416 4084 et
2446 4030 2642 4101 qualis,
2677 4045 2743 4086 ac
2769 4038 2971 4101 quanta
2997 4031 3279 4102 utriusque
3300 4031 3427 4085 boni
3448 4032 3608 4099 hujus

2009 4117 2063 4171 in
2095 4134 2160 4172 eo
2206 4108 2581 4190 praerogativa
2600 4118 2667 4172 sit
2702 4135 2713 4172 :
2748 4120 2892 4174 unde
2931 4126 3014 4173 est
3060 4120 3204 4189 quod
3236 4119 3314 4174 sic
3344 4120 3609 4174 audemus

2010 4206 2234 4260 sentire.
2258 4207 2381 4261 Non
2411 4206 2587 4260 solum
2618 4212 2817 4273 autem,
2844 4207 2942 4261 sed
2963 4214 3015 4261 et
3029 4206 3163 4261 illud
3192 4222 3607 4277 nonnunquam,

308 4291 569 4358 lantibus,
605 4300 657 4347 et
686 4292 1117 4347 custodientibus
1146 4291 1363 4363 vigilias
1394 4292 1568 4346 noctis
1598 4305 1766 4361 supra
1786 4307 1913 4360 gre-
1932 4293 1985 4352 D
2017 4294 2118 4348 etsi
2152 4309 2400 4364 perraro,
2434 4294 2521 4348 vel
2542 4294 2773 4349 tenuiter
2794 4294 2951 4348 nobis
2968 4294 3211 4364 experiri
3232 4295 3439 4349 datum.
3471 4295 3614 4351 Sane

310 4394 436 4451 gem
467 4395 645 4445 suum,
695 4380 928 4451 angelus
977 4387 1082 4434 stat
1117 4380 1271 4448 juxta
1299 4380 1441 4446 illos,
1477 4386 1530 4434 et
1561 4379 1781 4434 claritas
1810 4377 1910 4434 Dei

309 4467 689 4539 circumfulget
702 4468 826 4522 illos
837 4468 865 4520 ‘I
886 4469 1039 4523 Patet
1054 4468 1180 4539 quia
1191 4484 1301 4523 non
1312 4468 1503 4523 timent
1518 4467 1621 4522 sibi
1638 4467 1706 4521 ab
1730 4467 1913 4538 aliqua

308 4554 551 4619 laesione,
577 4556 670 4626 qui
699 4557 852 4623 juxta
874 4572 932 4611 se
964 4556 1170 4611 habent
1200 4556 1458 4626 angelum
1488 4563 1759 4622 stantem;
1802 4570 1914 4610 non

312 4643 380 4696 ab
426 4642 607 4714 aliqua
654 4643 1009 4709 obscuritate,
1071 4644 1163 4715 qui
1206 4644 1510 4699 claritatem
1563 4643 1913 4698 nihilominus

310 4729 412 4785 Dei
440 4730 645 4785 habent
687 4748 747 4787 se
794 4732 1323 4803 circumfulgentem.
1375 4733 1446 4787 Et
1494 4732 1639 4787 unde
1687 4732 1766 4786 eis
1794 4732 1913 4787 haec

310 4817 416 4872 duo
448 4818 645 4873 eximia
700 4819 845 4874 bona
864 4821 893 4874 ‘l
924 4820 1054 4874 Inde
1096 4820 1281 4890 utique
1336 4819 1483 4890 quod
1511 4820 1830 4891 vigilabant,
1861 4827 1913 4873 et

309 4906 526 4975 vigilias
573 4907 748 4962 noctis
806 4923 974 4977 supra
1022 4924 1254 4979 gregem
1302 4924 1459 4963 suum
1512 4907 1908 4962 custodiebant.

228 5057 237 5069 Ι
309 4994 479 5048 Porro
511 4993 592 5049 sic
631 4994 861 5065 vigilare
908 4994 1094 5065 sicque
1145 4996 1452 5062 custodire,
1500 4995 1628 5066 quid
1658 5003 1742 5050 est
1770 4994 1913 5049 aliud

308 5097 472 5151 quam
502 5081 648 5137 mala
677 5083 981 5147 destruere,
1016 5083 1162 5137 bona
1188 5098 1320 5138 vero
1351 5092 1671 5140 construere
1690 5083 1718 5137 ?

858 5189 1255 5244 CAPITULUM
1286 5190 1353 5243 ΙΙ.

305 5277 383 5331 De
412 5276 970 5348 suavitatesublimi,
1024 5281 1081 5331 et
1110 5278 1485 5348 sublimitate
1512 5278 1675 5332 suavi
1704 5292 1825 5348 qua:
1850 5278 1911 5331 in

334 5347 528 5405 ordine
554 5346 944 5406 Carthusiensi
964 5348 1029 5403 in
1055 5348 1234 5405 tribus
1252 5346 1582 5419 specialiter
1602 5346 1882 5403 consistit.

2012 4382 2256 4438 consistit
2286 4383 2445 4449 hujus
2474 4382 2677 4454 gemini
2726 4382 2854 4436 boni
2898 4383 3263 4455 praerogativa
3312 4384 3367 4437 in
3397 4384 3482 4437 his
3512 4384 3610 4438 tri-

2011 4470 2112 4524 bus
2150 4486 2160 4523 :
2196 4471 2248 4525 in
2308 4480 2524 4525 externa
2591 4470 2994 4539 exercitatione,
3058 4471 3113 4524 in
3154 4471 3274 4542 jugi
3320 4471 3611 4527 solitudine

2013 4559 2184 4623 cellae,
2220 4559 2275 4612 in
2306 4559 2468 4628 plena
2493 4559 2652 4626 hujus
2682 4559 2869 4614 saeculi
2896 4559 3220 4626 abjectione.
3254 4560 3442 4631 Itaque
3462 4576 3612 4615 com-

2011 4647 2271 4701 mendant
2302 4646 2575 4717 praecipue
2619 4662 2837 4717 quoque
2878 4646 3105 4711 ordinis,
3158 4664 3320 4717 quem
3352 4647 3611 4716 paradiso

2013 4734 2458 4800 assimilavimus,
2497 4733 2885 4789 sublimitatem
2917 4750 3162 4800 suavem,
3196 4742 3249 4789 et
3287 4735 3613 4789 suavitatem

2012 4822 2365 4876 nihilominus
2397 4822 2705 4887 sublimem,
2740 4823 2880 4878 inter
2908 4830 3102 4878 caetera
3131 4823 3300 4877 multa
3318 4830 3369 4877 et
3388 4838 3607 4895 magna,

2013 4927 2135 4979 quae
2167 4910 2216 4964 ei
2247 4910 2428 4963 insunt
2462 4910 2622 4976 bona,
2673 4912 2976 4981 probabilis
3027 4919 3247 4967 externa
3277 4910 3610 4978 exercitatio,

2010 4998 2157 5069 jugis
2184 4997 2334 5053 cellae
2376 4997 2632 5061 solitudo,
2688 5000 2932 5069 perfecta
2971 5000 3155 5056 saeculi
3204 5000 3455 5068 abjectio.
3491 4999 3615 5054 Tria

2013 5086 2150 5140 haec.
2186 5085 2356 5153 Major
2386 5094 2565 5140 autem
2596 5088 2788 5141 horum
2819 5096 2901 5141 est
2925 5089 3076 5143 cellae
3098 5088 3334 5143 solitudo
3367 5103 3379 5141 :
3413 5096 3464 5143 et
3491 5088 3615 5144 ideo

2014 5173 2206 5241 major,
2241 5172 2369 5244 quia
2407 5173 2523 5244 ipsa
2552 5181 2636 5228 est
2665 5191 2785 5245 quae
2818 5191 2920 5231 nec
2948 5177 3095 5231 utilis
3125 5192 3247 5231 esse
3276 5176 3424 5231 valet
3451 5192 3614 5231 exer-

2016 5261 2198 5316 citatio
2257 5269 2494 5328 externa,
2560 5278 2661 5318 nec
2725 5262 2909 5317 saeculi
2959 5264 3190 5332 abjectio
3236 5264 3503 5334 perfecta.
3556 5264 3615 5320 Si

2017 5349 2237 5420 quidem
2266 5356 2324 5405 ut
2350 5349 2444 5405 illa
2494 5357 2601 5406 tam
2648 5351 2764 5406 Deo
2810 5366 2974 5421 quam
3015 5352 3325 5408 hominibus
3369 5351 3609 5423 placere,
