3972 6052
382 166 485 219 807

1250 163 1592 219 GUIGONIS
1642 165 1686 217 ιι
1736 163 2144 222 ΟΛΒΤΗΠΒΙᾸΞ
2176 144 2469 220 MAIORIS
2500 164 2791 221 PRIORIS.

3576 167 3682 219 808

384 296 437 342 et
483 302 602 341 eam
660 286 935 341 exercenti
995 286 1257 356 prodesse
1304 296 1484 359 queat,
1529 287 1872 343 occasionem
1922 291 2049 350 etA
2078 289 2231 345 dedit
2248 294 2302 344 et
2324 290 2464 345 Filio
2487 290 2684 344 habere
2704 290 2767 343 in
2788 289 3086 359 semetipso
3111 288 3297 358 (Joan.
3322 289 3496 357 v,26),
3516 286 3675 341 intel-

386 389 609 431 causam
680 381 924 444 praestat,
992 382 1045 428 et
1092 374 1245 429 istam
1302 376 1510 445 absque
1568 376 1981 446 consumptione

387 469 751 517 consummat.
807 462 920 516 Nos
965 470 1164 527 autem,
1208 470 1265 515 ut
1310 463 1541 533 primum
1588 464 1692 518 hoc
1721 480 1981 535 magnum

386 551 591 604 bonum
619 548 706 604 vel
752 548 989 605 breviter
1026 550 1375 621 attingamus,
1413 551 1482 605 ad
1511 559 1790 605 externam
1823 567 1982 606 exer-

385 638 694 693 citationem
739 636 1027 691 referimus
1068 637 1349 702 vilitatem,
1394 638 1760 708 asperitatem,
1795 640 1981 709 parci-

384 733 547 781 tatem
570 744 583 791 ;
616 724 877 780 vilitatem
910 725 963 778 in
1000 726 1209 791 habitu,
1230 726 1577 796 asperitatem
1600 727 1653 780 in
1675 726 1836 782 cilicii
1858 744 1978 793 usu,

386 814 703 884 parcitatem
736 813 790 867 in
820 814 984 869 victu.

920 963 1007 1015 CA
1022 961 1321 1017 PITULUM
1353 964 1443 1016 IIl.

387 1106 463 1161 De
498 1105 787 1175 spirituali
850 1106 1274 1175 conversatione
1319 1106 1568 1173 fratrum
1610 1104 1976 1160 Carthasien-

659 1176 857 1299 iniqua
889 1179 1027 1229 eunt
1055 1179 1181 1245 post
1216 1174 1520 1239 Christum,
1543 1190 1645 1246 per
1666 1176 1974 1243 Christum,

461 1263 494 1301 a
645 1261 723 1299 ris
754 1262 870 1300 um.

456 1362 525 1414 Et
544 1375 688 1415 nunc
715 1360 1068 1415 obsecramus
1097 1373 1215 1423 vos,
1246 1359 1431 1413 Patres
1461 1359 1516 1413 in
1543 1360 1774 1415 Domino
1805 1376 1974 1416 vene-

382 1448 558 1513 randi,
593 1456 646 1503 et
674 1447 870 1501 fratres
920 1446 1121 1511 dilecti,
1157 1454 1214 1499 ut
1250 1447 1626 1516 aequanimiter
1655 1448 1844 1503 sinatis
1874 1464 1975 1504 nos

382 1535 440 1590 in
468 1535 706 1589 medium
749 1532 1015 1604 proferre,
1050 1540 1101 1587 et
1131 1533 1185 1586 in
1213 1533 1377 1587 altum
1424 1534 1619 1589 efferre
1658 1536 1973 1607 religiosam

386 1630 438 1676 et
490 1630 736 1676 sanctam
802 1619 1271 1676 conversationem
1327 1630 1581 1675 vestram.
1632 1624 1700 1676 Et
1756 1624 1857 1677 hoc
1905 1625 2048 1694 adB

386 1717 623 1765 vestram
673 1709 892 1780 quidem
942 1708 1475 1779 quantulamcunque
1526 1711 1972 1780 consolationem,

387 1797 486 1852 sed
516 1804 599 1853 est
629 1796 699 1851 ad
733 1796 878 1850 illius
905 1795 1249 1865 potissimum
1280 1796 1513 1868 gloriam
1544 1807 1596 1853 ct
1612 1798 1849 1864 laudem,
1886 1800 1978 1870 qui

386 1886 436 1941 ei
465 1893 549 1941 est
595 1899 763 1940 causa
806 1884 1009 1955 pariter
1035 1891 1092 1937 ut
1134 1884 1220 1949 sit,
1256 1891 1308 1938 et
1338 1884 1511 1940 forma
1541 1886 1891 1941 nihilominus
1922 1896 1979 1942 ut

386 1972 506 2026 talis
535 1970 622 2025 sit.
656 1972 779 2042 Ipse
812 1980 894 2026 est
924 1988 1087 2043 quem
1115 1973 1290 2026 Pater
1310 1975 1714 2043 sanctiﬁcavit,
1739 1979 1793 2029 et
1820 1976 1979 2030 misit

380 2060 445 2114 in
466 2060 742 2115 mundum
758 2061 939 2129 (Joan.
974 2075 1034 2126 χ,
1051 2062 1159 2128 36),
1177 2070 1233 2115 ut
1254 2059 1501 2115 vivamus
1521 2078 1620 2132 per
1641 2078 1785 2118 eum.
1818 2061 1979 2131 Quod

384 2156 513 2202 tunc
541 2146 599 2200 ﬁt
626 2163 749 2201 cum
777 2149 1057 2217 sapientis
1089 2151 1281 2217 oculi,,
1313 2156 1370 2202 ut
1401 2150 1474 2203 ait
1498 2150 1879 2214 Ecclesiastes,
1914 2152 1978 2205 in

385 2237 571 2306 capite
610 2236 728 2304 ejus
759 2235 964 2303 (Eccle.
998 2251 1057 2301 ιι,
1091 2237 1217 2304 lt);
1252 2245 1307 2289 ut
1330 2236 1493 2305 (sicut
1511 2246 1694 2291 monet
1714 2238 1976 2307 Joannes)

384 2324 479 2393 qui
497 2339 555 2377 se
573 2324 635 2377 in
656 2338 717 2378 eo
736 2338 968 2378 manere
985 2324 1155 2391 dixit,
1176 2326 1424 2379 ambulet
1439 2326 1589 2379 sicut
1604 2326 1704 2379 ille
1724 2326 1976 2381 ambula-

382 2412 462 2464 vit
493 2412 675 2477 (Joan.
709 2425 767 2479 ιι,
802 2412 894 2479 6);
930 2410 1073 2465 unde
1104 2414 1289 2468 ethzec
1312 2428 1414 2467 vox
1439 2413 1553 2480 ejus
1586 2428 1599 2466 :
1634 2414 1801 2468 Nemo
1822 2414 1977 2467 venit

382 2498 454 2552 ad
483 2500 713 2553 Patrem
742 2499 857 2553 nisi
880 2514 983 2570 per
997 2515 1106 2564 me,
1132 2500 1229 2554 sed
1251 2508 1303 2554 et
1322 2501 1427 2554 ista
1445 2508 1526 2555 est
1543 2516 1664 2571 quae
1686 2508 1812 2555 tunc
1833 2508 1975 2554 tem-

380 2585 531 2656 poris
561 2585 702 2640 dicta
727 2593 810 2641 est
842 2604 856 2639 :
889 2588 1007 2641 Non
1038 2589 1210 2643 vultis
1241 2590 1433 2643 venire
1463 2588 1535 2642 ad
1563 2605 1672 2653 me,
1706 2592 1773 2642 ut
1803 2590 1977 2643 vitam

382 2673 668 2728 habeatis?
696 2674 878 2743 (Joan.
914 2689 1033 2738 inv,
1079 2676 1157 2744 6.)
1187 2676 1415 2730 Duobus
1446 2691 1663 2746 quoque
1693 2674 1973 2739 fratribus,

382 2775 520 2831 quos
566 2760 845 2815 hominum
892 2760 1017 2816 fecit
1071 2761 1395 2832 piscatores,
1447 2764 1656 2830 venite,
1713 2763 1804 2827 ait,
1854 2767 1978 2833 post

379 2865 469 2904 me
497 2848 715 2918 (Matth.
745 2862 825 2913 χι,
858 2852 971 2917 28),
1008 2864 1060 2914 o,
1096 2857 1219 2919 post
1238 2867 1345 2915 me,
1371 2865 1423 2912 ο,
1446 2866 1546 2919 per
1576 2865 1681 2915 me,
1706 2866 1759 2915 ο,
1780 2850 1849 2905 ad
1866 2866 1974 2906 me.

380 2936 476 2990 His
504 2936 679 2990 tribus
710 2936 811 2991 viis
841 2936 1128 2991 ambulatis
1158 2945 1210 2991 et
1239 2954 1355 3003 vos,
1386 2938 1664 2993 venientes
1686 2947 1809 3008 post
1829 2954 1973 3005 eum,
2003 2975 2051 3035 Ο

383 3023 665 3079 venientes
716 3040 816 3095 per
841 3040 985 3090 eum,
1019 3026 1299 3080 venientes
1325 3025 1561 3096 denique
1597 3026 1665 3080 ad
1696 3042 1838 3080 cum.
1870 3026 1979 3096 Ait,

380 3112 584 3183 itaque,
632 3121 757 3183 post
802 3129 911 3177 me,
953 3129 1053 3183 per
1095 3129 1203 3179 me,
1254 3114 1323 3168 ad
1352 3130 1460 3169 me.
1509 3114 1694 3181 Quare
1734 3114 1913 3180 nobis,
1946 3130 1979 3170 ο

378 3200 554 3256 dulcis
583 3209 635 3256 et
666 3202 806 3256 bone
825 3202 974 3267 Jesu,
999 3202 1238 3257 eundum
1259 3210 1343 3257 est
1363 3210 1486 3273 post
1508 3210 1558 3257 te
1580 3204 1609 3257 ?
1637 3204 1831 3273 Utique
1854 3203 1979 3273 quia

376 3287 463 3342 via
492 3304 577 3342 es.
617 3289 686 3342 Et
732 3304 902 3360 quare
931 3305 1031 3358 per
1062 3296 1114 3344 te
1134 3289 1162 3343 ?
1192 3290 1448 3344 nimirum
1501 3290 1625 3361 quia
1665 3291 1868 3345 veritas
1894 3306 1975 3345 es.

379 3374 565 3442 Quare
610 3376 771 3430 etiam
810 3376 879 3430 ad
910 3381 1008 3431 te?
1037 3384 1181 3433 certe
1210 3377 1337 3448 quia
1373 3378 1483 3433 vita
1514 3394 1591 3433 es.
1625 3380 1751 3449 Ego,
1784 3378 1975 3449 inquit,

378 3479 506 3517 sum
534 3466 645 3527 via,
689 3466 900 3520 veritas
930 3467 987 3520 et
1017 3467 1135 3519 vita
1186 3467 1368 3535 (Joan.
1405 3481 1524 3532 xxv,
1557 3466 1631 3536 6).
1665 3468 1869 3522 Verum
1896 3474 1979 3521 est

377 3550 500 3617 hoc,
533 3551 657 3622 quia
688 3558 743 3606 tu
776 3552 882 3618 via,
919 3560 974 3606 tu
1006 3552 1206 3607 veritas
1226 3596 1238 3618 ,
1273 3562 1327 3607 et
1358 3562 1413 3609 tu
1444 3554 1588 3620 vita;
1620 3554 1707 3608 via
1736 3554 1895 3624 plane
1921 3554 1978 3609 in

377 3640 655 3709 exemplo,
691 3640 892 3695 veritas
921 3640 977 3694 in
1013 3642 1306 3711 promisso,
1354 3642 1463 3696 vita
1504 3642 1561 3696 in
1600 3643 1843 3712 praemio.
1877 3642 1978 3696 Via

377 3726 536 3781 nobis
568 3743 650 3793 es,
683 3743 716 3782 ο
745 3727 1011 3783 mediator
1032 3728 1133 3783 Dei
1155 3735 1207 3783 et
1224 3728 1523 3794 hominum,
1550 3730 1697 3785 Deus
1719 3737 1769 3784 et
1790 3731 1972 3796 homo,

383 3814 596 3869 Christe
655 3815 803 3883 Jesu,
856 3816 911 3868 in
958 3816 1293 3871 humanitate
1337 3824 1446 3882 tua,
1500 3833 1660 3888 quam
1706 3817 1775 3871 de
1818 3817 1976 3871 nobis

375 3900 654 3970 sumpsisti
684 3916 782 3971 pro
835 3901 1012 3967 nobis,
1066 3903 1191 3973 quia
1222 3912 1422 3959 sanctae
1451 3904 1611 3958 nobis
1642 3904 1695 3958 in
1728 3920 1793 3958 ea
1822 3920 1976 3959 mon-

375 3988 563 4042 strasti
612 3989 1053 4043 conversationis
1102 3990 1429 4061 exemplum.
1483 3991 1600 4045 Vita
1630 3991 1790 4046 nobis
1834 4008 1893 4047 es
1922 3992 1978 4046 in

373 4075 654 4131 divinitate
687 4082 799 4140 tua,
826 4077 880 4130 in
897 4091 1004 4147 qua
1021 4076 1194 4131 Patris
1232 4094 1291 4132 es
1312 4078 1623 4149 coaequalis,
1648 4088 1973 4144 coaeternus,

373 4168 427 4219 et
454 4163 950 4219 consubstantialis.
976 4163 1116 4232 Quia
1126 4166 1277 4220 sicut
1297 4165 1461 4221 habet
1478 4168 1595 4238 ipse
1614 4169 1785 4222 Pater
1801 4168 1977 4223 vitam

2084 376 2305 449 ligimus
2333 377 2461 448 quia
2500 394 2666 431 unum
2721 384 2846 430 sunt
2874 383 2926 431 et
2958 374 3284 446 coaequales,
3319 382 3373 428 et
3401 375 3679 440 coaeterni,

2086 465 2131 518 si
2163 463 2540 518 substantiales
2589 466 2746 519 Pater
2790 472 2843 518 et
2889 463 3075 518 Filius.
3127 464 3187 516 In
3217 463 3334 517 sola
3362 478 3493 517 vero
3521 462 3682 530 hujus

2084 552 2205 607 vita;
2236 552 2443 606 visione
2474 560 2526 606 et
2554 550 2988 621 participatione,
3023 558 3076 605 et
3104 550 3286 622 gaudii
3316 550 3488 604 nostri
3508 550 3684 620 pleni-

2084 640 2237 704 tudo,
2272 648 2325 693 et
2356 646 2467 693 tota
2494 647 2684 692 nostra
2704 638 2949 709 consistit
2968 638 3266 692 beatitudo.
3290 638 3461 692 Porro
3482 636 3683 691 veritas

2084 743 2164 792 es,
2197 742 2230 779 ο
2260 726 2402 781 bone
2452 734 2505 781 et
2537 726 2772 798 benigne
2818 727 2969 792 Jesu,
3000 725 3053 779 in
3082 734 3314 797 utraque
3344 733 3538 779 natura
3567 733 3680 789 tua,

2088 822 2135 868 et
2174 822 2487 869 assumente
2518 821 2570 868 et
2600 822 2895 883 assumpta,
2929 813 3057 884 quia
3069 814 3214 885 quod
3234 813 3392 868 nobis
3413 812 3684 883 promittis

2090 902 2273 971 homo,
2307 901 2490 956 reddis
2519 902 2693 956 Deus.
2733 903 2843 956 Vos
2873 900 3071 971 itaque,
3104 917 3138 955 o
3166 901 3371 955 domini
3400 909 3451 955 et
3482 900 3682 954 fratres

2082 990 2273 1055 nostri,
2298 1005 2417 1056 vos,
2440 989 2680 1061 inquam,
2701 990 2787 1043 itis
2799 996 2922 1059 post
2942 989 3118 1059 ipsum
3143 1006 3158 1055 ;
3182 988 3270 1043 itis
3290 996 3342 1043 et
3360 1004 3459 1059 per
3478 988 3680 1058 ipsum,

2080 1085 2135 1131 ut
2165 1078 2494 1147 perveniatis
2533 1078 2601 1131 ad
2648 1078 2845 1149 ipsum.
2899 1077 2987 1132 Sic
3036 1077 3115 1131 ire
3153 1076 3499 1131 desiderabat
3540 1076 3679 1145 ipse,

2079 1166 2233 1233 cujus
2271 1174 2393 1220 erat
2418 1166 2593 1221 oratio
2615 1167 2759 1221 hunc
2778 1164 2989 1220 habens
3009 1164 3229 1219 modum
3260 1184 3277 1219 :
3308 1165 3493 1219 Deduc
3505 1180 3594 1218 me
3615 1165 3679 1218 in

2078 1256 2170 1308 via
2210 1258 2330 1319 tua,
2374 1258 2429 1309 et
2461 1254 2753 1326 ingrediar
2782 1254 2844 1308 in
2894 1255 3131 1309 veritate
3156 1256 3273 1308 tua.
3305 1254 3552 1307 Laetetur
3586 1265 3683 1306 cor

2076 1357 2269 1396 meum
2301 1341 2476 1411 (Psal.
2530 1356 2734 1408 Lxxxv,
2789 1341 2897 1412 ll).
2951 1342 3012 1395 In
3038 1341 3139 1395 hac
3168 1340 3258 1394 via
3286 1339 3567 1394 sinceritas
3596 1346 3682 1393 est

2076 1428 2131 1483 in
2162 1429 2513 1495 rectitudine;
2547 1431 2602 1483 in
2632 1430 2732 1485 hac
2768 1429 2999 1484 veritate
3030 1427 3250 1483 claritas
3280 1435 3364 1482 est
3391 1426 3447 1480 in
3479 1426 3677 1497 cogni-

2075 1517 2220 1571 tione
2246 1536 2260 1583 ;
2292 1518 2347 1572 in
2377 1519 2478 1572 hac
2527 1516 2730 1582 laetitia,
2783 1532 2911 1571 vera
2955 1515 3185 1571 felicitas
3232 1523 3315 1569 est
3344 1514 3401 1568 in
3431 1514 3591 1569 beata
3616 1523 3670 1568 et

2076 1604 2421 1660 beatificante
2450 1604 2551 1659 Dei
2581 1604 2808 1660 visione.
2845 1604 2994 1658 Idem
3015 1602 3179 1657 etiam
3213 1601 3465 1655 eumdem
3495 1601 3550 1653 in
3570 1601 3678 1655 alio

2078 1692 2291 1763 psalmo
2319 1692 2601 1763 alloquens
2637 1709 2649 1746 :
2690 1692 2961 1758 Tenuisti,
2996 1691 3089 1755 ait,
3124 1707 3359 1745 manum
3380 1690 3678 1744 dexteram

2077 1797 2280 1845 meam,
2302 1785 2357 1835 et
2375 1782 2437 1835 in
2456 1781 2692 1836 veritate
2713 1783 2815 1834 tua
2832 1778 3123 1834 deduxisti
3141 1794 3250 1843 me,
3271 1780 3475 1832 etcum
3495 1777 3678 1847 gloria

2079 1870 2378 1940 suscepisti
2407 1885 2495 1923 me
2525 1869 2698 1936 (Psal.
2734 1881 2909 1930 Lxxn,
2942 1865 3056 1936 24).
3090 1864 3353 1929 Tenuisti,
3386 1862 3674 1930 deduxisti,

2080 1957 2387 2027 suscepisti.
2421 1957 2591 2010 Tenet
2636 1963 2875 2011 vestram
2907 1954 3187 2009 dexteram
3217 1968 3437 2006 manum
3467 1950 3558 2022 qui
3587 1950 3677 2005 via

2081 2052 2181 2109 est,
2239 2052 2296 2098 ut
2344 2043 2481 2099 eatis
2528 2052 2651 2114 post
2697 2043 2875 2114 ipsum
2912 2060 2926 2107 ;
2960 2041 3014 2096 in
3054 2042 3197 2096 bona
3246 2040 3520 2095 voluntate
3580 2053 3679 2092 sua

2080 2132 2296 2187 deducit
2324 2148 2441 2197 vos,
2497 2132 2589 2202 qui
2636 2131 2831 2186 veritas
2881 2138 2982 2196 est,
3014 2138 3073 2183 ut
3102 2129 3235 2184 eatis
3266 2135 3317 2182 et
3346 2143 3445 2197 per
3475 2126 3673 2197 ipsum,

2080 2235 2203 2274 cum
2237 2220 2415 2291 gloria
2464 2234 2681 2290 quoque
2732 2217 2959 2287 suscipit
3007 2232 3106 2272 vos
3138 2215 3230 2287 qui
3260 2216 3371 2268 vita
3401 2222 3499 2281 est,
3535 2222 3592 2267 ut
3622 2214 3677 2267 in

2080 2306 2187 2360 fine
2235 2307 2564 2377 perveniatis
2612 2307 2679 2360 ad
2722 2306 2919 2376 ipsum,
2967 2312 3020 2360 et
3066 2304 3184 2358 sine
3228 2302 3334 2358 ﬁne
3384 2302 3500 2356 sitis
3555 2317 3678 2356 curn

2079 2395 2218 2463 ipso.
2253 2397 2319 2449 Et
2365 2394 2583 2465 quidem
2628 2409 2761 2449 vera
2792 2408 2916 2448 esse
2955 2392 3127 2447 verba
3156 2392 3272 2447 haec
3302 2390 3538 2446 clamare
3568 2405 3678 2443 non

2080 2490 2258 2538 cessat
2287 2483 2560 2538 excellens
2612 2482 2809 2553 religio
2839 2488 3047 2537 vestra.
3100 2479 3297 2534 Volitat
3326 2479 3393 2532 de
3422 2493 3486 2532 ea
3512 2477 3678 2548 longe

2079 2571 2296 2641 lateque
2330 2570 2471 2623 fama
2501 2570 2660 2625 bona.
2708 2570 2820 2623 Vos
2856 2576 3037 2623 autem
3066 2567 3245 2621 modis
3274 2565 3528 2620 omnibus
3558 2572 3677 2617 stu-

2080 2659 2204 2712 dcte
2246 2666 2305 2712 ut
2350 2674 2459 2712 non
2520 2658 2587 2711 sit
2650 2655 2884 2711 inferior
2938 2656 3048 2721 illa,
3101 2662 3287 2709 sancta
3334 2652 3676 2707 conversatio

2081 2753 2282 2800 vestra.
2330 2745 2582 2816 Alioquin
2613 2744 2658 2799 si
2706 2743 2841 2798 falsa
2870 2736 3050 2808 fuerit,
3085 2742 3231 2813 quod
3260 2740 3419 2806 absit,
3457 2756 3578 2810 quae
3606 2739 3676 2793 de

2081 2822 2235 2887 vobis
2278 2832 2609 2905 dispergitur
2649 2831 2807 2897 fama,
2855 2830 2983 2902 quid
3030 2830 3085 2883 ni
3120 2829 3343 2883 infamia
3385 2828 3527 2883 erit?
3553 2827 3676 2881 Non

2082 2918 2257 2975 solum
2290 2928 2488 2986 autem,
2524 2920 2619 2974 sed
2651 2928 2703 2975 et
2732 2919 2951 2975 ruboris
2979 2917 3201 2973 maximi
3230 2916 3334 2971 erit
3370 2914 3590 2971 occasio
3618 2922 3672 2969 et

2080 3024 2264 3064 causa.
2318 3010 2387 3065 Ut
2433 3008 2577 3063 enim
2622 3007 2838 3063 Boetius
2882 3006 3053 3062 dicit:
3092 3029 3113 3053 «
3151 3004 3256 3073 Qui
3306 3003 3444 3059 falso
3473 3002 3675 3073 praedi-

2080 3105 2285 3163 cantur,
2339 3097 2450 3152 suis
2497 3096 2601 3167 ipsi
2641 3111 2869 3151 necesse
2927 3102 3011 3149 est
3065 3092 3316 3148 laudibus
3357 3091 3679 3147 erubescant

2080 3187 2178 3255 (De
2196 3202 2349 3241 cons.
2371 3185 2514 3257 phil.
2542 3186 2579 3239 l.
2599 3199 2680 3239 ιιι.
2702 3200 2791 3255 pr.
2818 3184 2893 3251 6).
2922 3203 2945 3233 ι
2971 3182 3183 3238 Idcirco
3206 3180 3491 3252 providete
3507 3186 3565 3233 ut
3583 3177 3675 3249 qui

2080 3273 2149 3327 de
2178 3273 2333 3328 vobis
2364 3272 2587 3327 audiunt
2619 3288 2741 3342 quae
2771 3269 3077 3341 probabilia
3110 3276 3253 3333 sunt,
3285 3269 3389 3323 hoc
3418 3269 3488 3323 de
3518 3266 3673 3322 vobis

2078 3361 2260 3416 dicere
2301 3360 2548 3431 possint;
2583 3360 2729 3430 quod
2760 3360 2828 3413 de
2869 3374 2929 3414 se
2959 3358 3163 3412 dudum
3205 3354 3455 3411 confessa
3485 3362 3565 3409 est
3595 3370 3678 3409 re-
3738 3366 3743 3369 ‘

2079 3449 2211 3521 gina
2260 3449 2401 3503 Saba
2442 3448 2521 3502 illi
2549 3446 2844 3519 magniﬁco
2893 3445 3010 3516 regi
3062 3444 3337 3501 Salomoni
3372 3458 3383 3496 :
3418 3443 3667 3507 Probavi,

2079 3537 2272 3607 inquit,
2305 3536 2446 3609 quod
2474 3536 2663 3591 media
2689 3550 2823 3606 pars
2854 3535 2997 3589 mihi
3033 3534 3307 3589 nuntiata
3347 3548 3462 3588 non
3492 3531 3672 3601 fuerit

2080 3625 2182 3688 (III
2209 3628 2336 3697 Reg.
2370 3640 2428 3691 χ,
2462 3626 2539 3693 7).

2630 3779 3022 3837 CAPITULUM
3051 3780 3141 3834 IV.

2088 3913 2229 3980 Quid
2279 3913 2667 3983 spiritualiter
2705 3913 2899 3968 debeat
2939 3912 3121 3983 accipi
3158 3925 3265 3983 per
3314 3910 3592 3983 vilitatem
3620 3910 3676 3961 et

2154 3978 2526 4053 asperitatem
2558 3982 2782 4037 habitus
2815 3978 3344 4046 Carthasiensium;
3367 3982 3423 4035 et
3444 3978 3508 4033 de
3527 3993 3674 4049 pau-

2151 4057 2375 4124 pertate
2402 4054 2582 4108 vietus
2612 4069 2824 4109 eorum.

2152 4166 2605 4236 Superexcellens
2670 4182 2886 4237 quoque
2934 4166 3051 4219 haec
3109 4162 3452 4220 conversatio
3497 4167 3678 4217 vestra

373 4252 436 4305 in
467 4254 767 4323 semetipso
800 4253 985 4322 (Joan.
1004 4268 1059 4319 v,
1090 4256 1204 4323 26),
1236 4253 1316 4309 sic
1346 4254 1497 4308 dedit
1526 4254 1621 4310 tibi
1649 4256 1784 4310 Filio
1810 4256 1977 4311 vitam
1998 4319 2032 4324 Δ
2078 4253 2294 4324 penitus
2324 4262 2406 4308 est
2434 4269 2467 4308 a
2496 4254 2700 4308 mundo
2741 4261 2793 4307 et
2819 4253 2903 4307 his
2952 4268 3072 4323 qua:
3111 4258 3237 4306 sunt
3265 4249 3453 4304 mundi
3482 4263 3677 4318 segre-

370 4339 577 4394 habere
606 4319 680 4393 in—
704 4319 900 4410 teip‘so.
951 4340 1128 4405 Dedit,
1164 4319 1308 4412 quia
1363 4342 1570 4413 genuit.
1620 4344 1977 4414 Nequaquam
1997 4319 2052 4381 D
2078 4319 2212 4414 gata
2246 4359 2261 4395 :
2290 4342 2433 4397 unde
2461 4349 2513 4396 et
2536 4342 2661 4410 jure
2688 4340 2851 4406 valet,
2884 4347 2937 4394 et
2966 4319 3128 4394 debet
3165 4337 3455 4410 paradisus
3483 4334 3675 4400 videri,

374 4426 525 4481 dedit
550 4427 684 4482 Filio
712 4427 858 4498 quod
890 4437 1013 4482 ante
1042 4444 1152 4484 non
1180 4429 1369 4484 habuit
1404 4448 1417 4484 :
1450 4430 1550 4486 sed
1574 4430 1707 4485 illud
1723 4432 1876 4495 dare,
1907 4432 1976 4485 ab

372 4523 579 4570 aeterno
628 4514 858 4586 gignere
897 4515 1015 4584 fuit,
1059 4516 1168 4571 imo
1218 4524 1324 4572 est.
1356 4519 1426 4572 Et
1469 4518 1619 4574 dedit
1650 4519 1835 4588 vitam,
1868 4534 1979 4573 non

370 4602 588 4673 quidem
622 4602 779 4657 aliam
819 4618 977 4673 quam
1023 4603 1171 4658 illam
1218 4621 1339 4676 quae
1378 4605 1496 4675 ipse
1540 4614 1644 4671 est,
1680 4614 1737 4661 ut
1769 4607 1837 4660 sit
1865 4606 1977 4661 vita

388 4690 515 4743 data
546 4705 579 4743 a
607 4689 736 4757 vita,
790 4690 958 4745 Filius
1001 4691 1219 4762 genitus
1250 4708 1283 4746 a
1316 4694 1491 4759 Patre,
1531 4694 1679 4747 Deus
1725 4694 1793 4748 de
1835 4694 1970 4759 Deo,

371 4776 557 4833 lumen
604 4777 674 4832 de
703 4776 941 4844 lumine;
975 4786 1028 4834 et
1074 4794 1183 4833 una
1231 4779 1534 4849 eademque
1583 4780 1692 4834 vita
1741 4780 1832 4834 ille
1881 4780 1973 4850 qui

372 4859 543 4928 dedit,
593 4867 647 4914 et
692 4859 783 4915 ille
835 4860 922 4915 cui
968 4860 1133 4926 dedit,
1187 4861 1326 4917 sicut
1374 4877 1483 4916 non
1530 4861 1667 4916 alius
1714 4871 1767 4917 et
1811 4862 1971 4927 alius,

372 4946 471 5002 sed
500 4963 642 5001 unus
671 4947 927 5019 idemque
961 4950 1130 5014 Deus,
1166 4956 1219 5004 et
1248 4949 1485 5021 gignens
1506 4957 1559 5004 et
1579 4949 1816 5021 genitus.
1842 4950 1974 5005 Inde

372 5043 455 5089 est
484 5036 630 5106 quod
658 5037 809 5092 sicut
839 5037 1001 5092 habet
1036 5039 1209 5092 Pater
1222 5039 1285 5091 in
1297 5038 1616 5108 semetipso,
1640 5040 1720 5093 sic
1738 5039 1891 5093 dedit
1908 5042 1965 5093 et

365 5123 509 5178 Filio
541 5122 739 5180 habere
768 5126 831 5179 in
851 5125 1167 5195 semetipso,
1193 5132 1249 5178 ut
1270 5123 1555 5180 credamus
1586 5125 1714 5195 quia
1733 5142 1841 5181 non
1878 5134 1962 5182 est

370 5210 592 5281 genitus
623 5211 884 5283 gignente
914 5213 1200 5283 posterior,
1234 5212 1373 5267 sicut
1392 5227 1495 5267 nec
1518 5213 1749 5285 gignens
1782 5215 1970 5286 genito

376 5298 546 5368 prior,
596 5298 721 5354 licet
753 5300 784 5353 a
812 5299 959 5354 nullo
988 5301 1147 5355 Pater
1196 5299 1283 5366 sit,
1317 5300 1444 5371 quia
1473 5309 1555 5355 est
1585 5301 1770 5369 Pater;
1804 5303 1971 5356 Filius

370 5401 505 5442 vero
536 5401 570 5441 a
599 5387 755 5442 Patre
788 5388 873 5453 sit,
906 5387 1034 5458 quia
1064 5395 1145 5443 est
1174 5388 1360 5442 Filius.
1394 5389 1453 5441 In
1484 5404 1549 5444 eo
1580 5390 1726 5461 quod
1756 5390 1969 5445 audivi-

364 5488 509 5540 mus,
542 5474 671 5545 quia
700 5477 850 5531 sicut
883 5476 1048 5532 habet
1066 5477 1239 5531 Pater
1257 5478 1436 5532 vitam
1454 5477 1517 5531 in
1539 5480 1859 5548 semetipso,
1880 5480 1962 5534 sic

2082 4430 2181 4485 sed
2211 4446 2331 4484 eam
2373 4431 2637 4484 duntaxat
2684 4428 2905 4493 amanti,
2945 4436 2999 4483 et
3029 4443 3151 4482 cum
3181 4425 3389 4496 ingenti
3419 4439 3542 4479 eam
3572 4422 3679 4478 fer-

2080 4534 2232 4583 vore,
2263 4518 2391 4571 totis
2422 4517 2705 4572 conatibus
2736 4514 3031 4571 exercenti.
3060 4516 3157 4569 Est
3176 4514 3359 4584 itaque
3376 4512 3574 4576 vilitas,
3598 4516 3681 4564 est

2081 4613 2135 4659 et
2165 4605 2432 4675 asperitas
2476 4605 2530 4659 in
2577 4604 2759 4658 habitu
2809 4611 3014 4659 vestro.
3066 4601 3210 4670 Quid
3252 4601 3308 4655 in
3360 4600 3441 4653 his
3500 4606 3682 4654 vester

2080 4691 2239 4747 vobis
2268 4692 2481 4746 habitus
2512 4691 2705 4757 innuit,
2728 4691 2833 4745 nisi
2855 4690 2962 4745 duo
2982 4689 3071 4743 illa
3092 4687 3300 4743 eximia
3319 4687 3483 4751 bona,
3508 4684 3679 4739 solius

2078 4787 2259 4834 autem
2307 4780 2407 4835 Dei
2454 4781 2645 4846 dona;
2679 4779 3038 4833 humilitatem
3086 4776 3338 4831 videlicet
3376 4773 3573 4837 cordis,
3628 4779 3680 4827 et

2076 4867 2549 4923 mortiﬁcationem
2594 4868 2821 4922 carnis?
2847 4867 2964 4921 Nos
3013 4864 3157 4920 enim
3197 4864 3269 4918 ad
3317 4861 3676 4916 humilitatem

2078 4954 2369 5011 referimus
2419 4956 2695 5020 vilitatem,
2739 4954 3086 5025 asperitatem
3116 4967 3246 5007 vero
3276 4951 3348 5005 ad
3377 4947 3677 5004 mortiﬁca-

2076 5042 2301 5098 tionem.
2346 5044 2414 5097 Et
2442 5043 2537 5097 illa
2586 5042 2807 5113 quidem
2851 5050 3118 5096 tumorem
3161 5040 3219 5093 in
3266 5045 3447 5093 mente
3479 5035 3680 5107 premit

2078 5130 2349 5199 elationis,
2397 5132 2515 5185 haec
2562 5138 2744 5185 autem
2789 5129 3020 5185 fetorem
3069 5129 3124 5182 in
3173 5141 3404 5197 corpore
3464 5122 3683 5195 perimit

2076 5216 2467 5288 corruptionis.
2507 5219 2637 5274 Haec
2684 5216 2931 5288 profecto
2964 5224 3088 5271 sunt
3116 5216 3222 5270 duo
3254 5212 3537 5284 pravitatis
3568 5224 3680 5265 suae

2076 5306 2311 5373 vincula,
2346 5307 2543 5377 quibus
2572 5306 2628 5359 in
2657 5306 2902 5376 reprobis
2919 5304 3172 5375 antiquus
3194 5302 3285 5356 ille
3314 5299 3486 5356 hostis
3504 5314 3681 5371 genus

2079 5394 2212 5465 ligat
2241 5396 2557 5449 humanum.
2602 5396 2723 5464 Ipse
2763 5393 3013 5447 nimirum
3047 5399 3131 5447 est
3158 5405 3408 5461 serpens,
3438 5402 3600 5443 verus
3628 5392 3687 5440 et

2075 5490 2357 5537 tortuosus
2381 5499 2394 5546 ;
2428 5489 2650 5551 pectore
2682 5482 2761 5550 (ut
2789 5481 2846 5536 in
2873 5479 3229 5537 translatione
3257 5476 3431 5533 veteri
3461 5472 3689 5546 legitur)
