3972 6052
218 268 320 328 809

223 499 341 536 rum
364 483 571 549 harum,
604 483 730 538 hinc
757 482 1021 554 quosdam
1069 483 1228 554 erigit
1259 483 1493 539 inaniter
1549 500 1707 554 supra
1741 501 1820 549 se,

222 566 351 622 hinc
407 582 621 637 quoque
669 566 805 622 alios
855 567 1126 622 enerviter
1167 567 1461 637 prosternit
1519 568 1710 621 subtus
1741 584 1819 622 se.

220 647 323 701 Hic
353 646 431 701 sic
460 655 513 701 et
546 649 644 701 hos
674 663 771 702 sua
800 647 1109 702 fortitudine
1140 648 1327 715 vincit,
1381 664 1541 719 quam
1571 649 1737 702 habet
1763 649 1820 702 in

220 734 418 789 lumbis
441 735 571 801 suis,
594 744 819 805 pr0pter
838 752 1025 791 sexum
1056 735 1430 806 superiorem;
1459 744 1511 791 et
1540 736 1594 790 in
1639 736 1822 790 umbi-

218 821 363 887 lico,
424 831 645 893 propter
699 823 1033 879 inferiorem.
1107 824 1234 879 Haec
1293 832 1473 879 autem
1531 822 1586 877 in
1635 823 1822 879 electis

217 910 333 965 suis
372 912 517 965 venit
559 911 902 983 disrumpere
933 912 1169 977 vincula,
1204 911 1294 983 qui
1327 912 1396 967 de
1426 912 1607 982 puella
1633 912 1822 966 humili

215 1006 270 1052 et
301 998 613 1071 incompta
633 1007 792 1054 natus
822 1008 920 1067 est,
944 1000 1166 1055 humilis
1194 1000 1284 1055 ille
1315 1000 1415 1055 Dei
1434 1000 1821 1071 hominumque

214 1086 506 1153 mediator,
555 1096 609 1143 et
665 1097 908 1155 sanctus,
967 1090 1173 1144 docens
1234 1105 1329 1144 eos
1387 1105 1552 1159 super
1574 1089 1820 1157 jumenta

216 1182 401 1241 terrae,
448 1183 500 1231 et
531 1192 695 1247 super
744 1176 996 1232 volucres
1037 1177 1161 1232 οωΙί
1211 1178 1464 1232 erudiens
1512 1192 1626 1231 eos.
1660 1175 1817 1245 Quod

214 1264 382 1319 etiam
411 1263 466 1318 in
496 1265 615 1336 ipsa
644 1280 803 1320 cruce
834 1282 931 1319 sua
959 1273 1010 1320 et
1040 1273 1215 1320 morte
1238 1265 1568 1321 excellenter
1598 1282 1818 1335 expres-

215 1352 306 1406 sit.
342 1354 530 1417 Morte,
550 1353 816 1423 inquiunt,
845 1354 1178 1424 turpissima
1225 1354 1660 1410 condemnemus
1687 1369 1816 1408 eum

217 1442 372 1511 (Sap.
411 1456 472 1507 tt,
503 1444 614 1511 20).
648 1442 765 1496 Vox
793 1449 875 1496 est
922 1442 1235 1496 Judaeorum
1265 1441 1319 1495 in
1348 1450 1577 1497 mortem
1626 1441 1815 1497 Salva—-

214 1529 350 1584 toris
409 1528 860 1600 conspirantium.
895 1530 956 1583 In
1008 1546 1074 1585 eo
1126 1546 1256 1585 sane
1300 1530 1445 1601 quod
1492 1530 1687 1584 auditis
1720 1545 1815 1584 eos

215 1618 360 1674 velle
391 1618 761 1673 condemnare
804 1617 957 1673 illum
984 1626 1181 1684 morte,
1214 1626 1397 1673 notate
1418 1619 1764 1688 aSperitatem
1798 1635 1811 1671 :

1342 271 1544 329 LIBER
1581 266 1676 328 DE
1713 255 2098 331 EXERCITIO
2138 254 2395 332 CELL/E.

224 410 445 465 repens,
479 402 531 449 et
559 402 764 450 ventre.
796 394 937 450 Nam
993 395 1180 449 mundi
1210 394 1299 451 ille
1353 404 1533 451 rector
1563 396 1819 451 tenebra-
1843 398 1897 458 Α

3414 262 3516 335 sm

2444 400 2845 457 CAPITULUM
2900 386 2969 455 v.

1925 488 2001 543 De
2015 490 2272 559 puritate
2294 491 2791 560 contemplationis
2814 492 3077 557 internae,
3110 506 3231 561 quae
3260 491 3331 545 ad
3360 492 3520 546 cellae

2167 561 2528 629 potissimum
2560 561 2927 615 solitudinem
2961 565 3195 631 spectat.

1995 663 2369 719 Contuendum
2402 672 2525 735 post
2563 667 2698 731 hmo,
2738 666 2859 736 quia
2893 666 3041 738 jugis
3072 666 3227 722 cellae
3283 666 3518 722 solitudo

1924 752 2217 806 secundum
2250 752 2451 806 bonum
2485 760 2585 818 est,
2621 754 2765 824 quod
2794 754 2859 807 ad
2882 754 3215 825 spiritualem
3238 754 3518 810 retulimus

1922 840 2259 909 paradisum.
2285 841 2442 896 Certe
2463 858 2492 894 a
2522 856 2652 896 vero
2674 842 2820 896 illum
2854 842 3078 898 deviare
3110 859 3217 898 non
3248 850 3397 914 puto,
3424 842 3517 913 qui

1914 926 2102 997 jugem
2127 928 2475 983 solitudinem
2510 929 2661 984 cellae
2693 930 2819 985 dicit
2848 931 3190 1001 paradisum.
3233 931 3340 986 Sed
3371 946 3515 986 nunc

1920 1016 2127 1084 putabit
2156 1016 2369 1087 aliquis,
2403 1016 2651 1089 quiquae,
2686 1018 2882 1090 qualia,
2933 1034 2996 1074 ac
3027 1027 3225 1090 quanta
3254 1019 3303 1074 ei
3334 1020 3517 1073 insunt

1920 1103 2065 1158 bona
2094 1120 2193 1173 per
2241 1105 2628 1175 experientiam
2662 1106 2828 1161 novit.
2862 1107 2970 1161 Cur
3019 1107 3160 1161 enim
3192 1123 3384 1162 verear
3413 1107 3518 1162 cel-

1918 1192 2023 1245 lam
2071 1208 2264 1247 vocare
2297 1194 2632 1263 paradisum,
2698 1211 2856 1266 quam
2916 1202 3127 1250 constat
3157 1212 3279 1250 esse
3335 1196 3513 1266 ipsum

1919 1279 2156 1334 coelum?
2188 1282 2257 1335 Ut
2289 1281 2432 1335 enim
2464 1298 2527 1335 ex
2561 1298 2620 1335 re
2652 1297 2851 1337 nomen
2881 1283 3096 1351 habeat,
3132 1291 3184 1338 et
3212 1283 3268 1337 id
3296 1291 3516 1339 vocetur

1919 1368 2063 1439 quod
2093 1376 2285 1435 sonat;
2319 1369 2449 1440 quid
2478 1368 2633 1435 cella,
2660 1369 2762 1423 nisi
2792 1369 2915 1424 coeli
2944 1370 3063 1424 aula
3083 1371 3110 1424 ‘l
3144 1372 3281 1426 Vere
3320 1372 3513 1426 Domi-

1916 1472 2020 1510 nus
2049 1456 2103 1509 in
2132 1456 2283 1521 cella,
2320 1457 2445 1527 quia
2476 1472 2583 1511 non
2615 1465 2697 1512 est
2728 1458 2842 1528 ipsa
2872 1458 3031 1513 aliud
3046 1461 3161 1514 nisi
3190 1460 3386 1515 domus
3414 1460 3514 1516 Dei

1918 1551 1973 1599 et
1998 1549 2165 1615 porta
2196 1546 2323 1600 caeli
2351 1547 2507 1615 (Gen.
2529 1561 2726 1616 xxvm,
2749 1549 2857 1613 17).
2884 1547 2942 1600 In
2974 1562 3034 1601 ea
3064 1562 3301 1618 namque
3332 1564 3509 1620 ange-

1914 1632 2088 1687 lorum
2118 1633 2176 1686 tit
2206 1648 2469 1689 ascensus
2501 1642 2553 1688 et
2582 1634 2879 1689 descensus
2898 1651 3061 1705 supra
3082 1635 3273 1689 Filium
3330 1636 3511 1690 homi-

214 1707 358 1805 QUid‘
385 1708 529 1761 enim
559 1706 737 1777 magis
769 1721 1025 1805 θερεξτξξξη
1044 1722 1205 1778 quam
1225 1706 1416 1805 mors?
1445 1708 1506 1759 Ῑη
1535 1722 1600 1761 eo
1632 1714 1810 1761 antem
1842 1745 1895 1805 Β
1915 1721 1998 1776 nis
2024 1721 2079 1775 in
2109 1722 2258 1777 scala
2287 1722 2585 1777 charitatis.
2621 1721 2780 1790 Quod
2818 1721 3188 1794 praeﬁguravit
3216 1724 3269 1777 in
3304 1740 3362 1779 se
3410 1741 3511 1779 ve-

214 1795 362 1866 quod
407 1802 717 1865 proponunt
759 1803 812 1850 et
865 1794 1191 1862 deliberant,
1220 1803 1277 1849 ut
1306 1794 1499 1849 eadem
1526 1810 1673 1848 mors
1704 1809 1812 1848 non

215 1883 380 1938 modo
412 1882 602 1954 turpis,
636 1884 734 1938 sed
765 1891 817 1938 et
845 1882 1159 1954 turpissima
1189 1882 1276 1948 sit,
1308 1883 1485 1953 ipsam
1515 1898 1613 1937 vos
1631 1882 1813 1937 sciatis

218 1971 426 2026 debere
453 1971 767 2044 intelligere
798 1987 1016 2028 crucem
1059 1972 1194 2040 ejus.
1228 1970 1387 2039 Quod
1444 1971 1590 2025 enim
1634 1970 1813 2042 magis

212 2060 322 2115 vile
355 2075 528 2132 genus
547 2060 738 2115 mortis
760 2076 921 2132 quam
950 2076 1083 2116 crux
1102 2061 1130 2115 ‘l
1170 2061 1307 2114 Nam
1332 2075 1465 2115 crux
1486 2059 1811 2130 probrosum

214 2148 541 2219 supplicium
570 2156 671 2203 est.
713 2148 782 2203 Et
811 2148 1165 2219 opprobrium
1195 2147 1389 2203 referte
1430 2148 1499 2202 ad
1530 2147 1810 2216 vilitatem,

212 2236 538 2308 supplicium
569 2237 639 2291 ad
683 2236 1055 2307 asperitatem.
1096 2237 1283 2307 Itaque
1312 2235 1485 2291 factus
1517 2236 1615 2290 Dei
1649 2235 1811 2291 Filius

213 2324 478 2380 obediens
511 2325 655 2379 Patri
704 2340 877 2396 usque
907 2325 976 2379 ad
1030 2332 1265 2379 mortem
1301 2340 1313 2379 :
1348 2332 1401 2379 et
1429 2340 1499 2379 ne
1555 2324 1659 2379 hoc
1689 2324 1811 2394 quis

211 2412 485 2468 modicum
517 2422 758 2484 putaret,
789 2414 1013 2484 dignum
1043 2413 1195 2468 duxit
1234 2412 1525 2484 Apostolus
1582 2413 1807 2479 addere,

214 2505 455 2557 mortem
490 2506 683 2557 autem
714 2502 901 2558 crucis
922 2502 1094 2571 (Phil.
1122 2516 1181 2566 ιι,
1216 2501 1292 2571 8).
1316 2500 1503 2555 Talem
1524 2516 1621 2570 pro
1650 2500 1811 2554 nobis

212 2597 445 2645 mortem
477 2590 731 2660 patiendo
753 2588 1121 2661 praefiguravit
1154 2588 1371 2660 quidem
1408 2588 1461 2641 in
1494 2588 1806 2657 semetipso,

212 2677 364 2750 quod
394 2686 582 2733 notare
628 2678 858 2748 potestis
888 2693 999 2732 non
1042 2676 1488 2733 inconvenienter
1521 2676 1577 2729 in
1624 2676 1810 2731 habitu

205 2774 412 2822 vestro.
448 2768 514 2820 Et
534 2767 666 2837 quid
698 2767 801 2822 hoc
830 2766 897 2820 ad
942 2765 1222 2820 utilitatem
1270 2772 1509 2821 vestram
1529 2765 1556 2818 εν
1585 2764 1808 2819 Multum

208 2871 313 2927 per
342 2871 560 2910 omnem
604 2855 887 2909 mundum.
914 2855 981 2910 Ut
1036 2853 1381 2908 humiliantes
1428 2852 1678 2907 nimirum
1712 2868 1809 2908 vos

210 2944 317 2999 sub
346 2944 553 3014 potenti
581 2958 747 2998 manu
776 2942 908 3008 Dei,
960 2942 1181 2997 exaltari
1210 2942 1278 2996 ab
1308 2957 1373 2996 eo
1403 2941 1724 2996 mereamini
1753 2941 1807 2995 in

210 3040 457 3103 tempore
486 3030 824 3087 visitationis.
887 3030 1059 3087 Simili
1088 3030 1251 3085 modo
1290 3029 1479 3101 spiritu
1509 3029 1648 3085 facta
1679 3045 1806 3084 car-

1914 1817 2105 1864 nustus
2134 1810 2313 1864 vultus
2341 1810 2595 1865 Rachelis
2630 1810 2876 1876 decorae;
2910 1801 3053 1883 quod
3074 1811 3211 1877 laeta,
3246 1820 3299 1866 et
3328 1810 3509 1867 laetifi-

1913 1912 2045 1952 cans
2075 1897 2229 1969 quies
2258 1898 2499 1954 sedentis
2557 1906 2610 1953 et
2636 1899 2907 1954 audientis
2961 1900 3176 1964 Maria},
3209 1900 3313 1954 hoc
3340 1908 3509 1955 totum

1912 1986 2073 2041 habet
2119 1986 2175 2040 in
2231 2003 2289 2041 se
2333 1986 2482 2057 jugis
2529 1986 2682 2041 cellae
2717 1987 2952 2042 solitudo
2986 2005 2999 2041 :
3033 1996 3085 2042 et
3114 1988 3169 2041 in
3198 2004 3259 2043 re
3288 1987 3507 2059 quidem

1912 2074 2087 2147 magis
2116 2091 2273 2147 quam
2315 2075 2369 2129 in
2418 2074 2813 2146 significatione
2848 2091 2860 2129 :
2895 2092 3002 2130 non
3042 2076 3096 2130 in
3142 2075 3258 2131 solo
3290 2075 3505 2143 olfactu,

1912 2178 2102 2217 verum
2133 2163 2292 2217 etiam
2322 2163 2376 2217 in
2406 2171 2589 2235 gustu.
2621 2165 2845 2234 Ignorat
2889 2163 3215 2218 laboriosam
3246 2164 3508 2219 turbatio-

1911 2267 2038 2305 nem
2068 2252 2326 2317 Marthae;
2361 2251 2559 2322 gaudet
2587 2260 2766 2306 autem
2809 2253 3159 2306 vehementer
3188 2269 3353 2322 super
3380 2252 3506 2323 pla-

1912 2339 2053 2405 cida,
2089 2340 2185 2395 sed
2214 2339 2528 2410 tranquilla,
2554 2340 2650 2394 sed
2669 2340 2869 2411 quieta,
2894 2340 2992 2395 sed
3014 2340 3183 2409 suavi,
3218 2340 3314 2395 sed
3337 2341 3502 2411 dulci,

1912 2428 2009 2482 sed
2032 2429 2294 2497 jucunda,
2327 2429 2426 2483 sed
2457 2429 2616 2494 bona,
2652 2414 2748 2483 séd
2780 2443 2992 2491 serena,
3015 2430 3112 2484 sed
3139 2444 3373 2497 ammna,
3406 2429 3505 2485 sed

1912 2516 2178 2586 speciosa,
2213 2516 2308 2571 sed
2348 2516 2636 2585 luminosa,
2670 2517 2765 2571 sed
2805 2516 3067 2571 deliciosa
3112 2518 3356 2572 sessione
3386 2519 3503 2571 Ma-

1911 2604 2025 2658 riae.
2078 2605 2147 2657 Et
2195 2605 2416 2669 quando
2464 2603 2790 2659 sufﬁcienter
2847 2622 2968 2675 qua:
2997 2605 3050 2658 in
3081 2606 3184 2660 hac
3229 2606 3353 2661 coeli
3381 2606 3505 2661 aula

1910 2700 2035 2746 sunt
2055 2692 2194 2747 bona
2215 2692 2516 2762 poterimus
2537 2692 2812 2756 admirari,
2838 2708 3110 2759 enarrare,
3147 2693 3501 2749 collaudare?

1909 2781 1970 2834 In
2001 2788 2205 2834 tantum
2236 2789 2382 2835 certe
2403 2788 2455 2835 et
2472 2796 2687 2835 omnem
2718 2796 2906 2836 eorum
2929 2788 2978 2835 et
2999 2782 3312 2851 magnitudo
3343 2799 3503 2836 men-

1910 2885 2108 2934 suram,
2143 2876 2195 2923 et
2223 2868 2509 2923 multitudo
2541 2869 2753 2924 excedit
2790 2885 3092 2938 numerum,
3124 2877 3181 2923 ut
3211 2870 3280 2924 ad
3312 2886 3504 2926 eorum

1907 2957 2325 3011 immensitatem
2356 2957 2730 3027 explicandam
2780 2957 2857 3013 sic
2892 2957 3072 3029 aliqua
3102 2957 3287 3028 lingua
3320 2960 3385 3013 sit
3414 2959 3501 3013 lo-

1910 3061 2101 3115 quens,
2137 3046 2274 3100 sicut
2316 3053 2399 3099 est
2428 3045 2571 3100 stilla
2626 3045 2852 3115 parvula
2895 3045 3127 3100 tenuiter
3174 3046 3398 3111 cadens,
3432 3044 3503 3101 ad

207 3120 296 3175 nis
324 3098 727 3186 inortiﬁcantes,
763 3119 834 3174 ad
864 3119 1028 3174 vitam
1058 3098 1403 3189 perveniatis.
1436 3118 1503 3172 Et
1523 3117 1802 3171 humilita-

1909 3133 2122 3188 tluctum
2171 3132 2497 3187 latissimum
2547 3140 2598 3187 et
2645 3132 3132 3202 profundissimum
3164 3134 3499 3204 perenniter.

206 3216 321 3263 tem
350 3209 431 3279 (ut
444 3209 557 3277 jam
584 3208 788 3263 dictum
809 3208 914 3278 est)
936 3206 1151 3262 habitus
1173 3206 1339 3262 vestri
1359 3205 1558 3271 vilitas,
1575 3213 1627 3259 et
1657 3222 1803 3259 mor-

208 3296 559 3353 tiﬁcationem
606 3296 872 3367 asperitas
920 3303 1092 3351 notat.
1160 3295 1303 3350 Sane
1348 3294 1586 3364 parcitas
1631 3294 1805 3349 victus

206 3385 444 3457 principi
469 3386 672 3440 resistit
702 3400 1023 3455 coquorum,
1057 3399 1126 3438 ne
1165 3384 1407 3438 destruat
1423 3398 1609 3437 muros
1638 3382 1802 3436 Jeru-

206 3474 397 3539 salem,
432 3482 486 3530 et
514 3474 630 3545 ipsa
658 3473 902 3545 profecto
927 3472 1087 3528 valde
1105 3471 1415 3528 necessaria
1444 3471 1602 3525 nobis
1627 3488 1641 3536 ;
1675 3469 1803 3541 quia

207 3562 257 3618 si
286 3577 476 3617 verum
493 3570 575 3617 est
598 3560 745 3633 quod
770 3561 1025 3616 Salomon
1047 3561 1116 3615 ait
1154 3578 1165 3613 :
1200 3560 1305 3626 Qui
1325 3560 1567 3615 delicate
1596 3576 1630 3613 a
1657 3574 1800 3629 pue-

206 3651 349 3705 ritia
378 3651 572 3705 nutrit
600 3665 822 3705 servum
852 3665 1041 3715 suum,
1072 3652 1266 3719 postea
1284 3663 1413 3703 eum
1439 3647 1649 3701 sentiet
1670 3662 1804 3701 con-

216 3742 503 3793 tumacem
533 3738 717 3809 (Prov.
756 3752 914 3803 xxiv,
948 3737 1061 3807 21).
1094 3736 1290 3791 Nonne
1324 3743 1550 3800 tantum,
1586 3734 1802 3804 taleque

208 3825 496 3897 possidere
510 3827 733 3892 bonum,
749 3825 1037 3896 quemdam
1058 3832 1141 3879 est
1157 3823 1440 3894 possidere
1457 3822 1803 3894 paradisum?

206 3915 349 3969 Nam
377 3914 574 3969 elevati
622 3914 752 3969 estis
782 3929 944 3984 supra
971 3913 1252 3977 mundum,
1277 3913 1346 3967 de
1375 3912 1527 3980 cujus
1557 3917 1801 3966 amatore

206 4002 472 4058 Dominus
506 4002 655 4071 dicit,
700 4001 824 4072 quia
862 4001 1203 4056 Induebatur
1237 4016 1496 4071 purpura
1530 4004 1587 4054 et
1615 3999 1792 4070 bysso,

205 4095 262 4147 et
294 4092 630 4162 epulabatur
672 4090 916 4162 quotidie
947 4088 1235 4160 splendide
1256 4088 1409 4158 (Luc.
1441 4102 1558 4154 xvi,
1595 4088 1703 4155 19).
1737 4088 1798 4141 In

199 4192 446 4249 purpura
464 4178 634 4246 color,
669 4179 725 4233 in
753 4176 936 4233 colore
958 4176 1171 4247 species
1191 4216 1206 4241 ,
1236 4175 1291 4229 in
1323 4175 1506 4245 specie
1536 4175 1703 4240 nitor,
1741 4174 1795 4227 in

201 4267 377 4322 nitore
404 4272 629 4331 vanitas,
664 4266 722 4321 in
776 4265 1015 4321 vanitate
1071 4263 1332 4335 superbia
1379 4271 1479 4317 est.
1512 4263 1572 4316 In
1622 4263 1789 4332 bysso

201 4364 380 4411 autem
433 4354 709 4420 mollities,
756 4354 811 4408 in
855 4352 1079 4409 mollitie
1137 4351 1392 4416 suavitas,
1426 4351 1479 4405 in
1534 4351 1797 4405 suavitate

1901 3223 2043 3275 Num
2142 3220 2496 3291 hyperbolice
2594 3230 2685 3275 aut
2780 3222 3084 3277 adulatorie
3183 3221 3503 3293 loquimur?

1902 3310 2075 3365 Absit.
2098 3310 2377 3365 Imitamur
2398 3325 2633 3380 namque
2658 3310 2710 3363 in
2737 3309 2841 3365 hoc
2869 3326 2970 3381 pro
2998 3327 3181 3382 posse,
3215 3311 3363 3365 illum
3386 3312 3498 3383 qui,

1903 3407 1957 3453 ut
1988 3400 2057 3453 de
2106 3414 2165 3453 se
2206 3398 2335 3453 dicit
2376 3398 2554 3453 Nerize
2592 3396 2753 3463 filius,
2787 3414 2861 3454 ex
2902 3415 2995 3454 ore
3044 3416 3142 3454 suo
3178 3400 3505 3471 loquebatur

1902 3488 2061 3560 quasi
2091 3488 2277 3558 legens
2310 3486 2444 3553 (Jer.
2477 3500 2682 3553 xxxvr,
2716 3487 2805 3558 18)
2843 3503 2856 3539 :
2887 3487 3152 3541 Nimirum
3188 3488 3313 3558 quia
3342 3487 3502 3543 lectio

1902 3575 2084 3630 divina
2108 3582 2215 3628 tam
2246 3573 2357 3629 falli
2387 3589 2551 3645 quam
2589 3573 2781 3629 fallere
2820 3575 3026 3641 nescia,
3061 3582 3144 3629 est
3173 3575 3501 3645 experientia

1900 3663 2143 3734 copiosa.
2168 3665 2275 3717 Ista
2297 3670 2380 3717 est
2399 3679 2522 3733 quae
2548 3678 2649 3718 nos
2670 3678 2736 3718 ex
2757 3663 3019 3717 nonnulla
3038 3670 3194 3733 parte
3217 3678 3383 3733 super
3414 3663 3498 3717 his

1902 3751 2144 3807 eruditos
2164 3750 2359 3818 reddit,
2382 3759 2432 3805 et
2462 3758 2658 3817 certos,
2699 3759 2925 3821 propter
2944 3750 3088 3822 quod
3120 3758 3172 3805 et
3202 3750 3494 3821 loquimur.

1901 3840 2287 3894 Discurramus
2311 3840 2419 3907 jam
2454 3855 2519 3893 ex
2549 3855 2722 3907 more,
2756 3838 2800 3892 si
2841 3839 3038 3909 placet,
3071 3854 3169 3909 per
3197 3853 3414 3893 amoena
3443 3845 3498 3893 et

1900 3927 2135 3983 fecunda
2180 3935 2336 3998 prata
2399 3927 2823 3997 Scripturarum,
2875 3934 2930 3981 et
2972 3927 3255 3982 videamus
3302 3927 3500 3998 quibus

1901 4024 1954 4070 et
1999 4016 2267 4087 qualibus,
2318 4032 2484 4088 quam
2522 4015 2768 4086 pulchris
2817 4015 3070 4071 videlicet
3109 4023 3163 4069 et
3189 4014 3497 4081 odoriferis,

1902 4120 2066 4174 quam
2122 4104 2379 4159 suavibus
2441 4112 2494 4159 et
2561 4104 2871 4158 salubribus
2925 4120 3240 4174 respersum
3301 4104 3503 4158 habeat

1901 4192 2163 4258 flosculis,
2198 4193 2315 4247 haac
2362 4192 2486 4247 coeli
2534 4192 2674 4255 aula,
2720 4192 2872 4246 illum
2899 4192 2991 4263 qui
3033 4192 3087 4245 in
3119 4207 3180 4245 ea
3212 4198 3295 4245 est
3322 4191 3499 4246 lectu-

1898 4278 2010 4333 lum
2036 4298 2049 4345 ;
2081 4288 2140 4333 ut
2168 4279 2340 4349 possit
2359 4279 2735 4351 unusquisque
2786 4287 3028 4334 vestrum
3059 4279 3243 4334 dicere
3273 4294 3339 4333 ex
3369 4294 3501 4333 sen-

1901 4368 2067 4422 tentia
2100 4386 2112 4421 :
2164 4368 2431 4423 Lectulus
2466 4371 2662 4423 noster
2700 4367 2939 4436 ﬂoridus
2997 4368 3187 4437 (Cant.
3222 4383 3260 4431 I,
3287 4367 3396 4435 16).
3439 4367 3503 4420 In

200 4445 381 4500 carnis
435 4444 696 4514 pruritus,
748 4442 804 4496 in
850 4442 1059 4513 pruritu
1102 4440 1358 4505 titillatio,
1404 4440 1460 4494 in
1489 4438 1868 4506 titillationeD
1901 4472 2089 4511 amore
2120 4457 2341 4527 quidem
2394 4456 2639 4512 exercitii
2675 4457 2834 4524 hujus
2865 4463 2972 4509 tam
3023 4455 3258 4510 salubris
3291 4464 3341 4510 et
3369 4454 3501 4510 τειί-

201 4532 473 4602 voluptas,
501 4532 556 4586 in
585 4531 859 4601 voluptate
880 4529 1091 4585 luxuria
1120 4537 1222 4583 est.
1244 4530 1425 4599 Itaque
1456 4528 1653 4583 elatum
1670 4542 1794 4581 eum

201 4620 367 4676 fuisse
397 4635 655 4691 purpura,
692 4627 745 4675 et
797 4618 1067 4673 lubricum
1097 4618 1295 4687 byssus
1325 4623 1580 4671 ostentat.
1634 4614 1794 4682 Quod

201 4716 381 4764 autem
413 4724 520 4763 non
566 4707 904 4777 interpolatis
934 4706 1148 4769 diebus,
1200 4705 1297 4758 sed
1330 4704 1571 4774 quotidie
1601 4703 1792 4773 epula-

197 4799 356 4853 batur
391 4796 696 4868 splendide,
728 4803 979 4851 notamus
1008 4809 1131 4848 eum
1180 4792 1581 4864 gastrimargiaa
1624 4790 1793 4845 fuisse

202 4886 499 4941 subditum.
532 4885 642 4939 Vos
671 4891 849 4939 autem
878 4898 987 4937 non
1011 4882 1108 4936 sic.
1152 4880 1324 4952 Magis
1345 4880 1522 4934 autem
1543 4878 1793 4933 mendico

202 4974 279 5029 illi
312 4989 409 5029 vos
454 4972 831 5037 assimilamus,
866 4971 993 5042 quia
1040 4977 1092 5024 et
1124 4968 1435 5024 mendicare
1471 4967 1695 5035 alicujus
1715 4974 1796 5021 est

198 5061 439 5118 vilitatis.
474 5060 577 5128 Qui
598 5068 715 5115 erat
744 5059 1019 5115 ulceribus
1048 5058 1259 5128 plenus,
1294 5072 1403 5111 non
1458 5054 1794 5110 mendaciter

199 5167 324 5206 eum
381 5148 732 5215 asseruimus,
794 5154 1056 5219 quantum
1103 5146 1172 5200 ad
1232 5146 1337 5201 hoc
1392 5144 1447 5199 in
1503 5143 1795 5214 asperitate

199 5238 389 5294 fuisse.
419 5239 557 5291 Nam
581 5237 637 5292 in
666 5252 732 5291 eo
764 5235 911 5307 quod
936 5235 1192 5290 cadentes
1222 5233 1394 5288 micas
1425 5248 1534 5287 non
1564 5231 1790 5301 accepit,

195 5328 265 5383 ab
299 5343 365 5382 eo
395 5326 487 5397 qui
516 5325 837 5397 epulabatur
873 5323 1113 5396 quotidie
1143 5321 1433 5394 splendide
1483 5321 1645 5390 longe
1677 5319 1794 5373 dis-

200 5416 423 5485 junctus
454 5414 571 5471 fuit.

418 5673 657 5725 PATROL.
690 5669 869 5725 CLIII.

1903 4544 2042 4616 gicsi
2073 4544 2256 4610 studii,
2292 4545 2578 4599 ostenditis
2627 4560 2723 4599 vos
2774 4543 2932 4614 plene
2962 4544 3121 4613 scire,
3153 4544 3209 4597 in
3238 4551 3501 4614 quantum

1904 4640 2093 4687 sancta
2111 4632 2164 4686 in
2183 4648 2241 4687 se
2265 4633 2403 4687 solet
2432 4633 2715 4702 Scriptura
2736 4633 2878 4687 hanc
2900 4640 2950 4687 et
2973 4632 3211 4705 ﬁgurare
3230 4631 3500 4702 placidam

1902 4721 2223 4776 Sanctorum
2247 4722 2504 4792 quietem,
2528 4729 2580 4775 et
2597 4721 2923 4791 approbare.
2950 4723 3112 4786 Ecce,
3136 4737 3259 4776 cum
3280 4721 3336 4773 in
3365 4734 3501 4789 pro-

1901 4810 2189 4879 t0plastum
2220 4826 2383 4880 sopor
2405 4809 2709 4863 immittitur
2738 4808 3023 4864 formatam
3053 4825 3119 4863 ex
3150 4824 3209 4862 se
3240 4807 3498 4862 feminam

1902 4897 2081 4952 statim
2129 4898 2409 4952 intuetur:
2445 4906 2497 4952 et
2553 4897 2755 4968 aliquid
2794 4898 2847 4951 in
2886 4913 2945 4952 se
2992 4910 3116 4951 esse
3162 4894 3308 4967 quod
3350 4901 3502 4965 regat

1895 4985 2068 5051 virile,
2103 4992 2156 5039 et
2194 4985 2399 5054 aliquid
2451 4985 2596 5055 quod
2636 4993 2856 5057 regatur
2900 4984 3185 5039 muliebre.
3248 4982 3503 5051 Quandiu

1898 5080 2116 5127 sanctus
2146 5072 2280 5127 Abel
2304 5072 2447 5126 intus
2479 5072 2596 5140 fuit,
2648 5073 2903 5128 nimirum
2935 5088 3043 5127 non
3091 5071 3147 5126 in
3172 5078 3366 5137 morte,
3402 5070 3500 5126 sed

1894 5160 1951 5214 in
1980 5160 2090 5215 vita
2124 5159 2238 5214 fuit.
2276 5162 2354 5214 Ex
2386 5177 2493 5232 quo
2510 5168 2659 5216 certe
2679 5161 2748 5215 ad
2770 5160 3181 5232 suggestionem
3198 5159 3330 5214 Cain
3361 5158 3498 5213 foris

1897 5248 2041 5313 exiit,
2092 5248 2267 5318 ipsam
2308 5265 2525 5320 quoque
2574 5256 2807 5303 mortem
2856 5248 3103 5303 incurrit.
3152 5249 3267 5304 Vox
3318 5248 3499 5318 itaque

1897 5335 2030 5391 Cain
2062 5336 2162 5389 ista
2205 5344 2287 5391 est
2322 5355 2333 5389 :
2370 5338 2737 5408 Egrediamur
2777 5340 2931 5407 foras
2981 5336 3145 5406 (Gen.
3182 5351 3258 5402 tv,
3292 5337 3366 5395 8).
3402 5334 3499 5389 Est

1896 5432 2075 5478 autem
2099 5425 2382 5497 suggestio
2396 5440 2603 5493 eorum,
2620 5425 2712 5496 qui
2734 5433 2947 5479 terrena
2970 5424 3156 5479 illicite
3178 5422 3460 5493 possident
3485 5439 3500 5488 ;

1911 5512 2005 5584 qui
2034 5519 2087 5567 et
2131 5512 2387 5582 agricolae
2430 5528 2497 5569 ac
2543 5529 2644 5584 per
2690 5514 2795 5568 hoc
2844 5513 3072 5584 terreni,
3103 5527 3213 5567 non
3241 5508 3504 5566 coelicola:

3220 5665 3287 5718 26
