3972 6052
459 209 558 265 811

1330 213 1674 273 GUIGONIS
1712 217 1761 271 II
1800 213 2210 272 CARTHUSUE
2249 213 2545 272 MAJORIS
2583 216 2881 274 PRIORIS.

3653 219 3765 278 812

461 343 618 403 sunt;
678 336 807 408 quia
861 337 982 393 illos
1039 338 1294 409 decipere
1352 340 1612 407 nituntur,
1664 340 1752 412 qui
1811 356 2056 410 praesens
2083 340 2374 400 AChristo
2421 342 2800 398 absconditam
2843 343 3057 398 habeat.
3087 343 3248 398 Juxta
3275 350 3494 413 puteum
3522 343 3751 412 habitat,

462 424 712 479 exsilium
741 425 946 499 lugent,
989 435 1049 480 ut
1087 427 1305 481 omissis
1361 429 1606 496 internis,
1644 428 1697 481 in
1729 429 1967 483 externis
1999 444 2058 483 se

461 519 600 568 totos
622 529 721 583 per
751 514 1050 584 appetitum
1109 524 1160 570 et
1191 531 1291 586 per
1347 525 1525 571 actum
1585 515 1881 570 effundant.
1916 517 2056 570 Nam

460 600 593 655 Cain
617 604 908 674 possessio,
943 603 1076 657 Abel
1125 620 1255 659 vero
1289 605 1476 660 luctus
1505 605 1914 675 interpretatur.
1949 605 2058 659 Sed

457 689 586 762 quid
635 689 760 746 inde
789 701 1067 763 sequatur,
1103 693 1308 758 audite,
1347 701 1398 748 et
1430 694 1574 764 quod
1631 694 1850 760 auditis,
1886 694 2057 749 vitare

458 778 710 833 omnibus
742 780 919 834 modis
973 781 1203 835 studete.
1256 780 1397 849 Quid
1447 782 1588 835 enim
1635 797 1800 837 verax
1832 781 2059 836 historia

461 867 638 922 dicit?
671 869 914 940 Cumque
973 873 1160 924 essent
1190 871 1252 924 in
1309 887 1472 940 agro,
1525 872 1896 926 consurrexit
1919 870 2060 925 Cain

457 956 723 1012 adversus
795 959 1041 1027 fratrem
1083 975 1271 1025 suum,
1305 963 1364 1013 et
1410 959 1705 1029 interfecit
1753 975 1902 1014 eum.
1944 959 2058 1013 Nec

457 1042 656 1098 mirum
689 1045 833 1116 quod
863 1044 1182 1101 interfectus
1241 1046 1359 1114 fuit,
1397 1046 1488 1118 qui
1547 1046 1693 1101 foras
1752 1047 1808 1100 in
1863 1062 2056 1118 agrum

454 1131 583 1187 exiit
615 1147 628 1186 :
661 1139 720 1186 ut
775 1133 915 1187 enim
949 1150 1049 1204 per
1101 1134 1449 1204 semetipsam
1501 1135 1715 1188 Veritas
1765 1135 1837 1187 ait
1873 1150 1884 1187 :
1918 1135 2059 1206 Ager

456 1225 541 1276 est
574 1221 665 1275 hic
711 1221 962 1277 mundus
1013 1223 1234 1293 (Matth.
1294 1238 1419 1288 xm,
1452 1222 1582 1292 38);
1615 1222 1706 1293 qui
1753 1239 1873 1277 cum
1908 1227 2058 1278 totus

455 1309 536 1366 (ut
593 1308 724 1365 dicit
771 1309 1051 1380 apostolus
1106 1310 1368 1377 Joannes)
1419 1311 1481 1365 in
1530 1312 1782 1379 maligno
1838 1312 2057 1381 positus

458 1397 508 1467 (Ι
522 1398 684 1454 Joan.
710 1413 764 1463 ν,
792 1399 880 1467 19)
907 1397 993 1463 sit,
1027 1398 1300 1468 quomodo
1321 1405 1552 1452 mortem
1573 1398 1767 1468 poterit
1799 1398 2053 1461 evadere,

457 1484 765 1556 quicunque
795 1484 850 1538 in
871 1501 993 1538 eum
1026 1501 1124 1555 per
1176 1485 1528 1555 voluntatem,
1573 1503 1673 1556 per
1702 1485 2052 1556 voluptatem,

456 1588 557 1643 per
587 1573 857 1628 actionem
887 1571 1155 1628 nefariam
1185 1582 1495 1628 moraturus
1526 1573 1842 1629 introierit?

992 1705 1386 1762 CAPITULUM
1433 1707 1521 1762 Vl.

463 1821 719 1890 Qualiter
737 1823 952 1894 suavis
990 1823 1148 1878 cellae
1197 1822 1371 1894 quies,
1408 1828 1463 1877 et
1494 1823 1686 1894 quieta
1742 1824 1863 1893 ejus
1918 1839 2056 1878 sua-

529 1895 675 1948 vitas
725 1893 1167 2019 in_tquibusdam
1210 1893 1396 1949 sacra:
1437 1893 1747 1965 Scriptura:
1797 1895 1930 1949 locis
1949 1910 2055 1949 ex-

532 1981 727 2019 nressa
754 1981 803 2019 si
838 2006 850 2019 .

529 1981 727 2037 pressa
754 1981 850 2020 sit.

534 2079 779 2136 Delectat
852 2079 1029 2135 adhuc
1075 2079 1358 2134 intendere
1398 2079 1464 2133 iis
1509 2096 1628 2150 quae
1704 2079 1758 2132 in
1806 2079 2056 2133 manibus

458 2169 744 2237 habemus,
776 2175 835 2221 ut
882 2184 1001 2238 quae
1033 2175 1085 2222 et
1116 2175 1313 2238 quanta
1345 2167 1414 2220 sit
1460 2167 1612 2222 cellas
1643 2168 1797 2237 quies
1826 2168 2057 2222 demon-

465 2263 716 2311 stremus.
743 2256 886 2310 Ecce
917 2262 1138 2310 sanctus
1169 2255 1357 2310 Enoch
1386 2270 1486 2325 pro
1517 2271 1582 2310 eo
1613 2255 1757 2326 quod
1789 2271 1909 2309 cum
1942 2256 2058 2310 Deo

462 2345 721 2410 ambulat,
756 2359 864 2398 non
921 2350 1163 2413 apparet,
1200 2343 1327 2414 quia
1358 2341 1492 2396 tollit
1550 2359 1674 2398 eum
1717 2344 1862 2398 Deus
1893 2344 2052 2412 (Gen.

460 2448 542 2499 ιιι,
574 2435 686 2502 24).
707 2431 884 2500 Quod,
913 2433 1065 2501 juxta
1094 2431 1477 2503 tr0pologiam,
1505 2431 1633 2502 quid
1661 2431 1807 2484 aliud
1829 2439 1930 2495 est,
1955 2431 2057 2485 nisi

465 2522 610 2594 quod
639 2521 717 2575 illi
750 2521 839 2592 qui
872 2521 972 2575 soli
1005 2521 1119 2574 Deo
1150 2537 1208 2574 se
1239 2519 1508 2588 dedicant,
1544 2519 1670 2572 dum
1701 2519 1776 2572 illi
1806 2519 2052 2586 militant,

463 2609 697 2683 negotiis
730 2625 788 2664 se
818 2605 1166 2664 saecularibus
1197 2623 1304 2662 non
1354 2608 1651 2678 implicant.
1686 2608 1753 2662 Ut
1801 2614 1980 2661 autem
2008 2607 2058 2662 ei

460 2698 767 2752 medullitus
798 2697 1047 2767 placeant
1079 2695 1166 2750 cui
1197 2712 1255 2750 se
1300 2697 1690 2765 probaverunt,
1724 2695 1997 2750 exteriora
2025 2709 2058 2749 a

465 2801 523 2840 se
555 2786 808 2839 universa
841 2800 941 2854 pro
970 2799 1132 2854 posse
1155 2783 1464 2838 excludunt.
1502 2783 1609 2848 Sic,
1646 2783 1743 2847 sic,
1768 2783 1898 2837 dum
1927 2783 2057 2837 solis

461 2873 690 2928 internis
721 2871 1022 2934 intendunt,
1057 2871 1111 2924 in
1142 2871 1515 2940 occupationis
1545 2870 1918 2926 immoderata:
1947 2887 2054 2940 pu-

459 2961 602 3017 blico
655 2976 921 3031 apparere
953 2958 1246 3031 refugiunt.
1296 2959 1478 3013 Justus
1525 2975 1708 3014 coram
1757 2960 1871 3014 Deo
1909 2959 2052 3026 Noe,

2159 430 2311 484 Isaac
2331 431 2485 498 cujus
2506 447 2705 486 nomen
2727 440 2808 486 est
2828 432 3060 487 viventis
3082 439 3131 486 et
3153 431 3386 486 videntis
3415 433 3573 501 (Gen.
3601 447 3746 500 xxv,

2159 517 2269 588 11),
2302 526 2356 571 ut
2388 519 2456 572 sit
2485 519 2538 572 in
2570 519 2744 583 anima
2776 521 2990 587 devota,
3023 535 3142 592 quae
3164 520 3230 573 ad
3260 527 3479 575 aeternae
3511 521 3754 575 exsulta-

2158 607 2318 660 tionis
2340 606 2507 661 risum
2551 607 2782 674 festinat,
2818 616 2869 663 et
2917 608 3056 664 visio
3103 609 3310 675 vivens,
3344 625 3413 662 ne
3443 624 3588 664 caeca
3618 609 3757 664 cali-

2158 703 2251 766 get
2282 711 2314 749 a
2343 711 2507 762 vero;
2541 704 2590 751 et
2622 697 2730 751 vita
2753 697 3101 751 nihilominus
3132 697 3340 762 videns,
3373 713 3442 751 ne
3464 697 3620 768 pigra
3646 705 3760 751 tor-

2156 790 2282 852 peat
2313 798 2345 838 a
2392 784 2555 839 bono.
2595 785 2806 840 Dormit
2836 784 3100 856 profugus
3127 784 3224 839 irae
3256 784 3436 839 fratris
3462 785 3648 852 Jacob,
3683 785 3756 840 ad

2159 879 2319 942 caput
2349 872 2557 927 habens
2587 873 2820 944 lapidem
2839 874 2999 940 (Gen.
3023 888 3228 938 xxvm,
3249 876 3335 940 11,
3371 873 3480 942 12),
3513 881 3756 928 mentem

2157 959 2211 1013 in
2246 960 2460 1014 Christo
2495 975 2507 1013 :
2542 969 2868 1032 sanctosque
2889 961 3104 1016 nuntios
3125 960 3278 1032 puris
3299 961 3536 1016 intuetur
3557 961 3752 1029 oculis,

2159 1047 2211 1100 in
2242 1047 2386 1102 scala
2413 1048 2690 1102 charitatis
2711 1050 3070 1104 ascendentes
3090 1057 3142 1103 et
3162 1048 3557 1111 descendentes
3587 1065 3755 1119 super

2159 1135 2350 1190 Filium
2385 1136 2659 1202 hominis;
2693 1144 2750 1190 ut
2778 1137 2906 1193 hinc
2957 1145 3138 1192 mente
3172 1137 3438 1193 excedant
3467 1137 3602 1201 Deo,
3627 1136 3757 1193 hinc

2157 1239 2290 1278 vero
2313 1223 2479 1278 sobrii
2510 1224 2614 1278 sint
2644 1224 2821 1280 nobis.
2873 1225 3121 1290 Moritur,
3155 1224 3251 1279 sed
3274 1224 3504 1280 vitaliter
3533 1232 3755 1280 sanctus

2156 1313 2359 1382 Joseph
2387 1320 2607 1368 centum
2638 1321 2692 1367 et
2747 1314 2940 1368 decem
2987 1329 3253 1368 annorum
3287 1314 3443 1381 (Gen.
3477 1328 3528 1380 L,
3560 1314 3675 1384 25),
3700 1313 3756 1368 in

2157 1400 2465 1454 sanctitatis
2493 1400 2828 1470 perfectione
2880 1401 3204 1472 decalogum
3246 1401 3595 1467 custodiens;
3625 1401 3755 1472 quia

2157 1496 2210 1543 et
2265 1505 2524 1543 numerus
2567 1489 2916 1544 centenarius
2970 1489 3382 1560 perfectionem,
3415 1497 3466 1544 et
3492 1489 3751 1544 denarius

2155 1576 2328 1631 innuit
2371 1577 2570 1648 legem.
2603 1579 2670 1631 Et
2726 1577 3018 1632 odoriferis
3077 1578 3436 1648 spiritualium
3494 1577 3752 1632 virtutum

2077 1695 2129 1756 B
2159 1665 2498 1719 aromatibus
2549 1665 2816 1729 conditus,
2871 1666 3162 1736 deponitur
3202 1666 3342 1720 intra
3393 1666 3652 1736 seipsum,
3697 1666 3751 1719 in

2158 1753 2355 1808 interni
2377 1753 2574 1808 secreti
2607 1753 2805 1819 loculo,
2840 1754 2967 1808 dum
2989 1769 3221 1824 corpore
3244 1761 3342 1821 est,
3377 1753 3432 1807 in
3462 1754 3620 1822 hujus
3650 1770 3754 1808 saa-

2158 1842 2266 1898 culi
2313 1843 2576 1914 zEgypto,
2609 1850 2661 1896 et
2717 1842 2792 1896 ita
2819 1843 2886 1897 sit
2942 1842 2996 1896 in
3046 1842 3269 1912 mundo,
3301 1849 3357 1897 ut
3404 1857 3512 1897 non
3568 1841 3636 1896 sit
3682 1841 3754 1896 de

2158 1930 2381 1986 mundo.
3789 1931 3801 1942 '

2623 2046 3016 2102 CAPITULUM
3075 2045 3191 2103 VII.

2159 2170 2301 2224 Item
2331 2168 2395 2224 de
2417 2169 2610 2225 eadem
2639 2170 2826 2240 quiete
2855 2171 3029 2242 cellte,
3065 2171 3315 2242 qualiter
3330 2185 3432 2240 per
3452 2169 3595 2224 viros
3616 2185 3754 2225 san-

2231 2244 2347 2295 ctos
2376 2259 2411 2295 a
2468 2242 2638 2312 Moyse
2677 2257 2849 2312 usque
2888 2242 2958 2295 ad
2988 2241 3191 2296 Isaiam
3221 2243 3342 2312 ejus
3365 2245 3642 2296 secretum
3669 2243 3751 2295 sit

2230 2327 2581 2381 expressum.

2231 2424 2410 2480 Pascit
2439 2440 2571 2479 oves
2617 2427 2852 2495 Moyses,
2888 2425 3102 2479 minans
3143 2440 3237 2480 eas
3259 2425 3327 2479 ad
3359 2425 3619 2480 interiora
3645 2424 3751 2479 de-

2160 2512 2290 2568 serti
2320 2521 2376 2567 ut
2431 2529 2689 2585 magnam
2730 2513 2922 2568 videns
2952 2513 3236 2580 visionem,
3271 2513 3326 2567 in
3373 2514 3509 2568 rubo
3536 2514 3748 2584 absque

2159 2600 2536 2656 combustione
2558 2602 2756 2672 (Exod.
2782 2605 2882 2672 ιιι),
2904 2601 3049 2674 ignis
3069 2601 3443 2672 deprehendat
3471 2601 3750 2656 ardorem.

2157 2689 2338 2742 Nutrit
2366 2689 2536 2744 verbo
2583 2689 2683 2744 Dei
2711 2690 3068 2762 cogitationes
3099 2689 3241 2744 intra
3273 2706 3331 2745 se
3391 2689 3664 2760 simplices
3694 2697 3752 2744 et

2159 2777 2424 2832 innocuas
2467 2777 2680 2831 animus
2737 2786 2956 2834 sanctus
2990 2820 3003 2844 ,
3064 2793 3266 2850 easque
3311 2778 3617 2848 perducens
3676 2775 3750 2831 ad

2157 2865 2346 2918 intima
2376 2866 2591 2931 secreti,
2623 2883 2760 2936 puro
2810 2866 3160 2937 conspicatur
3188 2883 3319 2922 vere
3349 2865 3477 2921 fidei
3509 2865 3697 2920 intuitu
3735 2883 3751 2920 :

2158 2961 2211 3008 et
2239 2953 2478 3008 divinam
2512 2954 2566 3007 in
2597 2970 2702 3008 una
2733 2955 3034 3025 eademque
3081 2955 3278 3010 Christi
3315 2970 3555 3025 persona
3583 2962 3750 3008 natu-

457 3058 516 3105 ut
540 3050 693 3118 juxta
747 3048 1248 3119 interpretationem
1280 3047 1514 3102 nominis
1546 3047 1658 3102 suis
1691 3047 1934 3118 requiem
1965 3048 2058 3101 ha-
2079 3048 2124 3107 C
2155 3058 2294 3107 ram,
2320 3049 2372 3096 et
2391 3042 2688 3096 humanam
2721 3060 2734 3096 ε
2767 3051 2818 3098 et
2846 3050 2995 3097 tanto
3015 3042 3213 3114 talique
3230 3042 3436 3098 ftedere
3458 3051 3748 3112 utramque

459 3139 604 3205 beat,
639 3154 744 3210 quo
776 3136 1149 3192 vehementius
1172 3135 1436 3191 inundare
1472 3152 1637 3206 super
1659 3142 1861 3190 terram
1883 3150 2055 3206 aquas

457 3222 644 3278 diluvii
693 3220 1023 3284 considerat,
1057 3235 1122 3274 eo
1161 3219 1417 3274 libentius
1447 3219 1616 3290 ipsius
1646 3236 1704 3274 se
1736 3235 1880 3275 arcae
1927 3219 2054 3273 lati-

456 3310 600 3365 bulis
648 3309 883 3365 occultat
913 3325 926 3364 :
965 3308 1063 3363 sed
1093 3315 1146 3363 et
1191 3309 1440 3363 columba
1489 3307 1582 3360 ubi
1613 3307 1921 3378 requiescat
1956 3322 2054 3377 pes

458 3401 596 3468 ejus,
630 3406 683 3454 et
712 3412 821 3452 non
866 3396 1170 3462 inveniens,
1222 3396 1365 3450 intus
1415 3395 1517 3449 sibi
1566 3395 1811 3466 requiem
1868 3395 2056 3466 quaerit

457 3489 618 3556 (Gen.
651 3501 729 3542 vn
779 3490 835 3542 et
867 3485 1027 3552 Vill);
1080 3485 1204 3555 quia
1259 3492 1448 3539 sancta
1505 3483 1707 3561 anima,
1742 3483 1970 3553 simplex
2003 3490 2057 3538 et

458 3577 740 3642 innocens,
793 3590 858 3629 eo
907 3571 1279 3628 delectabilius
1327 3571 1381 3625 in
1433 3571 1785 3626 interioribus
1833 3578 2051 3641 pausat,

458 3681 564 3737 quo
595 3681 654 3719 se
703 3662 995 3717 studiosius
1035 3660 1275 3716 omnium
1330 3675 1558 3729 prorsus
1590 3659 1921 3714 exteriorum
1952 3659 2054 3714 de-

459 3752 763 3808 lectabilius
793 3751 846 3804 in
878 3749 1226 3804 interioribus
1258 3755 1469 3818 pausat,
1514 3764 1622 3818 quo
1654 3763 1712 3802 se
1763 3746 2057 3801 studiosius

462 3841 700 3894 omnium
749 3853 978 3909 prorsus
1023 3836 1354 3891 exteriorum
1408 3835 1764 3890 delectatione
1810 3842 2054 3889 evacuat.

465 3928 642 3997 Super
697 3926 971 3981 Abraham
1003 3923 1159 3978 irruit
1217 3938 1402 3993 sopor,
1436 3923 1492 3976 in
1523 3938 1630 3994 quo
1668 3937 1903 3994 magnus
1934 3939 2057 3977 eum

460 4015 668 4070 invadit
696 4015 894 4068 horror
944 4013 1102 4079 (Gen.
1131 4027 1227 4077 xv,
1263 4012 1351 4080 12)
1377 4028 1390 4076 ;
1423 4019 1474 4065 et
1505 4011 1630 4064 dum
1661 4010 1766 4066 dici
1796 4010 1898 4064 sibi
1928 4027 2058 4066 ver-

465 4104 590 4158 bum
623 4100 1000 4157 absconditum
1029 4099 1194 4163 audit,
1229 4098 1384 4169 quasi
1412 4097 1608 4153 furtive
1642 4098 1792 4152 auris
1822 4113 1922 4152 sua
1959 4114 2059 4154 ve—

466 4209 563 4246 nas
594 4189 806 4246 susurri
835 4189 951 4257 ejus
983 4187 1226 4257 suscipit.
1262 4187 1376 4242 Hoc
1409 4194 1510 4254 est,
1562 4194 1871 4242 sanctarum
1901 4187 2060 4259 cogi-

466 4280 729 4334 tationum
760 4286 916 4348 pater
954 4275 1168 4331 animus
1217 4282 1455 4340 sanctus,
1504 4291 1604 4345 per
1652 4275 2061 4345 contemplatio-

469 4384 594 4423 nem
619 4367 835 4438 quidcm
859 4365 1124 4428 excelsus,
1140 4379 1205 4418 eo
1224 4363 1403 4435 magis
1424 4363 1747 4433 plerumque
1776 4363 1830 4416 in
1849 4363 2060 4417 interna

468 4455 819 4511 meditatione
840 4469 1043 4524 pavere
1068 4451 1428 4522 compellitur,
1471 4466 1580 4522 quo
1599 4451 1813 4521 plenius
1847 4459 1905 4505 ut
1928 4451 1976 4505 ei
1998 4451 2062 4505 li-

471 4547 603 4600 bere
624 4544 795 4616 possit
831 4541 1134 4608 intendere,
1160 4541 1337 4596 omnis
1358 4540 1412 4594 in
1435 4555 1499 4594 eo
1538 4539 1870 4594 exteriorum
1891 4554 2062 4611 nego-

470 4635 670 4690 tiorum
701 4649 829 4688 cura
860 4631 1084 4701 sepitur.
1121 4629 1317 4700 Sicque
1339 4628 1466 4683 dum
1497 4644 1596 4699 per
1624 4627 1948 4682 infusionem
1978 4628 2061 4682 in-

473 4721 784 4795 spirationis
815 4720 1035 4785 intima),
1067 4719 1121 4772 in
1166 4717 1548 4771 sublimitatem
1580 4715 1804 4770 silenter
1833 4715 1971 4769 intra
2003 4732 2061 4771 se

469 4810 738 4883 loquentis
785 4805 1254 4877 contemplationis
1311 4805 1570 4870 elevatur,
1605 4819 1797 4859 causas
1845 4819 2061 4875 quoque

471 4902 608 4969 ejus,
657 4905 710 4953 et
767 4895 1027 4968 origines,
1090 4893 1424 4957 occasiones,
1457 4901 1509 4946 et
1538 4892 1730 4946 modos
1789 4891 1843 4945 in
1871 4890 2060 4946 intimo

467 4995 666 5042 sancta:
705 4985 953 5056 puritatis
985 4989 1195 5037 secreto
1225 4980 1620 5036 delectabiliter
1648 4980 1896 5034 rimatur.
1929 4980 2061 5034 Sara

465 5076 715 5140 moritur,
748 5081 800 5128 et
848 5079 1059 5127 mortua
1119 5069 1174 5122 in
1231 5069 1487 5138 spelunca
1541 5067 1743 5138 duplici
1799 5068 2060 5137 sepelitur

471 5165 629 5234 (Gen.
654 5177 819 5226 χχιιι,
849 5165 902 5224 2,
936 5160 1045 5228 19).
1071 5155 1229 5224 Quod
1251 5156 1436 5226 utique
1467 5163 1592 5210 tunc
1613 5155 1959 5238 spiritualiter
1980 5154 2055 5225 fit,

468 5268 590 5308 cum
651 5250 707 5304 in
757 5249 937 5302 anima
969 5253 1154 5301 sancta
1209 5251 1263 5298 et
1290 5260 1444 5313 pura,
1473 5243 1714 5298 omnium
1765 5242 2058 5298 visibilium

464 5339 738 5407 affectum,
763 5345 814 5391 et
836 5335 1149 5405 appetitum,
1173 5331 1362 5402 plenus
1393 5347 1580 5385 eorum
1611 5339 1971 5400 contemptus,
2006 5338 2059 5384 et

461 5428 694 5498 abjectio
746 5421 1036 5493 exstinguit
1085 5418 1347 5491 perfecta.
1382 5419 1580 5490 Sicque
1611 5419 1680 5472 de
1724 5426 1922 5473 caetero
1952 5434 2055 5490 ge-

459 5516 607 5572 mino
634 5514 760 5570 huic
789 5519 977 5567 sancto
1008 5507 1282 5573 exercitio,
1317 5505 1783 5577 contemplationis
1805 5505 2057 5561 videlicet

459 5603 738 5666 defecatre,
789 5609 840 5655 ct
890 5598 1120 5655 actionis
1153 5595 1392 5667 egregizn
1430 5594 1719 5668 diligenter
1762 5593 2005 5649 intendat
2038 5611 2050 5647 :

453 5692 640 5747 ethoc
696 5689 861 5744 modo
919 5687 1152 5743 vitaliter
1206 5692 1438 5749 mortua,
1473 5683 1527 5737 in
1558 5684 1674 5738 Deo
1732 5683 1896 5737 vitam
1929 5697 2052 5737 cum

2165 3129 2264 3184 sibi
2294 3129 2524 3184 invicem
2578 3130 2783 3184 unitam
2805 3172 2819 3197 ,
2851 3139 2910 3185 ut
2956 3145 3059 3186 nec
3107 3129 3428 3203 gloriﬁcatio
3465 3137 3755 3186 consumat

2154 3216 2491 3286 inferiorem,
2525 3234 2626 3274 nec
2656 3219 2954 3290 assumptio
2996 3218 3204 3274 minuat
3232 3218 3592 3290 superiorem.
3626 3218 3753 3272 Non

2155 3306 2330 3361 solum
2374 3315 2575 3376 autem,
2609 3306 2706 3362 sed
2736 3307 2793 3361 in
2846 3323 2954 3361 una
2983 3307 3276 3378 singularis
3333 3307 3506 3362 meriti
3536 3305 3741 3377 puella,

2155 3411 2268 3464 prie
2297 3395 2508 3450 cunctis
2537 3412 2656 3467 quae
2686 3395 2768 3449 sui
2791 3411 2954 3450 sexus
2983 3402 3126 3461 sunt,
3151 3395 3324 3451 nitere
3352 3395 3743 3468 virginitatem,

2154 3483 2253 3537 sed
2284 3483 2606 3550 fecundam;
2639 3483 3043 3551 fecunditatem,
3068 3482 3166 3538 sed
3188 3484 3529 3555 virgineam;
3563 3483 3750 3554 sicque

2154 3570 2209 3624 in
2232 3587 2290 3626 se
2309 3579 2596 3643 utramque
2612 3572 2825 3638 habeat,
2847 3579 2906 3626 ut
2928 3580 3181 3627 neutrum
3202 3571 3354 3627 alteri
3374 3569 3749 3642 praajudicium

2155 3657 2335 3714 faciat.
2368 3659 2436 3713 Et
2465 3660 2644 3715 adhuc
2673 3659 2819 3714 aliud
2852 3660 2997 3731 quod
3037 3659 3216 3715 eidem
3245 3659 3416 3731 Moysi
3445 3659 3502 3714 in
3529 3659 3630 3714 hac
3662 3657 3749 3712 vi-

2157 3747 2308 3802 sione
2330 3745 2735 3818 praeﬁguratum
2757 3755 2840 3802 est
2863 3767 2876 3814 ;
2904 3755 2962 3802 ut
2981 3747 3235 3804 videlicet
3255 3748 3416 3802 sciret
3437 3747 3580 3819 quod
3600 3746 3746 3800 illius

2156 3835 2341 3905 populi
2369 3835 2621 3890 ducatum
2671 3835 2954 3891 habiturus
2987 3843 3124 3903 erat,
3166 3835 3256 3907 qui
3287 3836 3365 3891 sic
3392 3835 3532 3908 legis
3560 3835 3746 3906 ignem

2158 3922 2472 3993 susciperet,
2503 3932 2562 3978 ut
2589 3924 2801 3994 peccati
2852 3924 3062 3995 spinam
3108 3940 3218 3980 non
3264 3923 3477 3979 vitaret.
3510 3924 3751 3978 Cernunt

2156 4011 2536 4082 promissionis
2557 4019 2759 4067 terram
2783 4011 2852 4068 de
2883 4012 3048 4085 longe
3071 4011 3277 4083 Caleph
3307 4020 3361 4066 et
3379 4013 3565 4078 Josue,
3584 4026 3747 4082 quam

2160 4105 2213 4153 et
2241 4107 2493 4154 asserunt
2521 4099 2676 4156 lactis
2708 4108 2761 4155 et
2787 4101 2962 4156 mellis
3000 4100 3131 4156 rivis
3160 4100 3331 4156 fluere
3360 4101 3547 4172 (Num.
3580 4100 3746 4168 xm);

2157 4185 2319 4258 idque
2349 4187 2578 4260 agnosci
2607 4203 2771 4259 posse
2818 4205 2918 4259 per
2970 4189 3188 4244 botrum
3241 4187 3334 4260 qui
3387 4195 3635 4259 portatur
3692 4187 3751 4242 in

2160 4283 2331 4344 vecte,
2357 4276 2628 4330 Christum
2655 4276 2907 4333 videlicet
2927 4276 3018 4348 qui
3037 4277 3299 4332 adoretur
3323 4276 3377 4331 in
3408 4291 3591 4332 cruce.
3615 4277 3751 4330 Dor-

2161 4363 2259 4417 mit
2287 4363 2344 4417 in
2384 4365 2758 4432 tabernaculo,
2791 4365 2884 4420 ubi
2933 4381 3062 4421 arca
3102 4366 3203 4421 Dei
3231 4373 3333 4431 est,
3364 4381 3502 4436 puer
3529 4363 3751 4419 Samuel

2164 4452 2215 4521 (Ι
2244 4455 2368 4523 Iteg.
2402 4455 2521 4521 tu);
2557 4453 2648 4523 qui
2695 4468 2727 4507 a
2781 4453 3013 4509 Domino
3043 4461 3278 4510 meretur
3306 4452 3513 4520 vocari,
3539 4459 3592 4508 et
3620 4451 3754 4524 quid

2163 4540 2498 4611 respondere
2528 4541 2744 4596 vocanti
2769 4541 2985 4607 debeat,
3029 4541 3220 4596 doctus
3257 4557 3291 4596 a
3320 4557 3452 4596 sene
3480 4556 3632 4611 puer,
3670 4540 3755 4596 sic

2162 4628 2290 4682 dicit
2314 4645 2326 4681 :
2348 4629 2612 4699 Loquere,
2636 4631 2892 4696 Domine,
2912 4630 3046 4701 quia
3065 4645 3257 4685 servus
3281 4633 3413 4685 tuus
3432 4629 3616 4684 audit.
3640 4628 3749 4683 Ra-

2160 4716 2304 4786 pitur
2333 4724 2384 4771 et
2413 4717 2564 4772 ardet
2590 4717 2796 4788 ingenti
2826 4726 2876 4773 et
2898 4725 3087 4774 sancto
3103 4717 3379 4773 desiderio
3399 4724 3619 4772 sanctus
3640 4717 3751 4771 Da-

2162 4804 2251 4858 vid
2276 4804 2368 4876 qui
2397 4805 2527 4860 dicit
2560 4822 2574 4858 :
2615 4807 2746 4874 Quis
2767 4806 2922 4861 dabit
2952 4807 3096 4862 mihi
3115 4822 3332 4877 pennas
3354 4806 3506 4861 sicut
3534 4805 3752 4860 colum-

2162 4891 2257 4957 bce,
2292 4898 2348 4947 et
2377 4894 2582 4958 volabo,
2617 4898 2674 4948 et
2701 4895 3092 4966 requiescam?
3121 4895 3275 4949 Psal.
3308 4908 3422 4959 Ltv,
3455 4895 3534 4962 7.)
3557 4892 3628 4948 Ut
3647 4907 3748 4946 au-

2161 4987 2268 5034 tem
2291 4981 2448 5034 nobis
2469 4981 2721 5035 ostendat
2741 4981 2832 5036 ubi
2852 4982 2907 5035 in
2929 4981 3012 5036 his
3031 4982 3227 5053 pennis
3256 4979 3522 5037 columba
3551 4987 3604 5034 et
3633 4995 3754 5033 san-

2162 5075 2246 5122 cto
2267 5067 2446 5124 volatu
2466 5068 2569 5123 isto
2591 5069 2834 5140 requiem
2854 5069 3100 5125 invenire
3120 5076 3299 5142 queat,
3323 5067 3589 5142 adjungit,
3610 5069 3748 5126 Ecce

2161 5155 2415 5227 elongavi
2435 5157 2677 5227 fugiens,
2700 5162 2756 5212 et
2782 5159 2972 5213 mansi
3017 5158 3081 5214 in
3126 5157 3436 5214 solitudine
3471 5156 3646 5227 (ibid.,
3668 5157 3747 5225 8).

2160 5243 2330 5314 Igitur
2351 5244 2405 5298 in
2421 5244 2767 5317 elongatione
2787 5254 2877 5300 aut
2893 5245 3041 5316 fuga,
3067 5253 3119 5301 et
3140 5245 3375 5300 maxime
3389 5245 3444 5298 in
3463 5243 3753 5298 mansione

2159 5331 2459 5386 solitudinis
2474 5334 2688 5404 requies
2710 5333 2844 5402 ejus.
2866 5334 3056 5406 Merito
3079 5332 3276 5388 dicitur
3296 5333 3365 5388 de
3386 5347 3451 5387 eo
3471 5330 3615 5404 quod
3643 5331 3752 5385 ha-

2158 5418 2283 5473 beat
2297 5420 2469 5474 zetatis
2497 5421 2761 5490 plurimos
2783 5421 2919 5486 dies,
2955 5421 3210 5477 virtutum
3250 5420 3458 5476 scilicet
3486 5419 3753 5490 spiritua-

2154 5505 2286 5562 lium
2301 5507 2498 5562 multas
2511 5508 2804 5574 claritates,
2824 5525 2927 5565 nec
2942 5509 3176 5580 aliquam
3193 5508 3246 5562 in
3257 5507 3543 5564 fallacibus
3556 5506 3753 5562 mundi

2154 5595 2312 5662 hujus
2329 5595 2486 5649 bonis
2506 5595 2920 5652 delectationem
2943 5597 3142 5651 habeat
3167 5613 3181 5662 ;
3207 5595 3331 5668 quia
3349 5611 3479 5652 cum
3496 5596 3752 5667 operire-

2157 5686 2254 5736 tur
2285 5683 2543 5750 vestibus,
2570 5699 2686 5740 non
2707 5685 2998 5754 cale/iebat
3021 5685 3123 5755 (lIl
3135 5686 3266 5755 Reg.
3299 5698 3337 5750 ι,
3372 5683 3447 5755 1).
3472 5683 3614 5738 Nam
3633 5689 3753 5738 ter-
